  <div class='ocr_page' id='page_1' title='image "/cluster/home/n/w/nwhite01/storage/ocr_20150623/58/mdp.39015008622634/140.png"; bbox 0 0 4074 6144; ppageno 0'>
   <div class='ocr_carea' id='block_1_1' title="bbox 335 343 437 401">
    <p class='ocr_par' dir='ltr' id='par_1_1' title="bbox 335 343 437 401">
     <span class='ocr_line' id='line_1_1' title="bbox 335 343 437 401; baseline 0 0"><span class='ocrx_word' id='word_1_1' title='bbox 335 343 437 401; x_wconf 73' lang='lat' dir='ltr'><strong>sm</strong></span> 
     </span>
    </p>
   </div>
   <div class='ocr_carea' id='block_1_2' title="bbox 335 445 1914 518">
    <p class='ocr_par' dir='ltr' id='par_1_2' title="bbox 335 445 1914 518">
     <span class='ocr_line' id='line_1_2' title="bbox 335 445 1914 518; baseline -0.008 -8"><span class='ocrx_word' id='word_1_2' title='bbox 335 458 547 512; x_wconf 61' lang='lat' dir='ltr'><strong>dixerat</strong></span> <span class='ocrx_word' id='word_1_3' title='bbox 567 497 581 518; x_wconf 90' lang='lat'><strong>,</strong></span> <span class='ocrx_word' id='word_1_4' title='bbox 611 454 693 509; x_wconf 86' lang='lat' dir='ltr'><strong>his</strong></span> <span class='ocrx_word' id='word_1_5' title='bbox 720 453 894 507; x_wconf 73' lang='lat' dir='ltr'><strong>verbis</strong></span> <span class='ocrx_word' id='word_1_6' title='bbox 925 470 937 506; x_wconf 91' lang='lat'><strong>:</strong></span> <span class='ocrx_word' id='word_1_7' title='bbox 964 451 1075 506; x_wconf 88' lang='lat' dir='ltr'><strong>Cur</strong></span> <span class='ocrx_word' id='word_1_8' title='bbox 1112 450 1373 505; x_wconf 87' lang='lat' dir='ltr'><strong>contraria</strong></span> <span class='ocrx_word' id='word_1_9' title='bbox 1412 447 1630 502; x_wconf 71' lang='lat' dir='ltr'><strong>dixisti?</strong></span> <span class='ocrx_word' id='word_1_10' title='bbox 1657 447 1700 504; x_wconf 87' lang='lat' dir='ltr'><strong>si</strong></span> <span class='ocrx_word' id='word_1_11' title='bbox 1730 445 1914 500; x_wconf 75' lang='lat' dir='ltr'><strong>eadem</strong></span> 
     </span>
    </p>
   </div>
   <div class='ocr_carea' id='block_1_3' title="bbox 335 539 1918 616">
    <p class='ocr_par' dir='ltr' id='par_1_3' title="bbox 335 539 1918 616">
     <span class='ocr_line' id='line_1_3' title="bbox 335 539 1918 616; baseline -0.008 -14"><span class='ocrx_word' id='word_1_12' title='bbox 335 563 520 602; x_wconf 87' lang='lat' dir='ltr'><strong>rursus</strong></span> <span class='ocrx_word' id='word_1_13' title='bbox 545 561 664 616; x_wconf 66' lang='lat' dir='ltr'><strong>quae</strong></span> <span class='ocrx_word' id='word_1_14' title='bbox 689 546 834 614; x_wconf 90' lang='lat' dir='ltr'><strong>prius</strong></span> <span class='ocrx_word' id='word_1_15' title='bbox 855 546 1079 612; x_wconf 87' lang='lat' dir='ltr'><strong>diceret,</strong></span> <span class='ocrx_word' id='word_1_16' title='bbox 1101 540 1334 612; x_wconf 68' lang='lat' dir='ltr'><strong>Moysen:</strong></span> <span class='ocrx_word' id='word_1_17' title='bbox 1359 541 1609 607; x_wconf 71' lang='lat' dir='ltr'><strong>obiicere.</strong></span> <span class='ocrx_word' id='word_1_18' title='bbox 1633 539 1767 606; x_wconf 86' lang='lat' dir='ltr'><strong>Quid</strong></span> <span class='ocrx_word' id='word_1_19' title='bbox 1792 553 1918 606; x_wconf 74' lang='lat' dir='ltr'><strong>ergo</strong></span> 
     </span>
    </p>
   </div>
   <div class='ocr_carea' id='block_1_4' title="bbox 337 630 1915 702">
    <p class='ocr_par' dir='ltr' id='par_1_4' title="bbox 337 630 1915 702">
     <span class='ocr_line' id='line_1_4' title="bbox 337 630 1915 702; baseline -0.01 -8"><span class='ocrx_word' id='word_1_20' title='bbox 337 640 464 694; x_wconf 73' lang='lat' dir='ltr'><strong>ille?</strong></span> <span class='ocrx_word' id='word_1_21' title='bbox 503 638 618 692; x_wconf 87' lang='lat' dir='ltr'><strong>Non</strong></span> <span class='ocrx_word' id='word_1_22' title='bbox 656 636 785 691; x_wconf 87' lang='lat' dir='ltr'><strong>dicit</strong></span> <span class='ocrx_word' id='word_1_23' title='bbox 820 652 832 688; x_wconf 93' lang='lat'>:</span> <span class='ocrx_word' id='word_1_24' title='bbox 861 633 965 689; x_wconf 84' lang='lat' dir='ltr'><strong>Cur</strong></span> <span class='ocrx_word' id='word_1_25' title='bbox 1003 650 1082 687; x_wconf 85' lang='lat' dir='ltr'><strong>me</strong></span> <span class='ocrx_word' id='word_1_26' title='bbox 1119 633 1319 686; x_wconf 79' lang='lat' dir='ltr'><strong>tentatis</strong></span> <span class='ocrx_word' id='word_1_27' title='bbox 1343 674 1356 698; x_wconf 91' lang='lat'><strong>,</strong></span> <span class='ocrx_word' id='word_1_28' title='bbox 1390 631 1664 702; x_wconf 77' lang='lat' dir='ltr'><strong>hypocrita:</strong></span> <span class='ocrx_word' id='word_1_29' title='bbox 1692 630 1915 702; x_wconf 82' lang='lat' dir='ltr'><strong>(Matth.</strong></span> 
     </span>
    </p>
   </div>
   <div class='ocr_carea' id='block_1_5' title="bbox 333 721 1915 798">
    <p class='ocr_par' dir='ltr' id='par_1_5' title="bbox 333 721 1915 798">
     <span class='ocr_line' id='line_1_5' title="bbox 333 721 1915 798; baseline -0.009 -13"><span class='ocrx_word' id='word_1_30' title='bbox 333 732 420 785; x_wconf 64' lang='lat' dir='ltr'><strong>2i.</strong></span> <span class='ocrx_word' id='word_1_31' title='bbox 459 728 606 798; x_wconf 85' lang='lat' dir='ltr'><strong>I8)?</strong></span> <span class='ocrx_word' id='word_1_32' title='bbox 639 728 690 782; x_wconf 92' lang='lat' dir='ltr'><strong>id</strong></span> <span class='ocrx_word' id='word_1_33' title='bbox 730 725 870 797; x_wconf 91' lang='lat' dir='ltr'><strong>quod</strong></span> <span class='ocrx_word' id='word_1_34' title='bbox 921 737 1101 795; x_wconf 86' lang='lat' dir='ltr'><strong>postea</strong></span> <span class='ocrx_word' id='word_1_35' title='bbox 1139 723 1315 778; x_wconf 81' lang='lat' dir='ltr'><strong>dixit:</strong></span> <span class='ocrx_word' id='word_1_36' title='bbox 1358 721 1449 775; x_wconf 84' lang='lat' dir='ltr'><strong>sed</strong></span> <span class='ocrx_word' id='word_1_37' title='bbox 1491 722 1574 775; x_wconf 89' lang='lat' dir='ltr'><strong>hic</strong></span> <span class='ocrx_word' id='word_1_38' title='bbox 1622 737 1722 774; x_wconf 92' lang='lat' dir='ltr'><strong>non</strong></span> <span class='ocrx_word' id='word_1_39' title='bbox 1770 721 1915 774; x_wconf 87' lang='lat' dir='ltr'><strong>item.</strong></span> 
     </span>
    </p>
   </div>
   <div class='ocr_carea' id='block_1_6' title="bbox 334 813 1920 892">
    <p class='ocr_par' dir='ltr' id='par_1_6' title="bbox 334 813 1920 892">
     <span class='ocr_line' id='line_1_6' title="bbox 334 813 1920 892; baseline -0.008 -14"><span class='ocrx_word' id='word_1_40' title='bbox 334 825 555 892; x_wconf 82' lang='lat' dir='ltr'><strong>Quare?</strong></span> <span class='ocrx_word' id='word_1_41' title='bbox 584 821 654 877; x_wconf 87' lang='lat' dir='ltr'><strong>Ut</strong></span> <span class='ocrx_word' id='word_1_42' title='bbox 688 837 810 875; x_wconf 86' lang='lat' dir='ltr'><strong>cum</strong></span> <span class='ocrx_word' id='word_1_43' title='bbox 843 818 1076 890; x_wconf 82' lang='lat' dir='ltr'><strong>potentia</strong></span> <span class='ocrx_word' id='word_1_44' title='bbox 1103 832 1197 870; x_wconf 85' lang='lat' dir='ltr'><strong>sua</strong></span> <span class='ocrx_word' id='word_1_45' title='bbox 1224 813 1683 870; x_wconf 86' lang='lat' dir='ltr'><strong>mansuetudinem</strong></span> <span class='ocrx_word' id='word_1_46' title='bbox 1710 828 1920 884; x_wconf 85' lang='lat' dir='ltr'><strong>quoque</strong></span> 
     </span>
    </p>
   </div>
   <div class='ocr_carea' id='block_1_7' title="bbox 337 905 1921 982">
    <p class='ocr_par' dir='ltr' id='par_1_7' title="bbox 337 905 1921 982">
     <span class='ocr_line' id='line_1_7' title="bbox 337 905 1921 982; baseline -0.006 -14"><span class='ocrx_word' id='word_1_47' title='bbox 337 915 664 971; x_wconf 87' lang='lat' dir='ltr'><strong>ostenderet.</strong></span> <span class='ocrx_word' id='word_1_48' title='bbox 689 913 870 982; x_wconf 81' lang='lat' dir='ltr'><strong>Neque</strong></span> <span class='ocrx_word' id='word_1_49' title='bbox 894 912 1033 964; x_wconf 90' lang='lat' dir='ltr'><strong>enim</strong></span> <span class='ocrx_word' id='word_1_50' title='bbox 1063 925 1273 975; x_wconf 85' lang='lat' dir='ltr'><strong>semper</strong></span> <span class='ocrx_word' id='word_1_51' title='bbox 1301 916 1460 972; x_wconf 85' lang='lat' dir='ltr'><strong>tacet,</strong></span> <span class='ocrx_word' id='word_1_52' title='bbox 1486 923 1552 962; x_wconf 90' lang='lat' dir='ltr'><strong>ne</strong></span> <span class='ocrx_word' id='word_1_53' title='bbox 1577 915 1761 976; x_wconf 88' lang='lat' dir='ltr'><strong>putent</strong></span> <span class='ocrx_word' id='word_1_54' title='bbox 1788 905 1835 957; x_wconf 88' lang='lat' dir='ltr'><strong>id</strong></span> <span class='ocrx_word' id='word_1_55' title='bbox 1863 920 1921 958; x_wconf 89' lang='lat' dir='ltr'><strong>se</strong></span> 
     </span>
    </p>
   </div>
   <div class='ocr_carea' id='block_1_8' title="bbox 338 999 1918 1075">
    <p class='ocr_par' dir='ltr' id='par_1_8' title="bbox 338 999 1918 1075">
     <span class='ocr_line' id='line_1_8' title="bbox 338 999 1918 1075; baseline -0.008 -13"><span class='ocrx_word' id='word_1_56' title='bbox 338 1010 533 1072; x_wconf 87' lang='lat' dir='ltr'><strong>latere;</strong></span> <span class='ocrx_word' id='word_1_57' title='bbox 567 1021 739 1075; x_wconf 88' lang='lat' dir='ltr'><strong>neque</strong></span> <span class='ocrx_word' id='word_1_58' title='bbox 767 1019 978 1073; x_wconf 81' lang='lat' dir='ltr'><strong>semper</strong></span> <span class='ocrx_word' id='word_1_59' title='bbox 1005 1002 1290 1072; x_wconf 73' lang='lat' dir='ltr'><strong>redarguit,</strong></span> <span class='ocrx_word' id='word_1_60' title='bbox 1319 1009 1376 1054; x_wconf 92' lang='lat' dir='ltr'><strong>ut</strong></span> <span class='ocrx_word' id='word_1_61' title='bbox 1405 1015 1502 1053; x_wconf 94' lang='lat' dir='ltr'><strong>nos</strong></span> <span class='ocrx_word' id='word_1_62' title='bbox 1529 999 1718 1053; x_wconf 86' lang='lat' dir='ltr'><strong>doceat</strong></span> <span class='ocrx_word' id='word_1_63' title='bbox 1742 999 1918 1050; x_wconf 81' lang='lat' dir='ltr'><strong>omnia</strong></span> 
     </span>
    </p>
   </div>
   <div class='ocr_carea' id='block_1_9' title="bbox 339 1092 1919 1164">
    <p class='ocr_par' dir='ltr' id='par_1_9' title="bbox 339 1092 1919 1164">
     <span class='ocr_line' id='line_1_9' title="bbox 339 1092 1919 1164; baseline -0.007 -11"><span class='ocrx_word' id='word_1_64' title='bbox 339 1107 615 1154; x_wconf 82' lang='lat' dir='ltr'><strong>mansuete</strong></span> <span class='ocrx_word' id='word_1_65' title='bbox 641 1113 762 1152; x_wconf 86' lang='lat' dir='ltr'><strong>esse</strong></span> <span class='ocrx_word' id='word_1_66' title='bbox 802 1095 1039 1150; x_wconf 83' lang='lat' dir='ltr'><strong>ferenda.</strong></span> <span class='ocrx_word' id='word_1_67' title='bbox 1075 1092 1355 1163; x_wconf 84' lang='lat' dir='ltr'><strong>Quomodo</strong></span> <span class='ocrx_word' id='word_1_68' title='bbox 1384 1109 1510 1164; x_wconf 86' lang='lat' dir='ltr'><strong>ergo</strong></span> <span class='ocrx_word' id='word_1_69' title='bbox 1551 1092 1656 1146; x_wconf 90' lang='lat' dir='ltr'><strong>illis</strong></span> <span class='ocrx_word' id='word_1_70' title='bbox 1697 1105 1919 1159; x_wconf 87' lang='lat' dir='ltr'><strong>respou-</strong></span> 
     </span>
    </p>
   </div>
   <div class='ocr_carea' id='block_1_10' title="bbox 336 1187 1922 1260">
    <p class='ocr_par' dir='ltr' id='par_1_10' title="bbox 336 1187 1922 1260">
     <span class='ocr_line' id='line_1_10' title="bbox 336 1187 1922 1260; baseline -0.008 -12"><span class='ocrx_word' id='word_1_71' title='bbox 336 1193 467 1248; x_wconf 83' lang='lat' dir='ltr'><strong>det?</strong></span> <span class='ocrx_word' id='word_1_72' title='bbox 493 1193 547 1247; x_wconf 74' lang='grc'><strong>4.</strong></span> <span class='ocrx_word' id='word_1_73' title='bbox 581 1190 701 1245; x_wconf 81' lang='lat' dir='ltr'><strong>Non</strong></span> <span class='ocrx_word' id='word_1_74' title='bbox 729 1190 948 1260; x_wconf 84' lang='lat' dir='ltr'><strong>legistis,</strong></span> <span class='ocrx_word' id='word_1_75' title='bbox 978 1189 1096 1259; x_wconf 84' lang='lat' dir='ltr'><strong>quia</strong></span> <span class='ocrx_word' id='word_1_76' title='bbox 1136 1187 1221 1257; x_wconf 78' lang='lat' dir='ltr'><strong>qui</strong></span> <span class='ocrx_word' id='word_1_77' title='bbox 1266 1187 1382 1252; x_wconf 86' lang='lat' dir='ltr'><strong>fecit</strong></span> <span class='ocrx_word' id='word_1_78' title='bbox 1413 1187 1691 1249; x_wconf 73' lang='lat' dir='ltr'><strong>harninem,</strong></span> <span class='ocrx_word' id='word_1_79' title='bbox 1723 1199 1922 1237; x_wconf 85' lang='lat' dir='ltr'><strong>mascu-</strong></span> 
     </span>
    </p>
   </div>
   <div class='ocr_carea' id='block_1_11' title="bbox 337 1275 1922 1352">
    <p class='ocr_par' dir='ltr' id='par_1_11' title="bbox 337 1275 1922 1352">
     <span class='ocr_line' id='line_1_11' title="bbox 337 1275 1922 1352; baseline -0.004 -16"><span class='ocrx_word' id='word_1_80' title='bbox 337 1283 446 1338; x_wconf 73' lang='lat' dir='ltr'><strong>lum</strong></span> <span class='ocrx_word' id='word_1_81' title='bbox 476 1292 520 1334; x_wconf 77' lang='lat' dir='ltr'><strong>et</strong></span> <span class='ocrx_word' id='word_1_82' title='bbox 550 1281 788 1352; x_wconf 80' lang='lat' dir='ltr'><strong>feminam</strong></span> <span class='ocrx_word' id='word_1_83' title='bbox 830 1281 945 1350; x_wconf 82' lang='lat' dir='ltr'><strong>fecit</strong></span> <span class='ocrx_word' id='word_1_84' title='bbox 986 1278 1112 1333; x_wconf 77' lang='lat' dir='ltr'><strong>eos?</strong></span> <span class='ocrx_word' id='word_1_85' title='bbox 1145 1277 1210 1332; x_wconf 84' lang='lat' dir='ltr'><strong>Et</strong></span> <span class='ocrx_word' id='word_1_86' title='bbox 1253 1277 1379 1331; x_wconf 77' lang='lat' dir='ltr'><strong>dixit</strong></span> <span class='ocrx_word' id='word_1_87' title='bbox 1407 1293 1426 1329; x_wconf 89' lang='lat'><strong><em>:</em></strong></span> <span class='ocrx_word' id='word_1_88' title='bbox 1455 1277 1506 1331; x_wconf 87' lang='lat'><strong>5.</strong></span> <span class='ocrx_word' id='word_1_89' title='bbox 1541 1275 1818 1346; x_wconf 83' lang='lat' dir='ltr'><strong>Pmpterea</strong></span> <span class='ocrx_word' id='word_1_90' title='bbox 1840 1291 1922 1329; x_wconf 80' lang='lat' dir='ltr'><strong>te-</strong></span> 
     </span>
    </p>
   </div>
   <div class='ocr_carea' id='block_1_12' title="bbox 340 1367 1923 1441">
    <p class='ocr_par' dir='ltr' id='par_1_12' title="bbox 340 1367 1923 1441">
     <span class='ocr_line' id='line_1_12' title="bbox 340 1367 1923 1441; baseline -0.006 -13"><span class='ocrx_word' id='word_1_91' title='bbox 340 1374 526 1441; x_wconf 76' lang='lat' dir='ltr'><strong>linquet</strong></span> <span class='ocrx_word' id='word_1_92' title='bbox 546 1373 695 1424; x_wconf 82' lang='lat' dir='ltr'><strong>homo</strong></span> <span class='ocrx_word' id='word_1_93' title='bbox 719 1381 912 1440; x_wconf 82' lang='lat' dir='ltr'><strong>patrem</strong></span> <span class='ocrx_word' id='word_1_94' title='bbox 931 1386 1076 1425; x_wconf 83' lang='lat' dir='ltr'><strong>suum</strong></span> <span class='ocrx_word' id='word_1_95' title='bbox 1097 1378 1142 1424; x_wconf 86' lang='lat' dir='ltr'><strong>et</strong></span> <span class='ocrx_word' id='word_1_96' title='bbox 1163 1378 1371 1422; x_wconf 81' lang='lat' dir='ltr'><strong>matrem</strong></span> <span class='ocrx_word' id='word_1_97' title='bbox 1390 1385 1556 1434; x_wconf 82' lang='lat' dir='ltr'><strong>suam,</strong></span> <span class='ocrx_word' id='word_1_98' title='bbox 1587 1378 1631 1422; x_wconf 88' lang='lat' dir='ltr'><strong>et</strong></span> <span class='ocrx_word' id='word_1_99' title='bbox 1653 1367 1923 1420; x_wconf 79' lang='lat' dir='ltr'><strong>adhwrebit</strong></span> 
     </span>
    </p>
   </div>
   <div class='ocr_carea' id='block_1_13' title="bbox 339 1464 1919 1537">
    <p class='ocr_par' dir='ltr' id='par_1_13' title="bbox 339 1464 1919 1537">
     <span class='ocr_line' id='line_1_13' title="bbox 339 1464 1919 1537; baseline -0.003 -17"><span class='ocrx_word' id='word_1_100' title='bbox 339 1471 486 1521; x_wconf 73' lang='lat' dir='ltr'><strong>uxori</strong></span> <span class='ocrx_word' id='word_1_101' title='bbox 522 1483 650 1527; x_wconf 63' lang='lat' dir='ltr'><strong>suae.</strong></span> <span class='ocrx_word' id='word_1_102' title='bbox 677 1477 727 1521; x_wconf 88' lang='lat' dir='ltr'><strong>et</strong></span> <span class='ocrx_word' id='word_1_103' title='bbox 770 1477 913 1520; x_wconf 86' lang='lat' dir='ltr'><strong>erunt</strong></span> <span class='ocrx_word' id='word_1_104' title='bbox 939 1468 1042 1522; x_wconf 84' lang='lat' dir='ltr'><strong>duo</strong></span> <span class='ocrx_word' id='word_1_105' title='bbox 1068 1466 1120 1519; x_wconf 85' lang='lat' dir='ltr'><strong>in</strong></span> <span class='ocrx_word' id='word_1_106' title='bbox 1152 1482 1301 1519; x_wconf 86' lang='lat' dir='ltr'><strong>carne</strong></span> <span class='ocrx_word' id='word_1_107' title='bbox 1327 1482 1428 1518; x_wconf 87' lang='lat' dir='ltr'><strong>una</strong></span> <span class='ocrx_word' id='word_1_108' title='bbox 1453 1464 1605 1537; x_wconf 76' lang='lat' dir='ltr'><strong>(Gen.</strong></span> <span class='ocrx_word' id='word_1_109' title='bbox 1635 1465 1689 1518; x_wconf 75' lang='grc'><strong>2.</strong></span> <span class='ocrx_word' id='word_1_110' title='bbox 1721 1465 1831 1534; x_wconf 69' lang='lat'><strong>‘24).</strong></span> <span class='ocrx_word' id='word_1_111' title='bbox 1867 1465 1919 1518; x_wconf 76' lang='grc' dir='ltr'><strong>(ἱ.</strong></span> 
     </span>
    </p>
   </div>
   <div class='ocr_carea' id='block_1_14' title="bbox 341 1556 1924 1631">
    <p class='ocr_par' dir='ltr' id='par_1_14' title="bbox 341 1556 1924 1631">
     <span class='ocr_line' id='line_1_14' title="bbox 341 1556 1924 1631; baseline -0.003 -16"><span class='ocrx_word' id='word_1_112' title='bbox 341 1561 522 1631; x_wconf 77' lang='lat' dir='ltr'><strong>Itaque</strong></span> <span class='ocrx_word' id='word_1_113' title='bbox 539 1563 653 1630; x_wconf 76' lang='lat' dir='ltr'><strong>jam</strong></span> <span class='ocrx_word' id='word_1_114' title='bbox 678 1577 777 1614; x_wconf 85' lang='lat' dir='ltr'><strong>non</strong></span> <span class='ocrx_word' id='word_1_115' title='bbox 798 1570 912 1614; x_wconf 85' lang='lat' dir='ltr'><strong>sunt</strong></span> <span class='ocrx_word' id='word_1_116' title='bbox 937 1559 1056 1620; x_wconf 82' lang='lat' dir='ltr'><strong>duo.</strong></span> <span class='ocrx_word' id='word_1_117' title='bbox 1077 1560 1167 1614; x_wconf 86' lang='lat' dir='ltr'><strong>sed</strong></span> <span class='ocrx_word' id='word_1_118' title='bbox 1193 1576 1294 1612; x_wconf 86' lang='lat' dir='ltr'><strong>una</strong></span> <span class='ocrx_word' id='word_1_119' title='bbox 1315 1575 1453 1612; x_wconf 86' lang='lat' dir='ltr'><strong>caro.</strong></span> <span class='ocrx_word' id='word_1_120' title='bbox 1480 1558 1628 1625; x_wconf 83' lang='lat' dir='ltr'><strong>Quod</strong></span> <span class='ocrx_word' id='word_1_121' title='bbox 1648 1574 1764 1627; x_wconf 83' lang='lat' dir='ltr'><strong>ergo</strong></span> <span class='ocrx_word' id='word_1_122' title='bbox 1787 1556 1924 1610; x_wconf 76' lang='lat' dir='ltr'><strong>Dens</strong></span> 
     </span>
    </p>
   </div>
   <div class='ocr_carea' id='block_1_15' title="bbox 338 1648 1917 1722">
    <p class='ocr_par' dir='ltr' id='par_1_15' title="bbox 338 1648 1917 1722">
     <span class='ocr_line' id='line_1_15' title="bbox 338 1648 1917 1722; baseline -0.004 -16"><span class='ocrx_word' id='word_1_123' title='bbox 338 1652 623 1722; x_wconf 69' lang='lat' dir='ltr'><strong>conjunxit,</strong></span> <span class='ocrx_word' id='word_1_124' title='bbox 673 1651 820 1704; x_wconf 75' lang='lat' dir='ltr'><strong>homo</strong></span> <span class='ocrx_word' id='word_1_125' title='bbox 857 1666 953 1704; x_wconf 82' lang='lat' dir='ltr'><strong>non</strong></span> <span class='ocrx_word' id='word_1_126' title='bbox 990 1658 1204 1721; x_wconf 86' lang='lat' dir='ltr'><strong>separet.</strong></span> <span class='ocrx_word' id='word_1_127' title='bbox 1233 1648 1367 1703; x_wconf 78' lang='lat' dir='ltr'><strong>Vide</strong></span> <span class='ocrx_word' id='word_1_128' title='bbox 1404 1649 1714 1718; x_wconf 88' lang='lat' dir='ltr'><strong>sapientiam</strong></span> <span class='ocrx_word' id='word_1_129' title='bbox 1755 1649 1917 1717; x_wconf 42' lang='lat' dir='ltr'><strong>magi.</strong></span> 
     </span>
    </p>
   </div>
   <div class='ocr_carea' id='block_1_16' title="bbox 340 1737 1921 1811">
    <p class='ocr_par' dir='ltr' id='par_1_16' title="bbox 340 1737 1921 1811">
     <span class='ocr_line' id='line_1_16' title="bbox 340 1737 1921 1811; baseline -0.004 -14"><span class='ocrx_word' id='word_1_130' title='bbox 340 1743 458 1797; x_wconf 92' lang='lat' dir='ltr'><strong>stri.</strong></span> <span class='ocrx_word' id='word_1_131' title='bbox 500 1741 856 1811; x_wconf 75' lang='lat' dir='ltr'><strong>Interrogatus</strong></span> <span class='ocrx_word' id='word_1_132' title='bbox 895 1741 1064 1804; x_wconf 91' lang='lat' dir='ltr'><strong>enim,</strong></span> <span class='ocrx_word' id='word_1_133' title='bbox 1101 1740 1159 1794; x_wconf 90' lang='lat' dir='ltr'><strong>Si</strong></span> <span class='ocrx_word' id='word_1_134' title='bbox 1205 1739 1337 1801; x_wconf 87' lang='lat' dir='ltr'><strong>licet,</strong></span> <span class='ocrx_word' id='word_1_135' title='bbox 1387 1755 1491 1793; x_wconf 87' lang='lat' dir='ltr'><strong>non</strong></span> <span class='ocrx_word' id='word_1_136' title='bbox 1535 1738 1714 1792; x_wconf 85' lang='lat' dir='ltr'><strong>statim</strong></span> <span class='ocrx_word' id='word_1_137' title='bbox 1761 1737 1921 1801; x_wconf 90' lang='lat' dir='ltr'><strong>dicit,</strong></span> 
     </span>
    </p>
   </div>
   <div class='ocr_carea' id='block_1_17' title="bbox 340 1830 1923 1901">
    <p class='ocr_par' dir='ltr' id='par_1_17' title="bbox 340 1830 1923 1901">
     <span class='ocr_line' id='line_1_17' title="bbox 340 1830 1923 1901; baseline -0.006 -11"><span class='ocrx_word' id='word_1_138' title='bbox 340 1832 456 1890; x_wconf 80' lang='lat' dir='ltr'><strong>Non</strong></span> <span class='ocrx_word' id='word_1_139' title='bbox 484 1835 640 1896; x_wconf 88' lang='lat' dir='ltr'><strong>licet,</strong></span> <span class='ocrx_word' id='word_1_140' title='bbox 672 1847 741 1887; x_wconf 90' lang='lat' dir='ltr'><strong>ne</strong></span> <span class='ocrx_word' id='word_1_141' title='bbox 771 1832 1243 1901; x_wconf 84' lang='lat' dir='ltr'><strong>perturbarentur;</strong></span> <span class='ocrx_word' id='word_1_142' title='bbox 1273 1830 1365 1885; x_wconf 89' lang='lat' dir='ltr'><strong>sed</strong></span> <span class='ocrx_word' id='word_1_143' title='bbox 1393 1839 1674 1898; x_wconf 76' lang='lat' dir='ltr'><strong>antequam</strong></span> <span class='ocrx_word' id='word_1_144' title='bbox 1704 1839 1923 1882; x_wconf 81' lang='lat' dir='ltr'><strong>senten—</strong></span> 
     </span>
    </p>
   </div>
   <div class='ocr_carea' id='block_1_18' title="bbox 339 1919 1921 1992">
    <p class='ocr_par' dir='ltr' id='par_1_18' title="bbox 339 1919 1921 1992">
     <span class='ocr_line' id='line_1_18' title="bbox 339 1919 1921 1992; baseline -0.004 -15"><span class='ocrx_word' id='word_1_145' title='bbox 339 1925 470 1978; x_wconf 86' lang='lat' dir='ltr'><strong>tiam</strong></span> <span class='ocrx_word' id='word_1_146' title='bbox 500 1923 733 1988; x_wconf 86' lang='lat' dir='ltr'><strong>diceret,</strong></span> <span class='ocrx_word' id='word_1_147' title='bbox 763 1939 856 1992; x_wconf 89' lang='lat' dir='ltr'><strong>per</strong></span> <span class='ocrx_word' id='word_1_148' title='bbox 883 1933 1192 1992; x_wconf 87' lang='lat' dir='ltr'><strong>apparatum</strong></span> <span class='ocrx_word' id='word_1_149' title='bbox 1224 1922 1371 1976; x_wconf 90' lang='lat' dir='ltr'><strong>illum</strong></span> <span class='ocrx_word' id='word_1_150' title='bbox 1399 1920 1451 1975; x_wconf 89' lang='lat' dir='ltr'><strong>id</strong></span> <span class='ocrx_word' id='word_1_151' title='bbox 1482 1919 1679 1990; x_wconf 88' lang='lat' dir='ltr'><strong>liquido</strong></span> <span class='ocrx_word' id='word_1_152' title='bbox 1705 1921 1921 1982; x_wconf 91' lang='lat' dir='ltr'><strong>statuit,</strong></span> 
     </span>
    </p>
   </div>
   <div class='ocr_carea' id='block_1_19' title="bbox 337 2009 1924 2082">
    <p class='ocr_par' dir='ltr' id='par_1_19' title="bbox 337 2009 1924 2082">
     <span class='ocr_line' id='line_1_19' title="bbox 337 2009 1924 2082; baseline -0.008 -9"><span class='ocrx_word' id='word_1_153' title='bbox 337 2013 632 2073; x_wconf 88' lang='lat' dir='ltr'><strong>ostendens</strong></span> <span class='ocrx_word' id='word_1_154' title='bbox 659 2013 828 2068; x_wconf 89' lang='lat' dir='ltr'><strong>Patris</strong></span> <span class='ocrx_word' id='word_1_155' title='bbox 857 2014 937 2067; x_wconf 90' lang='lat' dir='ltr'><strong>sui</strong></span> <span class='ocrx_word' id='word_1_156' title='bbox 965 2027 1084 2067; x_wconf 88' lang='lat' dir='ltr'><strong>esse</strong></span> <span class='ocrx_word' id='word_1_157' title='bbox 1125 2021 1447 2082; x_wconf 63' lang='lat' dir='ltr'><strong>praeceptum</strong></span> <span class='ocrx_word' id='word_1_158' title='bbox 1469 2051 1484 2077; x_wconf 94' lang='lat'><strong>,</strong></span> <span class='ocrx_word' id='word_1_159' title='bbox 1515 2025 1611 2064; x_wconf 91' lang='lat' dir='ltr'><strong>nec</strong></span> <span class='ocrx_word' id='word_1_160' title='bbox 1637 2009 1800 2080; x_wconf 80' lang='lat' dir='ltr'><strong>Moysi</strong></span> <span class='ocrx_word' id='word_1_161' title='bbox 1829 2009 1924 2062; x_wconf 88' lang='lat' dir='ltr'><strong>ad-</strong></span> 
     </span>
    </p>
   </div>
   <div class='ocr_carea' id='block_1_20' title="bbox 343 2099 1925 2174">
    <p class='ocr_par' dir='ltr' id='par_1_20' title="bbox 343 2099 1925 2174">
     <span class='ocr_line' id='line_1_20' title="bbox 343 2099 1925 2174; baseline -0.003 -16"><span class='ocrx_word' id='word_1_162' title='bbox 343 2116 616 2161; x_wconf 72' lang='lat' dir='ltr'><strong>versatum</strong></span> <span class='ocrx_word' id='word_1_163' title='bbox 642 2120 700 2159; x_wconf 91' lang='lat' dir='ltr'><strong>se</strong></span> <span class='ocrx_word' id='word_1_164' title='bbox 733 2103 832 2158; x_wconf 88' lang='lat' dir='ltr'><strong>hoc</strong></span> <span class='ocrx_word' id='word_1_165' title='bbox 861 2103 1198 2174; x_wconf 69' lang='lat' dir='ltr'><strong>praecepisse.</strong></span> <span class='ocrx_word' id='word_1_166' title='bbox 1231 2101 1606 2156; x_wconf 80' lang='lat' dir='ltr'><strong>Animadverte</strong></span> <span class='ocrx_word' id='word_1_167' title='bbox 1644 2109 1820 2154; x_wconf 90' lang='lat' dir='ltr'><strong>autem</strong></span> <span class='ocrx_word' id='word_1_168' title='bbox 1859 2099 1925 2153; x_wconf 81' lang='lat' dir='ltr'><strong>il-</strong></span> 
     </span>
    </p>
   </div>
   <div class='ocr_carea' id='block_1_21' title="bbox 341 2191 1924 2256">
    <p class='ocr_par' dir='ltr' id='par_1_21' title="bbox 341 2191 1924 2256">
     <span class='ocr_line' id='line_1_21' title="bbox 341 2191 1924 2256; baseline -0.007 -2"><span class='ocrx_word' id='word_1_169' title='bbox 341 2197 453 2254; x_wconf 84' lang='lat' dir='ltr'><strong>lum</strong></span> <span class='ocrx_word' id='word_1_170' title='bbox 487 2213 590 2251; x_wconf 92' lang='lat' dir='ltr'><strong>non</strong></span> <span class='ocrx_word' id='word_1_171' title='bbox 617 2213 648 2249; x_wconf 87' lang='lat' dir='ltr'><strong>a</strong></span> <span class='ocrx_word' id='word_1_172' title='bbox 676 2196 948 2251; x_wconf 86' lang='lat' dir='ltr'><strong>creatione</strong></span> <span class='ocrx_word' id='word_1_173' title='bbox 983 2195 1156 2250; x_wconf 87' lang='lat' dir='ltr'><strong>solum</strong></span> <span class='ocrx_word' id='word_1_174' title='bbox 1195 2193 1324 2247; x_wconf 88' lang='lat' dir='ltr'><strong>illud</strong></span> <span class='ocrx_word' id='word_1_175' title='bbox 1363 2193 1628 2246; x_wconf 82' lang='lat' dir='ltr'><strong>affirmare</strong></span> <span class='ocrx_word' id='word_1_176' title='bbox 1651 2232 1664 2256; x_wconf 92' lang='lat'><strong>,</strong></span> <span class='ocrx_word' id='word_1_177' title='bbox 1697 2191 1788 2245; x_wconf 90' lang='lat' dir='ltr'><strong>sed</strong></span> <span class='ocrx_word' id='word_1_178' title='bbox 1814 2199 1868 2245; x_wconf 89' lang='lat' dir='ltr'><strong>et</strong></span> <span class='ocrx_word' id='word_1_179' title='bbox 1895 2204 1924 2242; x_wconf 88' lang='lat' dir='ltr'><strong>a</strong></span> 
     </span>
    </p>
   </div>
   <div class='ocr_carea' id='block_1_22' title="bbox 342 2281 1923 2358">
    <p class='ocr_par' dir='ltr' id='par_1_22' title="bbox 342 2281 1923 2358">
     <span class='ocr_line' id='line_1_22' title="bbox 342 2281 1923 2358; baseline -0.006 -15"><span class='ocrx_word' id='word_1_180' title='bbox 342 2299 609 2358; x_wconf 60' lang='lat' dir='ltr'><strong>praecepto</strong></span> <span class='ocrx_word' id='word_1_181' title='bbox 645 2286 782 2356; x_wconf 89' lang='lat' dir='ltr'><strong>ejus.</strong></span> <span class='ocrx_word' id='word_1_182' title='bbox 823 2286 934 2342; x_wconf 89' lang='lat' dir='ltr'><strong>Non</strong></span> <span class='ocrx_word' id='word_1_183' title='bbox 974 2285 1116 2340; x_wconf 90' lang='lat' dir='ltr'><strong>enim</strong></span> <span class='ocrx_word' id='word_1_184' title='bbox 1145 2282 1310 2349; x_wconf 81' lang='lat' dir='ltr'><strong>dixit,</strong></span> <span class='ocrx_word' id='word_1_185' title='bbox 1344 2283 1514 2352; x_wconf 91' lang='lat' dir='ltr'><strong>ipsum</strong></span> <span class='ocrx_word' id='word_1_186' title='bbox 1546 2281 1736 2337; x_wconf 91' lang='lat' dir='ltr'><strong>fecisse</strong></span> <span class='ocrx_word' id='word_1_187' title='bbox 1761 2295 1923 2334; x_wconf 88' lang='lat' dir='ltr'><strong>unum</strong></span> 
     </span>
    </p>
   </div>
   <div class='ocr_carea' id='block_1_23' title="bbox 341 2371 1927 2445">
    <p class='ocr_par' dir='ltr' id='par_1_23' title="bbox 341 2371 1927 2445">
     <span class='ocr_line' id='line_1_23' title="bbox 341 2371 1927 2445; baseline -0.006 -12"><span class='ocrx_word' id='word_1_188' title='bbox 341 2389 546 2434; x_wconf 84' lang='lat' dir='ltr'><strong>tantum</strong></span> <span class='ocrx_word' id='word_1_189' title='bbox 573 2379 841 2433; x_wconf 82' lang='lat' dir='ltr'><strong>hominem</strong></span> <span class='ocrx_word' id='word_1_190' title='bbox 870 2391 1133 2445; x_wconf 88' lang='lat' dir='ltr'><strong>unamque</strong></span> <span class='ocrx_word' id='word_1_191' title='bbox 1160 2375 1470 2438; x_wconf 86' lang='lat' dir='ltr'><strong>mulierem;</strong></span> <span class='ocrx_word' id='word_1_192' title='bbox 1495 2371 1588 2428; x_wconf 86' lang='lat' dir='ltr'><strong>sed</strong></span> <span class='ocrx_word' id='word_1_193' title='bbox 1610 2372 1771 2427; x_wconf 91' lang='lat' dir='ltr'><strong>etiam</strong></span> <span class='ocrx_word' id='word_1_194' title='bbox 1793 2386 1927 2440; x_wconf 71' lang='lat' dir='ltr'><strong>prae-</strong></span> 
     </span>
    </p>
   </div>
   <div class='ocr_carea' id='block_1_24' title="bbox 342 2461 1923 2538">
    <p class='ocr_par' dir='ltr' id='par_1_24' title="bbox 342 2461 1923 2538">
     <span class='ocr_line' id='line_1_24' title="bbox 342 2461 1923 2538; baseline -0.007 -15"><span class='ocrx_word' id='word_1_195' title='bbox 342 2471 549 2538; x_wconf 88' lang='lat' dir='ltr'><strong>cepisse</strong></span> <span class='ocrx_word' id='word_1_196' title='bbox 568 2511 583 2533; x_wconf 91' lang='lat'><strong>,</strong></span> <span class='ocrx_word' id='word_1_197' title='bbox 609 2481 666 2522; x_wconf 88' lang='lat' dir='ltr'><strong>ut</strong></span> <span class='ocrx_word' id='word_1_198' title='bbox 695 2483 832 2522; x_wconf 90' lang='lat' dir='ltr'><strong>unus</strong></span> <span class='ocrx_word' id='word_1_199' title='bbox 861 2467 952 2520; x_wconf 89' lang='lat' dir='ltr'><strong>uni</strong></span> <span class='ocrx_word' id='word_1_200' title='bbox 975 2466 1336 2535; x_wconf 87' lang='lat' dir='ltr'><strong>copularetur.</strong></span> <span class='ocrx_word' id='word_1_201' title='bbox 1369 2463 1426 2518; x_wconf 90' lang='lat' dir='ltr'><strong>Si</strong></span> <span class='ocrx_word' id='word_1_202' title='bbox 1454 2461 1708 2516; x_wconf 84' lang='lat' dir='ltr'><strong>voluisset</strong></span> <span class='ocrx_word' id='word_1_203' title='bbox 1750 2470 1923 2514; x_wconf 88' lang='lat' dir='ltr'><strong>autem</strong></span> 
     </span>
    </p>
   </div>
   <div class='ocr_carea' id='block_1_25' title="bbox 343 2553 1923 2625">
    <p class='ocr_par' dir='ltr' id='par_1_25' title="bbox 343 2553 1923 2625">
     <span class='ocr_line' id='line_1_25' title="bbox 343 2553 1923 2625; baseline -0.007 -9"><span class='ocrx_word' id='word_1_204' title='bbox 343 2561 484 2618; x_wconf 85' lang='lat' dir='ltr'><strong>hanc</strong></span> <span class='ocrx_word' id='word_1_205' title='bbox 509 2561 725 2625; x_wconf 88' lang='lat' dir='ltr'><strong>dimitti,</strong></span> <span class='ocrx_word' id='word_1_206' title='bbox 752 2560 908 2614; x_wconf 87' lang='lat' dir='ltr'><strong>aliam</strong></span> <span class='ocrx_word' id='word_1_207' title='bbox 936 2559 1079 2625; x_wconf 89' lang='lat' dir='ltr'><strong>duci,</strong></span> <span class='ocrx_word' id='word_1_208' title='bbox 1110 2573 1231 2612; x_wconf 89' lang='lat' dir='ltr'><strong>cum</strong></span> <span class='ocrx_word' id='word_1_209' title='bbox 1271 2571 1433 2611; x_wconf 91' lang='lat' dir='ltr'><strong>unum</strong></span> <span class='ocrx_word' id='word_1_210' title='bbox 1482 2555 1751 2609; x_wconf 82' lang='lat' dir='ltr'><strong>hominem</strong></span> <span class='ocrx_word' id='word_1_211' title='bbox 1780 2553 1923 2618; x_wconf 87' lang='lat' dir='ltr'><strong>fecit,</strong></span> 
     </span>
    </p>
   </div>
   <div class='ocr_carea' id='block_1_26' title="bbox 344 2643 1926 2709">
    <p class='ocr_par' dir='ltr' id='par_1_26' title="bbox 344 2643 1926 2709">
     <span class='ocr_line' id='line_1_26' title="bbox 344 2643 1926 2709; baseline -0.006 -1"><span class='ocrx_word' id='word_1_212' title='bbox 344 2653 538 2709; x_wconf 70' lang='lat' dir='ltr'><strong>mutuis</strong></span> <span class='ocrx_word' id='word_1_213' title='bbox 584 2652 795 2708; x_wconf 83' lang='lat' dir='ltr'><strong>fecisset</strong></span> <span class='ocrx_word' id='word_1_214' title='bbox 839 2651 1113 2707; x_wconf 84' lang='lat' dir='ltr'><strong>mulieres.</strong></span> <span class='ocrx_word' id='word_1_215' title='bbox 1163 2648 1312 2703; x_wconf 86' lang='lat' dir='ltr'><strong>Nunc</strong></span> <span class='ocrx_word' id='word_1_216' title='bbox 1353 2654 1527 2700; x_wconf 87' lang='lat' dir='ltr'><strong>autem</strong></span> <span class='ocrx_word' id='word_1_217' title='bbox 1566 2653 1622 2700; x_wconf 91' lang='lat' dir='ltr'><strong>et</strong></span> <span class='ocrx_word' id='word_1_218' title='bbox 1657 2660 1724 2700; x_wconf 81' lang='lat' dir='ltr'><strong>ex</strong></span> <span class='ocrx_word' id='word_1_219' title='bbox 1768 2643 1926 2699; x_wconf 90' lang='lat' dir='ltr'><strong>modo</strong></span> 
     </span>
    </p>
   </div>
   <div class='ocr_carea' id='block_1_27' title="bbox 340 2736 1927 2812">
    <p class='ocr_par' dir='ltr' id='par_1_27' title="bbox 340 2736 1927 2812">
     <span class='ocr_line' id='line_1_27' title="bbox 340 2736 1927 2812; baseline -0.009 -7"><span class='ocrx_word' id='word_1_220' title='bbox 340 2747 629 2805; x_wconf 77' lang='lat' dir='ltr'><strong>creationis</strong></span> <span class='ocrx_word' id='word_1_221' title='bbox 664 2755 718 2801; x_wconf 88' lang='lat' dir='ltr'><strong>et</strong></span> <span class='ocrx_word' id='word_1_222' title='bbox 758 2760 825 2801; x_wconf 80' lang='lat' dir='ltr'><strong>ex</strong></span> <span class='ocrx_word' id='word_1_223' title='bbox 867 2743 1036 2798; x_wconf 88' lang='lat' dir='ltr'><strong>forma</strong></span> <span class='ocrx_word' id='word_1_224' title='bbox 1073 2741 1202 2812; x_wconf 84' lang='lat' dir='ltr'><strong>legis</strong></span> <span class='ocrx_word' id='word_1_225' title='bbox 1239 2739 1506 2806; x_wconf 87' lang='lat' dir='ltr'><strong>ostendit,</strong></span> <span class='ocrx_word' id='word_1_226' title='bbox 1541 2753 1701 2793; x_wconf 90' lang='lat' dir='ltr'><strong>unum</strong></span> <span class='ocrx_word' id='word_1_227' title='bbox 1732 2736 1927 2792; x_wconf 86' lang='lat' dir='ltr'><strong>debere</strong></span> 
     </span>
    </p>
   </div>
   <div class='ocr_carea' id='block_1_28' title="bbox 342 2829 1926 2908">
    <p class='ocr_par' dir='ltr' id='par_1_28' title="bbox 342 2829 1926 2908">
     <span class='ocr_line' id='line_1_28' title="bbox 342 2829 1926 2908; baseline -0.008 -15"><span class='ocrx_word' id='word_1_228' title='bbox 342 2853 558 2908; x_wconf 87' lang='lat' dir='ltr'><strong>semper</strong></span> <span class='ocrx_word' id='word_1_229' title='bbox 583 2853 704 2890; x_wconf 86' lang='lat' dir='ltr'><strong>eum</strong></span> <span class='ocrx_word' id='word_1_230' title='bbox 746 2850 844 2890; x_wconf 88' lang='lat' dir='ltr'><strong>una</strong></span> <span class='ocrx_word' id='word_1_231' title='bbox 889 2834 1125 2888; x_wconf 86' lang='lat' dir='ltr'><strong>habitare</strong></span> <span class='ocrx_word' id='word_1_232' title='bbox 1149 2874 1162 2897; x_wconf 94' lang='lat'><strong>,</strong></span> <span class='ocrx_word' id='word_1_233' title='bbox 1195 2847 1366 2902; x_wconf 88' lang='lat' dir='ltr'><strong>neque</strong></span> <span class='ocrx_word' id='word_1_234' title='bbox 1395 2845 1642 2900; x_wconf 83' lang='lat' dir='ltr'><strong>umquam</strong></span> <span class='ocrx_word' id='word_1_235' title='bbox 1670 2829 1926 2900; x_wconf 88' lang='lat' dir='ltr'><strong>separari.</strong></span> 
     </span>
    </p>
   </div>
   <div class='ocr_carea' id='block_1_29' title="bbox 344 2919 1929 2998">
    <p class='ocr_par' dir='ltr' id='par_1_29' title="bbox 344 2919 1929 2998">
     <span class='ocr_line' id='line_1_29' title="bbox 344 2919 1929 2998; baseline -0.008 -15"><span class='ocrx_word' id='word_1_236' title='bbox 344 2929 411 2983; x_wconf 83' lang='lat' dir='ltr'><strong>Et</strong></span> <span class='ocrx_word' id='word_1_237' title='bbox 438 2927 557 2982; x_wconf 87' lang='lat' dir='ltr'><strong>vide</strong></span> <span class='ocrx_word' id='word_1_238' title='bbox 582 2925 849 2998; x_wconf 78' lang='lat' dir='ltr'><strong>quomodo</strong></span> <span class='ocrx_word' id='word_1_239' title='bbox 876 2924 1015 2980; x_wconf 86' lang='lat' dir='ltr'><strong>dicat</strong></span> <span class='ocrx_word' id='word_1_240' title='bbox 1043 2942 1057 2976; x_wconf 91' lang='lat'>:</span> <span class='ocrx_word' id='word_1_241' title='bbox 1091 2923 1189 2989; x_wconf 90' lang='lat' dir='ltr'><strong>Qui</strong></span> <span class='ocrx_word' id='word_1_242' title='bbox 1223 2923 1338 2991; x_wconf 87' lang='lat' dir='ltr'><strong>fecit</strong></span> <span class='ocrx_word' id='word_1_243' title='bbox 1367 2938 1400 2974; x_wconf 92' lang='lat' dir='ltr'><strong>a</strong></span> <span class='ocrx_word' id='word_1_244' title='bbox 1429 2919 1695 2991; x_wconf 86' lang='lat' dir='ltr'><strong>principio,</strong></span> <span class='ocrx_word' id='word_1_245' title='bbox 1728 2935 1929 2972; x_wconf 80' lang='lat' dir='ltr'><strong>mascu-</strong></span> 
     </span>
    </p>
   </div>
   <div class='ocr_carea' id='block_1_30' title="bbox 341 3006 1926 3087">
    <p class='ocr_par' dir='ltr' id='par_1_30' title="bbox 341 3006 1926 3087">
     <span class='ocr_line' id='line_1_30' title="bbox 341 3006 1926 3087; baseline -0.008 -16"><span class='ocrx_word' id='word_1_246' title='bbox 341 3021 449 3071; x_wconf 73' lang='lat' dir='ltr'><strong>lum</strong></span> <span class='ocrx_word' id='word_1_247' title='bbox 479 3027 526 3070; x_wconf 84' lang='lat' dir='ltr'><strong>et</strong></span> <span class='ocrx_word' id='word_1_248' title='bbox 551 3017 790 3087; x_wconf 77' lang='lat' dir='ltr'><strong>feminam</strong></span> <span class='ocrx_word' id='word_1_249' title='bbox 816 3015 932 3084; x_wconf 84' lang='lat' dir='ltr'><strong>fecit</strong></span> <span class='ocrx_word' id='word_1_250' title='bbox 960 3030 1040 3068; x_wconf 82' lang='lat' dir='ltr'><strong>eos</strong></span> <span class='ocrx_word' id='word_1_251' title='bbox 1057 3028 1076 3076; x_wconf 89' lang='lat'><strong>;</strong></span> <span class='ocrx_word' id='word_1_252' title='bbox 1106 3012 1206 3066; x_wconf 85' lang='lat' dir='ltr'><strong>hoc</strong></span> <span class='ocrx_word' id='word_1_253' title='bbox 1231 3021 1340 3074; x_wconf 50' lang='lat' dir='ltr'><strong>est,</strong></span> <span class='ocrx_word' id='word_1_254' title='bbox 1367 3027 1430 3066; x_wconf 77' lang='lat' dir='ltr'><strong>ex</strong></span> <span class='ocrx_word' id='word_1_255' title='bbox 1463 3025 1562 3064; x_wconf 86' lang='lat' dir='ltr'><strong>una</strong></span> <span class='ocrx_word' id='word_1_256' title='bbox 1596 3007 1774 3062; x_wconf 87' lang='lat' dir='ltr'><strong>radice</strong></span> <span class='ocrx_word' id='word_1_257' title='bbox 1805 3006 1926 3060; x_wconf 88' lang='lat' dir='ltr'><strong>facti</strong></span> 
     </span>
    </p>
   </div>
   <div class='ocr_carea' id='block_1_31' title="bbox 344 3099 1924 3174">
    <p class='ocr_par' dir='ltr' id='par_1_31' title="bbox 344 3099 1924 3174">
     <span class='ocr_line' id='line_1_31' title="bbox 344 3099 1924 3174; baseline -0.007 -11"><span class='ocrx_word' id='word_1_258' title='bbox 344 3115 500 3172; x_wconf 81' lang='lat' dir='ltr'><strong>sunt,</strong></span> <span class='ocrx_word' id='word_1_259' title='bbox 529 3116 584 3163; x_wconf 91' lang='lat' dir='ltr'><strong>et</strong></span> <span class='ocrx_word' id='word_1_260' title='bbox 623 3108 675 3162; x_wconf 89' lang='lat' dir='ltr'><strong>in</strong></span> <span class='ocrx_word' id='word_1_261' title='bbox 705 3120 867 3160; x_wconf 80' lang='lat' dir='ltr'><strong>unum</strong></span> <span class='ocrx_word' id='word_1_262' title='bbox 899 3120 1090 3174; x_wconf 90' lang='lat' dir='ltr'><strong>corpus</strong></span> <span class='ocrx_word' id='word_1_263' title='bbox 1131 3113 1512 3157; x_wconf 80' lang='lat' dir='ltr'><strong>convenerunt.</strong></span> <span class='ocrx_word' id='word_1_264' title='bbox 1556 3099 1721 3152; x_wconf 85' lang='lat' dir='ltr'><strong>Erunt</strong></span> <span class='ocrx_word' id='word_1_265' title='bbox 1747 3099 1924 3164; x_wconf 90' lang='lat' dir='ltr'><strong>enim,</strong></span> 
     </span>
    </p>
   </div>
   <div class='ocr_carea' id='block_1_32' title="bbox 343 3191 1926 3268">
    <p class='ocr_par' dir='ltr' id='par_1_32' title="bbox 343 3191 1926 3268">
     <span class='ocr_line' id='line_1_32' title="bbox 343 3191 1926 3268; baseline -0.007 -16"><span class='ocrx_word' id='word_1_266' title='bbox 343 3199 547 3268; x_wconf 83' lang='lat' dir='ltr'><strong>inquit,</strong></span> <span class='ocrx_word' id='word_1_267' title='bbox 576 3199 679 3251; x_wconf 83' lang='lat' dir='ltr'><strong>duo</strong></span> <span class='ocrx_word' id='word_1_268' title='bbox 703 3197 755 3250; x_wconf 85' lang='lat' dir='ltr'><strong>in</strong></span> <span class='ocrx_word' id='word_1_269' title='bbox 782 3211 933 3249; x_wconf 84' lang='lat' dir='ltr'><strong>carne</strong></span> <span class='ocrx_word' id='word_1_270' title='bbox 969 3212 1088 3248; x_wconf 89' lang='lat' dir='ltr'><strong>una.</strong></span> <span class='ocrx_word' id='word_1_271' title='bbox 1129 3193 1327 3247; x_wconf 86' lang='lat' dir='ltr'><strong>Deinde</strong></span> <span class='ocrx_word' id='word_1_272' title='bbox 1368 3191 1655 3246; x_wconf 88' lang='lat' dir='ltr'><strong>ostendens</strong></span> <span class='ocrx_word' id='word_1_273' title='bbox 1691 3199 1926 3244; x_wconf 87' lang='lat' dir='ltr'><strong>tremen-</strong></span> 
     </span>
    </p>
   </div>
   <div class='ocr_carea' id='block_1_33' title="bbox 339 3282 1927 3357">
    <p class='ocr_par' dir='ltr' id='par_1_33' title="bbox 339 3282 1927 3357">
     <span class='ocr_line' id='line_1_33' title="bbox 339 3282 1927 3357; baseline -0.01 -9"><span class='ocrx_word' id='word_1_274' title='bbox 339 3292 468 3348; x_wconf 85' lang='lat' dir='ltr'><strong>dum</strong></span> <span class='ocrx_word' id='word_1_275' title='bbox 498 3305 620 3346; x_wconf 82' lang='lat' dir='ltr'><strong>esse</strong></span> <span class='ocrx_word' id='word_1_276' title='bbox 652 3291 787 3345; x_wconf 85' lang='lat' dir='ltr'><strong>hanc</strong></span> <span class='ocrx_word' id='word_1_277' title='bbox 816 3289 981 3357; x_wconf 84' lang='lat' dir='ltr'><strong>legem</strong></span> <span class='ocrx_word' id='word_1_278' title='bbox 1013 3301 1284 3351; x_wconf 80' lang='lat' dir='ltr'><strong>accusare,</strong></span> <span class='ocrx_word' id='word_1_279' title='bbox 1315 3285 1588 3354; x_wconf 87' lang='lat' dir='ltr'><strong>ipsamque</strong></span> <span class='ocrx_word' id='word_1_280' title='bbox 1617 3282 1788 3354; x_wconf 82' lang='lat' dir='ltr'><strong>legem</strong></span> <span class='ocrx_word' id='word_1_281' title='bbox 1820 3289 1927 3334; x_wconf 87' lang='lat' dir='ltr'><strong>sta-</strong></span> 
     </span>
    </p>
   </div>
   <div class='ocr_carea' id='block_1_34' title="bbox 345 3372 1924 3446">
    <p class='ocr_par' dir='ltr' id='par_1_34' title="bbox 345 3372 1924 3446">
     <span class='ocr_line' id='line_1_34' title="bbox 345 3372 1924 3446; baseline -0.008 -10"><span class='ocrx_word' id='word_1_282' title='bbox 345 3393 519 3443; x_wconf 85' lang='lat' dir='ltr'><strong>tuens,</strong></span> <span class='ocrx_word' id='word_1_283' title='bbox 552 3396 658 3433; x_wconf 90' lang='lat' dir='ltr'><strong>non</strong></span> <span class='ocrx_word' id='word_1_284' title='bbox 687 3378 840 3439; x_wconf 73' lang='lat' dir='ltr'><strong>dixit.</strong></span> <span class='ocrx_word' id='word_1_285' title='bbox 870 3378 946 3432; x_wconf 88' lang='lat' dir='ltr'><strong>Ne</strong></span> <span class='ocrx_word' id='word_1_286' title='bbox 972 3377 1285 3446; x_wconf 85' lang='lat' dir='ltr'><strong>disjungatis</strong></span> <span class='ocrx_word' id='word_1_287' title='bbox 1317 3375 1492 3445; x_wconf 80' lang='lat' dir='ltr'><strong>igitur,</strong></span> <span class='ocrx_word' id='word_1_288' title='bbox 1527 3390 1593 3428; x_wconf 83' lang='lat' dir='ltr'><strong>ne</strong></span> <span class='ocrx_word' id='word_1_289' title='bbox 1623 3372 1880 3441; x_wconf 87' lang='lat' dir='ltr'><strong>separetis</strong></span> <span class='ocrx_word' id='word_1_290' title='bbox 1909 3386 1924 3424; x_wconf 89' lang='lat'><strong>:</strong></span> 
     </span>
    </p>
   </div>
   <div class='ocr_carea' id='block_1_35' title="bbox 341 3464 1926 3543">
    <p class='ocr_par' dir='ltr' id='par_1_35' title="bbox 341 3464 1926 3543">
     <span class='ocr_line' id='line_1_35' title="bbox 341 3464 1926 3543; baseline -0.004 -18"><span class='ocrx_word' id='word_1_291' title='bbox 341 3473 437 3527; x_wconf 87' lang='lat' dir='ltr'><strong>sed</strong></span> <span class='ocrx_word' id='word_1_292' title='bbox 469 3473 638 3543; x_wconf 85' lang='lat' dir='ltr'><strong>quid?</strong></span> <span class='ocrx_word' id='word_1_293' title='bbox 669 3471 815 3536; x_wconf 82' lang='lat' dir='ltr'><strong>Quod</strong></span> <span class='ocrx_word' id='word_1_294' title='bbox 843 3469 979 3524; x_wconf 81' lang='lat' dir='ltr'><strong>Deus</strong></span> <span class='ocrx_word' id='word_1_295' title='bbox 1012 3470 1293 3540; x_wconf 74' lang='lat' dir='ltr'><strong>conjunxit,</strong></span> <span class='ocrx_word' id='word_1_296' title='bbox 1323 3469 1471 3521; x_wconf 75' lang='lat' dir='ltr'><strong>homo</strong></span> <span class='ocrx_word' id='word_1_297' title='bbox 1501 3485 1600 3521; x_wconf 88' lang='lat' dir='ltr'><strong>non</strong></span> <span class='ocrx_word' id='word_1_298' title='bbox 1627 3475 1838 3536; x_wconf 85' lang='lat' dir='ltr'><strong>separet.</strong></span> <span class='ocrx_word' id='word_1_299' title='bbox 1869 3464 1926 3519; x_wconf 89' lang='lat' dir='ltr'><strong>Si</strong></span> 
     </span>
    </p>
   </div>
   <div class='ocr_carea' id='block_1_36' title="bbox 343 3559 1923 3638">
    <p class='ocr_par' dir='ltr' id='par_1_36' title="bbox 343 3559 1923 3638">
     <span class='ocr_line' id='line_1_36' title="bbox 343 3559 1923 3638; baseline -0.006 -18"><span class='ocrx_word' id='word_1_300' title='bbox 343 3565 582 3638; x_wconf 80' lang='lat' dir='ltr'><strong>Moysem</strong></span> <span class='ocrx_word' id='word_1_301' title='bbox 609 3578 865 3634; x_wconf 88' lang='lat' dir='ltr'><strong>opponas,</strong></span> <span class='ocrx_word' id='word_1_302' title='bbox 888 3578 987 3632; x_wconf 91' lang='lat' dir='ltr'><strong>ego</strong></span> <span class='ocrx_word' id='word_1_303' title='bbox 1009 3562 1098 3615; x_wconf 92' lang='lat' dir='ltr'><strong>tibi</strong></span> <span class='ocrx_word' id='word_1_304' title='bbox 1127 3561 1321 3632; x_wconf 83' lang='lat' dir='ltr'><strong>Moysis</strong></span> <span class='ocrx_word' id='word_1_305' title='bbox 1345 3561 1625 3614; x_wconf 91' lang='lat' dir='ltr'><strong>Dominum</strong></span> <span class='ocrx_word' id='word_1_306' title='bbox 1649 3559 1864 3612; x_wconf 81' lang='lat' dir='ltr'><strong>afferam</strong></span> <span class='ocrx_word' id='word_1_307' title='bbox 1885 3559 1923 3624; x_wconf 81' lang='grc' dir='ltr'><strong>ί,</strong></span> 
     </span>
    </p>
   </div>
   <div class='ocr_carea' id='block_1_37' title="bbox 343 3649 1926 3727">
    <p class='ocr_par' dir='ltr' id='par_1_37' title="bbox 343 3649 1926 3727">
     <span class='ocr_line' id='line_1_37' title="bbox 343 3649 1926 3727; baseline -0.004 -17"><span class='ocrx_word' id='word_1_308' title='bbox 343 3658 580 3727; x_wconf 89' lang='lat' dir='ltr'><strong>itemque</strong></span> <span class='ocrx_word' id='word_1_309' title='bbox 609 3671 640 3710; x_wconf 89' lang='lat' dir='ltr'><strong>a</strong></span> <span class='ocrx_word' id='word_1_310' title='bbox 673 3665 907 3725; x_wconf 90' lang='lat' dir='ltr'><strong>tempore</strong></span> <span class='ocrx_word' id='word_1_311' title='bbox 947 3653 1189 3706; x_wconf 86' lang='lat' dir='ltr'><strong>firmabo.</strong></span> <span class='ocrx_word' id='word_1_312' title='bbox 1233 3651 1367 3705; x_wconf 88' lang='lat' dir='ltr'><strong>Nam</strong></span> <span class='ocrx_word' id='word_1_313' title='bbox 1415 3651 1557 3704; x_wconf 88' lang='lat' dir='ltr'><strong>Deus</strong></span> <span class='ocrx_word' id='word_1_314' title='bbox 1596 3666 1624 3702; x_wconf 85' lang='lat' dir='ltr'><strong>a</strong></span> <span class='ocrx_word' id='word_1_315' title='bbox 1671 3649 1926 3719; x_wconf 89' lang='lat' dir='ltr'><strong>principio</strong></span> 
     </span>
    </p>
   </div>
   <div class='ocr_carea' id='block_1_38' title="bbox 343 3743 1926 3814">
    <p class='ocr_par' dir='ltr' id='par_1_38' title="bbox 343 3743 1926 3814">
     <span class='ocr_line' id='line_1_38' title="bbox 343 3743 1926 3814; baseline -0.006 -10"><span class='ocrx_word' id='word_1_316' title='bbox 343 3750 641 3804; x_wconf 84' lang='lat' dir='ltr'><strong>masculum</strong></span> <span class='ocrx_word' id='word_1_317' title='bbox 667 3758 719 3802; x_wconf 90' lang='lat' dir='ltr'><strong>et</strong></span> <span class='ocrx_word' id='word_1_318' title='bbox 749 3747 996 3802; x_wconf 87' lang='lat' dir='ltr'><strong>feminam</strong></span> <span class='ocrx_word' id='word_1_319' title='bbox 1027 3747 1147 3800; x_wconf 89' lang='lat' dir='ltr'><strong>fecit</strong></span> <span class='ocrx_word' id='word_1_320' title='bbox 1173 3760 1266 3799; x_wconf 91' lang='lat' dir='ltr'><strong>eos</strong></span> <span class='ocrx_word' id='word_1_321' title='bbox 1297 3743 1462 3814; x_wconf 83' lang='lat' dir='ltr'><strong>(Gen.</strong></span> <span class='ocrx_word' id='word_1_322' title='bbox 1494 3745 1543 3798; x_wconf 85' lang='lat' dir='ltr'><strong>I.</strong></span> <span class='ocrx_word' id='word_1_323' title='bbox 1569 3743 1636 3796; x_wconf 73' lang='grc'>27</span> <span class='ocrx_word' id='word_1_324' title='bbox 1658 3745 1675 3812; x_wconf 90' lang='grc'>)</span> <span class='ocrx_word' id='word_1_325' title='bbox 1701 3761 1712 3795; x_wconf 91' lang='lat'>:</span> <span class='ocrx_word' id='word_1_326' title='bbox 1743 3759 1804 3796; x_wconf 88' lang='lat' dir='ltr'><strong>ac</strong></span> <span class='ocrx_word' id='word_1_327' title='bbox 1834 3757 1926 3795; x_wconf 83' lang='lat' dir='ltr'><strong>ve-</strong></span> 
     </span>
    </p>
   </div>
   <div class='ocr_carea' id='block_1_39' title="bbox 343 3834 1924 3903">
    <p class='ocr_par' dir='ltr' id='par_1_39' title="bbox 343 3834 1924 3903">
     <span class='ocr_line' id='line_1_39' title="bbox 343 3834 1924 3903; baseline -0.005 -9"><span class='ocrx_word' id='word_1_328' title='bbox 343 3842 636 3897; x_wconf 87' lang='lat' dir='ltr'><strong>tustissima</strong></span> <span class='ocrx_word' id='word_1_329' title='bbox 669 3839 749 3893; x_wconf 75' lang='lat' dir='ltr'><strong>lex</strong></span> <span class='ocrx_word' id='word_1_330' title='bbox 783 3847 864 3892; x_wconf 86' lang='lat' dir='ltr'><strong>est</strong></span> <span class='ocrx_word' id='word_1_331' title='bbox 885 3881 900 3903; x_wconf 95' lang='lat'><strong>,</strong></span> <span class='ocrx_word' id='word_1_332' title='bbox 935 3838 1055 3892; x_wconf 88' lang='lat' dir='ltr'><strong>licet</strong></span> <span class='ocrx_word' id='word_1_333' title='bbox 1091 3836 1330 3890; x_wconf 81' lang='lat' dir='ltr'><strong>videatur</strong></span> <span class='ocrx_word' id='word_1_334' title='bbox 1359 3849 1499 3888; x_wconf 92' lang='lat' dir='ltr'><strong>nunc</strong></span> <span class='ocrx_word' id='word_1_335' title='bbox 1523 3850 1552 3889; x_wconf 89' lang='lat' dir='ltr'><strong>a</strong></span> <span class='ocrx_word' id='word_1_336' title='bbox 1581 3848 1668 3889; x_wconf 87' lang='lat' dir='ltr'><strong>me</strong></span> <span class='ocrx_word' id='word_1_337' title='bbox 1700 3834 1924 3902; x_wconf 89' lang='lat' dir='ltr'><strong>primum</strong></span> 
     </span>
    </p>
   </div>
   <div class='ocr_carea' id='block_1_40' title="bbox 343 3926 1928 3995">
    <p class='ocr_par' dir='ltr' id='par_1_40' title="bbox 343 3926 1928 3995">
     <span class='ocr_line' id='line_1_40' title="bbox 343 3926 1928 3995; baseline -0.005 -11"><span class='ocrx_word' id='word_1_338' title='bbox 343 3929 546 3994; x_wconf 85' lang='lat' dir='ltr'><strong>induci,</strong></span> <span class='ocrx_word' id='word_1_339' title='bbox 570 3939 627 3982; x_wconf 89' lang='lat' dir='ltr'><strong>et</strong></span> <span class='ocrx_word' id='word_1_340' title='bbox 651 3928 1043 3982; x_wconf 82' lang='lat' dir='ltr'><strong>accuratissime</strong></span> <span class='ocrx_word' id='word_1_341' title='bbox 1067 3936 1260 3981; x_wconf 87' lang='lat' dir='ltr'><strong>statuta</strong></span> <span class='ocrx_word' id='word_1_342' title='bbox 1291 3926 1403 3980; x_wconf 89' lang='lat' dir='ltr'><strong>fuit.</strong></span> <span class='ocrx_word' id='word_1_343' title='bbox 1430 3926 1612 3995; x_wconf 86' lang='lat' dir='ltr'><strong>Neque</strong></span> <span class='ocrx_word' id='word_1_344' title='bbox 1637 3926 1776 3978; x_wconf 89' lang='lat' dir='ltr'><strong>enim</strong></span> <span class='ocrx_word' id='word_1_345' title='bbox 1801 3926 1928 3977; x_wconf 88' lang='lat' dir='ltr'><strong>sim-</strong></span> 
     </span>
    </p>
   </div>
   <div class='ocr_carea' id='block_1_41' title="bbox 343 4015 1928 4093">
    <p class='ocr_par' dir='ltr' id='par_1_41' title="bbox 343 4015 1928 4093">
     <span class='ocr_line' id='line_1_41' title="bbox 343 4015 1928 4093; baseline -0.005 -19"><span class='ocrx_word' id='word_1_346' title='bbox 343 4021 560 4093; x_wconf 86' lang='lat' dir='ltr'><strong>pliciter</strong></span> <span class='ocrx_word' id='word_1_347' title='bbox 585 4021 864 4074; x_wconf 86' lang='lat' dir='ltr'><strong>mulierem</strong></span> <span class='ocrx_word' id='word_1_348' title='bbox 893 4019 956 4072; x_wconf 88' lang='lat' dir='ltr'><strong>ad</strong></span> <span class='ocrx_word' id='word_1_349' title='bbox 991 4021 1155 4070; x_wconf 83' lang='lat' dir='ltr'><strong>virum</strong></span> <span class='ocrx_word' id='word_1_350' title='bbox 1179 4016 1420 4080; x_wconf 77' lang='lat' dir='ltr'><strong>adduxit,</strong></span> <span class='ocrx_word' id='word_1_351' title='bbox 1444 4016 1537 4070; x_wconf 91' lang='lat' dir='ltr'><strong>sed</strong></span> <span class='ocrx_word' id='word_1_352' title='bbox 1564 4015 1721 4084; x_wconf 87' lang='lat' dir='ltr'><strong>jussit</strong></span> <span class='ocrx_word' id='word_1_353' title='bbox 1743 4025 1797 4069; x_wconf 91' lang='lat' dir='ltr'><strong>et</strong></span> <span class='ocrx_word' id='word_1_354' title='bbox 1818 4031 1928 4067; x_wconf 86' lang='lat' dir='ltr'><strong>ma-</strong></span> 
     </span>
    </p>
   </div>
   <div class='ocr_carea' id='block_1_42' title="bbox 343 4108 1931 4184">
    <p class='ocr_par' dir='ltr' id='par_1_42' title="bbox 343 4108 1931 4184">
     <span class='ocr_line' id='line_1_42' title="bbox 343 4108 1931 4184; baseline -0.004 -17"><span class='ocrx_word' id='word_1_355' title='bbox 343 4123 485 4168; x_wconf 85' lang='lat' dir='ltr'><strong>trem</strong></span> <span class='ocrx_word' id='word_1_356' title='bbox 516 4122 572 4169; x_wconf 88' lang='lat' dir='ltr'><strong>et</strong></span> <span class='ocrx_word' id='word_1_357' title='bbox 600 4120 804 4184; x_wconf 85' lang='lat' dir='ltr'><strong>patrem</strong></span> <span class='ocrx_word' id='word_1_358' title='bbox 849 4111 1166 4180; x_wconf 59' lang='lat' dir='ltr'><strong>relinquere.</strong></span> <span class='ocrx_word' id='word_1_359' title='bbox 1212 4110 1395 4178; x_wconf 87' lang='lat' dir='ltr'><strong>Neque</strong></span> <span class='ocrx_word' id='word_1_360' title='bbox 1424 4108 1487 4162; x_wconf 90' lang='lat' dir='ltr'><strong>ad</strong></span> <span class='ocrx_word' id='word_1_361' title='bbox 1521 4108 1796 4162; x_wconf 90' lang='lat' dir='ltr'><strong>mulierem</strong></span> <span class='ocrx_word' id='word_1_362' title='bbox 1828 4123 1931 4160; x_wconf 88' lang='lat' dir='ltr'><strong>ac—</strong></span> 
     </span>
    </p>
   </div>
   <div class='ocr_carea' id='block_1_43' title="bbox 341 4198 1931 4273">
    <p class='ocr_par' dir='ltr' id='par_1_43' title="bbox 341 4198 1931 4273">
     <span class='ocr_line' id='line_1_43' title="bbox 341 4198 1931 4273; baseline -0.006 -13"><span class='ocrx_word' id='word_1_363' title='bbox 341 4204 543 4260; x_wconf 86' lang='lat' dir='ltr'><strong>cedere</strong></span> <span class='ocrx_word' id='word_1_364' title='bbox 570 4213 775 4258; x_wconf 87' lang='lat' dir='ltr'><strong>tantum</strong></span> <span class='ocrx_word' id='word_1_365' title='bbox 801 4202 990 4273; x_wconf 82' lang='lat' dir='ltr'><strong>jussit,</strong></span> <span class='ocrx_word' id='word_1_366' title='bbox 1017 4203 1108 4256; x_wconf 89' lang='lat' dir='ltr'><strong>sed</strong></span> <span class='ocrx_word' id='word_1_367' title='bbox 1139 4211 1192 4256; x_wconf 89' lang='lat' dir='ltr'><strong>et</strong></span> <span class='ocrx_word' id='word_1_368' title='bbox 1231 4202 1304 4255; x_wconf 90' lang='lat' dir='ltr'><strong>illi</strong></span> <span class='ocrx_word' id='word_1_369' title='bbox 1339 4200 1611 4254; x_wconf 72' lang='lat' dir='ltr'><strong>adhrerere</strong></span> <span class='ocrx_word' id='word_1_370' title='bbox 1634 4240 1650 4265; x_wconf 87' lang='lat'><strong>,</strong></span> <span class='ocrx_word' id='word_1_371' title='bbox 1678 4215 1744 4254; x_wconf 79' lang='lat' dir='ltr'><strong>ex</strong></span> <span class='ocrx_word' id='word_1_372' title='bbox 1771 4198 1931 4252; x_wconf 86' lang='lat' dir='ltr'><strong>modo</strong></span> 
     </span>
    </p>
   </div>
   <div class='ocr_carea' id='block_1_44' title="bbox 341 4289 1931 4364">
    <p class='ocr_par' dir='ltr' id='par_1_44' title="bbox 341 4289 1931 4364">
     <span class='ocr_line' id='line_1_44' title="bbox 341 4289 1931 4364; baseline -0.006 -13"><span class='ocrx_word' id='word_1_373' title='bbox 341 4295 559 4352; x_wconf 85' lang='lat' dir='ltr'><strong>dicendi</strong></span> <span class='ocrx_word' id='word_1_374' title='bbox 584 4295 816 4364; x_wconf 88' lang='lat' dir='ltr'><strong>disjungi</strong></span> <span class='ocrx_word' id='word_1_375' title='bbox 861 4309 966 4348; x_wconf 93' lang='lat' dir='ltr'><strong>non</strong></span> <span class='ocrx_word' id='word_1_376' title='bbox 1005 4309 1161 4364; x_wconf 82' lang='lat' dir='ltr'><strong>posse</strong></span> <span class='ocrx_word' id='word_1_377' title='bbox 1191 4293 1488 4346; x_wconf 88' lang='lat' dir='ltr'><strong>declarans.</strong></span> <span class='ocrx_word' id='word_1_378' title='bbox 1517 4291 1698 4361; x_wconf 86' lang='lat' dir='ltr'><strong>Neque</strong></span> <span class='ocrx_word' id='word_1_379' title='bbox 1726 4289 1775 4346; x_wconf 92' lang='lat' dir='ltr'><strong>id</strong></span> <span class='ocrx_word' id='word_1_380' title='bbox 1804 4290 1931 4344; x_wconf 85' lang='lat' dir='ltr'><strong>satis</strong></span> 
     </span>
    </p>
   </div>
   <div class='ocr_carea' id='block_1_45' title="bbox 344 4380 1929 4452">
    <p class='ocr_par' dir='ltr' id='par_1_45' title="bbox 344 4380 1929 4452">
     <span class='ocr_line' id='line_1_45' title="bbox 344 4380 1929 4452; baseline -0.005 -11"><span class='ocrx_word' id='word_1_381' title='bbox 344 4387 532 4442; x_wconf 79' lang='lat' dir='ltr'><strong>habuit</strong></span> <span class='ocrx_word' id='word_1_382' title='bbox 551 4427 566 4451; x_wconf 92' lang='lat'><strong>,</strong></span> <span class='ocrx_word' id='word_1_383' title='bbox 596 4385 690 4441; x_wconf 85' lang='lat' dir='ltr'><strong>sed</strong></span> <span class='ocrx_word' id='word_1_384' title='bbox 720 4395 774 4440; x_wconf 86' lang='lat' dir='ltr'><strong>et</strong></span> <span class='ocrx_word' id='word_1_385' title='bbox 801 4386 959 4438; x_wconf 89' lang='lat' dir='ltr'><strong>aliam</strong></span> <span class='ocrx_word' id='word_1_386' title='bbox 997 4384 1249 4452; x_wconf 78' lang='lat' dir='ltr'><strong>majorem</strong></span> <span class='ocrx_word' id='word_1_387' title='bbox 1280 4383 1710 4450; x_wconf 71' lang='lat' dir='ltr'><strong>coniunctionem</strong></span> <span class='ocrx_word' id='word_1_388' title='bbox 1743 4380 1929 4449; x_wconf 73' lang='lat' dir='ltr'><strong>exqui-</strong></span> 
     </span>
    </p>
   </div>
   <div class='ocr_carea' id='block_1_46' title="bbox 345 4475 1442 4545">
    <p class='ocr_par' dir='ltr' id='par_1_46' title="bbox 345 4475 1442 4545">
     <span class='ocr_line' id='line_1_46' title="bbox 345 4475 1442 4545; baseline -0.007 -11"><span class='ocrx_word' id='word_1_389' title='bbox 345 4481 472 4534; x_wconf 82' lang='lat' dir='ltr'><strong>sivit</strong></span> <span class='ocrx_word' id='word_1_390' title='bbox 495 4497 510 4534; x_wconf 89' lang='lat'><strong>:</strong></span> <span class='ocrx_word' id='word_1_391' title='bbox 540 4477 704 4532; x_wconf 80' lang='lat' dir='ltr'><strong>Erunt</strong></span> <span class='ocrx_word' id='word_1_392' title='bbox 730 4477 830 4530; x_wconf 88' lang='lat' dir='ltr'><strong>duo</strong></span> <span class='ocrx_word' id='word_1_393' title='bbox 857 4479 908 4530; x_wconf 88' lang='lat' dir='ltr'><strong>in</strong></span> <span class='ocrx_word' id='word_1_394' title='bbox 933 4493 1082 4529; x_wconf 86' lang='lat' dir='ltr'><strong>carne</strong></span> <span class='ocrx_word' id='word_1_395' title='bbox 1108 4493 1225 4533; x_wconf 81' lang='lat' dir='ltr'><strong>una.</strong></span> <span class='ocrx_word' id='word_1_396' title='bbox 1257 4475 1442 4545; x_wconf 89' lang='lat' dir='ltr'><strong>inquit.</strong></span> 
     </span>
    </p>
   </div>
   <div class='ocr_carea' id='block_1_47' title="bbox 421 4565 1936 4639">
    <p class='ocr_par' dir='ltr' id='par_1_47' title="bbox 421 4565 1936 4639">
     <span class='ocr_line' id='line_1_47' title="bbox 421 4565 1936 4639; baseline -0.005 -15"><span class='ocrx_word' id='word_1_397' title='bbox 421 4570 472 4624; x_wconf 78' lang='lat'><strong>9..</strong></span> <span class='ocrx_word' id='word_1_398' title='bbox 512 4568 714 4623; x_wconf 86' lang='lat' dir='ltr'><strong>Deinde</strong></span> <span class='ocrx_word' id='word_1_399' title='bbox 756 4569 925 4639; x_wconf 86' lang='lat' dir='ltr'><strong>prisca</strong></span> <span class='ocrx_word' id='word_1_400' title='bbox 969 4568 1183 4621; x_wconf 78' lang='lat' dir='ltr'><strong>recitata</strong></span> <span class='ocrx_word' id='word_1_401' title='bbox 1226 4568 1338 4636; x_wconf 73' lang='lat' dir='ltr'><strong>lege</strong></span> <span class='ocrx_word' id='word_1_402' title='bbox 1363 4607 1377 4628; x_wconf 92' lang='lat'><strong>,</strong></span> <span class='ocrx_word' id='word_1_403' title='bbox 1409 4581 1526 4635; x_wconf 63' lang='lat' dir='ltr'><strong>qum</strong></span> <span class='ocrx_word' id='word_1_404' title='bbox 1557 4573 1610 4620; x_wconf 88' lang='lat' dir='ltr'><strong>et</strong></span> <span class='ocrx_word' id='word_1_405' title='bbox 1647 4565 1807 4619; x_wconf 89' lang='lat' dir='ltr'><strong>rebus</strong></span> <span class='ocrx_word' id='word_1_406' title='bbox 1828 4565 1847 4594; x_wconf 84' lang='grc'>²</span> <span class='ocrx_word' id='word_1_407' title='bbox 1881 4571 1936 4617; x_wconf 91' lang='lat' dir='ltr'><strong>ct</strong></span> 
     </span>
    </p>
   </div>
   <div class='ocr_carea' id='block_1_48' title="bbox 347 4655 1933 4730">
    <p class='ocr_par' dir='ltr' id='par_1_48' title="bbox 347 4655 1933 4730">
     <span class='ocr_line' id='line_1_48' title="bbox 347 4655 1933 4730; baseline -0.006 -15"><span class='ocrx_word' id='word_1_408' title='bbox 347 4663 528 4718; x_wconf 80' lang='lat' dir='ltr'><strong>verbis</strong></span> <span class='ocrx_word' id='word_1_409' title='bbox 566 4660 775 4716; x_wconf 89' lang='lat' dir='ltr'><strong>inducta</strong></span> <span class='ocrx_word' id='word_1_410' title='bbox 811 4658 944 4724; x_wconf 87' lang='lat' dir='ltr'><strong>fuit,</strong></span> <span class='ocrx_word' id='word_1_411' title='bbox 977 4667 1257 4730; x_wconf 81' lang='lat' dir='ltr'><strong>postquam</strong></span> <span class='ocrx_word' id='word_1_412' title='bbox 1297 4657 1439 4710; x_wconf 86' lang='lat' dir='ltr'><strong>illam</strong></span> <span class='ocrx_word' id='word_1_413' title='bbox 1488 4656 1592 4710; x_wconf 87' lang='lat' dir='ltr'><strong>fide</strong></span> <span class='ocrx_word' id='word_1_414' title='bbox 1627 4655 1839 4725; x_wconf 81' lang='lat' dir='ltr'><strong>dignam</strong></span> <span class='ocrx_word' id='word_1_415' title='bbox 1870 4669 1933 4707; x_wconf 78' lang='lat' dir='ltr'><strong>ex</strong></span> 
     </span>
    </p>
   </div>
   <div class='ocr_carea' id='block_1_49' title="bbox 349 4745 1934 4826">
    <p class='ocr_par' dir='ltr' id='par_1_49' title="bbox 349 4745 1934 4826">
     <span class='ocr_line' id='line_1_49' title="bbox 349 4745 1934 4826; baseline -0.009 -16"><span class='ocrx_word' id='word_1_416' title='bbox 349 4755 683 4826; x_wconf 78' lang='lat' dir='ltr'><strong>Legislatore</strong></span> <span class='ocrx_word' id='word_1_417' title='bbox 712 4752 1126 4812; x_wconf 86' lang='lat' dir='ltr'><strong>demonstravit,</strong></span> <span class='ocrx_word' id='word_1_418' title='bbox 1159 4765 1279 4802; x_wconf 90' lang='lat' dir='ltr'><strong>cum</strong></span> <span class='ocrx_word' id='word_1_419' title='bbox 1307 4756 1569 4817; x_wconf 88' lang='lat' dir='ltr'><strong>potestate</strong></span> <span class='ocrx_word' id='word_1_420' title='bbox 1599 4745 1744 4800; x_wconf 90' lang='lat' dir='ltr'><strong>illam</strong></span> <span class='ocrx_word' id='word_1_421' title='bbox 1769 4745 1934 4798; x_wconf 82' lang='lat' dir='ltr'><strong>inter-</strong></span> 
     </span>
    </p>
   </div>
   <div class='ocr_carea' id='block_1_50' title="bbox 351 4837 1936 4916">
    <p class='ocr_par' dir='ltr' id='par_1_50' title="bbox 351 4837 1936 4916">
     <span class='ocr_line' id='line_1_50' title="bbox 351 4837 1936 4916; baseline -0.005 -20"><span class='ocrx_word' id='word_1_422' title='bbox 351 4855 610 4916; x_wconf 78' lang='lat' dir='ltr'><strong>pretatur,</strong></span> <span class='ocrx_word' id='word_1_423' title='bbox 637 4853 693 4898; x_wconf 88' lang='lat' dir='ltr'><strong>et</strong></span> <span class='ocrx_word' id='word_1_424' title='bbox 719 4843 888 4913; x_wconf 81' lang='lat' dir='ltr'><strong>legem</strong></span> <span class='ocrx_word' id='word_1_425' title='bbox 920 4841 1087 4895; x_wconf 92' lang='lat' dir='ltr'><strong>sancit</strong></span> <span class='ocrx_word' id='word_1_426' title='bbox 1113 4841 1294 4894; x_wconf 71' lang='lat' dir='ltr'><strong>dicens</strong></span> <span class='ocrx_word' id='word_1_427' title='bbox 1321 4858 1332 4892; x_wconf 90' lang='lat'>:</span> <span class='ocrx_word' id='word_1_428' title='bbox 1361 4839 1679 4908; x_wconf 84' lang='lat' dir='ltr'><strong>Quapropter</strong></span> <span class='ocrx_word' id='word_1_429' title='bbox 1698 4837 1811 4906; x_wconf 81' lang='lat' dir='ltr'><strong>jam</strong></span> <span class='ocrx_word' id='word_1_430' title='bbox 1837 4851 1936 4888; x_wconf 86' lang='lat' dir='ltr'><strong>non</strong></span> 
     </span>
    </p>
   </div>
   <div class='ocr_carea' id='block_1_51' title="bbox 347 4930 1938 5002">
    <p class='ocr_par' dir='ltr' id='par_1_51' title="bbox 347 4930 1938 5002">
     <span class='ocr_line' id='line_1_51' title="bbox 347 4930 1938 5002; baseline -0.009 -10"><span class='ocrx_word' id='word_1_431' title='bbox 347 4948 466 4992; x_wconf 84' lang='lat' dir='ltr'><strong>sunt</strong></span> <span class='ocrx_word' id='word_1_432' title='bbox 491 4936 617 5002; x_wconf 88' lang='lat' dir='ltr'><strong>duo,</strong></span> <span class='ocrx_word' id='word_1_433' title='bbox 643 4937 730 4990; x_wconf 86' lang='lat' dir='ltr'><strong>sed</strong></span> <span class='ocrx_word' id='word_1_434' title='bbox 760 4951 862 4987; x_wconf 87' lang='lat' dir='ltr'><strong>una</strong></span> <span class='ocrx_word' id='word_1_435' title='bbox 888 4949 1026 4986; x_wconf 88' lang='lat' dir='ltr'><strong>caro.</strong></span> <span class='ocrx_word' id='word_1_436' title='bbox 1055 4930 1201 4986; x_wconf 85' lang='lat' dir='ltr'><strong>Sicut</strong></span> <span class='ocrx_word' id='word_1_437' title='bbox 1228 4945 1353 4998; x_wconf 76' lang='lat' dir='ltr'><strong>ergo</strong></span> <span class='ocrx_word' id='word_1_438' title='bbox 1379 4943 1592 4983; x_wconf 85' lang='lat' dir='ltr'><strong>carnem</strong></span> <span class='ocrx_word' id='word_1_439' title='bbox 1617 4942 1796 4982; x_wconf 89' lang='lat' dir='ltr'><strong>secare</strong></span> <span class='ocrx_word' id='word_1_440' title='bbox 1824 4941 1938 4979; x_wconf 83' lang='lat' dir='ltr'><strong>see-</strong></span> 
     </span>
    </p>
   </div>
   <div class='ocr_carea' id='block_1_52' title="bbox 351 5016 1938 5090">
    <p class='ocr_par' dir='ltr' id='par_1_52' title="bbox 351 5016 1938 5090">
     <span class='ocr_line' id='line_1_52' title="bbox 351 5016 1938 5090; baseline -0.008 -8"><span class='ocrx_word' id='word_1_441' title='bbox 351 5028 548 5083; x_wconf 77' lang='lat' dir='ltr'><strong>Icstum</strong></span> <span class='ocrx_word' id='word_1_442' title='bbox 577 5036 694 5090; x_wconf 89' lang='lat' dir='ltr'><strong>est,</strong></span> <span class='ocrx_word' id='word_1_443' title='bbox 720 5026 792 5079; x_wconf 90' lang='lat' dir='ltr'><strong>ita</strong></span> <span class='ocrx_word' id='word_1_444' title='bbox 831 5035 884 5079; x_wconf 90' lang='lat' dir='ltr'><strong>et</strong></span> <span class='ocrx_word' id='word_1_445' title='bbox 924 5038 1143 5076; x_wconf 79' lang='lat' dir='ltr'><strong>uxorem</strong></span> <span class='ocrx_word' id='word_1_446' title='bbox 1183 5021 1434 5074; x_wconf 87' lang='lat' dir='ltr'><strong>dirimere</strong></span> <span class='ocrx_word' id='word_1_447' title='bbox 1475 5018 1730 5086; x_wconf 90' lang='lat' dir='ltr'><strong>iniquum.</strong></span> <span class='ocrx_word' id='word_1_448' title='bbox 1757 5016 1938 5086; x_wconf 83' lang='lat' dir='ltr'><strong>Neque</strong></span> 
     </span>
    </p>
   </div>
   <div class='ocr_carea' id='block_1_53' title="bbox 353 5109 1938 5184">
    <p class='ocr_par' dir='ltr' id='par_1_53' title="bbox 353 5109 1938 5184">
     <span class='ocr_line' id='line_1_53' title="bbox 353 5109 1938 5184; baseline -0.008 -10"><span class='ocrx_word' id='word_1_449' title='bbox 353 5120 441 5175; x_wconf 84' lang='lat' dir='ltr'><strong>hic</strong></span> <span class='ocrx_word' id='word_1_450' title='bbox 466 5118 635 5180; x_wconf 82' lang='lat' dir='ltr'><strong>stetit,</strong></span> <span class='ocrx_word' id='word_1_451' title='bbox 661 5116 756 5170; x_wconf 89' lang='lat' dir='ltr'><strong>sed</strong></span> <span class='ocrx_word' id='word_1_452' title='bbox 785 5116 949 5170; x_wconf 89' lang='lat' dir='ltr'><strong>Deum</strong></span> <span class='ocrx_word' id='word_1_453' title='bbox 977 5128 1186 5184; x_wconf 89' lang='lat' dir='ltr'><strong>quoque</strong></span> <span class='ocrx_word' id='word_1_454' title='bbox 1209 5112 1386 5166; x_wconf 88' lang='lat' dir='ltr'><strong>attulit</strong></span> <span class='ocrx_word' id='word_1_455' title='bbox 1408 5110 1589 5165; x_wconf 91' lang='lat' dir='ltr'><strong>dicens</strong></span> <span class='ocrx_word' id='word_1_456' title='bbox 1615 5128 1627 5162; x_wconf 90' lang='lat'>:</span> <span class='ocrx_word' id='word_1_457' title='bbox 1657 5109 1804 5177; x_wconf 85' lang='lat' dir='ltr'><strong>Quod</strong></span> <span class='ocrx_word' id='word_1_458' title='bbox 1822 5126 1938 5179; x_wconf 79' lang='lat' dir='ltr'><strong>ergo</strong></span> 
     </span>
    </p>
   </div>
   <div class='ocr_carea' id='block_1_54' title="bbox 355 5201 1939 5277">
    <p class='ocr_par' dir='ltr' id='par_1_54' title="bbox 355 5201 1939 5277">
     <span class='ocr_line' id='line_1_54' title="bbox 355 5201 1939 5277; baseline -0.006 -15"><span class='ocrx_word' id='word_1_459' title='bbox 355 5211 492 5264; x_wconf 83' lang='lat' dir='ltr'><strong>Deus</strong></span> <span class='ocrx_word' id='word_1_460' title='bbox 520 5208 814 5277; x_wconf 73' lang='lat' dir='ltr'><strong>conjunxit,</strong></span> <span class='ocrx_word' id='word_1_461' title='bbox 844 5207 992 5260; x_wconf 78' lang='lat' dir='ltr'><strong>homo</strong></span> <span class='ocrx_word' id='word_1_462' title='bbox 1022 5221 1120 5258; x_wconf 87' lang='lat' dir='ltr'><strong>non</strong></span> <span class='ocrx_word' id='word_1_463' title='bbox 1147 5211 1382 5273; x_wconf 84' lang='lat' dir='ltr'><strong>separet;</strong></span> <span class='ocrx_word' id='word_1_464' title='bbox 1412 5201 1700 5255; x_wconf 78' lang='lat' dir='ltr'><strong>Ostendens</strong></span> <span class='ocrx_word' id='word_1_465' title='bbox 1731 5201 1856 5254; x_wconf 90' lang='lat' dir='ltr'><strong>illud</strong></span> <span class='ocrx_word' id='word_1_466' title='bbox 1886 5211 1939 5254; x_wconf 87' lang='lat' dir='ltr'><strong>et</strong></span> 
     </span>
    </p>
   </div>
   <div class='ocr_carea' id='block_1_55' title="bbox 352 5294 1936 5362">
    <p class='ocr_par' dir='ltr' id='par_1_55' title="bbox 352 5294 1936 5362">
     <span class='ocr_line' id='line_1_55' title="bbox 352 5294 1936 5362; baseline -0.009 -7"><span class='ocrx_word' id='word_1_467' title='bbox 352 5311 540 5355; x_wconf 88' lang='lat' dir='ltr'><strong>contra</strong></span> <span class='ocrx_word' id='word_1_468' title='bbox 588 5307 828 5352; x_wconf 88' lang='lat' dir='ltr'><strong>naturam</strong></span> <span class='ocrx_word' id='word_1_469' title='bbox 870 5304 924 5350; x_wconf 92' lang='lat' dir='ltr'><strong>et</strong></span> <span class='ocrx_word' id='word_1_470' title='bbox 962 5305 1145 5349; x_wconf 89' lang='lat' dir='ltr'><strong>contra</strong></span> <span class='ocrx_word' id='word_1_471' title='bbox 1186 5294 1354 5362; x_wconf 87' lang='lat' dir='ltr'><strong>legem</strong></span> <span class='ocrx_word' id='word_1_472' title='bbox 1384 5307 1504 5346; x_wconf 87' lang='lat' dir='ltr'><strong>esse</strong></span> <span class='ocrx_word' id='word_1_473' title='bbox 1533 5308 1545 5343; x_wconf 92' lang='lat'>:</span> <span class='ocrx_word' id='word_1_474' title='bbox 1575 5301 1758 5344; x_wconf 88' lang='lat' dir='ltr'><strong>contra</strong></span> <span class='ocrx_word' id='word_1_475' title='bbox 1787 5301 1936 5344; x_wconf 86' lang='lat' dir='ltr'><strong>natu-</strong></span> 
     </span>
    </p>
   </div>
   <div class='ocr_carea' id='block_1_56' title="bbox 356 5381 1937 5459">
    <p class='ocr_par' dir='ltr' id='par_1_56' title="bbox 356 5381 1937 5459">
     <span class='ocr_line' id='line_1_56' title="bbox 356 5381 1937 5459; baseline -0.009 -13"><span class='ocrx_word' id='word_1_476' title='bbox 356 5407 507 5458; x_wconf 90' lang='lat' dir='ltr'><strong>ram,</strong></span> <span class='ocrx_word' id='word_1_477' title='bbox 539 5389 660 5459; x_wconf 88' lang='lat' dir='ltr'><strong>quia</strong></span> <span class='ocrx_word' id='word_1_478' title='bbox 696 5403 800 5442; x_wconf 87' lang='lat' dir='ltr'><strong>una</strong></span> <span class='ocrx_word' id='word_1_479' title='bbox 833 5402 960 5441; x_wconf 89' lang='lat' dir='ltr'><strong>caro</strong></span> <span class='ocrx_word' id='word_1_480' title='bbox 988 5385 1320 5447; x_wconf 87' lang='lat' dir='ltr'><strong>dissecatur;</strong></span> <span class='ocrx_word' id='word_1_481' title='bbox 1353 5392 1536 5437; x_wconf 86' lang='lat' dir='ltr'><strong>contra</strong></span> <span class='ocrx_word' id='word_1_482' title='bbox 1580 5382 1748 5450; x_wconf 83' lang='lat' dir='ltr'><strong>legem</strong></span> <span class='ocrx_word' id='word_1_483' title='bbox 1773 5420 1788 5445; x_wconf 89' lang='lat'><strong>,</strong></span> <span class='ocrx_word' id='word_1_484' title='bbox 1818 5381 1937 5448; x_wconf 86' lang='lat' dir='ltr'><strong>quia</strong></span> 
     </span>
    </p>
   </div>
   <div class='ocr_carea' id='block_1_57' title="bbox 355 5475 1941 5549">
    <p class='ocr_par' dir='ltr' id='par_1_57' title="bbox 355 5475 1941 5549">
     <span class='ocr_line' id='line_1_57' title="bbox 355 5475 1941 5549; baseline -0.009 -11"><span class='ocrx_word' id='word_1_485' title='bbox 355 5499 478 5538; x_wconf 83' lang='lat' dir='ltr'><strong>cum</strong></span> <span class='ocrx_word' id='word_1_486' title='bbox 509 5482 652 5537; x_wconf 89' lang='lat' dir='ltr'><strong>Deus</strong></span> <span class='ocrx_word' id='word_1_487' title='bbox 674 5477 1013 5549; x_wconf 70' lang='lat' dir='ltr'><strong>coniunxerit</strong></span> <span class='ocrx_word' id='word_1_488' title='bbox 1035 5517 1050 5542; x_wconf 97' lang='lat'><strong>,</strong></span> <span class='ocrx_word' id='word_1_489' title='bbox 1078 5487 1128 5531; x_wconf 90' lang='lat' dir='ltr'><strong>et</strong></span> <span class='ocrx_word' id='word_1_490' title='bbox 1153 5475 1372 5546; x_wconf 87' lang='lat' dir='ltr'><strong>jusserit</strong></span> <span class='ocrx_word' id='word_1_491' title='bbox 1401 5490 1503 5528; x_wconf 88' lang='lat' dir='ltr'><strong>non</strong></span> <span class='ocrx_word' id='word_1_492' title='bbox 1532 5486 1781 5541; x_wconf 88' lang='lat' dir='ltr'><strong>separare</strong></span> <span class='ocrx_word' id='word_1_493' title='bbox 1800 5513 1816 5538; x_wconf 91' lang='lat'><strong>,</strong></span> <span class='ocrx_word' id='word_1_494' title='bbox 1848 5485 1941 5524; x_wconf 87' lang='lat' dir='ltr'><strong>vos</strong></span> 
     </span>
    </p>
   </div>
   <div class='ocr_carea' id='block_1_58' title="bbox 422 5625 1939 5696">
    <p class='ocr_par' dir='ltr' id='par_1_58' title="bbox 422 5625 1939 5696">
     <span class='ocr_line' id='line_1_58' title="bbox 422 5625 1939 5696; baseline -0.007 -12"><span class='ocrx_word' id='word_1_495' title='bbox 422 5635 439 5666; x_wconf 86' lang='grc'>¹</span> <span class='ocrx_word' id='word_1_496' title='bbox 475 5632 672 5696; x_wconf 76' lang='lat' dir='ltr'><strong>Alii,_$t</strong></span> <span class='ocrx_word' id='word_1_497' title='bbox 695 5640 905 5696; x_wconf 72' lang='lat' dir='ltr'><strong>.ttoysem</strong></span> <span class='ocrx_word' id='word_1_498' title='bbox 922 5641 1152 5693; x_wconf 77' lang='lat' dir='ltr'><strong>oppones,</strong></span> <span class='ocrx_word' id='word_1_499' title='bbox 1177 5640 1264 5692; x_wconf 85' lang='lat' dir='ltr'><strong>ego</strong></span> <span class='ocrx_word' id='word_1_500' title='bbox 1301 5641 1394 5678; x_wconf 87' lang='lat' dir='ltr'><strong>non</strong></span> <span class='ocrx_word' id='word_1_501' title='bbox 1437 5629 1586 5690; x_wconf 66' lang='lat' dir='ltr'><strong>amre</strong></span> <span class='ocrx_word' id='word_1_502' title='bbox 1609 5625 1694 5676; x_wconf 88' lang='lat' dir='ltr'><strong>tibi</strong></span> <span class='ocrx_word' id='word_1_503' title='bbox 1718 5636 1939 5690; x_wconf 72' lang='lat' dir='ltr'><strong>.ttoysrm,</strong></span> 
     </span>
    </p>
   </div>
   <div class='ocr_carea' id='block_1_59' title="bbox 360 5693 740 5748">
    <p class='ocr_par' dir='ltr' id='par_1_59' title="bbox 360 5693 740 5748">
     <span class='ocr_line' id='line_1_59' title="bbox 360 5693 740 5748; baseline -0.016 0"><span class='ocrx_word' id='word_1_504' title='bbox 360 5695 445 5748; x_wconf 79' lang='lat' dir='ltr'><strong>sed</strong></span> <span class='ocrx_word' id='word_1_505' title='bbox 471 5693 740 5746; x_wconf 63' lang='lat' dir='ltr'><strong>Damnum.</strong></span> 
     </span>
    </p>
   </div>
   <div class='ocr_carea' id='block_1_60' title="bbox 424 5773 1304 5840">
    <p class='ocr_par' dir='ltr' id='par_1_60' title="bbox 424 5773 1304 5840">
     <span class='ocr_line' id='line_1_60' title="bbox 424 5773 1304 5840; baseline 0 -14"><span class='ocrx_word' id='word_1_506' title='bbox 424 5782 444 5812; x_wconf 74' lang='grc' dir='ltr'>ι</span> <span class='ocrx_word' id='word_1_507' title='bbox 477 5787 608 5830; x_wconf 75' lang='lat' dir='ltr'><strong>unus</strong></span> <span class='ocrx_word' id='word_1_508' title='bbox 625 5779 794 5837; x_wconf 85' lang='lat' dir='ltr'><strong>habet,</strong></span> <span class='ocrx_word' id='word_1_509' title='bbox 821 5775 992 5838; x_wconf 77' lang='lat' dir='ltr'><strong>literis,</strong></span> <span class='ocrx_word' id='word_1_510' title='bbox 1018 5788 1122 5840; x_wconf 89' lang='lat' dir='ltr'><strong>pro,</strong></span> <span class='ocrx_word' id='word_1_511' title='bbox 1148 5773 1304 5826; x_wconf 82' lang='lat' dir='ltr'><strong>rebus.</strong></span> 
     </span>
    </p>
   </div>
   <div class='ocr_carea' id='block_1_61' title="bbox 670 5868 1380 5933">
    <p class='ocr_par' dir='ltr' id='par_1_61' title="bbox 670 5868 1380 5933">
     <span class='ocr_line' id='line_1_61' title="bbox 670 5868 1380 5933; baseline -0.01 0"><span class='ocrx_word' id='word_1_512' title='bbox 670 5873 946 5933; x_wconf 71' lang='lat' dir='ltr'><strong>PATBOL.</strong></span> <span class='ocrx_word' id='word_1_513' title='bbox 996 5871 1111 5930; x_wconf 75' lang='lat' dir='ltr'><strong>Gn.</strong></span> <span class='ocrx_word' id='word_1_514' title='bbox 1162 5868 1380 5928; x_wconf 80' lang='lat' dir='ltr'><strong>LVIII.</strong></span> 
     </span>
    </p>
   </div>
   <div class='ocr_carea' id='block_1_62' title="bbox 1325 331 2646 392">
    <p class='ocr_par' dir='ltr' id='par_1_62' title="bbox 1325 331 2646 392">
     <span class='ocr_line' id='line_1_62' title="bbox 1325 331 2646 392; baseline -0.003 0"><span class='ocrx_word' id='word_1_515' title='bbox 1325 337 1388 392; x_wconf 82' lang='lat' dir='ltr'><strong>IN</strong></span> <span class='ocrx_word' id='word_1_516' title='bbox 1429 332 1832 390; x_wconf 72' lang='lat' dir='ltr'><strong>MATTII/EUM</strong></span> <span class='ocrx_word' id='word_1_517' title='bbox 1881 331 2106 388; x_wconf 61' lang='lat' dir='ltr'>IIOSIIL.</span> <span class='ocrx_word' id='word_1_518' title='bbox 2149 334 2308 389; x_wconf 77' lang='lat' dir='ltr'>LXII.</span> <span class='ocrx_word' id='word_1_519' title='bbox 2347 336 2416 389; x_wconf 90' lang='lat' dir='ltr'><strong>aI.</strong></span> <span class='ocrx_word' id='word_1_520' title='bbox 2464 335 2646 390; x_wconf 71' lang='lat' dir='ltr'>LXIII.</span> 
     </span>
    </p>
   </div>
   <div class='ocr_carea' id='block_1_63' title="bbox 3504 346 3604 398">
    <p class='ocr_par' dir='ltr' id='par_1_63' title="bbox 3504 346 3604 398">
     <span class='ocr_line' id='line_1_63' title="bbox 3504 346 3604 398; baseline 0 0"><span class='ocrx_word' id='word_1_521' title='bbox 3504 346 3604 398; x_wconf 60' lang='lat' dir='ltr'><strong>Si”!</strong></span> 
     </span>
    </p>
   </div>
   <div class='ocr_carea' id='block_1_64' title="bbox 2026 443 3604 522">
    <p class='ocr_par' dir='ltr' id='par_1_64' title="bbox 2026 443 3604 522">
     <span class='ocr_line' id='line_1_64' title="bbox 2026 443 3604 522; baseline 0.008 -22"><span class='ocrx_word' id='word_1_522' title='bbox 2026 445 2075 500; x_wconf 89' lang='lat' dir='ltr'><strong>id</strong></span> <span class='ocrx_word' id='word_1_523' title='bbox 2123 443 2296 504; x_wconf 77' lang='lat' dir='ltr'><strong>iaeere</strong></span> <span class='ocrx_word' id='word_1_524' title='bbox 2338 449 2574 507; x_wconf 88' lang='lat' dir='ltr'><strong>tentatis.</strong></span> <span class='ocrx_word' id='word_1_525' title='bbox 2613 450 2746 517; x_wconf 77' lang='lat' dir='ltr'><strong>Quid</strong></span> <span class='ocrx_word' id='word_1_526' title='bbox 2789 451 2944 521; x_wconf 89' lang='lat' dir='ltr'><strong>igitur</strong></span> <span class='ocrx_word' id='word_1_527' title='bbox 2988 466 3108 522; x_wconf 86' lang='lat' dir='ltr'><strong>post</strong></span> <span class='ocrx_word' id='word_1_528' title='bbox 3154 454 3266 508; x_wconf 62' lang='lat' dir='ltr'><strong>hau;</strong></span> <span class='ocrx_word' id='word_1_529' title='bbox 3307 456 3604 513; x_wconf 72' lang='lat' dir='ltr'><strong>faciendum</strong></span> 
     </span>
    </p>
   </div>
   <div class='ocr_carea' id='block_1_65' title="bbox 2023 525 3607 618">
    <p class='ocr_par' dir='ltr' id='par_1_65' title="bbox 2023 525 3607 618">
     <span class='ocr_line' id='line_1_65' title="bbox 2023 525 3607 618; baseline 0.009 -28"><span class='ocrx_word' id='word_1_530' title='bbox 2023 537 2172 590; x_wconf 89' lang='lat' dir='ltr'><strong>erat?</strong></span> <span class='ocrx_word' id='word_1_531' title='bbox 2211 553 2386 593; x_wconf 90' lang='lat' dir='ltr'><strong>nonne</strong></span> <span class='ocrx_word' id='word_1_532' title='bbox 2423 540 2799 608; x_wconf 85' lang='lat' dir='ltr'><strong>quiescendum</strong></span> <span class='ocrx_word' id='word_1_533' title='bbox 2827 584 2841 602; x_wconf 87' lang='lat'><strong>.</strong></span> <span class='ocrx_word' id='word_1_534' title='bbox 2891 525 3065 597; x_wconf 86' lang='lat' dir='ltr'><strong>nonne</strong></span> <span class='ocrx_word' id='word_1_535' title='bbox 3108 544 3364 600; x_wconf 79' lang='lat' dir='ltr'><strong>laudanda</strong></span> <span class='ocrx_word' id='word_1_536' title='bbox 3397 564 3455 602; x_wconf 88' lang='lat' dir='ltr'><strong>ea</strong></span> <span class='ocrx_word' id='word_1_537' title='bbox 3489 565 3607 618; x_wconf 79' lang='lat' dir='ltr'><strong>qua:</strong></span> 
     </span>
    </p>
   </div>
   <div class='ocr_carea' id='block_1_66' title="bbox 2022 628 3595 709">
    <p class='ocr_par' dir='ltr' id='par_1_66' title="bbox 2022 628 3595 709">
     <span class='ocr_line' id='line_1_66' title="bbox 2022 628 3595 709; baseline 0.007 -27"><span class='ocrx_word' id='word_1_538' title='bbox 2022 628 2161 682; x_wconf 85' lang='lat' dir='ltr'><strong>dicta</strong></span> <span class='ocrx_word' id='word_1_539' title='bbox 2189 629 2380 683; x_wconf 84' lang='lat' dir='ltr'><strong>erant?</strong></span> <span class='ocrx_word' id='word_1_540' title='bbox 2409 647 2584 685; x_wconf 91' lang='lat' dir='ltr'><strong>nonne</strong></span> <span class='ocrx_word' id='word_1_541' title='bbox 2610 632 2861 687; x_wconf 88' lang='lat' dir='ltr'><strong>admirari</strong></span> <span class='ocrx_word' id='word_1_542' title='bbox 2893 635 3171 704; x_wconf 74' lang='lat' dir='ltr'><strong>oportebat</strong></span> <span class='ocrx_word' id='word_1_543' title='bbox 3212 636 3354 691; x_wconf 88' lang='lat' dir='ltr'><strong>illam</strong></span> <span class='ocrx_word' id='word_1_544' title='bbox 3396 641 3595 709; x_wconf 84' lang='lat' dir='ltr'><strong>sapien-</strong></span> 
     </span>
    </p>
   </div>
   <div class='ocr_carea' id='block_1_67' title="bbox 2026 720 3603 792">
    <p class='ocr_par' dir='ltr' id='par_1_67' title="bbox 2026 720 3603 792">
     <span class='ocr_line' id='line_1_67' title="bbox 2026 720 3603 792; baseline 0.009 -20"><span class='ocrx_word' id='word_1_545' title='bbox 2026 720 2192 773; x_wconf 83' lang='lat' dir='ltr'><strong>tiam?</strong></span> <span class='ocrx_word' id='word_1_546' title='bbox 2220 737 2396 774; x_wconf 89' lang='lat' dir='ltr'><strong>nonne</strong></span> <span class='ocrx_word' id='word_1_547' title='bbox 2424 722 2801 792; x_wconf 77' lang='lat' dir='ltr'><strong>obstUpescere</strong></span> <span class='ocrx_word' id='word_1_548' title='bbox 2824 725 2891 779; x_wconf 89' lang='lat' dir='ltr'><strong>de</strong></span> <span class='ocrx_word' id='word_1_549' title='bbox 2922 736 3060 780; x_wconf 89' lang='lat' dir='ltr'><strong>tanta</strong></span> <span class='ocrx_word' id='word_1_550' title='bbox 3087 743 3206 782; x_wconf 92' lang='lat' dir='ltr'><strong>eum</strong></span> <span class='ocrx_word' id='word_1_551' title='bbox 3236 729 3391 785; x_wconf 87' lang='lat' dir='ltr'><strong>Patre</strong></span> <span class='ocrx_word' id='word_1_552' title='bbox 3415 746 3603 786; x_wconf 82' lang='lat' dir='ltr'><strong>conso-</strong></span> 
     </span>
    </p>
   </div>
   <div class='ocr_carea' id='block_1_68' title="bbox 2025 811 3608 889">
    <p class='ocr_par' dir='ltr' id='par_1_68' title="bbox 2025 811 3608 889">
     <span class='ocr_line' id='line_1_68' title="bbox 2025 811 3608 889; baseline 0.008 -23"><span class='ocrx_word' id='word_1_553' title='bbox 2025 811 2241 866; x_wconf 80' lang='lat' dir='ltr'><strong>nantia?</strong></span> <span class='ocrx_word' id='word_1_554' title='bbox 2271 813 2376 867; x_wconf 88' lang='lat' dir='ltr'><strong>Sed</strong></span> <span class='ocrx_word' id='word_1_555' title='bbox 2409 813 2535 866; x_wconf 91' lang='lat' dir='ltr'><strong>nihil</strong></span> <span class='ocrx_word' id='word_1_556' title='bbox 2567 814 2754 870; x_wconf 89' lang='lat' dir='ltr'><strong>horum</strong></span> <span class='ocrx_word' id='word_1_557' title='bbox 2788 816 3004 884; x_wconf 82' lang='lat' dir='ltr'><strong>faciunt,</strong></span> <span class='ocrx_word' id='word_1_558' title='bbox 3030 829 3078 873; x_wconf 89' lang='lat' dir='ltr'><strong>et</strong></span> <span class='ocrx_word' id='word_1_559' title='bbox 3102 822 3250 889; x_wconf 89' lang='lat' dir='ltr'><strong>quasi</strong></span> <span class='ocrx_word' id='word_1_560' title='bbox 3275 823 3608 879; x_wconf 89' lang='lat' dir='ltr'><strong>contentiose</strong></span> 
     </span>
    </p>
   </div>
   <div class='ocr_carea' id='block_1_69' title="bbox 2025 903 3607 980">
    <p class='ocr_par' dir='ltr' id='par_1_69' title="bbox 2025 903 3607 980">
     <span class='ocr_line' id='line_1_69' title="bbox 2025 903 3607 980; baseline 0.009 -26"><span class='ocrx_word' id='word_1_561' title='bbox 2025 903 2172 957; x_wconf 87' lang='lat' dir='ltr'><strong>aiunt</strong></span> <span class='ocrx_word' id='word_1_562' title='bbox 2203 921 2216 957; x_wconf 86' lang='lat'><strong>:</strong></span> <span class='ocrx_word' id='word_1_563' title='bbox 2249 904 2301 958; x_wconf 90' lang='grc'><strong>7.</strong></span> <span class='ocrx_word' id='word_1_564' title='bbox 2335 905 2600 970; x_wconf 84' lang='lat' dir='ltr'><strong>Quomodo</strong></span> <span class='ocrx_word' id='word_1_565' title='bbox 2637 923 2754 975; x_wconf 81' lang='lat' dir='ltr'><strong>ergo</strong></span> <span class='ocrx_word' id='word_1_566' title='bbox 2800 906 3000 978; x_wconf 80' lang='lat' dir='ltr'><strong>Moyses</strong></span> <span class='ocrx_word' id='word_1_567' title='bbox 3031 911 3186 980; x_wconf 77' lang='lat' dir='ltr'><strong>jussit</strong></span> <span class='ocrx_word' id='word_1_568' title='bbox 3223 911 3346 964; x_wconf 83' lang='lat' dir='ltr'><strong>dare</strong></span> <span class='ocrx_word' id='word_1_569' title='bbox 3385 913 3607 968; x_wconf 82' lang='lat' dir='ltr'><strong>libellum</strong></span> 
     </span>
    </p>
   </div>
   <div class='ocr_carea' id='block_1_70' title="bbox 2025 998 3609 1080">
    <p class='ocr_par' dir='ltr' id='par_1_70' title="bbox 2025 998 3609 1080">
     <span class='ocr_line' id='line_1_70' title="bbox 2025 998 3609 1080; baseline 0.009 -31"><span class='ocrx_word' id='word_1_570' title='bbox 2025 998 2256 1068; x_wconf 78' lang='lat' dir='ltr'><strong>repudii,</strong></span> <span class='ocrx_word' id='word_1_571' title='bbox 2284 1008 2330 1052; x_wconf 85' lang='lat' dir='ltr'><strong>et</strong></span> <span class='ocrx_word' id='word_1_572' title='bbox 2360 999 2608 1053; x_wconf 82' lang='lat' dir='ltr'><strong>dimittere</strong></span> <span class='ocrx_word' id='word_1_573' title='bbox 2647 1000 2788 1052; x_wconf 79' lang='lat' dir='ltr'><strong>illam</strong></span> <span class='ocrx_word' id='word_1_574' title='bbox 2819 1001 3003 1069; x_wconf 84' lang='lat' dir='ltr'><strong>(Deut.</strong></span> <span class='ocrx_word' id='word_1_575' title='bbox 3043 1005 3130 1058; x_wconf 64' lang='grc'><strong>24.</strong></span> <span class='ocrx_word' id='word_1_576' title='bbox 3161 1006 3222 1074; x_wconf 78' lang='grc'><strong>1)</strong></span> <span class='ocrx_word' id='word_1_577' title='bbox 3247 1008 3269 1061; x_wconf 86' lang='lat'><strong>?</strong></span> <span class='ocrx_word' id='word_1_578' title='bbox 3298 1008 3408 1062; x_wconf 89' lang='lat' dir='ltr'><strong>Iloc</strong></span> <span class='ocrx_word' id='word_1_579' title='bbox 3450 1026 3609 1080; x_wconf 87' lang='lat' dir='ltr'><strong>porro</strong></span> 
     </span>
    </p>
   </div>
   <div class='ocr_carea' id='block_1_71' title="bbox 2025 1087 3606 1158">
    <p class='ocr_par' dir='ltr' id='par_1_71' title="bbox 2025 1087 3606 1158">
     <span class='ocr_line' id='line_1_71' title="bbox 2025 1087 3606 1158; baseline 0.011 -19"><span class='ocrx_word' id='word_1_580' title='bbox 2025 1102 2130 1140; x_wconf 90' lang='lat' dir='ltr'><strong>non</strong></span> <span class='ocrx_word' id='word_1_581' title='bbox 2161 1087 2232 1140; x_wconf 91' lang='lat' dir='ltr'><strong>illi</strong></span> <span class='ocrx_word' id='word_1_582' title='bbox 2259 1087 2796 1158; x_wconf 86' lang='lat' dir='ltr'><strong>debebantobjieere,</strong></span> <span class='ocrx_word' id='word_1_583' title='bbox 2823 1092 2916 1145; x_wconf 84' lang='lat' dir='ltr'><strong>sed</strong></span> <span class='ocrx_word' id='word_1_584' title='bbox 2941 1093 3182 1149; x_wconf 88' lang='lat' dir='ltr'><strong>Christus</strong></span> <span class='ocrx_word' id='word_1_585' title='bbox 3209 1097 3309 1152; x_wconf 89' lang='lat' dir='ltr'><strong>illis</strong></span> <span class='ocrx_word' id='word_1_586' title='bbox 3338 1111 3606 1156; x_wconf 90' lang='lat' dir='ltr'><strong>:attamen</strong></span> 
     </span>
    </p>
   </div>
   <div class='ocr_carea' id='block_1_72' title="bbox 2027 1181 3606 1255">
    <p class='ocr_par' dir='ltr' id='par_1_72' title="bbox 2027 1181 3606 1255">
     <span class='ocr_line' id='line_1_72' title="bbox 2027 1181 3606 1255; baseline 0.01 -23"><span class='ocrx_word' id='word_1_587' title='bbox 2027 1195 2131 1233; x_wconf 91' lang='lat' dir='ltr'><strong>non</strong></span> <span class='ocrx_word' id='word_1_588' title='bbox 2157 1181 2328 1249; x_wconf 88' lang='lat' dir='ltr'><strong>carpit</strong></span> <span class='ocrx_word' id='word_1_589' title='bbox 2353 1183 2487 1247; x_wconf 85' lang='lat' dir='ltr'><strong>illos,</strong></span> <span class='ocrx_word' id='word_1_590' title='bbox 2522 1198 2691 1254; x_wconf 89' lang='lat' dir='ltr'><strong>neque</strong></span> <span class='ocrx_word' id='word_1_591' title='bbox 2714 1185 2841 1239; x_wconf 90' lang='lat' dir='ltr'><strong>dicit</strong></span> <span class='ocrx_word' id='word_1_592' title='bbox 2865 1187 2961 1250; x_wconf 89' lang='lat' dir='ltr'><strong>eis,</strong></span> <span class='ocrx_word' id='word_1_593' title='bbox 2985 1185 3124 1242; x_wconf 89' lang='lat' dir='ltr'><strong>N.hil</strong></span> <span class='ocrx_word' id='word_1_594' title='bbox 3149 1188 3248 1244; x_wconf 90' lang='lat' dir='ltr'><strong>hoc</strong></span> <span class='ocrx_word' id='word_1_595' title='bbox 3275 1190 3336 1244; x_wconf 87' lang='lat' dir='ltr'><strong>ad</strong></span> <span class='ocrx_word' id='word_1_596' title='bbox 3369 1208 3485 1255; x_wconf 87' lang='lat' dir='ltr'><strong>me;</strong></span> <span class='ocrx_word' id='word_1_597' title='bbox 3511 1195 3606 1249; x_wconf 81' lang='lat' dir='ltr'><strong>sed</strong></span> 
     </span>
    </p>
   </div>
   <div class='ocr_carea' id='block_1_73' title="bbox 2029 1273 3605 1350">
    <p class='ocr_par' dir='ltr' id='par_1_73' title="bbox 2029 1273 3605 1350">
     <span class='ocr_line' id='line_1_73' title="bbox 2029 1273 3605 1350; baseline 0.007 -22"><span class='ocrx_word' id='word_1_598' title='bbox 2029 1274 2165 1328; x_wconf 90' lang='lat' dir='ltr'><strong>hanc</strong></span> <span class='ocrx_word' id='word_1_599' title='bbox 2205 1273 2560 1344; x_wconf 82' lang='lat' dir='ltr'><strong>objectionem</strong></span> <span class='ocrx_word' id='word_1_600' title='bbox 2602 1277 2780 1330; x_wconf 80' lang='lat' dir='ltr'><strong>solvit.</strong></span> <span class='ocrx_word' id='word_1_601' title='bbox 2830 1280 2986 1348; x_wconf 80' lang='lat' dir='ltr'><strong>Atqui</strong></span> <span class='ocrx_word' id='word_1_602' title='bbox 3035 1281 3076 1332; x_wconf 91' lang='lat' dir='ltr'><strong>si</strong></span> <span class='ocrx_word' id='word_1_603' title='bbox 3118 1283 3388 1350; x_wconf 84' lang='lat' dir='ltr'><strong>oppositus</strong></span> <span class='ocrx_word' id='word_1_604' title='bbox 3427 1284 3605 1338; x_wconf 68' lang='lat' dir='ltr'><strong>Veteri</strong></span> 
     </span>
    </p>
   </div>
   <div class='ocr_carea' id='block_1_74' title="bbox 2027 1367 3607 1442">
    <p class='ocr_par' dir='ltr' id='par_1_74' title="bbox 2027 1367 3607 1442">
     <span class='ocr_line' id='line_1_74' title="bbox 2027 1367 3607 1442; baseline 0.005 -21"><span class='ocrx_word' id='word_1_605' title='bbox 2027 1367 2371 1423; x_wconf 85' lang='lat' dir='ltr'><strong>Testamento</strong></span> <span class='ocrx_word' id='word_1_606' title='bbox 2401 1367 2618 1433; x_wconf 83' lang='lat' dir='ltr'><strong>fuisset,</strong></span> <span class='ocrx_word' id='word_1_607' title='bbox 2651 1386 2754 1423; x_wconf 89' lang='lat' dir='ltr'><strong>non</strong></span> <span class='ocrx_word' id='word_1_608' title='bbox 2788 1387 2881 1439; x_wconf 87' lang='lat' dir='ltr'><strong>pro</strong></span> <span class='ocrx_word' id='word_1_609' title='bbox 2913 1371 3091 1442; x_wconf 63' lang='lat' dir='ltr'><strong>illi-yse</strong></span> <span class='ocrx_word' id='word_1_610' title='bbox 3126 1373 3484 1442; x_wconf 78' lang='lat' dir='ltr'><strong>disputasset;</strong></span> <span class='ocrx_word' id='word_1_611' title='bbox 3517 1394 3607 1429; x_wconf 79' lang='lat' dir='ltr'><strong>ne-</strong></span> 
     </span>
    </p>
   </div>
   <div class='ocr_carea' id='block_1_75' title="bbox 2027 1460 3607 1531">
    <p class='ocr_par' dir='ltr' id='par_1_75' title="bbox 2027 1460 3607 1531">
     <span class='ocr_line' id='line_1_75' title="bbox 2027 1460 3607 1531; baseline 0.006 -20"><span class='ocrx_word' id='word_1_612' title='bbox 2027 1473 2131 1528; x_wconf 90' lang='lat' dir='ltr'><strong>que</strong></span> <span class='ocrx_word' id='word_1_613' title='bbox 2157 1475 2221 1513; x_wconf 76' lang='lat' dir='ltr'><strong>ex</strong></span> <span class='ocrx_word' id='word_1_614' title='bbox 2255 1460 2318 1514; x_wconf 88' lang='lat' dir='ltr'><strong>iis</strong></span> <span class='ocrx_word' id='word_1_615' title='bbox 2344 1476 2462 1530; x_wconf 80' lang='lat' dir='ltr'><strong>qua:</strong></span> <span class='ocrx_word' id='word_1_616' title='bbox 2491 1461 2655 1515; x_wconf 90' lang='lat' dir='ltr'><strong>setnel</strong></span> <span class='ocrx_word' id='word_1_617' title='bbox 2688 1464 2756 1515; x_wconf 90' lang='lat' dir='ltr'><strong>ab</strong></span> <span class='ocrx_word' id='word_1_618' title='bbox 2798 1463 2946 1516; x_wconf 88' lang='lat' dir='ltr'><strong>initio</strong></span> <span class='ocrx_word' id='word_1_619' title='bbox 2977 1463 3112 1518; x_wconf 86' lang='lat' dir='ltr'><strong>facta</strong></span> <span class='ocrx_word' id='word_1_620' title='bbox 3154 1475 3311 1531; x_wconf 90' lang='lat' dir='ltr'><strong>sunt,</strong></span> <span class='ocrx_word' id='word_1_621' title='bbox 3343 1466 3482 1522; x_wconf 87' lang='lat' dir='ltr'><strong>dicta</strong></span> <span class='ocrx_word' id='word_1_622' title='bbox 3516 1484 3607 1521; x_wconf 85' lang='lat' dir='ltr'><strong>sua</strong></span> 
     </span>
    </p>
   </div>
   <div class='ocr_carea' id='block_1_76' title="bbox 2027 1550 3608 1622">
    <p class='ocr_par' dir='ltr' id='par_1_76' title="bbox 2027 1550 3608 1622">
     <span class='ocr_line' id='line_1_76' title="bbox 2027 1550 3608 1622; baseline 0.006 -19"><span class='ocrx_word' id='word_1_623' title='bbox 2027 1550 2433 1619; x_wconf 85' lang='lat' dir='ltr'><strong>confirmasset,</strong></span> <span class='ocrx_word' id='word_1_624' title='bbox 2474 1567 2645 1622; x_wconf 89' lang='lat' dir='ltr'><strong>neque</strong></span> <span class='ocrx_word' id='word_1_625' title='bbox 2687 1553 2967 1608; x_wconf 83' lang='lat' dir='ltr'><strong>ostendere</strong></span> <span class='ocrx_word' id='word_1_626' title='bbox 3015 1555 3306 1612; x_wconf 87' lang='lat' dir='ltr'><strong>studuisset</strong></span> <span class='ocrx_word' id='word_1_627' title='bbox 3351 1573 3443 1612; x_wconf 86' lang='lat' dir='ltr'><strong>Sua</strong></span> <span class='ocrx_word' id='word_1_628' title='bbox 3488 1576 3608 1613; x_wconf 87' lang='lat' dir='ltr'><strong>cum</strong></span> 
     </span>
    </p>
   </div>
   <div class='ocr_carea' id='block_1_77' title="bbox 2030 1642 3610 1722">
    <p class='ocr_par' dir='ltr' id='par_1_77' title="bbox 2030 1642 3610 1722">
     <span class='ocr_line' id='line_1_77' title="bbox 2030 1642 3610 1722; baseline 0.008 -29"><span class='ocrx_word' id='word_1_629' title='bbox 2030 1642 2216 1710; x_wconf 86' lang='lat' dir='ltr'><strong>priscis</strong></span> <span class='ocrx_word' id='word_1_630' title='bbox 2260 1642 2366 1697; x_wconf 86' lang='lat' dir='ltr'><strong>illis</strong></span> <span class='ocrx_word' id='word_1_631' title='bbox 2407 1645 2728 1698; x_wconf 91' lang='lat' dir='ltr'><strong>consentire.</strong></span> <span class='ocrx_word' id='word_1_632' title='bbox 2764 1646 2872 1698; x_wconf 85' lang='lat' dir='ltr'><strong>Etsi</strong></span> <span class='ocrx_word' id='word_1_633' title='bbox 2908 1661 3035 1701; x_wconf 85' lang='lat' dir='ltr'><strong>vero</strong></span> <span class='ocrx_word' id='word_1_634' title='bbox 3073 1649 3234 1702; x_wconf 86' lang='lat' dir='ltr'><strong>multa</strong></span> <span class='ocrx_word' id='word_1_635' title='bbox 3271 1649 3370 1703; x_wconf 88' lang='lat' dir='ltr'><strong>alia</strong></span> <span class='ocrx_word' id='word_1_636' title='bbox 3402 1651 3610 1722; x_wconf 81' lang='lat' dir='ltr'><strong>Moyses</strong></span> 
     </span>
    </p>
   </div>
   <div class='ocr_carea' id='block_1_78' title="bbox 2025 1733 3610 1811">
    <p class='ocr_par' dir='ltr' id='par_1_78' title="bbox 2025 1733 3610 1811">
     <span class='ocr_line' id='line_1_78' title="bbox 2025 1733 3610 1811; baseline 0.008 -27"><span class='ocrx_word' id='word_1_637' title='bbox 2025 1733 2261 1800; x_wconf 86' lang='lat' dir='ltr'><strong>jusserit,</strong></span> <span class='ocrx_word' id='word_1_638' title='bbox 2295 1744 2404 1788; x_wconf 90' lang='lat' dir='ltr'><strong>tum</strong></span> <span class='ocrx_word' id='word_1_639' title='bbox 2433 1734 2500 1789; x_wconf 92' lang='lat' dir='ltr'><strong>de</strong></span> <span class='ocrx_word' id='word_1_640' title='bbox 2525 1735 2676 1800; x_wconf 88' lang='lat' dir='ltr'><strong>cibis,</strong></span> <span class='ocrx_word' id='word_1_641' title='bbox 2709 1745 2818 1790; x_wconf 91' lang='lat' dir='ltr'><strong>tum</strong></span> <span class='ocrx_word' id='word_1_642' title='bbox 2842 1736 2908 1791; x_wconf 90' lang='lat' dir='ltr'><strong>de</strong></span> <span class='ocrx_word' id='word_1_643' title='bbox 2933 1737 3165 1792; x_wconf 88' lang='lat' dir='ltr'><strong>sabbatis</strong></span> <span class='ocrx_word' id='word_1_644' title='bbox 3189 1757 3204 1805; x_wconf 90' lang='lat'><strong>;</strong></span> <span class='ocrx_word' id='word_1_645' title='bbox 3231 1756 3326 1794; x_wconf 89' lang='lat' dir='ltr'><strong>cur</strong></span> <span class='ocrx_word' id='word_1_646' title='bbox 3352 1756 3610 1811; x_wconf 85' lang='lat' dir='ltr'><strong>nusquam</strong></span> 
     </span>
    </p>
   </div>
   <div class='ocr_carea' id='block_1_79' title="bbox 2031 1824 3608 1896">
    <p class='ocr_par' dir='ltr' id='par_1_79' title="bbox 2031 1824 3608 1896">
     <span class='ocr_line' id='line_1_79' title="bbox 2031 1824 3608 1896; baseline 0.006 -20"><span class='ocrx_word' id='word_1_647' title='bbox 2031 1824 2172 1878; x_wconf 91' lang='lat' dir='ltr'><strong>illum</strong></span> <span class='ocrx_word' id='word_1_648' title='bbox 2203 1824 2302 1893; x_wconf 89' lang='lat' dir='ltr'><strong>ipsi</strong></span> <span class='ocrx_word' id='word_1_649' title='bbox 2338 1833 2632 1894; x_wconf 89' lang='lat' dir='ltr'><strong>opponunt,</strong></span> <span class='ocrx_word' id='word_1_650' title='bbox 2663 1837 2719 1880; x_wconf 94' lang='lat' dir='ltr'><strong>ut</strong></span> <span class='ocrx_word' id='word_1_651' title='bbox 2748 1827 2848 1882; x_wconf 92' lang='lat' dir='ltr'><strong>hoc</strong></span> <span class='ocrx_word' id='word_1_652' title='bbox 2873 1829 3031 1883; x_wconf 85' lang='lat' dir='ltr'><strong>loco?</strong></span> <span class='ocrx_word' id='word_1_653' title='bbox 3056 1828 3186 1895; x_wconf 88' lang='lat' dir='ltr'><strong>Quia</strong></span> <span class='ocrx_word' id='word_1_654' title='bbox 3225 1830 3277 1884; x_wconf 91' lang='lat' dir='ltr'><strong>id</strong></span> <span class='ocrx_word' id='word_1_655' title='bbox 3303 1832 3608 1896; x_wconf 90' lang='lat' dir='ltr'><strong>studebant,</strong></span> 
     </span>
    </p>
   </div>
   <div class='ocr_carea' id='block_1_80' title="bbox 2032 1915 3608 1978">
    <p class='ocr_par' dir='ltr' id='par_1_80' title="bbox 2032 1915 3608 1978">
     <span class='ocr_line' id='line_1_80' title="bbox 2032 1915 3608 1978; baseline 0.006 -12"><span class='ocrx_word' id='word_1_656' title='bbox 2032 1923 2087 1967; x_wconf 90' lang='lat' dir='ltr'><strong>ut</strong></span> <span class='ocrx_word' id='word_1_657' title='bbox 2126 1915 2357 1969; x_wconf 89' lang='lat' dir='ltr'><strong>virorum</strong></span> <span class='ocrx_word' id='word_1_658' title='bbox 2399 1916 2789 1971; x_wconf 87' lang='lat' dir='ltr'><strong>multitudinem</strong></span> <span class='ocrx_word' id='word_1_659' title='bbox 2832 1928 3016 1972; x_wconf 90' lang='lat' dir='ltr'><strong>contra</strong></span> <span class='ocrx_word' id='word_1_660' title='bbox 3066 1921 3212 1974; x_wconf 89' lang='lat' dir='ltr'><strong>illum</strong></span> <span class='ocrx_word' id='word_1_661' title='bbox 3256 1923 3608 1978; x_wconf 88' lang='lat' dir='ltr'><strong>concitarent.</strong></span> 
     </span>
    </p>
   </div>
   <div class='ocr_carea' id='block_1_81' title="bbox 2032 2005 3612 2084">
    <p class='ocr_par' dir='ltr' id='par_1_81' title="bbox 2032 2005 3612 2084">
     <span class='ocr_line' id='line_1_81' title="bbox 2032 2005 3612 2084; baseline 0.006 -24"><span class='ocrx_word' id='word_1_662' title='bbox 2032 2005 2160 2060; x_wconf 82' lang='lat' dir='ltr'><strong>Nam</strong></span> <span class='ocrx_word' id='word_1_663' title='bbox 2190 2005 2318 2060; x_wconf 90' lang='lat' dir='ltr'><strong>illud</strong></span> <span class='ocrx_word' id='word_1_664' title='bbox 2338 2005 2506 2061; x_wconf 72' lang='grc' dir='ltr'><strong>,ιυόωὶ</strong></span> <span class='ocrx_word' id='word_1_665' title='bbox 2536 2007 2896 2064; x_wconf 77' lang='lat' dir='ltr'><strong>indifferenter</strong></span> <span class='ocrx_word' id='word_1_666' title='bbox 2924 2009 3295 2080; x_wconf 85' lang='lat' dir='ltr'><strong>observabant,</strong></span> <span class='ocrx_word' id='word_1_667' title='bbox 3321 2029 3612 2084; x_wconf 80' lang='lat' dir='ltr'><strong>omnesque</strong></span> 
     </span>
    </p>
   </div>
   <div class='ocr_carea' id='block_1_82' title="bbox 2032 2097 3611 2168">
    <p class='ocr_par' dir='ltr' id='par_1_82' title="bbox 2032 2097 3611 2168">
     <span class='ocr_line' id='line_1_82' title="bbox 2032 2097 3611 2168; baseline 0.008 -19"><span class='ocrx_word' id='word_1_668' title='bbox 2032 2097 2080 2150; x_wconf 92' lang='lat' dir='ltr'><strong>id</strong></span> <span class='ocrx_word' id='word_1_669' title='bbox 2109 2099 2264 2168; x_wconf 85' lang='lat' dir='ltr'><strong>vulgo</strong></span> <span class='ocrx_word' id='word_1_670' title='bbox 2294 2097 2620 2153; x_wconf 88' lang='lat' dir='ltr'><strong>factitabant.</strong></span> <span class='ocrx_word' id='word_1_671' title='bbox 2657 2099 2778 2155; x_wconf 86' lang='lat' dir='ltr'><strong>Ideo</strong></span> <span class='ocrx_word' id='word_1_672' title='bbox 2798 2116 2919 2155; x_wconf 88' lang='lat' dir='ltr'><strong>cum</strong></span> <span class='ocrx_word' id='word_1_673' title='bbox 2956 2103 3120 2158; x_wconf 88' lang='lat' dir='ltr'><strong>multa</strong></span> <span class='ocrx_word' id='word_1_674' title='bbox 3148 2105 3198 2158; x_wconf 91' lang='lat' dir='ltr'><strong>in</strong></span> <span class='ocrx_word' id='word_1_675' title='bbox 3231 2117 3409 2161; x_wconf 91' lang='lat' dir='ltr'><strong>monte</strong></span> <span class='ocrx_word' id='word_1_676' title='bbox 3438 2106 3611 2162; x_wconf 84' lang='lat' dir='ltr'><strong>disse-</strong></span> 
     </span>
    </p>
   </div>
   <div class='ocr_carea' id='block_1_83' title="bbox 2030 2189 3613 2259">
    <p class='ocr_par' dir='ltr' id='par_1_83' title="bbox 2030 2189 3613 2259">
     <span class='ocr_line' id='line_1_83' title="bbox 2030 2189 3613 2259; baseline 0.006 -15"><span class='ocrx_word' id='word_1_677' title='bbox 2030 2189 2239 2255; x_wconf 77' lang='lat' dir='ltr'><strong>ruisset,</strong></span> <span class='ocrx_word' id='word_1_678' title='bbox 2273 2190 2431 2259; x_wconf 89' lang='lat' dir='ltr'><strong>hujns</strong></span> <span class='ocrx_word' id='word_1_679' title='bbox 2460 2200 2658 2245; x_wconf 86' lang='lat' dir='ltr'><strong>tantum</strong></span> <span class='ocrx_word' id='word_1_680' title='bbox 2695 2193 2924 2247; x_wconf 90' lang='lat' dir='ltr'><strong>mandati</strong></span> <span class='ocrx_word' id='word_1_681' title='bbox 2957 2210 3098 2249; x_wconf 87' lang='lat' dir='ltr'><strong>nunc</strong></span> <span class='ocrx_word' id='word_1_682' title='bbox 3123 2198 3444 2252; x_wconf 89' lang='lat' dir='ltr'><strong>mentionem</strong></span> <span class='ocrx_word' id='word_1_683' title='bbox 3474 2197 3613 2253; x_wconf 75' lang='lat' dir='ltr'><strong>fece~</strong></span> 
     </span>
    </p>
   </div>
   <div class='ocr_carea' id='block_1_84' title="bbox 2030 2282 3614 2356">
    <p class='ocr_par' dir='ltr' id='par_1_84' title="bbox 2030 2282 3614 2356">
     <span class='ocr_line' id='line_1_84' title="bbox 2030 2282 3614 2356; baseline 0.004 -20"><span class='ocrx_word' id='word_1_684' title='bbox 2030 2291 2170 2336; x_wconf 91' lang='lat' dir='ltr'><strong>runt.</strong></span> <span class='ocrx_word' id='word_1_685' title='bbox 2201 2282 2447 2336; x_wconf 82' lang='lat' dir='ltr'><strong>Attamen</strong></span> <span class='ocrx_word' id='word_1_686' title='bbox 2481 2282 2760 2338; x_wconf 74' lang='lat' dir='ltr'><strong>inell’abilis</strong></span> <span class='ocrx_word' id='word_1_687' title='bbox 2785 2285 2871 2338; x_wconf 89' lang='lat' dir='ltr'><strong>illa</strong></span> <span class='ocrx_word' id='word_1_688' title='bbox 2898 2285 3166 2355; x_wconf 80' lang='lat' dir='ltr'><strong>Sapientia</strong></span> <span class='ocrx_word' id='word_1_689' title='bbox 3195 2302 3293 2356; x_wconf 89' lang='lat' dir='ltr'><strong>pro</strong></span> <span class='ocrx_word' id='word_1_690' title='bbox 3319 2287 3400 2341; x_wconf 91' lang='lat' dir='ltr'><strong>bis</strong></span> <span class='ocrx_word' id='word_1_691' title='bbox 3429 2288 3614 2343; x_wconf 84' lang='lat' dir='ltr'><strong>defen-</strong></span> 
     </span>
    </p>
   </div>
   <div class='ocr_carea' id='block_1_85' title="bbox 2029 2373 3612 2448">
    <p class='ocr_par' dir='ltr' id='par_1_85' title="bbox 2029 2373 3612 2448">
     <span class='ocr_line' id='line_1_85' title="bbox 2029 2373 3612 2448; baseline 0.004 -22"><span class='ocrx_word' id='word_1_692' title='bbox 2029 2374 2234 2429; x_wconf 88' lang='lat' dir='ltr'><strong>sionem</strong></span> <span class='ocrx_word' id='word_1_693' title='bbox 2279 2384 2430 2444; x_wconf 88' lang='lat' dir='ltr'><strong>parat</strong></span> <span class='ocrx_word' id='word_1_694' title='bbox 2467 2382 2522 2428; x_wconf 91' lang='lat' dir='ltr'><strong>et</strong></span> <span class='ocrx_word' id='word_1_695' title='bbox 2560 2373 2686 2428; x_wconf 86' lang='lat' dir='ltr'><strong>dicit</strong></span> <span class='ocrx_word' id='word_1_696' title='bbox 2719 2393 2732 2429; x_wconf 89' lang='lat'><strong>:</strong></span> <span class='ocrx_word' id='word_1_697' title='bbox 2765 2375 2816 2429; x_wconf 91' lang='lat'><strong>8.</strong></span> <span class='ocrx_word' id='word_1_698' title='bbox 2864 2375 3115 2442; x_wconf 82' lang='lat' dir='ltr'><strong>Quoniam</strong></span> <span class='ocrx_word' id='word_1_699' title='bbox 3148 2376 3347 2448; x_wconf 82' lang='lat' dir='ltr'><strong>Moyses</strong></span> <span class='ocrx_word' id='word_1_700' title='bbox 3374 2378 3442 2432; x_wconf 85' lang='lat' dir='ltr'><strong>ad</strong></span> <span class='ocrx_word' id='word_1_701' title='bbox 3467 2380 3612 2432; x_wconf 84' lang='lat' dir='ltr'><strong>duri-</strong></span> 
     </span>
    </p>
   </div>
   <div class='ocr_carea' id='block_1_86' title="bbox 2030 2466 3612 2539">
    <p class='ocr_par' dir='ltr' id='par_1_86' title="bbox 2030 2466 3612 2539">
     <span class='ocr_line' id='line_1_86' title="bbox 2030 2466 3612 2539; baseline 0.004 -20"><span class='ocrx_word' id='word_1_702' title='bbox 2030 2469 2151 2519; x_wconf 86' lang='lat' dir='ltr'><strong>tiam</strong></span> <span class='ocrx_word' id='word_1_703' title='bbox 2180 2467 2348 2519; x_wconf 80' lang='lat' dir='ltr'><strong>cordis</strong></span> <span class='ocrx_word' id='word_1_704' title='bbox 2377 2466 2526 2520; x_wconf 84' lang='lat' dir='ltr'><strong>rcstri</strong></span> <span class='ocrx_word' id='word_1_705' title='bbox 2554 2467 2624 2520; x_wconf 91' lang='lat' dir='ltr'><strong>ita</strong></span> <span class='ocrx_word' id='word_1_706' title='bbox 2659 2467 2764 2538; x_wconf 76' lang='lat' dir='ltr'><strong>lege</strong></span> <span class='ocrx_word' id='word_1_707' title='bbox 2806 2470 3059 2538; x_wconf 63' lang='lat' dir='ltr'><strong>praecepit.</strong></span> <span class='ocrx_word' id='word_1_708' title='bbox 3104 2467 3284 2539; x_wconf 75' lang='lat' dir='ltr'><strong>Neque</strong></span> <span class='ocrx_word' id='word_1_709' title='bbox 3316 2470 3458 2523; x_wconf 86' lang='lat' dir='ltr'><strong>illum</strong></span> <span class='ocrx_word' id='word_1_710' title='bbox 3487 2470 3612 2526; x_wconf 87' lang='lat' dir='ltr'><strong>sinit</strong></span> 
     </span>
    </p>
   </div>
   <div class='ocr_carea' id='block_1_87' title="bbox 2028 2557 3612 2632">
    <p class='ocr_par' dir='ltr' id='par_1_87' title="bbox 2028 2557 3612 2632">
     <span class='ocr_line' id='line_1_87' title="bbox 2028 2557 3612 2632; baseline 0.003 -21"><span class='ocrx_word' id='word_1_711' title='bbox 2028 2559 2366 2612; x_wconf 69' lang='lat' dir='ltr'><strong>occursatione</strong></span> <span class='ocrx_word' id='word_1_712' title='bbox 2405 2557 2586 2626; x_wconf 86' lang='lat' dir='ltr'><strong>impeti</strong></span> <span class='ocrx_word' id='word_1_713' title='bbox 2618 2577 2630 2611; x_wconf 89' lang='lat'><strong>:</strong></span> <span class='ocrx_word' id='word_1_714' title='bbox 2659 2575 2781 2613; x_wconf 89' lang='lat' dir='ltr'><strong>nam</strong></span> <span class='ocrx_word' id='word_1_715' title='bbox 2815 2561 2925 2628; x_wconf 90' lang='lat' dir='ltr'><strong>ipse</strong></span> <span class='ocrx_word' id='word_1_716' title='bbox 2957 2571 3068 2614; x_wconf 89' lang='lat' dir='ltr'><strong>erat</strong></span> <span class='ocrx_word' id='word_1_717' title='bbox 3095 2562 3182 2631; x_wconf 93' lang='lat' dir='ltr'><strong>qui</strong></span> <span class='ocrx_word' id='word_1_718' title='bbox 3215 2562 3379 2632; x_wconf 87' lang='lat' dir='ltr'><strong>legem</strong></span> <span class='ocrx_word' id='word_1_719' title='bbox 3413 2563 3486 2616; x_wconf 91' lang='lat' dir='ltr'><strong>illi</strong></span> <span class='ocrx_word' id='word_1_720' title='bbox 3517 2563 3612 2616; x_wconf 42' lang='lat' dir='ltr'><strong>de-</strong></span> 
     </span>
    </p>
   </div>
   <div class='ocr_carea' id='block_1_88' title="bbox 2030 2648 3614 2721">
    <p class='ocr_par' dir='ltr' id='par_1_88' title="bbox 2030 2648 3614 2721">
     <span class='ocr_line' id='line_1_88' title="bbox 2030 2648 3614 2721; baseline 0.006 -22"><span class='ocrx_word' id='word_1_721' title='bbox 2030 2648 2217 2714; x_wconf 88' lang='lat' dir='ltr'><strong>derat;</strong></span> <span class='ocrx_word' id='word_1_722' title='bbox 2257 2648 2350 2703; x_wconf 87' lang='lat' dir='ltr'><strong>sed</strong></span> <span class='ocrx_word' id='word_1_723' title='bbox 2395 2649 2540 2702; x_wconf 90' lang='lat' dir='ltr'><strong>illum</strong></span> <span class='ocrx_word' id='word_1_724' title='bbox 2577 2664 2605 2702; x_wconf 92' lang='lat' dir='ltr'><strong>a</strong></span> <span class='ocrx_word' id='word_1_725' title='bbox 2644 2650 2794 2719; x_wconf 91' lang='lat' dir='ltr'><strong>culpa</strong></span> <span class='ocrx_word' id='word_1_726' title='bbox 2837 2650 3061 2715; x_wconf 88' lang='lat' dir='ltr'><strong>liberat,</strong></span> <span class='ocrx_word' id='word_1_727' title='bbox 3087 2660 3140 2705; x_wconf 89' lang='lat' dir='ltr'><strong>et</strong></span> <span class='ocrx_word' id='word_1_728' title='bbox 3169 2660 3333 2705; x_wconf 87' lang='lat' dir='ltr'><strong>totum</strong></span> <span class='ocrx_word' id='word_1_729' title='bbox 3369 2669 3420 2705; x_wconf 94' lang='lat' dir='ltr'><strong>m</strong></span> <span class='ocrx_word' id='word_1_730' title='bbox 3456 2663 3614 2721; x_wconf 83' lang='lat' dir='ltr'><strong>caput</strong></span> 
     </span>
    </p>
   </div>
   <div class='ocr_carea' id='block_1_89' title="bbox 2033 2739 3610 2811">
    <p class='ocr_par' dir='ltr' id='par_1_89' title="bbox 2033 2739 3610 2811">
     <span class='ocr_line' id='line_1_89' title="bbox 2033 2739 3610 2811; baseline 0.002 -18"><span class='ocrx_word' id='word_1_731' title='bbox 2033 2741 2242 2794; x_wconf 88' lang='lat' dir='ltr'><strong>illorum</strong></span> <span class='ocrx_word' id='word_1_732' title='bbox 2270 2741 2566 2805; x_wconf 84' lang='lat' dir='ltr'><strong>convertit;</strong></span> <span class='ocrx_word' id='word_1_733' title='bbox 2596 2739 2735 2809; x_wconf 89' lang='lat' dir='ltr'><strong>quod</strong></span> <span class='ocrx_word' id='word_1_734' title='bbox 2761 2742 2918 2795; x_wconf 91' lang='lat' dir='ltr'><strong>etiam</strong></span> <span class='ocrx_word' id='word_1_735' title='bbox 2946 2741 3138 2811; x_wconf 87' lang='lat' dir='ltr'><strong>ubique</strong></span> <span class='ocrx_word' id='word_1_736' title='bbox 3166 2741 3308 2795; x_wconf 87' lang='lat' dir='ltr'><strong>facit.</strong></span> <span class='ocrx_word' id='word_1_737' title='bbox 3338 2741 3467 2796; x_wconf 88' lang='lat' dir='ltr'><strong>Nam</strong></span> <span class='ocrx_word' id='word_1_738' title='bbox 3491 2759 3610 2796; x_wconf 88' lang='lat' dir='ltr'><strong>cum</strong></span> 
     </span>
    </p>
   </div>
   <div class='ocr_carea' id='block_1_90' title="bbox 2029 2831 3614 2905">
    <p class='ocr_par' dir='ltr' id='par_1_90' title="bbox 2029 2831 3614 2905">
     <span class='ocr_line' id='line_1_90' title="bbox 2029 2831 3614 2905; baseline 0.001 -19"><span class='ocrx_word' id='word_1_739' title='bbox 2029 2831 2318 2901; x_wconf 87' lang='lat' dir='ltr'><strong>discipulos</strong></span> <span class='ocrx_word' id='word_1_740' title='bbox 2349 2833 2522 2902; x_wconf 87' lang='lat' dir='ltr'><strong>spicas</strong></span> <span class='ocrx_word' id='word_1_741' title='bbox 2547 2833 2800 2887; x_wconf 84' lang='lat' dir='ltr'><strong>vellentes</strong></span> <span class='ocrx_word' id='word_1_742' title='bbox 2825 2833 3256 2900; x_wconf 89' lang='lat' dir='ltr'><strong>criminarentur,</strong></span> <span class='ocrx_word' id='word_1_743' title='bbox 3290 2837 3431 2905; x_wconf 82' lang='lat' dir='ltr'><strong>ipsos</strong></span> <span class='ocrx_word' id='word_1_744' title='bbox 3457 2851 3614 2890; x_wconf 85' lang='lat' dir='ltr'><strong>accu-</strong></span> 
     </span>
    </p>
   </div>
   <div class='ocr_carea' id='block_1_91' title="bbox 2033 2924 3613 2993">
    <p class='ocr_par' dir='ltr' id='par_1_91' title="bbox 2033 2924 3613 2993">
     <span class='ocr_line' id='line_1_91' title="bbox 2033 2924 3613 2993; baseline 0.002 -15"><span class='ocrx_word' id='word_1_745' title='bbox 2033 2933 2240 2978; x_wconf 86' lang='lat' dir='ltr'><strong>satores</strong></span> <span class='ocrx_word' id='word_1_746' title='bbox 2281 2924 2332 2976; x_wconf 92' lang='lat' dir='ltr'><strong>in</strong></span> <span class='ocrx_word' id='word_1_747' title='bbox 2380 2925 2532 2993; x_wconf 83' lang='lat' dir='ltr'><strong>culpa</strong></span> <span class='ocrx_word' id='word_1_748' title='bbox 2577 2938 2698 2978; x_wconf 91' lang='lat' dir='ltr'><strong>esse</strong></span> <span class='ocrx_word' id='word_1_749' title='bbox 2738 2924 3012 2979; x_wconf 86' lang='lat' dir='ltr'><strong>ostendit:</strong></span> <span class='ocrx_word' id='word_1_750' title='bbox 3047 2933 3102 2979; x_wconf 91' lang='lat' dir='ltr'><strong>et</strong></span> <span class='ocrx_word' id='word_1_751' title='bbox 3136 2941 3258 2980; x_wconf 90' lang='lat' dir='ltr'><strong>eum</strong></span> <span class='ocrx_word' id='word_1_752' title='bbox 3302 2926 3613 2981; x_wconf 69' lang='lat' dir='ltr'><strong>incursabant</strong></span> 
     </span>
    </p>
   </div>
   <div class='ocr_carea' id='block_1_92' title="bbox 2029 3016 3615 3088">
    <p class='ocr_par' dir='ltr' id='par_1_92' title="bbox 2029 3016 3615 3088">
     <span class='ocr_line' id='line_1_92' title="bbox 2029 3016 3615 3088; baseline 0.002 -18"><span class='ocrx_word' id='word_1_753' title='bbox 2029 3016 2170 3088; x_wconf 90' lang='lat' dir='ltr'><strong>quod</strong></span> <span class='ocrx_word' id='word_1_754' title='bbox 2211 3016 2370 3070; x_wconf 90' lang='lat' dir='ltr'><strong>illotis</strong></span> <span class='ocrx_word' id='word_1_755' title='bbox 2404 3016 2647 3070; x_wconf 87' lang='lat' dir='ltr'><strong>manibus</strong></span> <span class='ocrx_word' id='word_1_756' title='bbox 2676 3017 3083 3084; x_wconf 89' lang='lat' dir='ltr'><strong>manducarent,</strong></span> <span class='ocrx_word' id='word_1_757' title='bbox 3118 3020 3261 3088; x_wconf 89' lang='lat' dir='ltr'><strong>ipsos</strong></span> <span class='ocrx_word' id='word_1_758' title='bbox 3288 3034 3410 3074; x_wconf 89' lang='lat' dir='ltr'><strong>esse</strong></span> <span class='ocrx_word' id='word_1_759' title='bbox 3442 3029 3615 3073; x_wconf 90' lang='lat' dir='ltr'><strong>trans-</strong></span> 
     </span>
    </p>
   </div>
   <div class='ocr_carea' id='block_1_93' title="bbox 2029 3107 3614 3182">
    <p class='ocr_par' dir='ltr' id='par_1_93' title="bbox 2029 3107 3614 3182">
     <span class='ocr_line' id='line_1_93' title="bbox 2029 3107 3614 3182; baseline 0.003 -20"><span class='ocrx_word' id='word_1_760' title='bbox 2029 3123 2306 3180; x_wconf 88' lang='lat' dir='ltr'><strong>gressores</strong></span> <span class='ocrx_word' id='word_1_761' title='bbox 2350 3107 2768 3177; x_wconf 86' lang='lat' dir='ltr'><strong>comprobabat,</strong></span> <span class='ocrx_word' id='word_1_762' title='bbox 2799 3117 2852 3164; x_wconf 90' lang='lat' dir='ltr'><strong>et</strong></span> <span class='ocrx_word' id='word_1_763' title='bbox 2893 3126 3011 3164; x_wconf 91' lang='lat' dir='ltr'><strong>cum</strong></span> <span class='ocrx_word' id='word_1_764' title='bbox 3052 3109 3118 3165; x_wconf 90' lang='lat' dir='ltr'><strong>de</strong></span> <span class='ocrx_word' id='word_1_765' title='bbox 3159 3109 3419 3178; x_wconf 87' lang='lat' dir='ltr'><strong>sabbato,</strong></span> <span class='ocrx_word' id='word_1_766' title='bbox 3454 3121 3614 3182; x_wconf 88' lang='lat' dir='ltr'><strong>atque</strong></span> 
     </span>
    </p>
   </div>
   <div class='ocr_carea' id='block_1_94' title="bbox 2031 3197 3615 3270">
    <p class='ocr_par' dir='ltr' id='par_1_94' title="bbox 2031 3197 3615 3270">
     <span class='ocr_line' id='line_1_94' title="bbox 2031 3197 3615 3270; baseline 0.001 -18"><span class='ocrx_word' id='word_1_767' title='bbox 2031 3199 2256 3268; x_wconf 89' lang='lat' dir='ltr'><strong>ubique,</strong></span> <span class='ocrx_word' id='word_1_768' title='bbox 2299 3208 2354 3252; x_wconf 92' lang='lat' dir='ltr'><strong>ut</strong></span> <span class='ocrx_word' id='word_1_769' title='bbox 2398 3197 2500 3252; x_wconf 92' lang='lat' dir='ltr'><strong>hoc</strong></span> <span class='ocrx_word' id='word_1_770' title='bbox 2540 3197 2677 3253; x_wconf 91' lang='lat' dir='ltr'><strong>loco.</strong></span> <span class='ocrx_word' id='word_1_771' title='bbox 2729 3197 2928 3254; x_wconf 90' lang='lat' dir='ltr'><strong>Deinde</strong></span> <span class='ocrx_word' id='word_1_772' title='bbox 2967 3200 3088 3269; x_wconf 89' lang='lat' dir='ltr'><strong>quia</strong></span> <span class='ocrx_word' id='word_1_773' title='bbox 3137 3199 3187 3253; x_wconf 90' lang='lat' dir='ltr'><strong>id</strong></span> <span class='ocrx_word' id='word_1_774' title='bbox 3230 3199 3367 3270; x_wconf 88' lang='lat' dir='ltr'><strong>quod</strong></span> <span class='ocrx_word' id='word_1_775' title='bbox 3408 3199 3615 3255; x_wconf 81' lang='lat' dir='ltr'><strong>dixerat</strong></span> 
     </span>
    </p>
   </div>
   <div class='ocr_carea' id='block_1_95' title="bbox 2030 3289 3614 3360">
    <p class='ocr_par' dir='ltr' id='par_1_95' title="bbox 2030 3289 3614 3360">
     <span class='ocr_line' id='line_1_95' title="bbox 2030 3289 3614 3360; baseline 0.003 -18"><span class='ocrx_word' id='word_1_776' title='bbox 2030 3304 2315 3344; x_wconf 88' lang='lat' dir='ltr'><strong>onerosum</strong></span> <span class='ocrx_word' id='word_1_777' title='bbox 2342 3298 2474 3355; x_wconf 88' lang='lat' dir='ltr'><strong>erat,</strong></span> <span class='ocrx_word' id='word_1_778' title='bbox 2504 3289 2892 3360; x_wconf 88' lang='lat' dir='ltr'><strong>admodumque</strong></span> <span class='ocrx_word' id='word_1_779' title='bbox 2933 3289 3050 3344; x_wconf 90' lang='lat' dir='ltr'><strong>illos</strong></span> <span class='ocrx_word' id='word_1_780' title='bbox 3076 3291 3345 3360; x_wconf 88' lang='lat' dir='ltr'><strong>carpebat,</strong></span> <span class='ocrx_word' id='word_1_781' title='bbox 3373 3292 3438 3346; x_wconf 88' lang='lat' dir='ltr'><strong>ad</strong></span> <span class='ocrx_word' id='word_1_782' title='bbox 3464 3301 3614 3347; x_wconf 89' lang='lat' dir='ltr'><strong>vete-</strong></span> 
     </span>
    </p>
   </div>
   <div class='ocr_carea' id='block_1_96' title="bbox 2031 3379 3615 3454">
    <p class='ocr_par' dir='ltr' id='par_1_96' title="bbox 2031 3379 3615 3454">
     <span class='ocr_line' id='line_1_96' title="bbox 2031 3379 3615 3454; baseline 0.002 -20"><span class='ocrx_word' id='word_1_783' title='bbox 2031 3395 2142 3434; x_wconf 89' lang='lat' dir='ltr'><strong>rem</strong></span> <span class='ocrx_word' id='word_1_784' title='bbox 2174 3395 2358 3434; x_wconf 87' lang='lat' dir='ltr'><strong>rursus</strong></span> <span class='ocrx_word' id='word_1_785' title='bbox 2388 3379 2554 3449; x_wconf 83' lang='lat' dir='ltr'><strong>legem</strong></span> <span class='ocrx_word' id='word_1_786' title='bbox 2587 3395 2887 3435; x_wconf 89' lang='lat' dir='ltr'><strong>sermonem</strong></span> <span class='ocrx_word' id='word_1_787' title='bbox 2916 3381 3022 3434; x_wconf 90' lang='lat' dir='ltr'><strong>eito</strong></span> <span class='ocrx_word' id='word_1_788' title='bbox 3055 3381 3340 3448; x_wconf 89' lang='lat' dir='ltr'><strong>transfert,</strong></span> <span class='ocrx_word' id='word_1_789' title='bbox 3370 3392 3615 3454; x_wconf 88' lang='lat' dir='ltr'><strong>repetens</strong></span> 
     </span>
    </p>
   </div>
   <div class='ocr_carea' id='block_1_97' title="bbox 2031 3470 3615 3542">
    <p class='ocr_par' dir='ltr' id='par_1_97' title="bbox 2031 3470 3615 3542">
     <span class='ocr_line' id='line_1_97' title="bbox 2031 3470 3615 3542; baseline 0.001 -17"><span class='ocrx_word' id='word_1_790' title='bbox 2031 3470 2083 3530; x_wconf 91' lang='lat' dir='ltr'><strong>id</strong></span> <span class='ocrx_word' id='word_1_791' title='bbox 2115 3471 2254 3540; x_wconf 89' lang='lat' dir='ltr'><strong>quod</strong></span> <span class='ocrx_word' id='word_1_792' title='bbox 2293 3486 2453 3540; x_wconf 87' lang='lat' dir='ltr'><strong>supra</strong></span> <span class='ocrx_word' id='word_1_793' title='bbox 2484 3470 2654 3524; x_wconf 78' lang='lat' dir='ltr'><strong>dixit:</strong></span> <span class='ocrx_word' id='word_1_794' title='bbox 2685 3470 2727 3522; x_wconf 83' lang='grc' dir='ltr'><em>Α</em></span> <span class='ocrx_word' id='word_1_795' title='bbox 2765 3471 3015 3541; x_wconf 82' lang='lat' dir='ltr'><strong>principio</strong></span> <span class='ocrx_word' id='word_1_796' title='bbox 3056 3482 3220 3524; x_wconf 85' lang='lat' dir='ltr'><strong>autem</strong></span> <span class='ocrx_word' id='word_1_797' title='bbox 3251 3488 3350 3526; x_wconf 87' lang='lat' dir='ltr'><strong>non</strong></span> <span class='ocrx_word' id='word_1_798' title='bbox 3380 3472 3475 3542; x_wconf 89' lang='lat' dir='ltr'><strong>fuit</strong></span> <span class='ocrx_word' id='word_1_799' title='bbox 3503 3473 3615 3538; x_wconf 87' lang='lat' dir='ltr'><strong>sic;</strong></span> 
     </span>
    </p>
   </div>
   <div class='ocr_carea' id='block_1_98' title="bbox 2032 3563 3616 3633">
    <p class='ocr_par' dir='ltr' id='par_1_98' title="bbox 2032 3563 3616 3633">
     <span class='ocr_line' id='line_1_98' title="bbox 2032 3563 3616 3633; baseline -0.002 -14"><span class='ocrx_word' id='word_1_800' title='bbox 2032 3563 2082 3619; x_wconf 91' lang='lat' dir='ltr'><strong>id</strong></span> <span class='ocrx_word' id='word_1_801' title='bbox 2114 3571 2230 3629; x_wconf 91' lang='lat' dir='ltr'><strong>est,</strong></span> <span class='ocrx_word' id='word_1_802' title='bbox 2263 3579 2326 3618; x_wconf 79' lang='lat' dir='ltr'><strong>ex</strong></span> <span class='ocrx_word' id='word_1_803' title='bbox 2356 3563 2514 3617; x_wconf 89' lang='lat' dir='ltr'><strong>rebus</strong></span> <span class='ocrx_word' id='word_1_804' title='bbox 2540 3563 2668 3632; x_wconf 85' lang='lat' dir='ltr'><strong>ipsis</strong></span> <span class='ocrx_word' id='word_1_805' title='bbox 2697 3563 2962 3616; x_wconf 90' lang='lat' dir='ltr'><strong>contraria</strong></span> <span class='ocrx_word' id='word_1_806' title='bbox 2995 3563 3134 3620; x_wconf 85' lang='lat' dir='ltr'><strong>Deus</strong></span> <span class='ocrx_word' id='word_1_807' title='bbox 3163 3579 3189 3615; x_wconf 89' lang='lat' dir='ltr'><strong>a</strong></span> <span class='ocrx_word' id='word_1_808' title='bbox 3222 3563 3479 3633; x_wconf 86' lang='lat' dir='ltr'><strong>principio</strong></span> <span class='ocrx_word' id='word_1_809' title='bbox 3506 3571 3616 3616; x_wconf 84' lang='lat' dir='ltr'><strong>sta-</strong></span> 
     </span>
    </p>
   </div>
   <div class='ocr_carea' id='block_1_99' title="bbox 2033 3654 3618 3725">
    <p class='ocr_par' dir='ltr' id='par_1_99' title="bbox 2033 3654 3618 3725">
     <span class='ocr_line' id='line_1_99' title="bbox 2033 3654 3618 3725; baseline -0.002 -15"><span class='ocrx_word' id='word_1_810' title='bbox 2033 3657 2148 3712; x_wconf 85' lang='lat' dir='ltr'><strong>tuit.</strong></span> <span class='ocrx_word' id='word_1_811' title='bbox 2189 3655 2267 3712; x_wconf 88' lang='lat' dir='ltr'><strong>Ne</strong></span> <span class='ocrx_word' id='word_1_812' title='bbox 2309 3656 2546 3710; x_wconf 91' lang='lat' dir='ltr'><strong>dicerent</strong></span> <span class='ocrx_word' id='word_1_813' title='bbox 2582 3656 2722 3709; x_wconf 90' lang='lat' dir='ltr'><strong>enim</strong></span> <span class='ocrx_word' id='word_1_814' title='bbox 2759 3668 2772 3708; x_wconf 90' lang='lat'>:</span> <span class='ocrx_word' id='word_1_815' title='bbox 2803 3654 2956 3710; x_wconf 90' lang='lat' dir='ltr'><strong>Unde</strong></span> <span class='ocrx_word' id='word_1_816' title='bbox 3001 3656 3170 3725; x_wconf 88' lang='lat' dir='ltr'><strong>palam</strong></span> <span class='ocrx_word' id='word_1_817' title='bbox 3219 3656 3370 3710; x_wconf 90' lang='lat' dir='ltr'><strong>nobis</strong></span> <span class='ocrx_word' id='word_1_818' title='bbox 3410 3656 3512 3710; x_wconf 90' lang='lat' dir='ltr'><strong>erit</strong></span> <span class='ocrx_word' id='word_1_819' title='bbox 3549 3655 3618 3709; x_wconf 92' lang='lat' dir='ltr'><strong>oh</strong></span> 
     </span>
    </p>
   </div>
   <div class='ocr_carea' id='block_1_100' title="bbox 2033 3747 3616 3818">
    <p class='ocr_par' dir='ltr' id='par_1_100' title="bbox 2033 3747 3616 3818">
     <span class='ocr_line' id='line_1_100' title="bbox 2033 3747 3616 3818; baseline 0 -16"><span class='ocrx_word' id='word_1_820' title='bbox 2033 3749 2279 3804; x_wconf 89' lang='lat' dir='ltr'><strong>duritiam</strong></span> <span class='ocrx_word' id='word_1_821' title='bbox 2326 3756 2559 3802; x_wconf 82' lang='lat' dir='ltr'><strong>nostram</strong></span> <span class='ocrx_word' id='word_1_822' title='bbox 2609 3749 2709 3802; x_wconf 90' lang='lat' dir='ltr'><strong>hoc</strong></span> <span class='ocrx_word' id='word_1_823' title='bbox 2752 3747 2951 3802; x_wconf 78' lang='lat' dir='ltr'><strong>dixisse</strong></span> <span class='ocrx_word' id='word_1_824' title='bbox 2997 3748 3275 3818; x_wconf 78' lang='lat' dir='ltr'><strong>Moysem?</strong></span> <span class='ocrx_word' id='word_1_825' title='bbox 3328 3749 3449 3802; x_wconf 92' lang='lat' dir='ltr'><strong>hinc</strong></span> <span class='ocrx_word' id='word_1_826' title='bbox 3497 3749 3616 3802; x_wconf 90' lang='lat' dir='ltr'><strong>illos</strong></span> 
     </span>
    </p>
   </div>
   <div class='ocr_carea' id='block_1_101' title="bbox 2033 3838 3616 3908">
    <p class='ocr_par' dir='ltr' id='par_1_101' title="bbox 2033 3838 3616 3908">
     <span class='ocr_line' id='line_1_101' title="bbox 2033 3838 3616 3908; baseline -0.001 -14"><span class='ocrx_word' id='word_1_827' title='bbox 2033 3855 2245 3894; x_wconf 88' lang='lat' dir='ltr'><strong>rursum</strong></span> <span class='ocrx_word' id='word_1_828' title='bbox 2275 3839 2594 3908; x_wconf 83' lang='lat' dir='ltr'><strong>comprimit.</strong></span> <span class='ocrx_word' id='word_1_829' title='bbox 2629 3838 2759 3892; x_wconf 87' lang='lat' dir='ltr'><strong>Nam</strong></span> <span class='ocrx_word' id='word_1_830' title='bbox 2801 3840 2844 3892; x_wconf 88' lang='lat' dir='ltr'><strong>si</strong></span> <span class='ocrx_word' id='word_1_831' title='bbox 2885 3839 2999 3892; x_wconf 64' lang='lat' dir='ltr'><strong>hate</strong></span> <span class='ocrx_word' id='word_1_832' title='bbox 3039 3840 3119 3892; x_wconf 81' lang='lat' dir='ltr'><strong>lex</strong></span> <span class='ocrx_word' id='word_1_833' title='bbox 3154 3839 3414 3907; x_wconf 69' lang='lat' dir='ltr'><strong>prmeipua</strong></span> <span class='ocrx_word' id='word_1_834' title='bbox 3445 3839 3616 3892; x_wconf 84' lang='lat' dir='ltr'><strong>utilis-</strong></span> 
     </span>
    </p>
   </div>
   <div class='ocr_carea' id='block_1_102' title="bbox 2032 3927 3617 3999">
    <p class='ocr_par' dir='ltr' id='par_1_102' title="bbox 2032 3927 3617 3999">
     <span class='ocr_line' id='line_1_102' title="bbox 2032 3927 3617 3999; baseline -0.001 -16"><span class='ocrx_word' id='word_1_835' title='bbox 2032 3945 2136 3999; x_wconf 90' lang='lat' dir='ltr'><strong>que</strong></span> <span class='ocrx_word' id='word_1_836' title='bbox 2166 3929 2369 3993; x_wconf 81' lang='lat' dir='ltr'><strong>fuisset,</strong></span> <span class='ocrx_word' id='word_1_837' title='bbox 2401 3946 2503 3981; x_wconf 89' lang='lat' dir='ltr'><strong>non</strong></span> <span class='ocrx_word' id='word_1_838' title='bbox 2536 3928 2623 3981; x_wconf 88' lang='lat' dir='ltr'><strong>illa</strong></span> <span class='ocrx_word' id='word_1_839' title='bbox 2650 3928 2751 3981; x_wconf 89' lang='lat' dir='ltr'><strong>alia</strong></span> <span class='ocrx_word' id='word_1_840' title='bbox 2777 3943 2803 3979; x_wconf 91' lang='lat' dir='ltr'><strong>a</strong></span> <span class='ocrx_word' id='word_1_841' title='bbox 2837 3928 3094 3996; x_wconf 86' lang='lat' dir='ltr'><strong>principio</strong></span> <span class='ocrx_word' id='word_1_842' title='bbox 3123 3927 3241 3980; x_wconf 87' lang='lat' dir='ltr'><strong>data</strong></span> <span class='ocrx_word' id='word_1_843' title='bbox 3271 3927 3452 3982; x_wconf 86' lang='lat' dir='ltr'><strong>fuisset</strong></span> <span class='ocrx_word' id='word_1_844' title='bbox 3479 3945 3492 3980; x_wconf 88' lang='lat'><strong>:</strong></span> <span class='ocrx_word' id='word_1_845' title='bbox 3517 3944 3617 3982; x_wconf 88' lang='lat' dir='ltr'><strong>nee</strong></span> 
     </span>
    </p>
   </div>
   <div class='ocr_carea' id='block_1_103' title="bbox 2035 4019 3618 4092">
    <p class='ocr_par' dir='ltr' id='par_1_103' title="bbox 2035 4019 3618 4092">
     <span class='ocr_line' id='line_1_103' title="bbox 2035 4019 3618 4092; baseline -0.002 -17"><span class='ocrx_word' id='word_1_846' title='bbox 2035 4024 2110 4075; x_wconf 90' lang='lat' dir='ltr'><strong>sic</strong></span> <span class='ocrx_word' id='word_1_847' title='bbox 2135 4022 2471 4076; x_wconf 78' lang='lat' dir='ltr'><strong>etformasset</strong></span> <span class='ocrx_word' id='word_1_848' title='bbox 2505 4021 2663 4085; x_wconf 90' lang='lat' dir='ltr'><strong>Deus,</strong></span> <span class='ocrx_word' id='word_1_849' title='bbox 2698 4035 2868 4090; x_wconf 91' lang='lat' dir='ltr'><strong>neque</strong></span> <span class='ocrx_word' id='word_1_850' title='bbox 2895 4019 3016 4074; x_wconf 89' lang='lat' dir='ltr'><strong>talia</strong></span> <span class='ocrx_word' id='word_1_851' title='bbox 3043 4021 3244 4074; x_wconf 88' lang='lat' dir='ltr'><strong>diceret</strong></span> <span class='ocrx_word' id='word_1_852' title='bbox 3272 4038 3284 4074; x_wconf 94' lang='lat'>:</span> <span class='ocrx_word' id='word_1_853' title='bbox 3313 4021 3365 4075; x_wconf 93' lang='lat'><strong>9.</strong></span> <span class='ocrx_word' id='word_1_854' title='bbox 3398 4020 3504 4092; x_wconf 84' lang='lat' dir='ltr'><strong>Ego</strong></span> <span class='ocrx_word' id='word_1_855' title='bbox 3525 4036 3618 4072; x_wconf 85' lang='lat' dir='ltr'><strong>au-</strong></span> 
     </span>
    </p>
   </div>
   <div class='ocr_carea' id='block_1_104' title="bbox 2036 4113 3615 4181">
    <p class='ocr_par' dir='ltr' id='par_1_104' title="bbox 2036 4113 3615 4181">
     <span class='ocr_line' id='line_1_104' title="bbox 2036 4113 3615 4181; baseline -0.003 -14"><span class='ocrx_word' id='word_1_856' title='bbox 2036 4127 2132 4168; x_wconf 84' lang='lat' dir='ltr'><strong>tent</strong></span> <span class='ocrx_word' id='word_1_857' title='bbox 2155 4115 2266 4168; x_wconf 88' lang='lat' dir='ltr'><strong>dico</strong></span> <span class='ocrx_word' id='word_1_858' title='bbox 2295 4115 2450 4179; x_wconf 72' lang='lat' dir='ltr'><strong>vobis,</strong></span> <span class='ocrx_word' id='word_1_859' title='bbox 2479 4115 2595 4181; x_wconf 81' lang='lat' dir='ltr'><strong>quia</strong></span> <span class='ocrx_word' id='word_1_860' title='bbox 2622 4113 2921 4180; x_wconf 85' lang='lat' dir='ltr'><strong>quicumque</strong></span> <span class='ocrx_word' id='word_1_861' title='bbox 2946 4113 3192 4166; x_wconf 84' lang='lat' dir='ltr'><strong>dimiserit</strong></span> <span class='ocrx_word' id='word_1_862' title='bbox 3215 4129 3423 4167; x_wconf 79' lang='lat' dir='ltr'><strong>uxorem</strong></span> <span class='ocrx_word' id='word_1_863' title='bbox 3451 4128 3615 4172; x_wconf 85' lang='lat' dir='ltr'><strong>suam,</strong></span> 
     </span>
    </p>
   </div>
   <div class='ocr_carea' id='block_1_105' title="bbox 2035 4203 3615 4275">
    <p class='ocr_par' dir='ltr' id='par_1_105' title="bbox 2035 4203 3615 4275">
     <span class='ocr_line' id='line_1_105' title="bbox 2035 4203 3615 4275; baseline -0.002 -17"><span class='ocrx_word' id='word_1_864' title='bbox 2035 4223 2240 4275; x_wconf 64' lang='grc' dir='ltr'><strong>ατί-θρα(</strong></span> <span class='ocrx_word' id='word_1_865' title='bbox 2261 4222 2410 4257; x_wconf 82' lang='lat' dir='ltr'><strong>causa</strong></span> <span class='ocrx_word' id='word_1_866' title='bbox 2436 4203 2797 4275; x_wconf 73' lang='lat' dir='ltr'><strong>fornicationis,</strong></span> <span class='ocrx_word' id='word_1_867' title='bbox 2826 4214 2873 4258; x_wconf 89' lang='lat' dir='ltr'><strong>et</strong></span> <span class='ocrx_word' id='word_1_868' title='bbox 2901 4203 3053 4256; x_wconf 88' lang='lat' dir='ltr'><strong>aliam</strong></span> <span class='ocrx_word' id='word_1_869' title='bbox 3077 4204 3294 4268; x_wconf 71' lang='lat' dir='ltr'><strong>duxerit,</strong></span> <span class='ocrx_word' id='word_1_870' title='bbox 3322 4203 3615 4257; x_wconf 81' lang='lat' dir='ltr'><strong>nuecftatur.</strong></span> 
     </span>
    </p>
   </div>
   <div class='ocr_carea' id='block_1_106' title="bbox 2038 4294 3620 4368">
    <p class='ocr_par' dir='ltr' id='par_1_106' title="bbox 2038 4294 3620 4368">
     <span class='ocr_line' id='line_1_106' title="bbox 2038 4294 3620 4368; baseline -0.003 -17"><span class='ocrx_word' id='word_1_871' title='bbox 2038 4297 2320 4368; x_wconf 88' lang='lat' dir='ltr'><strong>Postquam</strong></span> <span class='ocrx_word' id='word_1_872' title='bbox 2344 4297 2462 4351; x_wconf 92' lang='lat' dir='ltr'><strong>illos</strong></span> <span class='ocrx_word' id='word_1_873' title='bbox 2483 4297 2548 4351; x_wconf 90' lang='lat' dir='ltr'><strong>ad</strong></span> <span class='ocrx_word' id='word_1_874' title='bbox 2573 4296 2840 4350; x_wconf 89' lang='lat' dir='ltr'><strong>silentium</strong></span> <span class='ocrx_word' id='word_1_875' title='bbox 2865 4295 3137 4364; x_wconf 87' lang='lat' dir='ltr'><strong>compulit,</strong></span> <span class='ocrx_word' id='word_1_876' title='bbox 3161 4310 3282 4348; x_wconf 90' lang='lat' dir='ltr'><strong>cum</strong></span> <span class='ocrx_word' id='word_1_877' title='bbox 3305 4294 3620 4348; x_wconf 84' lang='lat' dir='ltr'><strong>auctoritate</strong></span> 
     </span>
    </p>
   </div>
   <div class='ocr_carea' id='block_1_107' title="bbox 2039 4386 3620 4461">
    <p class='ocr_par' dir='ltr' id='par_1_107' title="bbox 2039 4386 3620 4461">
     <span class='ocr_line' id='line_1_107' title="bbox 2039 4386 3620 4461; baseline -0.002 -17"><span class='ocrx_word' id='word_1_878' title='bbox 2039 4390 2206 4461; x_wconf 84' lang='lat' dir='ltr'><strong>legem</strong></span> <span class='ocrx_word' id='word_1_879' title='bbox 2230 4391 2432 4456; x_wconf 89' lang='lat' dir='ltr'><strong>statuit,</strong></span> <span class='ocrx_word' id='word_1_880' title='bbox 2463 4399 2515 4442; x_wconf 92' lang='lat' dir='ltr'><strong>ut</strong></span> <span class='ocrx_word' id='word_1_881' title='bbox 2541 4405 2661 4444; x_wconf 90' lang='lat' dir='ltr'><strong>cum</strong></span> <span class='ocrx_word' id='word_1_882' title='bbox 2687 4389 2752 4445; x_wconf 82' lang='lat' dir='ltr'><strong>de</strong></span> <span class='ocrx_word' id='word_1_883' title='bbox 2772 4388 2926 4453; x_wconf 89' lang='lat' dir='ltr'><strong>cibis,</strong></span> <span class='ocrx_word' id='word_1_884' title='bbox 2951 4397 3004 4442; x_wconf 90' lang='lat' dir='ltr'><strong>et</strong></span> <span class='ocrx_word' id='word_1_885' title='bbox 3027 4403 3148 4442; x_wconf 89' lang='lat' dir='ltr'><strong>eum</strong></span> <span class='ocrx_word' id='word_1_886' title='bbox 3170 4387 3237 4441; x_wconf 89' lang='lat' dir='ltr'><strong>de</strong></span> <span class='ocrx_word' id='word_1_887' title='bbox 3257 4386 3476 4442; x_wconf 89' lang='lat' dir='ltr'><strong>sabbato</strong></span> <span class='ocrx_word' id='word_1_888' title='bbox 3497 4402 3620 4456; x_wconf 81' lang='lat' dir='ltr'><strong>age-</strong></span> 
     </span>
    </p>
   </div>
   <div class='ocr_carea' id='block_1_108' title="bbox 2038 4477 3616 4549">
    <p class='ocr_par' dir='ltr' id='par_1_108' title="bbox 2038 4477 3616 4549">
     <span class='ocr_line' id='line_1_108' title="bbox 2038 4477 3616 4549; baseline -0.006 -12"><span class='ocrx_word' id='word_1_889' title='bbox 2038 4491 2139 4537; x_wconf 90' lang='lat' dir='ltr'><strong>ret.</strong></span> <span class='ocrx_word' id='word_1_890' title='bbox 2171 4481 2300 4535; x_wconf 88' lang='lat' dir='ltr'><strong>Nam</strong></span> <span class='ocrx_word' id='word_1_891' title='bbox 2329 4482 2395 4536; x_wconf 91' lang='lat' dir='ltr'><strong>de</strong></span> <span class='ocrx_word' id='word_1_892' title='bbox 2425 4481 2557 4536; x_wconf 91' lang='lat' dir='ltr'><strong>cibis</strong></span> <span class='ocrx_word' id='word_1_893' title='bbox 2577 4521 2590 4543; x_wconf 94' lang='lat'><strong>,</strong></span> <span class='ocrx_word' id='word_1_894' title='bbox 2623 4491 2902 4549; x_wconf 89' lang='lat' dir='ltr'><strong>postquam</strong></span> <span class='ocrx_word' id='word_1_895' title='bbox 2933 4478 3050 4532; x_wconf 91' lang='lat' dir='ltr'><strong>illos</strong></span> <span class='ocrx_word' id='word_1_896' title='bbox 3075 4477 3471 4542; x_wconf 77' lang='lat' dir='ltr'><strong>confutaverat,</strong></span> <span class='ocrx_word' id='word_1_897' title='bbox 3499 4493 3616 4532; x_wconf 89' lang='lat' dir='ltr'><strong>cum</strong></span> 
     </span>
    </p>
   </div>
   <div class='ocr_carea' id='block_1_109' title="bbox 2039 4567 3620 4638">
    <p class='ocr_par' dir='ltr' id='par_1_109' title="bbox 2039 4567 3620 4638">
     <span class='ocr_line' id='line_1_109' title="bbox 2039 4567 3620 4638; baseline -0.005 -10"><span class='ocrx_word' id='word_1_898' title='bbox 2039 4575 2210 4629; x_wconf 89' lang='lat' dir='ltr'><strong>turbis</strong></span> <span class='ocrx_word' id='word_1_899' title='bbox 2239 4573 2502 4636; x_wconf 89' lang='lat' dir='ltr'><strong>disseruit,</strong></span> <span class='ocrx_word' id='word_1_900' title='bbox 2535 4572 2737 4635; x_wconf 86' lang='lat' dir='ltr'><strong>dicens,</strong></span> <span class='ocrx_word' id='word_1_901' title='bbox 2772 4587 2876 4624; x_wconf 90' lang='lat' dir='ltr'><strong>non</strong></span> <span class='ocrx_word' id='word_1_902' title='bbox 2907 4569 2955 4622; x_wconf 89' lang='lat' dir='ltr'><strong>id</strong></span> <span class='ocrx_word' id='word_1_903' title='bbox 2985 4569 3125 4638; x_wconf 89' lang='lat' dir='ltr'><strong>quod</strong></span> <span class='ocrx_word' id='word_1_904' title='bbox 3155 4569 3448 4638; x_wconf 85' lang='lat' dir='ltr'><strong>ingreditur</strong></span> <span class='ocrx_word' id='word_1_905' title='bbox 3473 4567 3620 4621; x_wconf 79' lang='lat' dir='ltr'><strong>eoin-</strong></span> 
     </span>
    </p>
   </div>
   <div class='ocr_carea' id='block_1_110' title="bbox 2039 4658 3618 4736">
    <p class='ocr_par' dir='ltr' id='par_1_110' title="bbox 2039 4658 3618 4736">
     <span class='ocr_line' id='line_1_110' title="bbox 2039 4658 3618 4736; baseline -0.006 -17"><span class='ocrx_word' id='word_1_906' title='bbox 2039 4667 2260 4736; x_wconf 86' lang='lat' dir='ltr'><strong>quinare</strong></span> <span class='ocrx_word' id='word_1_907' title='bbox 2279 4663 2547 4718; x_wconf 90' lang='lat' dir='ltr'><strong>hominem</strong></span> <span class='ocrx_word' id='word_1_908' title='bbox 2571 4661 2783 4729; x_wconf 80' lang='lat' dir='ltr'><strong>(Matth.</strong></span> <span class='ocrx_word' id='word_1_909' title='bbox 2811 4661 2894 4714; x_wconf 82' lang='lat' dir='ltr'><strong>l5.</strong></span> <span class='ocrx_word' id='word_1_910' title='bbox 2921 4658 3008 4727; x_wconf 81' lang='lat' dir='ltr'><strong>ll)</strong></span> <span class='ocrx_word' id='word_1_911' title='bbox 3029 4675 3044 4724; x_wconf 92' lang='lat'><strong>;</strong></span> <span class='ocrx_word' id='word_1_912' title='bbox 3069 4669 3122 4712; x_wconf 90' lang='lat' dir='ltr'><strong>et</strong></span> <span class='ocrx_word' id='word_1_913' title='bbox 3146 4658 3211 4712; x_wconf 92' lang='lat' dir='ltr'><strong>de</strong></span> <span class='ocrx_word' id='word_1_914' title='bbox 3233 4658 3471 4722; x_wconf 90' lang='lat' dir='ltr'><strong>sabbato,</strong></span> <span class='ocrx_word' id='word_1_915' title='bbox 3497 4671 3618 4711; x_wconf 87' lang='lat' dir='ltr'><strong>cum</strong></span> 
     </span>
    </p>
   </div>
   <div class='ocr_carea' id='block_1_111' title="bbox 2042 4745 3622 4818">
    <p class='ocr_par' dir='ltr' id='par_1_111' title="bbox 2042 4745 3622 4818">
     <span class='ocr_line' id='line_1_111' title="bbox 2042 4745 3622 4818; baseline -0.008 -9"><span class='ocrx_word' id='word_1_916' title='bbox 2042 4757 2158 4810; x_wconf 92' lang='lat' dir='ltr'><strong>illos</strong></span> <span class='ocrx_word' id='word_1_917' title='bbox 2187 4754 2583 4818; x_wconf 89' lang='lat' dir='ltr'><strong>confutavisset,</strong></span> <span class='ocrx_word' id='word_1_918' title='bbox 2614 4751 2739 4805; x_wconf 91' lang='lat' dir='ltr'><strong>dicit</strong></span> <span class='ocrx_word' id='word_1_919' title='bbox 2777 4768 2789 4802; x_wconf 91' lang='lat'>:</span> <span class='ocrx_word' id='word_1_920' title='bbox 2817 4748 3000 4818; x_wconf 82' lang='lat' dir='ltr'><strong>Itaque</strong></span> <span class='ocrx_word' id='word_1_921' title='bbox 3028 4749 3139 4802; x_wconf 84' lang='lat' dir='ltr'><strong>licet</strong></span> <span class='ocrx_word' id='word_1_922' title='bbox 3166 4750 3217 4801; x_wconf 88' lang='lat' dir='ltr'><strong>in</strong></span> <span class='ocrx_word' id='word_1_923' title='bbox 3243 4747 3445 4802; x_wconf 80' lang='lat' dir='ltr'><strong>sabbato</strong></span> <span class='ocrx_word' id='word_1_924' title='bbox 3473 4745 3622 4799; x_wconf 79' lang='lat' dir='ltr'><strong>bene-</strong></span> 
     </span>
    </p>
   </div>
   <div class='ocr_carea' id='block_1_112' title="bbox 2043 4837 3616 4916">
    <p class='ocr_par' dir='ltr' id='par_1_112' title="bbox 2043 4837 3616 4916">
     <span class='ocr_line' id='line_1_112' title="bbox 2043 4837 3616 4916; baseline -0.007 -16"><span class='ocrx_word' id='word_1_925' title='bbox 2043 4849 2208 4916; x_wconf 84' lang='lat' dir='ltr'><strong>facere</strong></span> <span class='ocrx_word' id='word_1_926' title='bbox 2233 4843 2442 4916; x_wconf 75' lang='lat' dir='ltr'><strong>(Mattlt.</strong></span> <span class='ocrx_word' id='word_1_927' title='bbox 2473 4843 2556 4896; x_wconf 71' lang='grc'><strong>12.</strong></span> <span class='ocrx_word' id='word_1_928' title='bbox 2590 4841 2673 4911; x_wconf 81' lang='grc'><strong>15)</strong></span> <span class='ocrx_word' id='word_1_929' title='bbox 2700 4860 2711 4894; x_wconf 92' lang='lat'>:</span> <span class='ocrx_word' id='word_1_930' title='bbox 2744 4840 2829 4895; x_wconf 85' lang='lat' dir='ltr'><strong>hic</strong></span> <span class='ocrx_word' id='word_1_931' title='bbox 2859 4855 3068 4909; x_wconf 89' lang='lat' dir='ltr'><strong>quoque</strong></span> <span class='ocrx_word' id='word_1_932' title='bbox 3090 4839 3276 4894; x_wconf 68' lang='lat' dir='ltr'><strong>eodem</strong></span> <span class='ocrx_word' id='word_1_933' title='bbox 3303 4837 3482 4892; x_wconf 90' lang='lat' dir='ltr'><strong>modo.</strong></span> <span class='ocrx_word' id='word_1_934' title='bbox 3512 4837 3616 4890; x_wconf 88' lang='lat' dir='ltr'><strong>Sed</strong></span> 
     </span>
    </p>
   </div>
   <div class='ocr_carea' id='block_1_113' title="bbox 2041 4929 3620 5007">
    <p class='ocr_par' dir='ltr' id='par_1_113' title="bbox 2041 4929 3620 5007">
     <span class='ocr_line' id='line_1_113' title="bbox 2041 4929 3620 5007; baseline -0.005 -17"><span class='ocrx_word' id='word_1_935' title='bbox 2041 4937 2181 5007; x_wconf 90' lang='lat' dir='ltr'><strong>quod</strong></span> <span class='ocrx_word' id='word_1_936' title='bbox 2228 4937 2298 4991; x_wconf 89' lang='lat' dir='ltr'><strong>ibi</strong></span> <span class='ocrx_word' id='word_1_937' title='bbox 2340 4934 2558 4998; x_wconf 82' lang='lat' dir='ltr'><strong>accidit,</strong></span> <span class='ocrx_word' id='word_1_938' title='bbox 2601 4932 2684 4985; x_wconf 90' lang='lat' dir='ltr'><strong>hic</strong></span> <span class='ocrx_word' id='word_1_939' title='bbox 2725 4947 2933 5000; x_wconf 87' lang='lat' dir='ltr'><strong>quoque</strong></span> <span class='ocrx_word' id='word_1_940' title='bbox 2961 4930 3154 4984; x_wconf 78' lang='lat' dir='ltr'><strong>evenit.</strong></span> <span class='ocrx_word' id='word_1_941' title='bbox 3187 4929 3336 4984; x_wconf 86' lang='lat' dir='ltr'><strong>Sicut</strong></span> <span class='ocrx_word' id='word_1_942' title='bbox 3368 4929 3507 4983; x_wconf 89' lang='lat' dir='ltr'><strong>enim</strong></span> <span class='ocrx_word' id='word_1_943' title='bbox 3549 4929 3620 4982; x_wconf 87' lang='lat' dir='ltr'><strong>ibi</strong></span> 
     </span>
    </p>
   </div>
   <div class='ocr_carea' id='block_1_114' title="bbox 2043 5020 3622 5092">
    <p class='ocr_par' dir='ltr' id='par_1_114' title="bbox 2043 5020 3622 5092">
     <span class='ocr_line' id='line_1_114' title="bbox 2043 5020 3622 5092; baseline -0.006 -9"><span class='ocrx_word' id='word_1_944' title='bbox 2043 5028 2240 5083; x_wconf 66' lang='lat' dir='ltr'><strong>JUdiDIS</strong></span> <span class='ocrx_word' id='word_1_945' title='bbox 2268 5024 2529 5089; x_wconf 72' lang='lat' dir='ltr'><strong>refutatis,</strong></span> <span class='ocrx_word' id='word_1_946' title='bbox 2557 5023 2797 5092; x_wconf 67' lang='lat' dir='ltr'><strong>discipuli</strong></span> <span class='ocrx_word' id='word_1_947' title='bbox 2837 5022 3027 5075; x_wconf 89' lang='lat' dir='ltr'><strong>turbati</strong></span> <span class='ocrx_word' id='word_1_948' title='bbox 3059 5030 3201 5087; x_wconf 89' lang='lat' dir='ltr'><strong>sunt,</strong></span> <span class='ocrx_word' id='word_1_949' title='bbox 3230 5030 3285 5076; x_wconf 89' lang='lat' dir='ltr'><strong>et</strong></span> <span class='ocrx_word' id='word_1_950' title='bbox 3309 5020 3622 5075; x_wconf 69' lang='lat' dir='ltr'><strong>accedentes</strong></span> 
     </span>
    </p>
   </div>
   <div class='ocr_carea' id='block_1_115' title="bbox 2043 5113 3623 5184">
    <p class='ocr_par' dir='ltr' id='par_1_115' title="bbox 2043 5113 3623 5184">
     <span class='ocr_line' id='line_1_115' title="bbox 2043 5113 3623 5184; baseline -0.005 -12"><span class='ocrx_word' id='word_1_951' title='bbox 2043 5120 2108 5173; x_wconf 91' lang='lat' dir='ltr'><strong>ad</strong></span> <span class='ocrx_word' id='word_1_952' title='bbox 2134 5135 2253 5174; x_wconf 87' lang='lat' dir='ltr'><strong>eum</strong></span> <span class='ocrx_word' id='word_1_953' title='bbox 2280 5133 2399 5172; x_wconf 89' lang='lat' dir='ltr'><strong>cum</strong></span> <span class='ocrx_word' id='word_1_954' title='bbox 2430 5117 2585 5171; x_wconf 90' lang='lat' dir='ltr'><strong>Petro</strong></span> <span class='ocrx_word' id='word_1_955' title='bbox 2610 5115 2856 5170; x_wconf 82' lang='lat' dir='ltr'><strong>dixerunt</strong></span> <span class='ocrx_word' id='word_1_956' title='bbox 2884 5132 2896 5168; x_wconf 91' lang='lat'>:</span> <span class='ocrx_word' id='word_1_957' title='bbox 2929 5113 3140 5184; x_wconf 75' lang='lat' dir='ltr'><strong>Expone</strong></span> <span class='ocrx_word' id='word_1_958' title='bbox 3164 5113 3304 5168; x_wconf 84' lang='lat' dir='ltr'><strong>nobis</strong></span> <span class='ocrx_word' id='word_1_959' title='bbox 3330 5115 3623 5183; x_wconf 79' lang='lat' dir='ltr'><strong>parabolam</strong></span> 
     </span>
    </p>
   </div>
   <div class='ocr_carea' id='block_1_116' title="bbox 2046 5204 3623 5280">
    <p class='ocr_par' dir='ltr' id='par_1_116' title="bbox 2046 5204 3623 5280">
     <span class='ocr_line' id='line_1_116' title="bbox 2046 5204 3623 5280; baseline -0.005 -15"><span class='ocrx_word' id='word_1_960' title='bbox 2046 5213 2174 5265; x_wconf 78' lang='lat' dir='ltr'><strong>lianc</strong></span> <span class='ocrx_word' id='word_1_961' title='bbox 2203 5209 2427 5280; x_wconf 76' lang='lat' dir='ltr'><strong>(Matth.</strong></span> <span class='ocrx_word' id='word_1_962' title='bbox 2457 5210 2539 5263; x_wconf 84' lang='grc'><strong>15.</strong></span> <span class='ocrx_word' id='word_1_963' title='bbox 2571 5205 2675 5278; x_wconf 82' lang='grc'><strong>’56)</strong></span> <span class='ocrx_word' id='word_1_964' title='bbox 2706 5225 2717 5259; x_wconf 89' lang='lat'>:</span> <span class='ocrx_word' id='word_1_965' title='bbox 2746 5207 2823 5262; x_wconf 92' lang='lat' dir='ltr'><strong>sie</strong></span> <span class='ocrx_word' id='word_1_966' title='bbox 2849 5220 2990 5260; x_wconf 90' lang='lat' dir='ltr'><strong>nunc</strong></span> <span class='ocrx_word' id='word_1_967' title='bbox 3014 5221 3223 5277; x_wconf 89' lang='lat' dir='ltr'><strong>quoque</strong></span> <span class='ocrx_word' id='word_1_968' title='bbox 3253 5205 3443 5259; x_wconf 87' lang='lat' dir='ltr'><strong>turbati</strong></span> <span class='ocrx_word' id='word_1_969' title='bbox 3474 5204 3623 5257; x_wconf 80' lang='lat' dir='ltr'><strong>dice-</strong></span> 
     </span>
    </p>
   </div>
   <div class='ocr_carea' id='block_1_117' title="bbox 2046 5293 3620 5365">
    <p class='ocr_par' dir='ltr' id='par_1_117' title="bbox 2046 5293 3620 5365">
     <span class='ocr_line' id='line_1_117' title="bbox 2046 5293 3620 5365; baseline -0.01 -8"><span class='ocrx_word' id='word_1_970' title='bbox 2046 5303 2173 5357; x_wconf 91' lang='lat' dir='ltr'><strong>bant</strong></span> <span class='ocrx_word' id='word_1_971' title='bbox 2199 5314 2213 5350; x_wconf 84' lang='lat'><strong>:</strong></span> <span class='ocrx_word' id='word_1_972' title='bbox 2244 5301 2329 5355; x_wconf 82' lang='grc'><strong>10.</strong></span> <span class='ocrx_word' id='word_1_973' title='bbox 2360 5301 2418 5355; x_wconf 85' lang='lat' dir='ltr'><strong>Si</strong></span> <span class='ocrx_word' id='word_1_974' title='bbox 2441 5301 2509 5352; x_wconf 91' lang='lat' dir='ltr'><strong>ita</strong></span> <span class='ocrx_word' id='word_1_975' title='bbox 2534 5309 2602 5353; x_wconf 85' lang='lat' dir='ltr'><strong>est</strong></span> <span class='ocrx_word' id='word_1_976' title='bbox 2631 5314 2784 5352; x_wconf 84' lang='lat' dir='ltr'><strong>causa</strong></span> <span class='ocrx_word' id='word_1_977' title='bbox 2807 5297 3043 5361; x_wconf 81' lang='lat' dir='ltr'><strong>hominis,</strong></span> <span class='ocrx_word' id='word_1_978' title='bbox 3075 5296 3272 5365; x_wconf 69' lang='lat' dir='ltr'><strong>inpedit</strong></span> <span class='ocrx_word' id='word_1_979' title='bbox 3295 5310 3393 5347; x_wconf 89' lang='lat' dir='ltr'><strong>non</strong></span> <span class='ocrx_word' id='word_1_980' title='bbox 3418 5293 3620 5346; x_wconf 86' lang='lat' dir='ltr'><strong>nubere.</strong></span> 
     </span>
    </p>
   </div>
   <div class='ocr_carea' id='block_1_118' title="bbox 2047 5383 3620 5459">
    <p class='ocr_par' dir='ltr' id='par_1_118' title="bbox 2047 5383 3620 5459">
     <span class='ocr_line' id='line_1_118' title="bbox 2047 5383 3620 5459; baseline -0.009 -10"><span class='ocrx_word' id='word_1_981' title='bbox 2047 5394 2252 5449; x_wconf 78' lang='lat' dir='ltr'><strong>Etenim</strong></span> <span class='ocrx_word' id='word_1_982' title='bbox 2280 5407 2418 5446; x_wconf 91' lang='lat' dir='ltr'><strong>nunc</strong></span> <span class='ocrx_word' id='word_1_983' title='bbox 2445 5390 2632 5445; x_wconf 90' lang='lat' dir='ltr'><strong>melius</strong></span> <span class='ocrx_word' id='word_1_984' title='bbox 2653 5405 2811 5459; x_wconf 91' lang='lat' dir='ltr'><strong>quam</strong></span> <span class='ocrx_word' id='word_1_985' title='bbox 2832 5398 2984 5442; x_wconf 89' lang='lat' dir='ltr'><strong>antea</strong></span> <span class='ocrx_word' id='word_1_986' title='bbox 3005 5387 3202 5441; x_wconf 83' lang='lat' dir='ltr'><strong>dictum</strong></span> <span class='ocrx_word' id='word_1_987' title='bbox 3224 5383 3620 5440; x_wconf 81' lang='lat' dir='ltr'><strong>intellexerunt.</strong></span> 
     </span>
    </p>
   </div>
   <div class='ocr_carea' id='block_1_119' title="bbox 2049 5476 3625 5554">
    <p class='ocr_par' dir='ltr' id='par_1_119' title="bbox 2049 5476 3625 5554">
     <span class='ocr_line' id='line_1_119' title="bbox 2049 5476 3625 5554; baseline -0.004 -18"><span class='ocrx_word' id='word_1_988' title='bbox 2049 5484 2276 5554; x_wconf 87' lang='lat' dir='ltr'><strong>Ideoque</strong></span> <span class='ocrx_word' id='word_1_989' title='bbox 2305 5492 2427 5536; x_wconf 92' lang='lat' dir='ltr'><strong>tunc</strong></span> <span class='ocrx_word' id='word_1_990' title='bbox 2455 5481 2713 5536; x_wconf 89' lang='lat' dir='ltr'><strong>siluerunt</strong></span> <span class='ocrx_word' id='word_1_991' title='bbox 2738 5498 2752 5542; x_wconf 90' lang='lat'><strong>;</strong></span> <span class='ocrx_word' id='word_1_992' title='bbox 2784 5495 2922 5533; x_wconf 89' lang='lat' dir='ltr'><strong>nunc</strong></span> <span class='ocrx_word' id='word_1_993' title='bbox 2947 5493 3095 5543; x_wconf 83' lang='lat' dir='ltr'><strong>vero,</strong></span> <span class='ocrx_word' id='word_1_994' title='bbox 3126 5476 3247 5547; x_wconf 92' lang='lat' dir='ltr'><strong>quia</strong></span> <span class='ocrx_word' id='word_1_995' title='bbox 3277 5476 3507 5546; x_wconf 85' lang='lat' dir='ltr'><strong>objectio</strong></span> <span class='ocrx_word' id='word_1_996' title='bbox 3533 5490 3625 5530; x_wconf 82' lang='lat' dir='ltr'><strong>te-</strong></span> 
     </span>
    </p>
   </div>
   <div class='ocr_carea' id='block_1_120' title="bbox 2047 5568 3623 5647">
    <p class='ocr_par' dir='ltr' id='par_1_120' title="bbox 2047 5568 3623 5647">
     <span class='ocr_line' id='line_1_120' title="bbox 2047 5568 3623 5647; baseline -0.006 -17"><span class='ocrx_word' id='word_1_997' title='bbox 2047 5577 2368 5647; x_wconf 78' lang='lat' dir='ltr'><strong>sponsioque</strong></span> <span class='ocrx_word' id='word_1_998' title='bbox 2393 5575 2621 5645; x_wconf 92' lang='lat' dir='ltr'><strong>prodiit,</strong></span> <span class='ocrx_word' id='word_1_999' title='bbox 2648 5581 2700 5628; x_wconf 90' lang='lat' dir='ltr'><strong>et</strong></span> <span class='ocrx_word' id='word_1_1000' title='bbox 2732 5571 3073 5641; x_wconf 86' lang='lat' dir='ltr'><strong>interrogatio</strong></span> <span class='ocrx_word' id='word_1_1001' title='bbox 3101 5585 3219 5626; x_wconf 88' lang='lat' dir='ltr'><strong>cum</strong></span> <span class='ocrx_word' id='word_1_1002' title='bbox 3250 5568 3623 5640; x_wconf 80' lang='lat' dir='ltr'><strong>explicatione,</strong></span> 
     </span>
    </p>
   </div>
   <div class='ocr_carea' id='block_1_121' title="bbox 2051 5660 3624 5740">
    <p class='ocr_par' dir='ltr' id='par_1_121' title="bbox 2051 5660 3624 5740">
     <span class='ocr_line' id='line_1_121' title="bbox 2051 5660 3624 5740; baseline -0.007 -16"><span class='ocrx_word' id='word_1_1003' title='bbox 2051 5673 2237 5740; x_wconf 79' lang='lat' dir='ltr'><strong>lexque</strong></span> <span class='ocrx_word' id='word_1_1004' title='bbox 2261 5669 2456 5724; x_wconf 90' lang='lat' dir='ltr'><strong>clarior</strong></span> <span class='ocrx_word' id='word_1_1005' title='bbox 2485 5668 2618 5722; x_wconf 86' lang='lat' dir='ltr'><strong>facta</strong></span> <span class='ocrx_word' id='word_1_1006' title='bbox 2657 5674 2772 5730; x_wconf 91' lang='lat' dir='ltr'><strong>est,</strong></span> <span class='ocrx_word' id='word_1_1007' title='bbox 2803 5673 3131 5735; x_wconf 84' lang='lat' dir='ltr'><strong>interrogant</strong></span> <span class='ocrx_word' id='word_1_1008' title='bbox 3173 5664 3321 5717; x_wconf 88' lang='lat' dir='ltr'><strong>illum</strong></span> <span class='ocrx_word' id='word_1_1009' title='bbox 3358 5671 3412 5717; x_wconf 90' lang='lat' dir='ltr'><strong>et</strong></span> <span class='ocrx_word' id='word_1_1010' title='bbox 3446 5660 3624 5732; x_wconf 86' lang='lat' dir='ltr'><strong>palam</strong></span> 
     </span>
    </p>
   </div>
   <div class='ocr_carea' id='block_1_122' title="bbox 2050 5755 3623 5827">
    <p class='ocr_par' dir='ltr' id='par_1_122' title="bbox 2050 5755 3623 5827">
     <span class='ocr_line' id='line_1_122' title="bbox 2050 5755 3623 5827; baseline -0.006 -13"><span class='ocrx_word' id='word_1_1011' title='bbox 2050 5761 2413 5816; x_wconf 80' lang='lat' dir='ltr'><strong>contradicere</strong></span> <span class='ocrx_word' id='word_1_1012' title='bbox 2437 5775 2540 5815; x_wconf 91' lang='lat' dir='ltr'><strong>non</strong></span> <span class='ocrx_word' id='word_1_1013' title='bbox 2572 5759 2770 5813; x_wconf 89' lang='lat' dir='ltr'><strong>audent</strong></span> <span class='ocrx_word' id='word_1_1014' title='bbox 2800 5774 2813 5812; x_wconf 92' lang='lat'>:</span> <span class='ocrx_word' id='word_1_1015' title='bbox 2837 5757 2976 5827; x_wconf 91' lang='lat' dir='ltr'><strong>quod</strong></span> <span class='ocrx_word' id='word_1_1016' title='bbox 3002 5767 3178 5810; x_wconf 90' lang='lat' dir='ltr'><strong>autem</strong></span> <span class='ocrx_word' id='word_1_1017' title='bbox 3207 5770 3266 5808; x_wconf 90' lang='lat' dir='ltr'><strong>ea</strong></span> <span class='ocrx_word' id='word_1_1018' title='bbox 3297 5755 3346 5807; x_wconf 91' lang='lat' dir='ltr'><strong>in</strong></span> <span class='ocrx_word' id='word_1_1019' title='bbox 3378 5768 3435 5807; x_wconf 90' lang='lat' dir='ltr'><strong>re</strong></span> <span class='ocrx_word' id='word_1_1020' title='bbox 3463 5765 3623 5819; x_wconf 85' lang='lat' dir='ltr'><strong>grave</strong></span> 
     </span>
    </p>
   </div>
   <div class='ocr_carea' id='block_1_123' title="bbox 3257 5855 3390 5913">
    <p class='ocr_par' dir='ltr' id='par_1_123' title="bbox 3257 5855 3390 5913">
     <span class='ocr_line' id='line_1_123' title="bbox 3257 5855 3390 5913; baseline -0.008 0"><span class='ocrx_word' id='word_1_1021' title='bbox 3257 5855 3296 5913; x_wconf 86' lang='lat'><strong>9</strong></span> <span class='ocrx_word' id='word_1_1022' title='bbox 3384 5904 3390 5912; x_wconf 98' lang='lat'><strong>.</strong></span> 
     </span>
    </p>
   </div>
  </div>
