4074 6144
511 341 614 397 599

509 464 557 506 et
589 468 870 509 onerosum
906 452 1128 517 videtur,
1157 452 1207 506 in
1234 452 1465 505 medium
1492 450 1777 507 adducunt.
1806 448 2045 504 dicentes
2076 465 2089 502 :

507 530 572 606 Si
601 547 671 601 ita
691 558 762 603 est
783 563 935 602 causa
959 544 1174 599 heminis
1196 559 1309 597 cum
1334 559 1508 607 uxore,
1538 558 1637 595 non
1664 540 1863 611 expedit
1889 541 2090 596 nubere.

509 645 640 700 Nam
670 641 822 695 valde
845 653 1131 694 onerosum
1151 637 1428 691 videbatur
1451 649 1670 689 uxorem
1691 634 1833 688 omni
1859 632 2091 702 nequitia

506 736 720 809 plenam
749 732 966 796 habere,
994 739 1049 784 et
1080 728 1325 796 tolerare,
1356 727 1775 798 indomitamque
1805 724 1971 780 feram
2008 726 2093 781 in-

510 840 594 879 illS'
624 839 859 879 SCI‘VDI‘C.

581 919 635 972 5.
679 915 1021 989 Virginitatem
1065 912 1296 970 Christus
1338 912 1530 967 occulte
1568 910 1816 984 quomodo
1860 910 2088 966 suadeat.

510 1011 676 1067 Suum
706 1009 941 1063 mutilare
966 1024 1147 1079 corpus
1176 1010 1336 1077 nefas.
1365 1004 1605 1059 Doctrina
1631 1004 1694 1058 de
1717 1005 1823 1074 [ato
1854 1015 1900 1058 ct
1926 1021 2094 1058 ncces-

507 1104 655 1157 sitate
682 1100 982 1172 perniciosa.
1014 1128 1086 1138 —
1111 1098 1172 1152 Et
1204 1106 1260 1151 ut
1288 1096 1461 1150 discas
1480 1137 1495 1161 ,
1527 1095 1629 1149 hoc
1655 1095 1775 1149 illos
1804 1094 2090 1149 admodum

509 1196 754 1249 turbasse
778 1234 794 1259 ,
819 1192 1028 1247 Marcus
1056 1188 1366 1246 referendus
1405 1199 1488 1243 est
1513 1188 1694 1243 dicens
1721 1187 1839 1241 illos
1867 1187 2090 1241 seorsim

507 1287 613 1355 ipsi
641 1288 889 1357 loquutos
908 1299 1045 1339 esse.
1077 1282 1213 1350 Quid
1239 1291 1337 1345 est,
1374 1281 1436 1337 Si
1468 1282 1541 1335 ita
1577 1290 1649 1335 est
1692 1297 1846 1334 causa
1876 1280 2092 1334 Itoniinis

508 1399 627 1438 cum
646 1397 806 1436 uxore
823 1380 1013 1445 (Marc.
1036 1378 1121 1433 l0.
1147 1376 1214 1432 l0
1230 1376 1342 1449 )?ld
1359 1373 1529 1442 est,Si
1547 1377 1620 1430 ita
1634 1375 1910 1447 conjuncti
1928 1384 2080 1439 sunt,

511 1484 571 1529 ut
593 1487 762 1527 unum
787 1471 897 1527 sint
919 1487 933 1537 ;
960 1470 1062 1532 vel,
1082 1467 1141 1522 Si
1175 1469 1276 1523 hac
1294 1467 1362 1523 de
1383 1483 1547 1522 causa
1576 1468 1655 1522 sic
1673 1467 1757 1521 vir
1786 1466 2083 1522 adstrictus

512 1542 596 1620 εει
616 1573 674 1618 ut
701 1577 917 1632 semper
946 1561 1357 1632 praavarieetur,
1387 1575 1509 1614 cum
1536 1559 1716 1627 ejicit:
1750 1559 1921 1613 levius
1939 1567 2085 1612 certe

498 1646 840 1724 “faciliusque
855 1662 938 1708 est
954 1660 1143 1707 contra
1160 1661 1367 1705 natura:
1379 1650 1877 1719 concupiscentiam
1890 1661 1943 1703 et
1955 1663 2087 1702 cou—

517 1759 599 1804 tra
618 1748 858 1818 seipsum
898 1756 1130 1812 certare,
1153 1759 1316 1814 quam
1339 1752 1525 1798 contra
1553 1743 1854 1811 improbam
1889 1741 2089 1795 mulie-

519 1837 815 1905 rem.Quid
837 1837 1001 1905 igitur
1028 1833 1318 1905 Christus?
1336 1831 1453 1886 Non
1482 1834 1638 1898 dixit,
1665 1830 1839 1885 Etiam
1870 1829 2085 1885 facilius

521 1937 603 1984 est
627 1945 642 1992 ;
668 1936 717 1983 et
750 1929 854 1983 hoc
875 1926 1059 1993 facito,
1085 1941 1151 1982 ne
1181 1925 1352 1997 legem
1381 1923 1510 1979 illud
1533 1939 1652 1978 esse
1672 1931 1960 1993 putarent:
1990 1921 2085 1977 sed

502 2013 678 2068 intulit
710 2032 723 2067 :
758 2011 881 2068 Non
928 2030 1098 2068 omnes
1141 2014 1394 2080 capiunt,
1434 2011 1523 2066 sed
1549 2010 1726 2079 quibus
1766 2012 1938 2065 datum
1993 2021 2085 2067 est.

501 2104 634 2159 item
653 2104 877 2167 extollit,
901 2115 953 2159 et
973 2120 1214 2175 magnam
1236 2119 1356 2159 esse
1383 2103 1601 2167 indicat,
1618 2111 1777 2174 atque
1811 2103 1909 2157 hoc
1933 2105 2089 2161 modo

498 2186 720 2249 attrahit
750 2204 800 2250 et
843 2194 1107 2250 hortatur.
1134 2194 1238 2251 Sed
1267 2194 1353 2248 hic
1379 2194 1854 2250 contradictionem
1884 2196 2085 2253 videas.

502 2284 620 2355 ipse
653 2285 795 2341 enim
838 2300 1085 2356 maguum
1115 2284 1241 2339 illud
1276 2300 1396 2340 esse
1426 2284 1585 2347 dicit;
1617 2285 1693 2339 illi
1727 2300 1854 2342 vero
1884 2286 2091 2342 levissi-

503 2393 648 2432 mtun
676 2395 688 2431 :
722 2388 1007 2448 utrumque
1040 2388 1186 2433 certe
1221 2377 1502 2433 commode
1545 2377 1781 2443 factum;
1814 2387 1871 2433 ut
1896 2390 1946 2435 et
1976 2381 2089 2449 ipse

501 2484 749 2540 magnam
780 2470 1035 2524 fateretur
1061 2485 1214 2533 esse,
1244 2479 1300 2523 ut
1326 2470 1443 2524 illos
1463 2469 1798 2527 ardentiorcs
1826 2470 2083 2539 efficeret,

501 2571 557 2616 ct
595 2577 658 2617 ex
686 2562 842 2617 dictis
884 2563 1129 2633 superius
1160 2562 1230 2616 illi
1262 2561 1589 2617 levissimum
1633 2562 1997 2632 ostenderent,
2030 2575 2089 2621 ut

500 2654 603 2711 hoc
639 2656 799 2711 modo
841 2655 914 2710 illi
961 2655 1314 2725 virginitatem
1364 2663 1420 2711 et
1463 2656 1841 2711 continentiam
1873 2656 2088 2728 praefer-

500 2758 638 2802 rent.
664 2746 794 2816 Quia
841 2746 982 2803 enim
1013 2745 1080 2801 de
1110 2746 1410 2818 virginitate
1452 2747 1594 2817 loqui
1626 2763 1911 2803 onerosum
1942 2750 2088 2805 vide-

499 2837 657 2894 batur
684 2854 803 2894 esse
831 2879 847 2904 ,
876 2855 943 2894 cx
976 2838 1106 2893 dura
1152 2840 1283 2909 legis
1332 2841 1652 2895 necessitate
1676 2881 1690 2905 ,
1723 2840 1841 2895 illos
1885 2842 1936 2895 in
1966 2842 2084 2910 ejus

497 2928 841 3003 cupiditatem
886 2929 1124 2984 attraxit.
1157 2929 1357 2985 Deinde
1401 2940 1459 3002 ut
1506 2941 1893 2986 commonstret
1928 2947 2085 3002 posse

498 3020 641 3075 illam
687 3019 924 3085 servari,
951 3018 1066 3074 ait:
1101 3019 1187 3074 12.
1219 3020 1354 3075 Sunt
1397 3021 1615 3074 nunc/ii
1637 3060 1652 3084 ,
1687 3022 1773 3090 qui
1811 3038 1876 3076 ea:
1917 3030 2085 3077 ventre

488 3094 674 3163 'inatris
700 3110 771 3163 ita
793 3111 901 3164 nati
932 3120 1048 3164 sunt
1080 3125 1101 3163 :
1128 3120 1172 3164 et
1194 3120 1313 3164 sunt
1345 3110 1584 3177 eunuchi,
1614 3112 1701 3181 qui
1725 3114 1930 3167 castrati
1967 3122 2083 3168 sunt

496 3200 560 3253 ab
582 3200 866 3254 hominibus
889 3235 896 3251 .
935 3211 979 3255 ct
1006 3210 1123 3255 sunt
1149 3202 1388 3269 eunuchi,
1415 3202 1500 3270 qui
1527 3219 1579 3256 se
1606 3212 1944 3257 castravcruut
1967 3221 2085 3273 pro-

499 3301 838 3366 ptcrrcguum
865 3291 1141 3357 calorum;
1166 3293 1249 3348 his
1284 3294 1491 3349 occulte
1526 3294 1645 3349 illos
1692 3296 1757 3349 ad
1787 3294 1888 3351 hoc
1914 3313 2083 3367 genus

490 3380 981 3455 .viuegdeligendum
1020 3384 1311 3451 inducens,
1342 3394 1395 3440 et
1426 3385 1560 3440 hanc
1601 3385 1852 3441 virtutem
1879 3390 2080 3444 servari

497 3490 657 3544 posse
683 3474 936 3543 suadens,
966 3491 1029 3531 ae
1061 3477 1105 3531 si
1134 3475 1338 3533 diceret
1368 3495 1381 3531 :
1412 3476 1594 3549 Cogita
1627 3480 1751 3550 quid
1783 3480 2003 3547 faceres,
2036 3483 2080 3537 si

496 3583 565 3622 ex
595 3576 780 3622 natura
812 3568 930 3623 talis
956 3582 1124 3635 esses,
1154 3576 1246 3622 aut
1275 3569 1319 3624 si
1347 3569 1572 3638 idipsum
1603 3587 1696 3640 per
1721 3571 1823 3624 vim
1851 3582 1901 3627 et
1936 3571 2081 3641 inju-

497 3658 628 3713 riam
660 3673 847 3730 passus
872 3658 1064 3714 esses?
1086 3659 1209 3729 quid
1255 3658 1453 3715 faceres
1480 3675 1598 3714 cum
1628 3661 1887 3731 ejusmodi
1919 3664 2084 3716 volu—

495 3758 638 3818 ptate
665 3749 902 3819 privatus
926 3789 941 3816 ,
975 3750 1171 3804 nullam
1205 3749 1327 3804 hinc
1360 3750 1658 3806 mercedem
1699 3756 2083 3823 exspectares?

494 3839 703 3897 Gratias
732 3841 891 3909 igitur
919 3856 1058 3897 nunc
1105 3856 1202 3911 age
1243 3841 1353 3896 Deo
1377 3883 1390 3904 ,
1420 3842 1559 3912 quod
1604 3857 1701 3913 pro
1744 3844 1993 3921 mereede
2031 3854 2083 3899 et

492 3935 706 3989 coronis
728 3933 855 3990 illud
878 3934 1268 4006 patiaris,quod
1299 3935 1415 3989 sine
1443 3934 1656 3989 coronis
1677 3936 1947 4005 patiuntur
1973 3936 2078 4003 illi;

494 4026 603 4083 imo
631 4042 759 4085 vero
802 4027 929 4083 illud
958 4045 1063 4082 non
1110 4028 1178 4083 ita
1204 4027 1427 4091 durum,
1456 4027 1547 4081 sed
1574 4027 1728 4097 longe
1758 4028 1926 4083 levius
1952 4039 2035 4083 est
2064 4047 2077 4083 :

494 4134 619 4176 nam
664 4127 717 4175 et
764 4134 860 4191 spe
917 4119 1120 4189 praemii
1150 4159 1167 4184 ,
1213 4127 1268 4174 et
1308 4126 1467 4173 tanta:
1510 4120 1719 4173 virtutis
1756 4121 2077 4176 conscientia

494 4211 767 4283 mitigatur
792 4253 808 4279 ,
836 4225 1009 4282 neque
1038 4210 1197 4264 tantis
1234 4210 1538 4280 cupiditatis
1566 4209 1808 4267 fluctibus
1827 4213 2078 4282 jactatur.

498 4300 613 4361 Non
640 4301 784 4360 enim
829 4302 939 4369 ipsa
971 4300 1197 4356 membri
1222 4301 1512 4372 amputatio
1541 4300 1610 4356 ita
1636 4302 1828 4355 fluetus
1854 4304 1970 4357 illos
1996 4320 2082 4359 se-

486 4391 626 4463 .dare
652 4399 708 4449 et
736 4391 1169 4463 tranquillitatem
1201 4406 1386 4461 parcre
1416 4390 1579 4461 solet,
1607 4400 1665 4447 ut
1708 4394 1927 4449 rationis
1970 4394 2079 4449 fre-

485 4499 661 4560 num;
718 4484 826 4542 imo
873 4483 1029 4554 longe
1085 4482 1253 4555 magis
1304 4482 1405 4541 hoe
1458 4481 1611 4539 freno
1670 4484 1906 4540 sedatur.
1957 4486 2081 4542 Ideo

480 4577 655 4649 igitur
704 4575 822 4639 illos
867 4576 1260 4642 reccusuit,ut
1287 4575 1384 4631 hos
1414 4577 1839 4635 incitaret:nam
1882 4578 1925 4633 si
1971 4595 2078 4634 non

482 4652 604 4727 ‘huc
632 4669 910 4734 tenderet,
940 4667 1063 4738 quid
1108 4668 1207 4722 sibi
1255 4667 1415 4721 vellet
1458 4667 1545 4723 illa
1593 4669 1957 4724 cunuchorum
1989 4685 2077 4726 re-

493 4762 721 4819 censio?
745 4762 875 4822 Cum
914 4771 1090 4815 autem
1123 4759 1282 4825 dicit,
1313 4759 1521 4829 Seipsas
1567 4769 1907 4815 castraveruut
1926 4804 1941 4828 ,
1972 4777 2077 4817 non

493 4850 855 4913 membrorum
898 4851 1315 4923 amputationem
1363 4848 1527 4912 dicit;
1557 4849 1693 4905 absit
1719 4865 1737 4908 :
1766 4850 1861 4905 sed
1891 4867 2079 4922 prava-

494 4962 610 5000 rum
654 4944 1031 5015 cogitationum
1073 4943 1457 5011 expulsionem.
1486 4941 1616 4996 Nam
1644 4943 1732 5013 qui
1777 4945 2076 5001 membrum

491 5036 720 5103 excidit,
755 5034 1112 5089 maledictioni
1164 5033 1426 5089 obnoxius
1477 5042 1592 5098 est,
1622 5042 1678 5087 ut
1720 5033 1911 5087 Paulus
1958 5037 2074 5091 ait:

495 5124 704 5183 Utinam
739 5123 1099 5178 abscinduntur
1116 5124 1199 5194 qui
1229 5139 1313 5178 vos
1339 5124 1632 5181 conturbant
1659 5124 1678 5197 (
1707 5124 1820 5179 Gal.
1855 5126 1908 5181 5.
1937 5126 2001 5180 l9.
2030 5128 2075 5199 ).

491 5222 571 5277 Ac
591 5219 713 5294 jure
754 5218 975 5283 merito;
1008 5231 1129 5271 nam
1160 5217 1247 5287 qui
1281 5216 1401 5272 talis
1427 5226 1528 5282 est.
1560 5218 1744 5272 eadem
1774 5218 2078 5289 aggreditur

491 5326 611 5381 qua:
642 5307 958 5376 homicida},
985 5316 1040 5363 et
1065 5307 1130 5361 iis
1153 5307 1241 5379 qui
1272 5307 1363 5361 Dei
1394 5307 1716 5362 creationem
1747 5310 2075 5363 calumnian-

474 5411 579 5474 gtur
607 5401 694 5458 dat
716 5400 1053 5458 occasionem
1079 5438 1095 5464 ,
1126 5396 1650 5466 Manichteorutnquc
1677 5413 1769 5457 ora
1791 5400 1983 5466 aperit,
2016 5414 2079 5454 ac

489 5492 714 5562 perinde
745 5500 927 5563 peccat
954 5499 1112 5564 atque
1138 5490 1171 5544 ii
1194 5489 1329 5561 apud
1357 5488 1601 5558 gentiles,
1631 5489 1719 5559 qui
1749 5490 2074 5545 mutilantur.

491 5585 725 5647 Membra
757 5585 898 5646 enim
924 5591 1198 5652 amputare
1225 5581 1501 5639 diabolica:
1530 5591 1609 5639 est
1639 5583 1961 5653 operationis
1982 5625 1995 5644 ,
2025 5590 2080 5636 et

490 5677 846 5735 sataniearum
880 5673 1189 5733 insidiarum
1233 5687 1367 5741 opus
1416 5670 1511 5726 fuit
1538 5673 1607 5726 ab
1656 5672 1844 5736 initio;
1888 5681 1942 5725 ut
1982 5673 2075 5725 Dei

491 5766 761 5840 opificium
787 5767 1179 5850 calumnicntur
1207 5784 1221 5834 ;
1252 5774 1412 5836 utque
1453 5778 1481 5818 a
1516 5764 1621 5820 Deo
1654 5762 1847 5819 factum
1878 5763 2074 5818 animal

1152 340 1204 391 S.
1248 335 1524 393 10.“le
1563 334 2040 392 CHRYSOSTOMI
2081 333 2398 389 ARClllEP.
2442 335 2977 395 CONSTANTINOP.

3685 349 3789 405 600

2205 445 2524 501 labefactent
2550 464 2565 513 ;
2596 458 2652 503 ut
2682 466 2786 504 non
2827 451 3100 523 proposito
3140 450 3427 515 voluntatis
3450 498 3466 523 ,
3494 458 3587 515 sed
3619 479 3788 518 mem-

2202 541 2421 596 brorum
2461 551 2663 597 natura:
2690 552 2854 599 totum
2898 546 3193 604 tribuentes
3220 591 3236 615 ,
3264 551 3341 605 sic
3379 552 3528 607 multi
3574 554 3690 609 sine
3723 557 3786 611 ti-

2203 650 2352 689 more
2374 644 2677 704 peecarcnt,
2703 639 2851 708 quasi
2882 641 3140 694 rationem
3165 656 3268 696 non
3290 653 3470 698 essent
3496 646 3787 703 reddituri:

2200 741 2264 781 ac
2291 726 2574 796 dupliciter
2603 727 2705 782 hoc
2732 728 2929 785 animal
2960 730 3211 787 imdercnt
3236 774 3249 797 ,
3282 743 3391 788 tum
3435 737 3574 805 quod
3621 754 3789 793 mem-

2200 818 2295 873 bra
2320 830 2673 889 amputarent,
2706 834 2812 876 tum
2837 824 2977 894 quod
3004 826 3290 882 voluntatis
3315 829 3547 883 studimn
3573 846 3600 884 a
3636 831 3789 888 bonis

2200 912 2513 968 exhibendis
2562 915 2899 983 impedirent.
2941 917 3089 971 lianc
3125 935 3282 988 porro
3321 920 3587 999 diabolus
3611 923 3789 995 legem

2198 1006 2512 1073 constituit;
2544 1018 2739 1077 praeter
2776 1008 2916 1063 dicta
2957 1019 3133 1064 autem
3180 1012 3322 1067 aliud
3361 1016 3651 1083 pessimum
3694 1018 3777 1069 do-

2198 1112 2315 1167 gma
2346 1096 2622 1158 inducens.
2643 1114 2832 1169 nempe
2860 1100 2927 1155 de
2955 1100 3063 1155 lato
3086 1113 3139 1157 et
3166 1106 3505 1171 necessitate,
3531 1106 3631 1162 hac
3661 1125 3787 1163 vero

2198 1197 2377 1256 parata
2416 1187 2522 1252 via,
2561 1188 2860 1244 libertatem
2891 1190 3048 1245 nobis
3076 1207 3105 1245 a
3139 1193 3247 1248 Deo
3272 1194 3448 1250 datam
3478 1197 3786 1264 labefactat,

2196 1277 2425 1331 Suadeus
2450 1278 2576 1332 vitia
2608 1295 2727 1335 esse
2772 1281 3067 1347 naturalia;
3099 1284 3371 1355 multaque
3397 1287 3500 1342 alia
3532 1289 3656 1345 inde
3682 1291 3786 1344 do-

2195 1382 2371 1440 gmata
2401 1387 2559 1440 prava
2594 1371 2952 1430 disseminans
2973 1416 2987 1439 ,
3019 1377 3225 1431 etiamsi
3256 1378 3306 1432 id
3345 1396 3450 1434 non
3481 1393 3668 1453 aperte
3710 1384 3785 1436 fa-

2194 1461 2317 1516 ciat.
2368 1462 2513 1517 Talia
2569 1465 2764 1535 quippe
2816 1476 2938 1520 sunt
2987 1466 3182 1523 diaboli
3236 1471 3531 1539 perniciesa
3585 1474 3782 1529 toxiva.

2194 1551 2528 1624 Quapropter
2555 1572 2704 1626 rogo,
2730 1556 2872 1612 hanc
2892 1557 3160 1630 fugiamus
3199 1563 3549 1633 iniquitatem.
3581 1564 3781 1624 Pneter

2194 1658 2256 1698 ea
2284 1646 2424 1698 enim
2454 1662 2572 1716 qum
2598 1647 2828 1703 diximus
2850 1692 2865 1716 ,
2896 1666 2999 1704 non
3031 1652 3303 1721 mitigatur
3328 1655 3451 1711 inde
3479 1660 3738 1727 Cupiditas
3762 1702 3778 1724 ,

2194 1731 2301 1787 imo
2329 1735 2386 1789 lit
2413 1736 2688 1791 ardentior
2712 1754 2725 1792 :
2752 1754 2961 1809 spcrma
2990 1757 3218 1813 namque
3246 1744 3459 1801 aliunde
3489 1748 3662 1804 fontes
3685 1749 3721 1804 lt
3739 1770 3782 1802 ι-

2193 1821 2303 1889 bet,
2327 1836 2380 1879 et
2417 1826 2629 1881 aliunde
2665 1827 2910 1884 ﬂuetibus
2947 1833 3193 1902 agitatur.
3223 1835 3320 1888 Alii
3347 1837 3489 1891 enim
3519 1853 3583 1894 ex
3627 1856 3782 1897 cci-e-

2188 1915 2311 1981 bro,
2342 1919 2432 1972 alii
2460 1936 2525 1975 ex
2553 1921 2746 1976 lumbis
2772 1936 2993 1978 mSIrum
3024 1926 3151 1980 oriri
3192 1926 3395 1984 dicunt.
3427 1933 3493 1985 At
3530 1948 3630 2001 ego
3673 1952 3780 1991 non

2191 2008 2403 2065 aliunde
2427 2009 2652 2067 dixerim
2681 2029 2838 2084 quam
2865 2016 2932 2069 ab
2957 2017 3137 2070 animo
3160 2018 3357 2073 lascivo
3382 2062 3394 2083 ,
3420 2031 3473 2076 et
3498 2025 3778 2094 rogitatio-

2191 2115 2317 2155 nom
2348 2103 2589 2173 neglectu
2620 2125 2631 2160 :
2662 2106 2705 2161 si
2747 2106 2957 2163 animus
2988 2118 3293 2181 temperans
3330 2111 3431 2178 sit,
3458 2113 3662 2167 nullum
3711 2133 3777 2172 ex

2193 2196 2536 2251 naturalibus
2562 2198 2803 2252 motibus
2838 2199 3104 2250 damnum
3137 2205 3332 2250 orttur.
3361 2195 3434 2249 De
3476 2197 3583 2251 illis
3614 2199 3782 2267 igitur

2190 2287 2455 2342 eunuchis
2482 2288 2719 2354 locutus,
2750 2289 2842 2359 qui
2880 2288 3079 2344 frustra
3105 2286 3345 2343 eunuchi
3370 2295 3519 2350 sunt,
3547 2289 3651 2343 nisi
3675 2290 3777 2359 ij'si

2190 2387 2371 2434 mente
2429 2388 2482 2434 et
2527 2380 2712 2434 animo
2763 2388 3126 2451 temperantes
3189 2379 3296 2433 sint
3325 2415 3339 2435 .
3370 2389 3425 2433 et
3461 2380 3528 2434 de
3583 2382 3650 2435 iis
3681 2382 3774 2451 qui

2188 2481 2409 2539 propter
2442 2486 2667 2540 regnum
2697 2472 2959 2526 ccelorum
2991 2471 3368 2542 virginitatem
3403 2473 3773 2538 servant,jam

2188 2569 2405 2631 perorat
2436 2561 2524 2617 his
2550 2563 2731 2618 verbis
2759 2581 2773 2618 :
2802 2564 2908 2628 Qui
2934 2564 3125 2632 poterit
3143 2580 3352 2635 capere,
3373 2564 3590 2633 capiat:
3620 2564 3780 2617 hinc-

2187 2668 2293 2723 que
2310 2654 2545 2711 validius
2571 2654 2898 2723 inflammat,
2922 2657 3067 2727 quod
3097 2672 3214 2711 rem
3243 2655 3517 2727 insignem
3543 2664 3593 2709 et
3612 2671 3775 2720 gran-

2184 2745 2307 2800 dem
2333 2761 2452 2801 esse
2477 2748 2837 2815 demonstret,
2874 2763 2973 2803 nec
3003 2764 3113 2803 rem
3141 2749 3283 2803 intra
3317 2749 3451 2818 legis
3470 2747 3773 2803 necessita-

2182 2846 2291 2893 tem
2331 2840 2583 2905 includit,
2610 2839 2680 2895 ob
2708 2839 3041 2895 ineffabilem
3077 2842 3549 2897 mansuetudinem
3585 2855 3770 2895 suam.

2184 2928 2250 2984 Et
2290 2932 2390 2986 hoc
2413 2932 2578 2996 dixit,
2631 2932 2869 2987 maxime
2910 2949 3027 2989 rem
3066 2949 3189 2990 esse
3227 2935 3543 3005 possibilem
3579 2943 3773 2987 osten-

2182 3021 2340 3085 dens,
2375 3030 2434 3075 ut
2463 3024 2637 3092 major
2664 3023 2789 3078 inde
2830 3027 3105 3092 cupiditas
3133 3026 3399 3079 voluntati
3430 3035 3725 3078 accrescat.

2182 3182 2187 3186 ἢ
2257 3112 2309 3166 4.
2356 3112 2546 3184 Magna
2573 3115 2750 3185 gratia:
2787 3131 2880 3184 ope
2904 3126 3012 3186 eget
3045 3116 3324 3187 virginitas.
3357 3146 3431 3158 --
3455 3117 3559 3173 Sed
3597 3118 3643 3173 si
3682 3135 3772 3175 res

2184 3219 2251 3260 ex
2277 3206 2548 3260 voluntate
2573 3216 2675 3272 est,
2696 3208 2927 3279 inquies,
2950 3208 3218 3278 quomodo
3241 3210 3291 3263 in
3318 3210 3575 3280 principio
3600 3210 3768 3267 dixit:

2187 3294 2307 3350 Non
2336 3313 2505 3350 omnes
2540 3298 2766 3366 capiunt,
2791 3298 2879 3351 sed
2915 3298 3093 3370 quibus
3121 3299 3295 3353 datum
3334 3302 3448 3356 est?
3486 3301 3553 3358 Ut
3596 3303 3773 3359 discas

2187 3403 2433 3457 magnum
2465 3404 2584 3444 esse
2613 3399 2905 3454 certamen,
2932 3407 3034 3444 non
3066 3401 3123 3446 ut
3148 3403 3345 3447 sortem
3367 3393 3651 3463 quamdam
3680 3412 3777 3451 nc-

2185 3481 2471 3535 eessariam
2499 3481 2823 3550 imagineris.
2846 3481 2917 3535 lis
2943 3482 3083 3536 enim
3126 3481 3304 3536 datum
3345 3492 3425 3537 est
3455 3485 3545 3553 qui
3585 3486 3774 3541 voiue-

2187 3571 2312 3625 rint.
2340 3572 2427 3625 Sic
2455 3586 2618 3642 porro
2655 3570 2822 3638 dixit,
2853 3581 2909 3627 ut
2937 3572 3246 3628 ostenderet
3292 3588 3483 3643 magno
3523 3591 3775 3644 supernzc

2180 3659 2368 3731 gratiae
2392 3661 2589 3716 auxilio
2624 3676 2759 3731 apus
2788 3660 2987 3717 habere
3028 3677 3149 3716 eum
3189 3662 3278 3732 qui
3325 3661 3427 3717 hoc
3465 3663 3564 3718 iuit
3597 3675 3775 3720 certa-

2188 3767 2331 3817 tncn,
2363 3767 2468 3822 quo
2492 3753 2647 3822 plane
2677 3751 2879 3809 fruetur
2903 3754 3142 3825 quisquis
3168 3755 3415 3810 voluerit.
3446 3756 3593 3812 Solet
3614 3761 3774 3828 quip-

2189 3858 2254 3912 pe
2278 3841 2377 3897 hac
2404 3844 2475 3897 uti
2510 3859 2637 3898 voce
2666 3844 2877 3912 quando
2906 3843 2972 3899 de
3003 3859 3189 3913 magna
3216 3845 3463 3914 quapiam
3493 3862 3549 3900 re
3575 3847 3771 3917 agitur,

2186 3943 2243 3986 ut
2266 3933 2476 4003 quando
2496 3933 2624 3990 dicit
2651 3952 2664 3987 :
2704 3932 2853 3988 Vobis
2881 3934 3056 3988 datum
3092 3946 3164 3989 est
3193 3952 3340 3990 nosse
3359 3938 3593 4007 mysteria
3621 3936 3773 4007 (an.

2185 4024 2236 4079 8.
2266 4025 2375 4096 10).
2401 4025 2551 4093 Quod
2579 4034 2753 4079 autem
2786 4024 2889 4080 hoc
2917 4024 2985 4079 sit
3014 4041 3197 4080 verum
3224 4068 3239 4090 ,
3270 4041 3333 4081 ex
3378 4027 3626 4097 praesenti
3653 4029 3774 4083 loco

2186 4126 2349 4187 patet.
2398 4118 2528 4172 Nam
2572 4118 2616 4171 si
2664 4132 2952 4186 supernum
2996 4117 3330 4171 solummodo
3368 4127 3509 4173 esset
3547 4117 3771 4186 donum,

2187 4206 2423 4277 nihilque
2453 4206 2519 4259 de
2545 4222 2644 4261 suo
2670 4207 2923 4262 aii'errent
2964 4207 2997 4261 ii
3038 4208 3127 4277 qui
3168 4207 3524 4278 virginitatem
3551 4209 3729 4264 colunt
3757 4252 3771 4273 ,

2185 4297 2451 4364 superﬂue
2479 4297 2607 4365 ipsis
2634 4312 2854 4368 regnum
2876 4298 3128 4351 cmlorum
3155 4299 3506 4369 promitteret,
3531 4315 3629 4353 nec
3659 4317 3776 4354 mc-

2185 4388 2289 4443 rito
2318 4389 2436 4443 illos
2478 4405 2507 4443 a
2555 4391 2762 4445 ceteris
2807 4390 3064 4445 eunuchis
3115 4391 3485 4460 distingueret.
3519 4391 3597 4445 Tu
3645 4408 3774 4445 vero

2185 4481 2314 4535 mihi
2342 4482 2644 4552 perpende,
2684 4483 2952 4552 quomodo
2995 4482 3135 4536 unde
3175 4482 3264 4536 alii
3298 4483 3527 4551 maligne
3570 4492 3769 4552 agunt.

2184 4574 2272 4629 alii
2303 4575 2588 4629 lucrentur.
2622 4574 2752 4629 Nam
2781 4574 2971 4640 Judmi,
3001 4590 3118 4628 cum
3151 4573 3279 4629 nihil
3308 4573 3645 4637 didiciSSeut,
3673 4575 3772 4630 ab-

2184 4664 2359 4720 ierunt
2388 4683 2400 4718 :
2430 4684 2534 4721 non
2575 4667 2713 4721 enim
2742 4676 2799 4720 ut
2837 4666 3105 4721 discerent
3146 4664 3580 4733 interrogabant;
3608 4664 3770 4720 d?sei-

2183 4755 2292 4829 puli
2317 4773 2445 4811 vero
2472 4757 2593 4811 inde
2620 4757 2824 4811 lucrum
2854 4757 3171 4811 retulerunt.
3195 4757 3277 4812 i3.
3308 4755 3453 4809 Tunc
3481 4757 3636 4810 oblati
3653 4767 3773 4811 sunt

2184 4850 2231 4901 ei
2261 4850 2477 4919 pueruli,
2506 4859 2558 4903 ut
2592 4866 2769 4903 manus
2808 4850 3080 4920 imponeret
3110 4849 3200 4915 eis,
3226 4859 3273 4902 et
3299 4858 3485 4901 oraret.
3516 4846 3773 4918 Discipuli

2158 4948 2349 5013 autem
2389 4940 2768 5011 increpaverunt
2793 4955 2893 4993 eos.
2924 4939 3010 4993 Η.
3043 4936 3142 4991 Ille
3165 4953 3279 4991 vero
3308 4938 3437 4992 dixit
3466 4938 3536 4991 eis
3562 4953 3581 4991 :
3609 4938 3775 4992 Sinite

2184 5034 2418 5101 parvulos
2455 5033 2621 5086 venire
2646 5033 2712 5086 ad
2755 5046 2871 5095 me;
2903 5031 3078 5084 talium
3105 5041 3177 5084 est
3215 5030 3347 5083 enim
3374 5046 3583 5100 regnum
3617 5030 3771 5083 ca'lo-

2182 5139 2314 5183 rum,
2344 5123 2430 5177 15.
2465 5122 2531 5177 Et
2555 5140 2670 5176 cum
2696 5122 3010 5193 imposuisset
3037 5121 3107 5174 eis
3130 5137 3329 5185 manus,
3356 5120 3478 5173 abiit
3498 5119 3632 5174 inde.
3659 5120 3770 5173 Cur

2182 5215 2424 5285 discipuli
2468 5231 2663 5285 pueros
2716 5212 3030 5284 abigebant?
3081 5211 3362 5281 Dignitatis
3400 5225 3580 5265 causa.
3630 5210 3797 5278 Quid.

2180 5321 2310 5376 ergo
2351 5305 2473 5363 ille?
2502 5306 2567 5362 Ut
2594 5305 2785 5361 doceat
2816 5305 2932 5359 illos
2958 5301 3199 5357 modeste
3227 5316 3436 5372 sapere.
3470 5300 3770 5373 fastumque

2184 5398 2506 5452 mundanum
2535 5399 2848 5453 conculcarc
2868 5439 2883 5464 ,
2913 5407 2968 5451 et
3009 5395 3228 5464 suscipit
3269 5403 3321 5449 et
3367 5394 3506 5449 ulnis
3535 5395 3770 5463 comple-

2182 5488 2374 5554 ctitur,
2421 5489 2716 5557 talibusque
2763 5503 2983 5557 rcgumn
3040 5486 3294 5540 ca-lorum
3346 5486 3664 5555 pollicetur;
3720 5485 3772 5539 id

2181 5579 2324 5650 quod
2353 5582 2512 5634 etiam
2545 5580 2673 5635 dixit
2702 5581 2969 5649 superius.
3002 5577 3067 5632 Et
3098 5592 3196 5632 nos
3225 5578 3424 5647 itaque,
3450 5576 3493 5630 si
3527 5578 3776 5632 voluums
3860 5643 3873 5649 ,

2185 5670 2407 5726 heredes
2432 5686 2552 5727 esse
2581 5673 2830 5727 caelorum
2856 5714 2869 5735 ,
2903 5672 3040 5726 hanc
3072 5671 3316 5724 virtutem
3348 5685 3467 5724 cum
3496 5669 3775 5734 diligentia

2187 5777 2375 5837 magna
2401 5772 2689 5820 sectemur.
2722 5762 2832 5819 lloc
2869 5771 2949 5818 est
2979 5762 3119 5815 enim
3156 5759 3505 5831 phiiosophia:
3533 5760 3753 5817 culmen
