4074 6144
396 275 486 330 601

397 391 684 464 simplicem
705 399 824 443 esse
845 398 967 440 cum
996 377 1301 464 prudentia:
1321 375 1436 430 haec
1463 373 1569 426 vita
1597 377 1680 426 est
1707 364 1966 436 angelica.

398 487 583 544 Anima
620 483 762 538 enim
805 456 1030 549 puerulo
1072 470 1316 526 omnibus
1354 464 1515 520 animi
1562 460 1763 517 morbis
1806 469 1969 511 vacua

397 587 509 644 est;
540 591 645 632 non
674 545 987 628 memoriam
1015 563 1204 622 retinet
1233 559 1565 630 injuriarum,
1597 552 1690 608 sed
1721 563 1813 606 eas
1839 545 1972 602 infe-

399 639 573 726 rentes
612 665 723 720 adit
770 671 829 717 ut
868 659 1101 715 amicos.
1133 671 1196 709 ac
1223 653 1266 708 si
1297 651 1424 706 nihil
1471 648 1666 702 factum
1715 649 1877 698 esset.
1907 639 1973 693 Et

397 759 732 833 quantumvis
757 773 785 810 a
808 763 976 809 matre
1000 747 1308 805 verberibus
1332 743 1585 804 caâ€˜datur,
1617 754 1733 794 eam
1761 749 1973 804 semper

398 829 583 924 quaerit
606 894 620 915 ,
648 859 700 906 et
731 845 974 902 omnibus
1000 839 1291 912 anteponit.
1320 836 1376 892 Si
1403 835 1640 903 reginam
1666 829 1764 899 ipsi
1791 835 1972 882 osten-

399 915 494 1002 das
547 943 847 1000 diademate
901 945 1178 994 ornatam,
1207 945 1312 985 non
1361 924 1608 997 praeferet
1652 936 1770 976 eam
1815 915 1973 972 matri

398 1035 586 1108 pannis
627 1031 835 1087 detritis
875 1026 1112 1090 vestitze,
1136 1022 1398 1090 maletque
1447 1015 1591 1070 illam
1622 1011 1872 1068 incultam
1900 1009 1978 1061 vi-

398 1099 529 1182 dere
554 1166 572 1193 ,
601 1137 759 1194 quam
786 1119 1020 1187 reginam
1053 1111 1329 1184 magnifice
1372 1108 1640 1162 amictam.
1673 1103 1804 1159 Nam
1833 1099 1974 1172 quod

399 1192 576 1285 suum,
609 1192 748 1288 quod
777 1213 1006 1267 alienum
1039 1215 1141 1270 est,
1168 1219 1274 1260 non
1299 1218 1364 1257 ex
1396 1207 1704 1271 paupertate
1731 1195 1811 1250 vel
1838 1192 1975 1248 divi-

401 1315 509 1379 tiis,
536 1311 627 1367 sed
653 1325 717 1364 ex
746 1320 929 1361 amore
974 1301 1240 1356 :estimare
1284 1297 1419 1351 solet
1449 1313 1462 1349 :
1495 1303 1547 1348 et
1585 1291 1713 1346 nihil
1742 1289 1859 1359 plus
1887 1301 1976 1341 re-

402 1404 563 1472 quirit
585 1442 601 1466 ,
625 1413 782 1470 quam
814 1391 1134 1455 necessaria,
1167 1397 1326 1458 atque
1349 1396 1406 1440 ut
1431 1387 1565 1440 lacte
1604 1383 1836 1450 repletus
1861 1383 1974 1437 est.

403 1471 582 1551 statim
611 1487 849 1545 abscedit
875 1502 904 1540 a
940 1497 1188 1538 mamma.
1216 1479 1331 1536 Non
1361 1476 1546 1532 iisdem
1577 1515 1593 1540 ,
1619 1471 1810 1542 quibus
1849 1483 1976 1535 nos,

402 1585 652 1644 arumnis
709 1580 966 1652 premitur
1029 1573 1315 1645 parvulus,
1367 1584 1473 1623 non
1518 1564 1857 1636 pecuniarum
1899 1561 1982 1630 ja-

400 1688 552 1736 ctura
575 1719 590 1742 ,
623 1673 886 1742 rebusque
931 1666 1230 1729 similibus;
1276 1677 1374 1717 nec
1416 1660 1484 1715 de
1531 1657 1716 1712 iisdem
1738 1695 1754 1720 ,
1786 1653 1981 1724 quibus

405 1785 524 1834 nos.
553 1768 708 1824 lluxis
734 1765 892 1821 rebus
918 1763 1147 1824 laetatur,
1179 1771 1349 1828 neque
1375 1765 1662 1823 corporum
1691 1745 1986 1818 pulchritu-

401 1863 584 1917 dinem
637 1859 880 1913 miratur.
924 1853 1048 1909 ldeo
1093 1849 1340 1905 dicebat:
1370 1845 1577 1899 Talium
1622 1849 1694 1896 est
1737 1839 1868 1893 etaim
1903 1851 1984 1890 re-

404 1972 561 2030 gnum
589 1953 828 2007 caelorum
859 1967 877 2002 :
909 1955 967 2001 ut
1005 1961 1071 2001 ex
1103 1942 1375 2014 proposito
1403 1935 1691 1990 voluntatis
1725 1932 1813 1986 illa
1853 1945 1983 1999 epe-

405 2065 623 2112 remur,
667 2060 787 2116 quae
839 2051 1026 2096 natura
1071 2053 1165 2092 sua
1214 2033 1363 2106 pueri
1411 2030 1629 2086 faciunt.
1660 2025 1791 2093 Quia
1840 2022 1984 2078 enim

405 2139 659 2200 Pharisaei
687 2112 804 2192 vnon
834 2130 1069 2197 aliunde,
1097 2142 1256 2199 quam
1282 2141 1310 2178 a
1341 2121 1570 2192 nequitia
1601 2127 1654 2173 et
1686 2112 1985 2184 arrogantia

404 2233 470 2289 ad
499 2227 763 2300 agendum
790 2223 1099 2280 ferebantur
1123 2261 1138 2284 ,
1169 2217 1290 2271 ideo
1321 2214 1513 2282 ubique
1541 2207 1831 2278 discipulos
1861 2217 1988 2257 suos

405 2293 679 2390 simplices
719 2330 842 2372 esse
877 2313 1068 2383 jubet,
1102 2310 1325 2377 illosque
1350 2301 1652 2358 subiudicat
1673 2340 1688 2362 ,
1719 2297 1846 2351 dum
1889 2293 1990 2349 hos

407 2387 656 2471 instituit.
677 2407 819 2464 Nihil
842 2405 985 2460 enim
1013 2403 1083 2456 ita
1106 2397 1407 2469 superbiam
1438 2393 1568 2464 parit
1595 2433 1610 2458 ,
1642 2400 1701 2445 ut
1729 2387 1991 2459 principa-

408 2518 495 2563 tus
534 2515 588 2560 et
617 2500 770 2573 primi
813 2509 1118 2553 consessus.
1149 2489 1408 2557 Quoniam
1441 2487 1600 2556 igitur
1627 2479 1868 2552 discipuli
1897 2493 1991 2548 per

409 2607 579 2656 totum
606 2605 864 2650 terrarum
895 2589 1078 2644 orbem
1104 2585 1327 2640 multum
1356 2580 1575 2636 honoris
1614 2573 1989 2645 consequuturi

409 2697 586 2754 erant,
615 2687 852 2758 ipsorum
873 2681 1079 2735 animos
1105 2673 1380 2747 prtevenit,
1413 2685 1513 2726 nec
1531 2669 1660 2725 sinit
1680 2680 1774 2722 eos
1801 2665 1992 2720 huma-

410 2797 549 2837 num
562 2757 690 2850 quid
709 2777 843 2848 pati,
861 2789 961 2829 nec
974 2774 1236 2827 honorem
1252 2784 1282 2822 a
1300 2770 1460 2835 vulgo
1471 2769 1744 2833 expetere,
1761 2757 1846 2812 vel
1863 2762 1990 2810 ante

411 2872 544 2928 illos
560 2885 680 2927 sese
690 2869 902 2924 ell'erre.
922 2862 1056 2918 Nam
1071 2859 1286 2918 etiamsi
1301 2859 1414 2912 haec
1431 2869 1595 2926 parva
1608 2851 1893 2907 videantur
1910 2862 1997 2903 es-

414 2979 490 3030 se.
521 2962 749 3018 atmalis
776 2957 1088 3029 ingentibus
1105 2967 1325 3009 causam
1346 2947 1606 3020 praebent.
1631 2942 1724 2999 Sic
1747 2942 1891 2996 enim
1910 2941 1995 2993 in.

412 3055 596 3110 stituti
611 3051 868 3107 Pharisaei
890 3050 941 3103 in
978 3047 1249 3102 malorum
1275 3043 1493 3098 culmen
1508 3034 1892 3096 ascenderunt,
1907 3045 1998 3084 sa-

415 3142 741 3206 lutationes,
768 3139 978 3209 primos
1013 3148 1309 3190 consessus
1325 3139 1380 3184 et
1414 3130 1664 3183 incessus
1683 3121 1892 3178 medios
1910 3133 2000 3173 re-

411 3240 730 3309 quirentes:
757 3231 879 3286 hinc
911 3229 961 3281 in
991 3225 1267 3280 ardentem
1288 3219 1468 3290 gloriae
1492 3215 1856 3286 cupiditatem,
1876 3211 2000 3266 inde

413 3307 549 3385 vero
593 3328 645 3383 in
686 3325 1008 3391 impietatem
1041 3317 1173 3387 lapsi
1216 3321 1358 3368 sunt.
1385 3311 1587 3367 Idcirco
1617 3307 1691 3363 illi
1720 3315 2000 3377 postquam

411 3419 680 3478 tentando
724 3414 1061 3470 maledictum
1090 3408 1190 3464 sibi
1215 3411 1572 3469 attraxerant,
1617 3408 1998 3457 recesserunt:

413 3512 573 3584 pueri
604 3524 732 3564 vero
762 3503 1184 3562 benedictionem
1210 3499 1462 3562 habuere,
1496 3503 1681 3566 utpote
1703 3493 1807 3547 illis
1829 3490 2004 3547 omni-

411 3583 519 3661 bus
553 3605 834 3658 immunes.
868 3597 1048 3651 Simus
1086 3607 1215 3663 ergo
1256 3605 1354 3645 nos
1398 3597 1454 3642 ut
1501 3586 1681 3656 pueri,
1708 3593 1761 3640 et
1803 3583 2002 3638 malitia

410 3697 671 3753 infantes.
702 3691 886 3761 Neque
913 3687 1054 3742 enim
1085 3696 1388 3754 possumus,
1415 3695 1520 3733 non
1552 3691 1834 3747 possumus
1859 3681 2005 3728 certe

409 3792 524 3845 alio
554 3785 714 3842 modo
741 3783 930 3837 caelum
954 3778 1135 3832 videre
1167 3794 1179 3828 Îµ
1213 3772 1306 3829 sed
1341 3784 1560 3826 necesse
1591 3781 1808 3836 prorsus
1837 3766 1889 3820 in
1914 3779 2007 3834 ge-

413 3883 658 3937 hennam
690 3875 926 3931 incidere
954 3885 1075 3927 eum
1115 3867 1202 3937 qui
1235 3866 1301 3919 sit
1329 3861 1695 3918 fraudulentus
1731 3867 1784 3912 et
1808 3858 2010 3925 impro-

409 3975 542 4029 bus.
577 3969 689 4024 lmo
711 3975 834 4022 ante
861 3963 1158 4036 gehennam
1194 3957 1280 4012 hic
1305 3968 1516 4025 quoque
1558 3959 1794 4006 extrema
1835 3947 2007 4016 patie-

410 4079 567 4118 mur.
591 4060 722 4115 Nam
751 4057 812 4112 Si
833 4055 994 4109 titulus
1022 4051 1196 4122 (neris,
1231 4047 1418 4115 inquit,
1451 4043 1586 4098 solus
1615 4041 1814 4116 [tattries
1839 4038 2008 4103 mala;

407 4160 458 4212 si
487 4164 662 4210 autem
689 4154 845 4206 bonus
863 4190 876 4214 ,
905 4157 952 4200 et
995 4146 1082 4199 tibi
1113 4154 1158 4198 et
1189 4141 1418 4212 proximo
1449 4139 1606 4191 bonus
1625 4137 1721 4190 eris
1748 4131 1927 4203 (Prov.
1953 4131 2006 4183 9.

410 4249 488 4304 Î·
510 4246 554 4319 ).
595 4241 995 4298 Auimadvertas
1040 4237 1216 4294 enim,
1251 4234 1318 4285 ita
1362 4241 1574 4299 quoque
1617 4226 1791 4295 prisce
1832 4231 2008 4278 actum

409 4313 566 4395 esse.
601 4334 741 4390 Nihil
782 4331 926 4385 enim
953 4327 1224 4382 scelestius
1266 4321 1424 4377 Saule
1451 4319 1576 4383 fuit,
1608 4331 1781 4383 neque
1805 4313 2013 4383 simpli-

408 4431 541 4485 citas
578 4423 797 4479 Davide.
829 4421 958 4487 Quis
985 4431 1112 4484 ergo
1138 4414 1324 4468 fortior
1361 4411 1498 4466 fuit?
1526 4410 1718 4464 Annon
1748 4406 1832 4462 bis
1859 4405 2010 4460 illum

410 4536 537 4592 prae
571 4515 814 4571 manibus
844 4510 1026 4566 habuit
1067 4505 1227 4562 David
1252 4547 1266 4567 ,
1297 4515 1351 4560 et
1382 4519 1502 4558 cum
1529 4507 1710 4570 posset
1735 4497 2010 4562 occidere,

408 4606 728 4665 abstinuit?
753 4619 929 4658 annon
971 4601 1116 4655 illum
1145 4597 1295 4668 quasi
1334 4609 1527 4665 sagena
1562 4601 1616 4647 et
1644 4605 1857 4645 carcere
1884 4603 2006 4644 con-

408 4703 638 4758 clusum
670 4696 856 4753 habuit
880 4737 895 4761 ,
924 4702 981 4749 et
1009 4690 1244 4762 pepercit
1272 4689 1362 4745 ei?
1401 4685 1618 4741 Etiamsi
1654 4683 1742 4738 alii
1781 4682 2016 4737 concita-

408 4801 550 4849 rent
579 4790 750 4859 ipsum
768 4828 783 4852 ,
812 4785 1020 4842 etiamsi
1052 4784 1140 4838 ille
1189 4781 1492 4836 innumeras
1517 4775 1863 4846 querimonia:
1890 4788 2016 4826 cau-

405 4899 510 4940 sas
544 4881 795 4945 haberet,
812 4885 1047 4931 attamen
1075 4875 1279 4928 salvum
1301 4870 1520 4926 dimisit.
1538 4867 1867 4936 Quamquam
1890 4863 2015 4920 Sitti

406 4977 607 5046 ipsum
635 4986 756 5026 cum
784 4979 896 5024 toto
915 4967 1151 5023 exercitu
1175 4963 1571 5033 insequebatur,
1603 4956 1870 5028 Davidque
1893 4971 2015 5011 cum

404 5064 619 5140 paucis
646 5061 877 5133 fugitivis
901 5061 1044 5114 omni
1086 5073 1182 5128 Spe
1226 5055 1492 5112 destitutis
1531 5049 1744 5107 errabat
1790 5049 2019 5103 interce-

403 5171 550 5232 plus
573 5199 588 5220 ,
620 5171 652 5211 a
678 5156 796 5210 loco
835 5153 888 5207 in
928 5151 1103 5207 locum
1155 5149 1422 5204 transiens
1452 5163 1465 5199 :
1496 5152 1730 5200 attamen
1771 5140 2020 5211 fugitivus

402 5263 615 5321 regem
670 5243 943 5315 superavit
972 5262 986 5298 :
1017 5243 1138 5312 quia
1185 5241 1276 5296 ille
1319 5255 1438 5295 cum
1479 5235 1818 5306 simplicitate
1846 5275 1861 5300 ,
1892 5231 2016 5286 Saul

403 5356 551 5399 eum
581 5338 779 5392 malitia
800 5333 1295 5391 castrametabatur.
1310 5329 1444 5397 Quid
1466 5329 1607 5384 enim
1631 5325 1906 5381 scelestius
1927 5321 2022 5377 illo

400 5433 629 5498 fuerit,
656 5430 748 5499 qui
779 5428 970 5483 ducem
998 5427 1264 5483 exercitus
1292 5423 1407 5487 sui,
1438 5423 1526 5493 qui
1558 5421 1732 5475 omnia
1760 5417 1898 5472 bella
1928 5431 2017 5470 re-

403 5535 504 5582 cte
539 5521 788 5593 gerebat,
818 5535 940 5576 cum
974 5519 1216 5574 victoriis
1244 5526 1299 5572 et
1329 5516 1560 5586 tropaeis,
1588 5513 1676 5584 qui
1706 5510 1914 5564 labores
1938 5509 2019 5562 fe-

402 5617 610 5680 rebat,
636 5623 694 5669 et
719 5625 950 5670 coronas
988 5611 1099 5683 regi
1130 5610 1370 5683 parabat,
1399 5607 1632 5664 tentabat
1661 5601 1952 5660 occidere?

1407 259 1470 314 IN
1507 249 1911 312 ÎœÎ›Î¤Î¤Î™Î™á¾¸á½²Ï…Îœ
1953 247 2183 304 Î¹Î¹Î¿Î¹Î¹Î¹Î¹.
2229 251 2381 308 1.Î§Î .
2417 255 2486 308 al.
2530 255 2708 311 Ï‰Î¹Î¹Î¹Î¹.

3550 264 3651 320 603

2155 365 2207 419 5.
2251 364 2453 422 Invidia
2493 369 2635 424 bonis
2675 386 2872 441 quoque
2925 373 3029 428 suis
3090 372 3377 429 insidiatur.
3413 406 3485 418 â€”
3516 378 3656 434 Talis

2077 457 2272 527 quippe
2297 469 2380 514 est
2417 460 2612 515 invidia
2643 478 2656 515 :
2689 461 2843 518 bonis
2868 463 2980 534 ipsa
3024 466 3252 538 propriis
3289 482 3502 541 semper

2077 547 2284 618 diatur,
2314 550 2655 624 invidumque
2685 554 2933 611 tabefacit
2953 597 2968 622 ,
3011 566 3069 613 et
3097 559 3243 614 mille
3266 561 3660 618 calamitatibus

2080 643 2314 698 involvit.
2349 645 2508 703 Miser
2532 663 2659 718 ergo
2691 649 2794 714 ille,
2818 649 2990 705 donec
3016 651 3181 707 David
3207 653 3276 710 ab
3305 654 3396 710 illo
3415 658 3655 714 recessit.

2087 737 2444 794 miserabilem
2469 740 2612 797 illam
2637 756 2821 797 vocem
2843 744 3031 814 lugens
3050 760 3158 802 non
3180 747 3360 804 emisit
3389 766 3404 802 :
3428 748 3660 803 Nimium

2079 838 2329 904 ÏˆÎ·ÎºÏ„Î¿Î½,
2359 827 2656 902 alienigena
2682 831 2867 887 bellum
2894 835 3019 890 mihi
3041 836 3265 906 inferunt
3283 877 3300 906 ,
3335 848 3382 894 et
3407 838 3660 895 Dominus

2080 922 2280 976 recessit
2299 938 2332 974 a
2353 938 2432 976 me
2459 921 2478 992 (
2506 922 2556 977 l.
2594 923 2720 994 Reg.
2751 923 2840 980 28.
2874 925 3002 998 l5).
3031 928 3329 998 Antequam
3356 930 3524 988 David
3548 931 3630 988 dis

2081 1014 2333 1080 cederet,
2365 1029 2472 1070 non
2513 1015 2699 1072 incidit
2746 1018 2798 1071 in
2825 1018 3054 1088 bellum,
3081 1021 3178 1078 sed
3216 1024 3270 1078 in
3299 1024 3583 1081 securitate
3609 1036 3662 1078 rt.

2084 1104 2136 1159 in
2163 1105 2323 1174 gloria
2349 1105 2607 1177 degebat:
2636 1107 2802 1178 gloria
2827 1109 3022 1180 quippe
3045 1110 3197 1174 ducis
3221 1115 3274 1169 ln
3294 1130 3472 1185 regem
3490 1125 3668 1172 trans-

2083 1196 2209 1251 ibat.
2240 1196 2422 1268 Neque
2446 1198 2588 1254 enim
2621 1209 2876 1271 tyrannus
2895 1210 3010 1256 erat
3030 1202 3220 1272 David,
3243 1220 3416 1274 neque
3436 1208 3606 1278 ipsum
3631 1225 3660 1260 a

2083 1288 2220 1343 solio
2259 1289 2492 1360 dejicere
2532 1291 2767 1346 tentabat
2809 1308 2825 1357 ;
2859 1292 2952 1347 sed
2993 1308 3090 1363 pro
3129 1293 3222 1349 illo
3260 1299 3516 1366 przcclare
3550 1314 3666 1354 rem

2083 1381 2300 1452 gerebat
2324 1423 2339 1447 ,
2376 1382 2515 1438 bene
2539 1398 2661 1454 erga
2701 1383 2850 1439 illum
2877 1384 3096 1441 affectus
3120 1403 3136 1442 :
3167 1385 3221 1442 id
3248 1387 3387 1458 quod
3415 1390 3575 1445 etiam
3597 1405 3664 1446 ex

2085 1477 2432 1545 sequentibus
2464 1476 2802 1533 manifestum
2831 1477 2949 1534 fuit.
2979 1478 3113 1534 Nam
3145 1481 3396 1551 quamdiu
3442 1481 3543 1537 sub
3572 1483 3665 1538 illo

2089 1569 2352 1622 militabat
2376 1609 2391 1633 ,
2419 1567 2520 1639 legi
2549 1567 2777 1626 fortasse
2804 1570 3152 1641 subjectionis
3176 1571 3307 1628 illud
3342 1573 3632 1628 attribuent
3651 1615 3666 1639 ,

2089 1661 2176 1728 qui
2205 1674 2310 1715 non
2336 1668 2582 1715 accurate
2605 1676 2716 1717 rem
2744 1662 3022 1732 explorant
3053 1679 3069 1716 :
3095 1662 3189 1718 sed
3218 1673 3498 1734 postquam
3522 1665 3668 1720 illum

2087 1770 2119 1809 e
2144 1770 2308 1824 regno
2332 1770 2430 1810 suo
2449 1755 2655 1824 crpulit
2673 1797 2688 1820 ,
2709 1756 2835 1826 quid
2867 1756 3014 1810 illum
3045 1756 3398 1826 impediebat,
3423 1757 3548 1827 quid
3595 1757 3670 1815 illi

2091 1845 2347 1901 suadebat
2390 1855 2504 1900 uta
2553 1846 2696 1902 bello
2739 1847 2837 1916 ipsi
2881 1846 3160 1902 inferendo
3204 1848 3536 1906 abstineret?
3566 1849 3674 1905 imo

2091 1956 2238 2007 vero,
2270 1939 2395 2012 quid
2418 1956 2522 1996 non
2550 1940 2801 1998 incitabat
2823 1949 2879 1996 ut
2901 1956 3084 1996 necem
3110 1940 3182 1995 illi
3207 1941 3457 1998 inferret?
3479 1945 3670 1998 Annon

2091 2032 2280 2097 semel,
2335 2032 2417 2087 bis
2467 2040 2521 2086 et
2566 2032 2762 2102 pluries
2808 2031 2908 2102 ipsi
2939 2032 3214 2086 insidiatus
3241 2043 3356 2087 erat
3402 2033 3674 2104 improbus

2093 2126 2219 2181 ille?
2262 2141 2438 2180 annon
2469 2125 2741 2180 beneï¬ciis
2765 2125 3024 2180 allectus?
3061 2140 3236 2179 annon
3265 2140 3390 2192 erga
3412 2126 3672 2181 insontem

2093 2218 2148 2274 id
2179 2220 2398 2290 egerat?
2423 2234 2599 2272 annon
2631 2233 2752 2272 cum
2784 2216 3022 2288 periculo
3045 2231 3142 2272 suo
3168 2217 3293 2273 Saitl
3326 2219 3600 2290 regnabat,
3623 2229 3677 2274 et

2098 2311 2278 2366 salvus
2316 2310 2470 2364 erat?
2501 2325 2680 2364 annon
2710 2309 2804 2363 illo
2833 2308 3043 2365 vivente
3068 2318 3124 2364 et
3168 2309 3464 2379 imperante
3491 2325 3676 2366 errau-

2096 2405 2220 2460 dum
2261 2419 2472 2474 semper
2512 2403 2609 2474 ipsi
2636 2413 2751 2458 erat
2789 2411 2843 2458 et
2872 2401 3176 2473 fugiendum
3200 2443 3217 2470 ,
3244 2417 3308 2457 ac
3334 2401 3402 2458 de
3425 2403 3679 2458 extremis

2101 2498 2546 2570 periclitandum?
2583 2496 2721 2552 Nihil
2759 2506 2933 2551 tamen
2980 2510 3164 2550 eorum
3215 2495 3386 2565 ipsum
3429 2494 3682 2551 inducere

2099 2591 2268 2662 potuit
2285 2599 2342 2646 ut
2357 2590 2586 2661 gladium
2608 2595 2911 2648 cruentaret
2932 2605 2947 2642 :
2970 2587 3076 2642 imo
3096 2587 3450 2642 dormientem
3471 2585 3680 2652 videns,

2100 2693 2313 2754 captum
2341 2692 2395 2738 et
2422 2682 2594 2737 solum
2623 2682 2676 2735 in
2701 2679 2878 2736 medio
2920 2695 3140 2735 suorum
3172 2720 3188 2744 ,
3220 2693 3340 2733 eum
3371 2687 3533 2747 caput
3559 2677 3680 2746 ejus

2101 2777 2467 2846 contingeret,
2508 2772 2770 2844 multique
2795 2779 2977 2827 essent
3015 2771 3103 2840 qui
3135 2771 3283 2826 illum
3307 2757 3644 2824 concitabant
3665 2809 3682 2833 ,

2101 2868 2454 2936 dicebantque
2497 2866 2589 2922 Dei
2618 2874 2748 2921 nutu
2791 2865 2947 2921 talem
2991 2864 3090 2919 sibi
3119 2863 3566 2935 opportunitatem
3604 2862 3682 2917 of-

2105 2959 2252 3027 ferri,
2285 2962 2372 3015 ille
2397 2969 2451 3016 et
2478 2961 2759 3015 incitantes
2787 2974 2844 3014 se
2876 2959 3188 3030 increpavit,
3219 2967 3272 3013 et
3296 2973 3327 3012 a
3348 2957 3494 3012 caede
3519 2957 3684 3013 absti-

2105 3055 2253 3121 nuit,
2285 3055 2596 3125 salvumque
2634 3061 2690 3109 et
2727 3068 2916 3108 sanum
2953 3051 3122 3122 ipsum
3167 3051 3418 3122 reliquit:
3449 3064 3514 3105 ac
3537 3049 3686 3120 quasi

2106 3147 2346 3216 corporis
2372 3145 2484 3214 cjus
2509 3153 2707 3209 custos,
2739 3159 2803 3200 ae
2833 3152 3103 3214 protector
3122 3182 3139 3208 ,
3167 3157 3272 3198 non
3301 3141 3469 3196 hostis
3495 3140 3686 3205 fuerit,

2107 3240 2185 3294 sic
2209 3238 2498 3294 exercitum
2528 3236 2798 3292 accusavit
2822 3234 2963 3303 quod
2992 3250 3169 3306 regem
3194 3234 3532 3304 prodidisset.
3554 3233 3690 3303 Quid

2110 3334 2232 3389 huic
2251 3334 2431 3388 animo
2457 3349 2551 3403 par
2571 3331 2765 3387 fuerit?
2783 3346 2900 3400 qum
2920 3329 3272 3384 mansuetudo
3293 3329 3415 3384 huic
3438 3327 3691 3398 aqualis?

2111 3425 2164 3480 ld
2182 3425 2324 3480 enim
2346 3439 2409 3479 ex
2431 3423 2605 3489 dictis,
2627 3423 2897 3492 multoque
2916 3421 3083 3491 magis
3101 3435 3166 3475 ex
3193 3420 3255 3475 iis
3292 3433 3414 3487 qua:
3427 3417 3587 3474 modo
3607 3417 3686 3472 fa-

2108 3525 2196 3572 cta
2219 3526 2366 3584 sunt,
2380 3513 2854 3586 conspicetelicet.
2871 3511 2926 3566 Si
2939 3511 3083 3566 enim
3118 3511 3433 3582 pravitatem
3458 3517 3693 3564 nostram

2113 3609 2534 3672 consideremus,
2556 3616 2680 3662 tunc
2702 3606 2891 3660 melius
2909 3614 3213 3660 sanctorum
3235 3605 3480 3659 virtutem
3502 3616 3697 3671 cogno-

2115 3718 2345 3758 scemus.
2377 3701 2713 3770 Quapropter
2759 3698 2982 3752 obsecro
3012 3707 3068 3751 ut
3095 3696 3160 3751 ad
3190 3695 3398 3750 illorum
3446 3694 3696 3749 imitatio-

2117 3809 2240 3849 nem
2269 3805 2569 3847 curramus.
2601 3790 2731 3845 Nam
2771 3790 2813 3843 si
2851 3789 3074 3858 gloriati:
3104 3801 3252 3840 amas
3276 3825 3292 3849 ,
3330 3794 3385 3839 et
3413 3784 3535 3840 ideo
3563 3800 3698 3854 pro-

2116 3884 2260 3940 ximo
2290 3891 2380 3938 tuo
2428 3881 2695 3937 insidiaris
2719 3921 2734 3946 ,
2774 3889 2900 3935 tunc
2946 3878 3177 3932 maxime
3223 3875 3312 3931 illa
3357 3875 3551 3930 frueris
3578 3890 3699 3931 cum

2117 3975 2338 4047 gloriam
2373 3986 2632 4043 respuens
2651 4011 2667 4036 ,
2694 3970 2763 4025 ab
2791 3967 2997 4023 insidiis
3024 3966 3362 4022 abstinueris.
3388 3965 3538 4021 Sicut
3557 3967 3700 4020 enim

2119 4065 2465 4139 pecuniarum
2509 4071 2847 4131 contemptus
2875 4058 3113 4114 avaritiae
3141 4057 3442 4113 contrarius
3469 4067 3549 4112 est
3582 4074 3597 4111 :
3627 4055 3703 4110 sic

2120 4159 2343 4230 gloriam
2392 4156 2644 4225 consequi
2687 4163 2742 4210 et
2783 4153 3005 4225 gloriam
3054 4165 3235 4205 amare
3261 4159 3385 4204 sunt
3413 4148 3704 4204 contraria.

2123 4253 2189 4308 Et
2236 4255 2280 4308 si
2309 4251 2524 4322 placet,
2555 4247 2764 4318 singula
2805 4253 3125 4301 scrutemur.
3164 4241 3296 4311 Quia
3335 4241 3480 4296 enim
3531 4240 3707 4295 nullus

2122 4346 2273 4404 nobis
2300 4345 2438 4401 inest
2459 4341 2715 4414 gehennae.
2736 4340 2912 4402 timor,
2943 4350 3122 4406 neque
3135 4333 3283 4405 regni
3309 4333 3559 4389 caelorum
3581 4345 3706 4387 cura

2122 4441 2252 4508 ulla,
2287 4453 2415 4510 age,
2432 4454 2500 4492 ex
2527 4432 2874 4506 prtesentibus
2891 4431 2956 4486 ad
2976 4430 3064 4484 illa
3081 4442 3179 4484 vos
3221 4427 3552 4483 inducamus.
3575 4425 3702 4492 Qui-

2124 4549 2268 4596 nam,
2291 4543 2496 4601 quaaso,
2520 4524 2722 4581 ridiculi
2743 4522 2902 4578 sunt?
2917 4534 3093 4574 nonne
3109 4519 3144 4574 ii
3173 4517 3261 4586 qui
3287 4524 3506 4588 propter
3533 4514 3709 4568 multi-

2127 4623 2326 4680 tudinis
2347 4633 2531 4674 auram
2557 4613 2757 4686 agunt?
2779 4611 3006 4678 Quinam
3023 4621 3150 4662 vero
3175 4604 3459 4660 laudandi?
3477 4617 3652 4659 nonne
3673 4603 3709 4658 ii

2123 4720 2212 4790 qui
2231 4716 2500 4786 vulgarem
2520 4708 2728 4764 laudem
2745 4699 3126 4759 contemnunt?
3143 4698 3280 4768 Ergo
3295 4697 3340 4752 si
3361 4711 3509 4750 vana:
3527 4695 3711 4765 gloria

2125 4787 2276 4866 amor
2323 4801 2708 4875 vituperandus
2746 4804 2872 4861 est,
2904 4804 2958 4850 et
3004 4793 3051 4848 si
3094 4806 3243 4846 vanas
3283 4789 3464 4859 gloria:
3488 4787 3712 4857 cupidus

2128 4917 2235 4958 non
2262 4904 2439 4969 potest
2462 4910 2523 4950 ea
2553 4893 2606 4947 in
2632 4905 2692 4945 re
2732 4889 2901 4942 latere
2925 4926 2940 4952 ,
2974 4883 3131 4953 plane
3172 4878 3558 4951 vituperandus
3577 4877 3708 4939 erit.

2125 5007 2383 5063 amorque
2423 4986 2606 5060 gloriae
2649 4981 2750 5039 erit
2779 4981 2855 5034 illi
2883 4991 3040 5034 causa
3071 4973 3370 5030 dedecoris.
3400 4970 3582 5040 Neque
3609 4969 3711 5024 hac

2128 5090 2300 5145 solum
2331 5083 2398 5139 de
2422 5094 2581 5136 causa
2608 5076 3020 5139 dehonestatur,
3064 5069 3156 5125 sed
3184 5069 3344 5125 etiam
3379 5065 3519 5137 quod
3548 5064 3711 5120 multa

2131 5182 2301 5251 turpia
2333 5186 2387 5234 et
2425 5173 2638 5232 servilia
2679 5169 2857 5224 facere
2904 5172 3143 5235 cogatur.
3171 5161 3261 5218 Sic
3290 5161 3448 5216 etiam
3478 5171 3668 5211 0chs
3692 5197 3707 5221 ,

2130 5249 2232 5345 qui
2252 5274 2400 5328 lucro
2440 5283 2540 5324 ceu
2573 5265 2813 5319 furentes
2839 5258 3076 5321 student,
3105 5254 3172 5308 ab
3197 5266 3383 5307 amore
3409 5249 3540 5303 lucri
3568 5261 3712 5317 smpe

2133 5339 2252 5422 latdi
2299 5363 2473 5417 solent
2513 5377 2526 5412 :
2569 5355 2764 5412 multas
2820 5351 3015 5420 quippe
3064 5344 3276 5400 fraudes
3322 5339 3609 5404 adhibent,
3657 5346 3711 5391 et

2131 5472 2289 5530 quam
2322 5452 2538 5508 minima
2570 5450 2717 5504 lucra
2747 5456 2934 5511 magna
2968 5439 3176 5510 pariunt
3199 5434 3535 5490 detrimenta.
3567 5430 3710 5498 Qua-

2132 5523 2351 5622 propter
2381 5547 2485 5600 hoc
2511 5546 2679 5614 ipsum
2713 5542 2764 5593 in
2806 5535 3146 5606 proverbium
3183 5528 3408 5584 transiit.
3441 5524 3528 5581 Sic
3549 5523 3710 5578 etiam

2135 5614 2332 5700 lascivo
2356 5681 2371 5707 ,
2401 5636 2781 5709 impedimento
2806 5628 2870 5684 ad
2904 5627 3224 5696 voluptatem
3273 5631 3355 5677 est
3381 5621 3492 5689 ipse
3517 5614 3711 5672 nimius
