4074 6144
336 189 441 245 603

332 298 554 355 allectus
584 317 597 353 :
629 312 754 354 nam
781 299 913 353 viles
938 296 1058 352 illos
1078 296 1416 352 elleminatus
1455 291 1607 363 quasi
1652 287 1910 357 mancipia

333 391 586 450 mulieres
616 391 895 446 traducunt
923 406 937 453 ;
968 403 1136 457 neque
1157 385 1441 456 dignantur
1463 383 1568 436 illis
1597 389 1652 435 ut
1672 378 1798 433 viris
1818 376 1913 440 uti,

276 474 279 475 ⁷
333 484 575 555 colaphis
603 495 659 538 et
686 484 855 554 sputis
879 482 1327 540 dehonestantes,
1358 478 1776 545 circumagentes
1796 512 1809 535 ,
1838 470 1916 523 ri—

333 577 525 630 dentes
550 575 703 639 illos,
735 583 892 643 atque
914 574 1089 627 omnia
1119 572 1247 641 ipsis
1291 570 1631 639 imperantes.
1661 564 1748 620 Sic
1785 557 1916 615 nihii

334 667 516 722 vilius.
539 667 668 720 nihil
687 666 1234 739 ahjectiusarrogante
1258 677 1319 716 ac
1338 676 1487 714 vana:
1504 657 1683 729 gloria:
1705 653 1916 726 cupido,

340 759 429 828 qui
457 757 557 811 sibi
588 757 831 812 sublimis
868 764 921 811 et
950 756 1088 809 altus
1116 754 1342 809 videtur.
1373 752 1504 806 Nam
1532 748 1917 804 contentiosum

335 859 419 903 est
456 849 742 902 humanum
767 863 933 918 genus
953 890 969 915 ,
997 855 1052 903 et
1080 846 1207 901 nulli
1238 847 1306 899 ita
1337 844 1649 898 adversatur
1675 847 1729 894 ut
1765 852 1920 892 arro-

335 939 480 1007 ganti
505 978 520 1003 ,
548 938 816 1008 superbo,
848 947 902 992 et
945 938 1126 1007 glorise
1166 950 1341 991 servo.
1375 934 1490 1004 Ipse
1517 946 1644 986 vero
1674 971 1688 993 ,
1738 937 1794 983 ut
1821 926 1922 983 sibi

338 1029 484 1083 illum
509 1029 826 1098 arrogantire
850 1028 1063 1082 modum
1085 1034 1280 1089 servet,
1310 1026 1460 1095 quasi
1482 1020 1729 1091 mancipii
1750 1018 1922 1074 cilicia

337 1118 475 1189 apud
501 1118 696 1174 multos
723 1117 940 1173 exhibet
963 1158 979 1185 ,
1023 1116 1271 1171 adulatur
1296 1155 1312 1179 ,
1342 1122 1641 1169 assentator
1664 1152 1678 1177 ,
1719 1116 1773 1164 et
1807 1107 1923 1177 plus

349 1231 2661 1274 __________________.___.____.———

1053 186 1107 241 S.
1149 182 1426 241 ,ΙΟᾹΝΝΙΞ
1463 171 1940 236 CIIRYSOSTOMI
1979 169 2295 228 ARClllEl’.
2335 165 2864 223 CONSTANTINOP.

3438 92 3462 127 ι
3499 83 3515 112 l

3495 160 3598 216 608

2021 297 2177 352 quam
2208 280 2242 334 ii
2269 280 2357 350 qui
2388 294 2494 334 acre
2525 278 2689 348 empti
2719 285 2844 331 sunt
2864 318 2879 343 ,
2909 289 2967 331 se
3007 273 3332 345 gravissima:
3357 276 3598 328 SCI‘Vliull

2020 372 2258 443 subjicit.
2292 372 2414 427 llaec
2438 386 2563 441 ergo
2591 371 2765 423 omnia
2792 384 2910 424 cum
2941 367 3200 430 sciamus,
3249 366 3409 420 hosce
3437 365 3606 434 depo-

2023 477 2213 518 namns
2253 461 2504 527 allectus,
2545 476 2611 514 ne
2640 467 2693 514 et
2729 458 2814 513 hic
2852 473 3036 528 poenas
3063 456 3284 522 demus,
3311 464 3367 512 et
3393 456 3501 511 illic
3548 456 3603 511 in

2025 563 2282 608 aeternum
2322 552 2638 606 crucienmr.
2689 548 2908 605 Virtutis
2946 563 3073 618 ergo
3111 555 3376 602 amatores
3415 547 3602 601 simus.

2024 647 2113 702 Sic
2139 646 2281 700 enim
2322 644 2481 700 etiam
2510 651 2634 696 ante
2663 657 2882 712 regmun
2905 681 2919 705 ,
2949 639 3234 694 itiaximnm
3264 639 3348 692 hic
3373 636 3603 693 fructum

2026 737 2373 806 decerpemus
2392 775 2406 796 ,
2436 742 2489 788 et
2515 733 2638 787 illuc
2666 733 2953 801 migrantes
2977 729 3191 784 atternis
3221 730 3485 799 potiemur
3505 728 3605 783 bo-

2027 829 2108 883 nis
2139 846 2152 882 :
2178 843 2298 899 qua:
2324 828 2521 881 utinam
2552 839 2736 878 omnes
2761 836 3181 891 consequamur,
3228 821 3397 889 gratia
3425 829 3479 874 et
3504 820 3607 873 mi-

2028 920 2313 977 sericordia
2338 918 2547 974 Domini
2572 917 2698 972 Jesn
2718 913 2940 980 Christi,
2960 913 3042 969 cui
3063 912 3229 984 gloria
3249 922 3303 968 et
3325 911 3604 982 imperium

2029 1015 2081 1071 in
2108 1014 2299 1070 saecula
2325 1010 2660 1068 szcculorum.
2686 1009 2876 1063 Amen.

1486 1314 1832 1379 HOMILIA
1873 1308 2099 1372 LXIII.
2142 1306 2226 1369 al.
2271 1305 2497 1368 LXIV.

341 1475 471 1530 Car.
514 1474 601 1530 l9.
642 1490 696 1530 ν.
740 1473 831 1530 16.
873 1472 938 1527 Et
983 1488 1092 1527 ecce
1129 1488 1259 1525 unus
1305 1469 1547 1524 accedens
1611 1465 1738 1518 dixit
1804 1459 1922 1513 illi:

418 1564 666 1636 Magister
712 1566 870 1632 bene,
920 1564 1043 1635 quid
1066 1561 1298 1633 faciendo
1335 1560 1489 1613 vitam
1515 1568 1755 1613 aeternam
1784 1540 1935 1609 here:

415 1657 623 1713 ditabo?
683 1724 689 1730 ,

418 1796 471 1848 l.
498 1793 840 1850 Pecuniarum
857 1809 999 1846 amor
1022 1792 1269 1845 malorum
1289 1788 1510 1844 omnium
1536 1786 1703 1843 radiat.
1720 1783 1925 1853 —Qni-

347 1887 468 1941 dam
513 1889 655 1940 hunc
695 1886 945 1955 juvenem
1000 1893 1060 1937 ut
1102 1880 1489 1937 fraudulentum
1535 1887 1589 1933 et
1630 1877 1951 1947 improbum

347 1977 733 2042 criminantur,
767 1984 824 2030 ut
867 1974 954 2044 qui
991 1973 1224 2029 tentandi
1274 1985 1431 2026 causa
1474 1968 1655 2025 Jesum
1697 1967 1927 2021 adierit:

350 2085 451 2141 ego
489 2082 616 2124 vero
644 2068 789 2122 illum
818 2082 1033 2120 avarum
1076 2076 1129 2119 ct
1157 2064 1494 2135 pecuniarum
1533 2068 1797 2114 amantem
1847 2057 1931 2111 di-

351 2174 475 2215 cere
523 2174 630 2213 non
680 2155 917 2212 dubitem
945 2199 961 2223 ,
1011 2155 1225 2226 quando
1270 2153 1512 2208 Christus
1568 2152 1729 2206 talem
1778 2149 1925 2204 illmn

354 2266 478 2307 esse
521 2250 907 2306 demonstravit
933 2264 948 2305 '.
976 2246 1367 2302 fraudulentum
1409 2260 1535 2300 vero
1565 2258 1930 2315 nequaquam,

352 2340 782 2412 quandoquidem
832 2354 937 2394 non
983 2347 1151 2392 tntum
1182 2348 1263 2394 est
1306 2337 1372 2391 de
1415 2335 1636 2392 occultis
1686 2334 1936 2389 audacter

357 2433 618 2503 judicare,
648 2447 768 2487 cum
795 2432 1025 2485 maxime
1053 2430 1119 2484 de
1140 2429 1384 2498 anpiam
1414 2425 1713 2482 accusando
1730 2425 1935 2496 agitur:

359 2533 522 2593 atque
566 2523 724 2578 etiam
767 2523 904 2592 quod
937 2520 1142 2575 Marcus
1185 2519 1329 2574 illam
1369 2518 1723 2588 suspicionem
1762 2530 1938 2570 remo-

359 2617 495 2671 verit
519 2633 534 2669 :
560 2630 679 2669 nam
711 2615 784 2668 ait
815 2632 828 2668 :
853 2615 1132 2667 decurrens
1158 2620 1204 2665 et
1224 2612 1556 2681 genu/lectam
1577 2609 1782 2679 rogabat
1803 2623 1938 2672 eum;

329 2716 444 2776 ret,
480 2706 766 2777 Respiciens
795 2705 944 2761 Jesus
970 2704 1144 2758 dilexit
1169 2720 1280 2757 cum
1310 2703 1328 2772 (
1355 2702 1516 2755 Marc.
1555 2700 1640 2755 l0.
1675 2700 1761 2754 l7.
1800 2698 1864 2753 ‘21
1897 2696 1936 2768 ).

359 2799 467 2856 Sed
515 2800 677 2853 multa
718 2807 798 2853 est
841 2797 1182 2867 pecuniarum
1232 2793 1470 2867 tyrannis
1493 2833 1506 2855 ,
1538 2790 1675 2862 quod
1703 2789 1787 2845 vel
1819 2788 1941 2843 hinc

357 2889 532 2959 palam
559 2896 642 2943 est
669 2906 684 2942 :
716 2888 841 2942 licet
885 2887 1026 2942 enim
1074 2887 1292 2939 virtutes
1338 2885 1468 2937 alias
1506 2882 1741 2936 colamus
1766 2921 1782 2947 ,
1828 2879 1941 2933 hzec

361 2980 539 3034 omuia
562 2981 698 3035 bona
716 2978 1019 3033 iabel'actat.
1043 2976 1167 3031 .lurc
1188 2990 1312 3043 ergo
1330 2973 1522 3028 Paulus
1544 2972 1685 3026 illam
1706 2971 1940 3026 omnium

360 3072 619 3125 malorum
645 3070 878 3125 radicem
906 3085 1026 3123 esse
1046 3068 1177 3121 dixit
1204 3083 1219 3120 :
1254 3066 1422 3120 Radix
1441 3065 1568 3117 enim
1589 3066 1808 3117 omnium
1835 3079 1918 3115 ma

361 3155 525 3207 lorum
549 3163 624 3206 est
650 3154 902 3223 avaritia(
933 3155 980 3207 l.
1014 3151 1143 3205 Tim.
1176 3152 1229 3203 li.
1261 3150 1326 3205 10
1355 3152 1391 3219 ).
1423 3149 1598 3216 Quare
1626 3163 1754 3218 ergo
1791 3145 1944 3201 Chri-

361 3252 476 3297 stus
499 3243 567 3296 ita
591 3243 863 3313 respondit
890 3243 963 3297 illi
985 3242 1168 3298 dicens
1191 3252 1204 3289 :
1230 3239 1392 3294 Nemo
1413 3240 1569 3293 bonus
1589 3240 1614 3293 τ)
1636 3239 1769 3305 Quia
1792 3238 1940 3292 illum

366 3340 423 3386 ιιι
448 3332 746 3400 simplicem
780 3332 1047 3386 hominem
1078 3328 1305 3383 habebat
1324 3339 1379 3383 et
1403 3329 1578 3397 vulgo,
1606 3336 1660 3382 et
1689 3336 1745 3381 ut
1762 3326 1947 3381 docto-

366 3437 480 3476 rem
510 3421 791 3476 .ludaicum
817 3440 831 3474 :
860 3421 1086 3490 ideoque
1130 3429 1188 3475 ut
1218 3419 1378 3474 homo
1425 3419 1597 3489 ipsum
1640 3417 1943 3488 alloquitur.

363 3512 497 3566 Nam
514 3526 657 3580 smpe
670 3511 1271 3581 secundumrogantinm
1287 3511 1591 3581 opinionem
1600 3508 1883 3580 respmidet
1905 3509 1945 3574 ί,

365 3610 557 3656 meum
577 3601 703 3656 dicit
727 3621 740 3656 :
768 3601 877 3656 Nos
897 3601 1166 3655 adoramus
1185 3600 1318 3670 quod
1343 3600 1526 3654 scimus
1547 3598 1722 3673 (Joau.
1754 3600 1808 3653 4.
1830 3599 1945 3666 22):

364 3700 416 3747 et
435 3732 452 3758 ,
474 3692 536 3747 Si
558 3708 650 3764 ego
672 3690 1007 3747 testimonium
1037 3690 1267 3761 pcrhibeo
1294 3690 1356 3743 de
1376 3690 1584 3759 meipso,
1614 3689 1948 3743 testimonium

365 3801 530 3838 meum
551 3802 650 3840 non
665 3794 739 3840 est
758 3801 926 3839 verum
950 3782 1125 3857 (Joan.
1145 3782 1198 3839 5.
1221 3780 1332 3854 5t).
1349 3781 1479 3836 Cum
1499 3782 1656 3851 igitur
1670 3781 1763 3847 ait,
1786 3779 1950 3834 Nemo

367 3877 546 3943 bonus,
577 3893 684 3932 non
711 3876 812 3932 hoc
838 3876 964 3930 dicit
992 3883 1051 3930 ut
1077 3889 1135 3929 se
1162 3873 1356 3928 bonum
1388 3887 1490 3926 non
1522 3886 1642 3927 esse
1664 3871 1944 3940 signiticet,

373 3968 515 4035 absit
538 3986 553 4023 :
579 3984 685 4024 non
706 3968 847 4023 enim
869 3967 1021 4031 dixit,
1049 3965 1183 4033 Quid
1206 3981 1283 4019 me
1302 3964 1427 4018 dicis
1455 3963 1677 4017 bonum?
1705 3978 1807 4016 non
1833 3977 1949 4017 sum

368 4060 541 4113 bonus
572 4077 586 4113 :
615 4060 708 4115 sed
729 4100 745 4125 ,
773 4060 937 4115 Nemo
985 4059 1143 4113 bonus
1173 4058 1190 4128 (
1215 4058 1376 4112 Marc.
1417 4057 1500 4112 l0.
1533 4056 1639 4124 l8)
1665 4074 1679 4121 ;
1735 4055 1786 4110 id
1828 4066 1905 4111 est
1932 4097 1946 4122 ,

376 4151 553 4204 nullus
582 4150 879 4204 hominum.
912 4149 1030 4219 Ipse
1059 4163 1187 4202 vero
1219 4164 1341 4202 cum
1386 4147 1485 4200 hoc
1514 4146 1673 4211 dicit,
1709 4162 1812 4199 non
1853 4147 1951 4199 ho-

374 4241 545 4295 mines
584 4254 614 4293 a
656 4240 895 4295 bonitate
934 4237 1207 4302 excludit;
1235 4237 1332 4292 sed
1374 4237 1769 4303 comparatione
1817 4234 1951 4289 facta

371 4346 493 4384 cum
521 4329 614 4384 Dei
637 4329 889 4384 bonitate.
913 4328 1244 4397 Quapropter
1267 4326 1468 4394 adjicit,
1497 4324 1614 4378 Nisi
1632 4325 1767 4380 solus
1792 4324 1951 4377 Deus.

373 4420 556 4491 Neque
581 4420 749 4485 dixit,
781 4419 892 4474 Nisi
924 4419 1080 4474 Pater
1107 4432 1259 4473 meus
1280 4457 1296 4483 ,
1327 4427 1385 4470 ut
1411 4415 1584 4470 discas
1607 4456 1623 4481 ,
1648 4414 1817 4484 ipsum
1851 4428 1953 4467 non

377 4529 439 4568 se
479 4511 663 4583 juveni
706 4511 783 4566 illi
810 4508 1255 4567 manifestavissc.
1295 4508 1384 4562 Sic
1410 4507 1569 4562 etiam
1599 4520 1758 4575 supra
1787 4505 1957 4558 malos

371 4603 583 4659 diccbat
616 4602 861 4658 homines
886 4601 970 4656 his
1003 4600 1182 4656 verbis
1218 4620 1232 4656 :
1263 4599 1322 4655 Si
1348 4606 1516 4652 autem
1547 4612 1632 4669 vos
1651 4637 1667 4662 ,
1695 4613 1810 4650 cum
1847 4595 1957 4648 sitis

385 4696 526 4761 mali,
558 4696 712 4750 nostis
730 4696 860 4749 bona
879 4695 999 4748 data
1021 4693 1145 4746 dare
1163 4692 1284 4761 ﬁliis
1311 4690 1484 4744 vestris
1500 4688 1518 4759 (
1536 4687 1720 4742 Matth.
1753 4687 1803 4740 7.
1836 4687 1891 4742 ll
1911 4688 1953 4758 ).

368 4785 503 4841 Nam
535 4786 642 4840 illic
678 4787 846 4841 malos
876 4784 1118 4847 vocavit,
1144 4798 1249 4837 non
1278 4781 1420 4850 quod
1451 4779 1544 4835 toti
1574 4788 1777 4834 natura:
1806 4778 1958 4833 mali-

372 4878 501 4932 tiam
525 4876 895 4939 adscriberet;
923 4890 1045 4929 nam
1083 4872 1233 4939 illud,
1271 4871 1373 4925 Vos
1391 4912 1404 4935 ,
1432 4885 1538 4925 non
1567 4883 1753 4923 omnes
1783 4868 1957 4923 homi-

379 4980 478 5021 nes
506 4965 765 5035 siguilicat
785 5007 800 5031 ,
829 4965 924 5020 sed
956 4964 1229 5018 hominum
1265 4962 1555 5016 bonitatem
1580 4974 1701 5014 cum
1735 4959 1827 5013 Dei
1858 4960 1951 5012 hoc

375 5056 539 5111 nitate
561 5068 898 5123 comparans,
920 5054 997 5108 sic
1016 5054 1265 5122 quutttus
1285 5059 1400 5114 est;
1424 5049 1649 5120 ideoque
1666 5048 1955 5118 snbjnnxit,

378 5145 581 5211 Quanto
620 5143 781 5215 magis
814 5142 969 5198 Pater
1007 5149 1163 5196 vester
1211 5139 1349 5193 dabit
1388 5139 1519 5193 bona
1546 5139 1820 5210 petentibus
1856 5154 1908 5191 se
1932 5138 1959 5190 ?

376 5235 578 5307 Ecquid
603 5235 752 5291 illum
784 5233 1041 5305 urgebat,
1073 5231 1277 5301 inquies
1297 5270 1313 5297 ,
1339 5239 1431 5283 aut
1454 5229 1577 5298 quid
1604 5226 1869 5283 commodi
1893 5243 1958 5281 ex

378 5326 681 5397 lmjnsmodi
707 5325 1003 5395 responso?
1028 5322 1284 5378 Paulatim
1312 5320 1456 5374 illum
1482 5320 1547 5374 ad
1575 5320 1762 5373 altiora
1787 5318 1956 5374 addu-

378 5417 452 5473 cit
477 5456 495 5484 ,
538 5428 698 5490 atque
723 5417 950 5473 instituit
973 5425 1030 5471 ut
1052 5414 1198 5472 οιιιιιὶ
1227 5413 1296 5469 sit
1319 5411 1624 5468 adulatione
1652 5426 1845 5466 vacuus
1870 5449 1885 5477 ,
1929 5426 1956 5463 a

444 5574 460 5607 ¹
487 5573 632 5638 Editi,
660 5574 919 5626 secundum
943 5568 1207 5636 Opinionem
1243 5567 1497 5618 multorum
1526 5557 1791 5625 respondet.

2030 1454 2360 1524 terrenisque
2381 1450 2649 1508 abducens
2672 1449 2780 1504 Deo
2806 1446 3094 1517 coniungit,
3121 1443 3415 1513 suadetque
3435 1440 3609 1495 latura

2026 1559 2284 1614 quaerere,
2314 1543 2647 1612 discereque,
2675 1540 2794 1610 quis
2831 1539 2900 1592 sit
2926 1552 3055 1592 vere
3082 1537 3253 1591 bonus
3272 1575 3287 1601 ,
3313 1535 3433 1604 quis
3457 1533 3609 1587 radix

2028 1643 2081 1690 et
2098 1635 2215 1690 l'ons
2232 1635 2490 1698 omnium,
2513 1633 2716 1702 ipsique
2735 1630 2991 1684 honorem
3011 1627 3226 1682 referre.
3246 1624 3376 1680 Nam
3399 1623 3612 1693 quando

2030 1727 2196 1792 dicit,
2228 1725 2401 1779 Nolite
2437 1724 2733 1794 magistrum
2761 1736 2937 1774 vocare
2979 1734 3128 1787 super
3151 1726 3338 1770 terram
3377 1713 3610 1783 (Matth.

2030 1816 2121 1872 25.
2150 1814 2255 1888 9),
2283 1823 2391 1869 tum
2417 1815 2468 1868 in
2491 1812 2937 1882 comparationem
2960 1809 3038 1863 sui
3058 1809 3127 1862 ita
3151 1806 3299 1873 dicit,
3319 1816 3427 1861 tum
3450 1807 3610 1861 etiam

2032 1918 2091 1963 ut
2117 1909 2325 1963 discant
2358 1906 2498 1977 quod
2527 1907 2596 1959 sit
2635 1905 2861 1974 primum
2903 1915 3078 1956 rerum
3118 1898 3353 1953 omnium
3380 1896 3611 1951 initium.

2032 1999 2215 2068 Neque
2249 1999 2391 2054 enim
2421 1997 2685 2052 modicum
2713 1992 2922 2063 juvenis
2963 1991 3053 2044 ille
3094 1989 3351 2044 hactenus
3378 1986 3612 2041 studium

2035 2091 2344 2147 ostenderat
2413 2101 2469 2145 et
2505 2101 2740 2143 amorem
2767 2128 2781 2151 ,
2816 2086 2884 2140 ita
2914 2092 2970 2138 ut
2993 2123 3009 2149 ,
3056 2097 3178 2137 eum
3221 2080 3312 2135 alii
3348 2085 3617 2134 tentarent

2036 2187 2329 2250 Christum,
2362 2184 2452 2240 alii
2485 2196 2581 2253 pro
2608 2179 2808 2236 morbis
2834 2187 2924 2232 aut
2954 2176 3065 2232 suis
3092 2183 3182 2229 aut
3207 2174 3430 2228 aliorum
3460 2186 3614 2226 acce—

2036 2278 2258 2343 derent,
2290 2277 2403 2346 ipse
2433 2289 2530 2344 pro
2559 2273 2665 2327 vita
2699 2279 2899 2325 aeterna
2944 2268 3150 2323 veniret
3187 2273 3347 2335 atque
3384 2262 3612 2319 interro-
3674 2264 3689 2277 ‘

2036 2377 2206 2439 garet.
2252 2367 2469 2436 Pinguis
2506 2373 2650 2419 certe
2677 2370 2817 2416 terra
2848 2369 2902 2415 et
2939 2358 3129 2413 fertilis
3168 2371 3297 2427 ager
3319 2364 3466 2419 erat,
3519 2353 3615 2409 sed

2038 2461 2314 2530 spinarum
2360 2454 2641 2511 multitudo
2681 2467 2863 2507 semen
2892 2448 3190 2504 sull'ocavit.
3238 2444 3620 2501 Animadverte

2040 2530 2181 2605 enim
2227 2563 2384 2618 quam
2432 2546 2501 2601 sit
2541 2552 2754 2615 paratus
2796 2540 2861 2595 ad
2902 2538 3257 2594 obedientium
3306 2535 3616 2590 mandatis:

2046 2642 2181 2709 Quid
2207 2640 2473 2713 faciendo,
2514 2637 2714 2708 inquit,
2744 2635 2898 2689 vitam
2924 2641 3166 2687 (sternam
3203 2627 3505 2700 possideba.’
3529 2625 3621 2681 Sic

2044 2739 2320 2803 promptus
2363 2744 2484 2786 esse
2513 2727 2579 2783 ad
2603 2724 2896 2798 parendum
2924 2721 3216 2776 videbatur.
3248 2716 3397 2785 Quod
3426 2717 3471 2771 si
3499 2724 3622 2771 ten.
3648 2760 3653 2765 .

2045 2831 2160 2878 tans
2186 2820 2536 2883 accessisset,
2569 2815 2698 2871 illud
2739 2824 2884 2869 certe
2912 2811 3066 2865 nobis
3102 2809 3425 2864 declarasset
3460 2820 3624 2860 evan-

2044 2915 2249 2985 gelista,
2276 2907 2719 2982 quemadmodum
2748 2915 2803 2961 et
2825 2905 2887 2960 in
2904 2903 3021 2958 aliis
3051 2900 3296 2965 faciebat,
3324 2908 3381 2954 ut
3408 2898 3460 2951 in
3491 2896 3624 2966 legis

2044 3004 2283 3059 doctore.
2313 3001 2368 3057 Si
2396 3015 2525 3056 vero
2563 2999 2679 3068 ipse
2702 2995 2956 3058 siluisset,
2990 3006 3094 3045 non
3125 2990 3336 3044 sivisset
3378 2985 3624 3041 Christus
3653 3033 3657 3037 .

2047 3098 2217 3168 ipsum
2246 3095 2410 3148 latere
2429 3134 2443 3157 ,
2472 3091 2569 3146 sed
2594 3090 2679 3145 vel
2705 3095 2889 3157 aperte
2913 3085 3083 3152 ipsum
3116 3078 3504 3149 redarguisset,
3534 3076 3623 3131 vel

2046 3188 2253 3244 occulte
2279 3186 2532 3255 tetigisset
2555 3221 2571 3247 ,
2619 3197 2685 3235 ne
2714 3178 2982 3233 videretur
3005 3173 3282 3242 decepisse
3316 3180 3371 3226 et
3413 3171 3580 3225 latere
3602 3208 3619 3232 ,

2049 3280 2234 3349 sicque
2261 3277 2418 3331 laesus
2447 3274 2628 3327 fuisse.
2663 3271 2717 3326 Si
2740 3269 2880 3322 enim
2911 3274 3121 3321 tentans
3149 3262 3484 3324 accessisset,
3515 3275 3624 3315 non

2048 3382 2282 3425 maerens
2306 3366 2374 3421 ob
2401 3365 2488 3418 illa
2517 3378 2634 3432 quae
2678 3360 2915 3414 audierat
2956 3356 3286 3412 recessisset.
3327 3353 3438 3407 lloe
3480 3351 3624 3406 enim

2051 3474 2334 3529 numquam
2361 3473 2426 3511 ex
2455 3452 2735 3510 Pharisazis
2761 3450 2953 3519 aliquis
2976 3456 3059 3503 est
3084 3460 3292 3517 passus,
3321 3443 3416 3499 sed
3435 3442 3626 3499 conlu-

2051 3553 2143 3606 ιιιιί
2168 3550 2334 3620 magis
2356 3545 2779 3616 indignabantur.
2810 3542 2904 3596 llic
2922 3554 3050 3595 vero
3078 3552 3182 3592 non
3209 3538 3305 3599 sic,
3336 3534 3430 3590 sed
3462 3534 3628 3589 tristis

2048 3642 2197 3707 abit;
2241 3639 2378 3710 quod
2412 3637 2618 3708 signum
2651 3648 2755 3687 non
2788 3645 3006 3702 parvum
3032 3635 3141 3689 est,
3171 3627 3344 3696 ipsum
3370 3639 3473 3678 non
3502 3638 3626 3679 cum

2054 3733 2191 3787 mala
2243 3730 2511 3785 voluntate
2557 3723 2882 3788 accessisse,
2926 3720 3020 3775 sed
3067 3732 3187 3775 cum
3238 3713 3626 3774 imbecilliore.

2051 3835 2106 3880 et
2146 3837 2273 3878 vere
2319 3821 2478 3874 vitam
2527 3814 2927 3882 concupivisse;
2977 3809 3072 3867 sed
3103 3806 3414 3879 gravissimo
3460 3802 3628 3857 fuisse

2053 3916 2241 3972 morbo
2302 3912 2592 3967 detentum.
2647 3905 2785 3961 Cum
2831 3903 3055 3958 dixisset
3103 3912 3234 3967 ergo
3283 3896 3489 3951 Jesus:
3535 3892 3624 3948 l7.

2055 4009 2114 4062 Si
2155 4008 2226 4061 vis
2265 4004 2333 4058 ad
2374 4003 2528 4057 vitam
2560 4003 2781 4063 intrare,
2821 4011 2963 4050 serva
2998 3992 3237 4047 mandata
3271 4003 3290 4053 ς
3329 3987 3458 4043 dicit
3497 3985 3627 4052 ille,

2056 4097 2338 4164 Qiuenam?
2386 4109 2492 4149 non
2558 4100 2767 4146 tentans
2807 4128 2824 4151 ,
2889 4085 3067 4149 absit;
3128 4080 3222 4137 scd
3264 4078 3405 4150 quod
3442 4076 3630 4132 existi-

2055 4197 2226 4244 maret
2265 4186 2367 4240 alia
2414 4181 2654 4254 quaedam
2704 4193 2825 4234 esse
2875 4174 3119 4231 mandata
3166 4178 3362 4242 printer
3402 4166 3628 4237 legalis,

2056 4294 2173 4350 quae
2211 4278 2371 4332 vitam
2401 4275 2500 4329 sibi
2535 4279 2751 4342 possent
2792 4268 3013 4332 all'vrre;
3041 4262 3180 4335 quod
3224 4259 3492 4317 desiderio
3531 4257 3630 4311 lla-

2054 4369 2254 4440 grantis
2279 4375 2411 4422 crat.
2446 4363 2678 4427 Deinde,
2708 4374 2829 4415 cum
2865 4357 3090 4411 dixisset
3113 4353 3272 4408 Jesus
3315 4350 3447 4419 legis
3477 4361 3630 4401 man-

2054 4436 2172 4512 data
2198 4498 2214 4523 ,
2264 4453 2537 4525 respondit
2560 4453 2650 4507 ille
2681 4465 2698 4505 :
2724 4449 2814 4503 20.
2853 4446 2975 4500 Ha'c
3001 4444 3168 4498 omnia
3196 4440 3387 4496 servavi
3418 4437 3478 4491 ab
3508 4436 3634 4490 ado-

2056 4548 2291 4603 lescentia
2318 4561 2449 4599 mea.
2479 4542 2660 4611 Neque
2688 4539 2773 4594 hic
2800 4538 2958 4592 linem
2987 4533 3132 4597 fecit,
3161 4531 3256 4587 sed
3284 4544 3465 4585 rursus
3488 4542 3635 4598 qua:-

2057 4641 2201 4707 sivit,
2239 4638 2377 4706 Quid
2403 4635 2571 4690 adhuc
2591 4632 2714 4686 mihi
2737 4631 2871 4684 deest
2891 4629 2916 4682 2
2939 4625 3080 4698 quod
3111 4633 3166 4680 et
3199 4624 3370 4694 ipsum
3417 4620 3631 4690 signum

2057 4740 2172 4785 erat
2216 4730 2361 4784 illum
2422 4723 2689 4781 desiderio
2732 4721 2984 4790 ﬂagrasse
3025 4732 3039 4769 :
3085 4730 3185 4770 nec
3241 4726 3461 4783 parvum
3504 4707 3637 4763 illud
3678 4752 3685 4775 ζ

2058 4830 2193 4886 era',
2219 4818 2362 4889 quod
2389 4816 2490 4872 sibi
2521 4820 2730 4884 putaret
2754 4806 2949 4879 aliquid
2976 4805 3185 4869 deesse,
3215 4816 3387 4872 neque
3419 4807 3637 4870 putaret

2057 4913 2186 4967 satis
2211 4924 2330 4965 esse
2360 4921 2444 4975 ea,
2470 4920 2589 4973 qua:
2617 4902 2756 4956 dicta
2785 4900 3010 4961 inerant,
3034 4904 3091 4949 ut
3117 4902 3353 4963 optatum
3380 4902 3639 4957 asseque-

2058 5012 2223 5057 rctur.
2253 4997 2389 5067 Quid
2433 5011 2561 5065 ergo
2587 4991 2829 5047 Christus
2854 4989 2879 5040 ?
2906 4988 3036 5056 Quia
3076 4999 3322 5055 magnum
3366 4981 3640 5052 quidpiam

2059 5098 2421 5162 praecepturus
2446 5095 2597 5142 erat.
2627 5083 2840 5153 praemia
2876 5081 3019 5149 prius
3063 5074 3314 5145 proponit
3338 5115 3355 5140 ,
3382 5082 3435 5135 et
3463 5071 3595 5125 dicit
3625 5086 3640 5124 :

2058 5184 2151 5238 Ἦ.
2180 5182 2238 5235 Si
2263 5181 2331 5234 vis
2353 5181 2601 5249 perfectus
2627 5191 2752 5237 esse,
2779 5172 2925 5233 vade,
2958 5169 3111 5222 vende
3128 5167 3295 5219 omnia
3325 5179 3443 5235 qua:
3464 5162 3638 5225 habes,

2061 5286 2106 5329 ct
2155 5274 2221 5328 da
2250 5270 2555 5342 pauperibus
2583 5285 2601 5325 :
2634 5276 2679 5321 et
2711 5264 2911 5319 habebis
2952 5262 3245 5319 thesaurum
3285 5258 3338 5311 in
3377 5255 3550 5310 caelis:
3595 5262 3644 5307 et

2061 5368 2169 5421 erui
2188 5407 2203 5433 ,
2235 5378 2436 5433 sequere
2461 5377 2555 5414 me.

2131 5458 2184 5510 ει.
2230 5455 2409 5509 \‘iden’
2440 5460 2569 5521 quot
2611 5449 2809 5511 bravia,
2856 5453 2986 5515 quot
3031 5456 3255 5497 coronas
3303 5438 3425 5492 huic
3464 5433 3642 5489 stadio

2065 5548 2278 5606 tribuit?
2309 5548 2364 5607 Si
2397 5560 2520 5602 vero
2549 5550 2823 5607 tentasset,
2854 5554 2957 5595 non
2988 5536 3102 5591 hzcc
3131 5535 3204 5591 illi
3230 5532 3471 5613 dixisset.
3493 5524 3643 5582 Nunc

3240 5778 3271 5805 Ιλ
