4074 6144
433 280 538 336 605

435 406 608 452 autem
651 403 705 449 et
747 393 894 458 dicit,
933 398 988 445 et
1034 396 1091 440 ιιι
1126 383 1274 439 illum
1311 375 1560 440 attrahat,
1610 382 1852 437 magnam
1902 370 2004 458 ipsr

439 487 736 545 mercedem
752 455 1005 545 ostendit,
1029 488 1300 545 totumque
1320 470 1435 542 ejus
1451 463 1707 521 voluntati
1733 455 2006 526 relinquit,

439 581 538 635 sub
560 578 742 633 umbra
775 574 1000 646 quadam
1041 570 1344 636 relinquens
1383 577 1444 614 ea
1470 573 1587 628 qua:
1618 556 1670 609 in
1696 553 1795 606 hac
1823 547 2010 602 admo-

444 675 641 728 nitione
681 669 857 740 gravia
887 681 1003 720 esse
1034 663 1344 716 videbantur
1382 672 1394 708 :
1440 652 1684 720 ideoque,
1727 653 2010 740 antequam

439 775 709 818 certamen
755 770 809 814 et
857 758 1089 812 laborem
1119 751 1340 810 diceret,
1383 743 1622 799 bravimn
1647 735 1900 795 ostendit,
1928 730 2012 784 di-

441 869 566 908 cens
597 871 609 904 :
639 851 698 905 Si
750 851 822 902 vis
868 849 1113 918 perfectus
1157 856 1282 906 esse,
1331 846 1385 892 et
1437 845 1562 888 tunc
1609 828 1810 898 adjicit,
1851 821 2016 878 Vende

443 945 610 998 omnia
635 958 744 1012 qua:
764 914 933 1004 habes,
959 914 1006 989 et
1037 935 1104 988 da
1134 928 1472 1005 pauperibus;
1495 924 1778 988 statimque
1800 914 2043 1008 praemia.

443 1038 592 1102 dicit,
640 1034 954 1101 liubebisque
982 1030 1271 1083 thesaurum
1309 1023 1362 1076 in
1404 1020 1546 1083 ratio,
1579 1026 1623 1071 et
1656 1012 1785 1076 veni,
1815 1023 2016 1078 sequere

445 1146 540 1183 me.
568 1127 696 1181 Nam
720 1125 798 1180 vel
829 1123 975 1194 sequi
1007 1121 1172 1182 illum,
1205 1131 1391 1188 magna
1422 1126 1626 1167 merces
1649 1118 1752 1162 est.
1779 1105 1840 1159 Et
1867 1102 2019 1156 habe-

444 1219 519 1274 bis
547 1220 835 1272 thesaurum
872 1214 926 1267 in
963 1212 1116 1266 cretis.
1153 1209 1287 1278 Quia
1309 1207 1451 1262 enint
1477 1203 1544 1258 de
1570 1197 1802 1270 pecuniis
1840 1207 2016 1249 sermo

444 1311 582 1364 erat,
606 1300 866 1368 illumque
889 1299 1227 1363 hortabatur,
1244 1305 1302 1351 ut
1321 1312 1380 1351 se
1398 1295 1652 1350 omnibus
1669 1292 2021 1363 exspoliaret,

408 1433 410 1435 ›
445 1392 734 1446 ostendens
748 1406 854 1445 non
869 1407 967 1447 sua
985 1391 1084 1445 sibi
1107 1389 1331 1454 auferri,
1352 1389 1443 1442 sed
1461 1386 1667 1458 augeri,
1687 1387 1848 1439 etiam
1866 1383 2020 1456 plura

443 1483 519 1538 illi
557 1484 669 1546 dat,
694 1497 857 1553 quam
887 1482 1001 1551 ipse.
1027 1479 1602 1550 praeberejuberetnr;
1650 1491 1822 1546 neque
1863 1473 2018 1544 plura

451 1569 629 1636 modo,
657 1569 748 1624 sed
777 1578 922 1623 tanto
953 1567 1173 1637 majora,
1204 1574 1402 1635 quanto
1442 1561 1611 1632 majus
1643 1560 1832 1613 cadum
1861 1571 2020 1628 quam

452 1672 589 1716 terra
630 1668 731 1726 est,
779 1661 886 1715 imo
913 1658 1039 1728 quid
1083 1657 1321 1712 ulterius.
1351 1653 1679 1709 Thes-aurum
1719 1660 1893 1704 autem
1923 1663 2022 1715 ap-

453 1755 633 1825 pellat,
680 1753 880 1824 przemii
923 1751 1302 1823 prmstantiam,
1352 1745 1716 1809 stabilitatem,
1761 1740 2020 1796 securita-

450 1857 660 1916 temque
687 1846 800 1915 ejus
830 1843 1124 1908 declarans,
1155 1851 1406 1911 quantum
1447 1853 1540 1908 per
1570 1835 1796 1889 Immana
1837 1831 2020 1887 subin-

450 1941 628 1995 dicare
660 1947 861 2010 poterat
889 1937 1144 1992 audienti.
1174 1933 1288 1988 Non
1316 1947 1442 2001 ergo
1471 1930 1598 1983 satis
1637 1936 1719 1982 est
1747 1925 2022 1996 pecuniam

450 2043 823 2093 contemnere;
868 2029 960 2084 sed
1006 2036 1214 2098 oportet
1259 2038 1517 2094 pauperes
1575 2021 1751 2078 alere:
1799 2027 1852 2072 et
1901 2025 2024 2070 ante

453 2123 626 2177 omnia
654 2121 919 2175 Christum
949 2121 1119 2189 sequi,
1155 2117 1205 2171 id
1232 2127 1333 2175 est.
1360 2113 1534 2168 omnia
1569 2112 1712 2182 jussa
1739 2109 1854 2175 ejus
1878 2124 2025 2161 com-

450 2215 617 2285 plere,
647 2228 765 2268 esse
791 2211 1025 2284 quotidie
1055 2219 1292 2279 paratum
1320 2205 1383 2259 ad
1414 2203 1607 2264 aedes,
1631 2212 1683 2256 et
1703 2200 1768 2254 ad
1798 2209 2023 2254 niortetn

450 2305 829 2375 quotidianam.
880 2305 968 2356 Ait
997 2303 1134 2355 enitn
1171 2318 1183 2354 :
1219 2298 1279 2354 Si
1322 2298 1432 2367 quis
1460 2295 1565 2348 vult
1593 2303 1702 2364 post
1738 2309 1815 2344 me
1837 2291 2021 2355 venire,

451 2398 656 2468 abneget
682 2399 1020 2466 semetipsum,
1051 2405 1094 2448 et
1118 2393 1262 2446 tollat
1291 2407 1484 2444 crucem
1517 2403 1680 2452 suam,
1721 2396 1764 2439 et
1788 2394 2026 2454 sequatur

452 2489 699 2560 nte-(Luc.
729 2489 782 2545 9.
814 2487 931 2556 23):
963 2485 1102 2557 quod
1143 2484 1376 2553 profecto
1407 2481 1708 2535 mandatum
1756 2479 2024 2547 preprium

455 2583 706 2638 fundendi
746 2582 1055 2651 sanguinem
1104 2582 1272 2646 majus
1300 2585 1398 2639 est,
1430 2590 1585 2644 quam
1617 2571 1853 2643 pecunia:
1893 2584 2025 2624 con-

453 2684 680 2745 temptus
709 2693 721 2727 :
754 2675 841 2744 qui
865 2683 1038 2727 tamen
1065 2688 1166 2724 non
1197 2685 1378 2740 parum
1408 2667 1614 2722 Confert
1640 2664 1706 2718 ad
1737 2663 1860 2719 illud
1882 2678 2028 2716 asse-

451 2766 740 2838 quendnm.
787 2766 877 2819 ‘29..
921 2763 1047 2819 Cum
1095 2762 1316 2816 audisset
1363 2771 1532 2812 autem
1561 2756 1872 2818 adolescens,
1905 2754 2026 2806 abiit

452 2859 626 2912 tristis.
657 2856 809 2924 Quod
858 2871 962 2909 non
994 2855 1108 2909 sine
1146 2866 1305 2908 causa
1331 2850 1585 2904 accidisse
1616 2847 1686 2902 illi
1715 2845 2029 2916 signiﬁcavit

452 2950 769 3020 evangelista
792 2947 973 3002 dicens
1011 2961 1026 2998 :
1056 2942 1430 2997 Ilabebatenim
1467 2939 1798 3010 possessiones
1820 2935 2024 2988 multas.

522 3041 711 3096 Divites
738 3039 1020 3109 cupidiores
1047 3044 1161 3090 sunt
1184 3050 1333 3097 quant
1353 3033 1434 3102 qui
1461 3031 1654 3084 modica
1679 3027 1900 3100 gaudent
1923 3027 2029 3096 [or-

453 3142 590 3186 tuna.
623 3133 860 3186 Avaritia:
879 3132 949 3184 vis
978 3139 1184 3198 quanta.
1214 3157 1284 3167 —
1308 3126 1423 3181 Non
1451 3125 1526 3179 sic
1552 3123 1693 3176 enim
1725 3121 2029 3176 detinentur

453 3226 510 3292 ii,
541 3226 732 3295 quibus
760 3240 937 3294 pauca:
967 3223 1265 3287 facultates,
1296 3231 1352 3273 ut
1382 3219 1412 3271 ii
1441 3217 1526 3287 qni
1551 3216 1711 3269 multa
1739 3229 1915 3268 rertnn
1937 3227 2029 3265 co-

455 3318 539 3387 pia
570 3316 814 3370 fruuntur
844 3330 858 3369 :
888 3324 1010 3368 tunc
1035 3315 1174 3368 enim
1196 3311 1472 3364 violentior
1496 3307 1785 3377 cupiditas:
1811 3303 1860 3357 id
1887 3300 2026 3373 quod

455 3405 661 3463 dicendi
705 3405 862 3459 ﬂnem
892 3420 996 3458 non
1044 3404 1251 3467 faciam,
1298 3415 1488 3469 nempe
1526 3398 1830 3453 accessione
1867 3409 2028 3464 opum

455 3499 708 3568 majorem
728 3497 943 3552 accendi
959 3496 1244 3557 ﬂammam,
1269 3504 1664 3562 etpossessores
1689 3487 2029 3558 pauperiores

457 3591 616 3656 effici,
649 3592 767 3661 quia
797 3591 1035 3660 pluribus
1063 3589 1417 3657 corripiuntttr
1441 3583 1835 3653 cupiditatibus,
1866 3591 1921 3636 et
1950 3583 2030 3633 in-

457 3686 740 3756 digentiam
784 3684 950 3754 magis
992 3683 1246 3738 sentiunt.
1292 3679 1386 3734 Ilic
1425 3677 1816 3731 :mimadvertas
1845 3673 2025 3736 velim,

458 3787 705 3846 quantam
737 3777 950 3829 morbus
976 3776 1080 3827 vim
1111 3771 1428 3827 exhibuerit.
1459 3769 1608 3824 Illum
1639 3768 1779 3822 enim
1801 3765 1889 3836 qui
1910 3781 2030 3819 cmn

459 3869 650 3939 gaudio
686 3877 739 3922 ct
781 3869 1054 3922 alacritate
1100 3874 1418 3923 accesserat.
1469 3863 1555 3916 ubi
1600 3861 1840 3915 Christus
1875 3857 2034 3926 jussit

463 3960 711 4031 pecunias
739 3959 990 4022 abiicere,
1020 3959 1088 4010 ita
1116 3957 1290 4010 obruit
1314 3965 1367 4008 ct
1396 3953 1604 4018 afﬂixit,
1636 3960 1692 4005 ut
1720 3966 1786 4004 ne
1804 3964 2030 4016 rc5p0n-

461 4051 664 4104 sionem
707 4049 917 4119 quidem
951 4048 1122 4112 daret,
1166 4046 1258 4100 sed
1288 4046 1470 4107 silens,
1504 4043 1689 4104 tristis,
1733 4052 1787 4096 ει
1815 4053 2035 4094 mceSIus

463 4141 647 4194 abiret.
681 4140 814 4205 Quid
849 4139 1004 4208 igitur
1029 4138 1306 4192 Christus?
1333 4136 1421 4190 23.
1460 4135 1624 4202 Quam
1647 4132 1844 4202 di/ﬁcile
1863 4131 2036 4184 divites

464 4234 718 4288 intrabunt
756 4234 808 4287 in
853 4249 1060 4302 regnum
1112 4229 1380 4285 actorum!
1409 4244 1510 4282 non
1551 4227 1801 4298 pecunias
1829 4225 2036 4293 vitupe-

467 4339 610 4388 rans,
643 4323 736 4378 sed
763 4337 855 4376 eos
881 4322 967 4389 qui
993 4321 1296 4374 detinentur
1316 4318 1382 4372 ab
1407 4317 1554 4388 ipsis.
1579 4318 1631 4372 Si
1655 4315 1870 4370 difficile
1898 4313 2036 4368 divi-

469 4427 565 4480 tes,
591 4417 747 4487 longe
775 4414 1042 4471 difﬁcilius
1085 4413 1248 4466 avari.
1300 4411 1429 4465 Nam
1475 4412 1518 4463 si
1558 4425 1651 4465 sua
1699 4424 1802 4462 non
1837 4405 2036 4475 largiri,

469 4511 904 4580 impedimentum
949 4515 1033 4562 est
1069 4505 1134 4559 ad
1184 4520 1403 4576 regnum
1429 4501 1836 4572 assequendum,
1867 4499 2041 4553 aliena

471 4616 676 4671 rapere,
705 4599 876 4670 cogita
899 4606 1151 4667 quantum
1180 4597 1353 4665 ignem
1393 4593 1710 4648 accumulet.
1737 4591 1843 4646 Cur
1864 4597 2040 4642 autem

470 4690 740 4760 discipulis
784 4688 932 4752 dicit,
976 4687 1192 4741 difﬁcile
1231 4685 1446 4738 divitem
1490 4683 1540 4736 in
1568 4697 1784 4750 regnum
1825 4680 2038 4742 intrare,

472 4781 557 4851 qui
587 4794 844 4850 pauperes
871 4787 1042 4842 erant,
1076 4775 1311 4845 nihilque
1334 4771 1707 4843 possidebant?
1736 4770 1900 4824 Docet
1928 4768 2046 4821 illos

474 4890 536 4926 ne
557 4874 624 4929 de
651 4879 959 4940 paupertate
983 4868 1319 4932 erubescant,
1349 4876 1403 4920 et
1441 4867 1696 4918 rationem
1729 4861 1920 4926 reddit,
1950 4875 2049 4914 cur

475 4967 602 5020 nihil
631 4980 724 5019 eos
756 4963 952 5016 habere
991 4959 1315 5031 permiserit.
1355 4957 1636 5022 Postquam
1677 4962 1852 5007 autem
1893 4950 2046 5016 dixit,

474 5071 582 5110 rem
610 5069 729 5108 esse
753 5051 1047 5116 difficilem,
1067 5067 1180 5105 rem
1203 5064 1307 5102 non
1329 5062 1485 5117 posse
1508 5044 1643 5110 ﬁeri,
1665 5053 1842 5114 postea
1872 5051 2052 5096 osten-

472 5145 567 5211 dit,
600 5161 699 5200 nec
727 5142 887 5198 modo
931 5141 1044 5197 ﬁeri
1075 5157 1180 5196 non
1223 5154 1397 5209 posse,
1443 5137 1536 5192 sed
1563 5152 1628 5191 ex
1657 5134 2052 5204 comparatione

477 5237 606 5291 faeza
636 5236 824 5290 cameli
850 5245 1007 5302 atque
1037 5249 1180 5297 acus,
1211 5229 1406 5300 aliquid
1429 5230 1562 5283 ultra
1586 5228 1780 5283 addere
1806 5227 2050 5281 videtur:

478 5344 594 5382 nam
627 5330 720 5393 ait,
745 5327 835 5381 ii.
881 5325 1108 5379 Facilius
1135 5336 1206 5379 est
1249 5325 1494 5376 cmnelum
1537 5338 1625 5390 per
1664 5321 1890 5390 foramen
1932 5335 2053 5374 acus

480 5421 723 5483 transire,
764 5437 911 5489 quam
959 5417 1160 5471 divitem
1207 5417 1395 5470 intrare
1445 5417 1497 5468 in
1541 5430 1748 5484 regnum
1794 5412 2054 5466 caelorum.

481 5509 632 5567 Unde
677 5509 975 5564 ostenditur
1003 5522 1109 5561 non
1153 5523 1336 5576 parum
1367 5504 1628 5560 mercedis
1659 5503 1828 5572 parari
1873 5502 2055 5556 diviti-

483 5604 616 5666 bus,
662 5602 748 5670 qui
799 5599 1156 5670 philosophari
1203 5601 1424 5668 possint.
1455 5596 1578 5651 Ideo
1619 5595 1708 5650 Dei
1750 5609 1885 5664 opus
1928 5594 2058 5650 illud

483 5711 600 5751 esse
616 5695 867 5761 asseruit,
893 5703 948 5747 ut
969 5693 1066 5748 dec
1084 5701 1280 5765 araret,
1306 5706 1491 5763 magna
1510 5706 1642 5760 opus
1658 5703 1775 5744 esse
1789 5688 1954 5758 gratia
1981 5686 2052 5754 ei,

1431 263 1495 317 IN
1531 251 1941 316 MA'I'TILEUM
1979 246 2210 304 lIOMIL.
2252 245 2434 301 LXIII.
2475 243 2546 300 al.
2590 241 2769 298 LXIV.

3591 233 3695 288 606

2117 359 2205 430 qui
2237 357 2287 413 id
2319 368 2661 425 suscepturus
2701 361 2862 408 esset.
2904 349 3230 406 Pcrturbatis
3271 362 3397 419 ergo
3425 341 3696 417 discipulis

2115 449 2288 505 dixit:
2321 447 2410 503 26.
2463 444 2572 500 Hoc
2615 444 2754 513 apud
2801 443 3025 498 homines
3079 437 3386 507 impossibile
3429 449 3520 504 est,
3559 441 3695 508 apud

2117 541 2281 596 Deum
2305 551 2474 594 autem
2501 539 2669 593 omnia
2687 536 2942 607 possibilia
2964 544 3100 589 sunt.
3129 533 3236 588 Cur
3255 541 3430 586 autem
3451 531 3695 600 discipuli

2122 634 2430 698 turbantur,
2480 632 2567 702 qui
2616 643 2910 700 pauperes,
2952 629 3058 682 imo
3101 625 3384 681 admodum
3438 639 3699 694 pauperes

2119 726 2278 782 sunt?
2302 742 2397 781 cur
2423 741 2550 795 ergo
2581 724 2888 778 turbantur"
2920 721 2992 776 De
3007 721 3289 774 multorum
3307 717 3501 772 amissa
3527 716 3697 773 salute

2119 818 2383 883 dolentes,
2409 816 2496 886 qui
2529 829 2714 882 magna
2754 827 2877 882 erga
2909 825 3095 866 omnes
3118 811 3335 864 caritate
3362 807 3697 875 tenebantur,

2120 917 2173 963 et
2194 908 2304 978 jam
2328 907 2697 976 magistrorum
2716 904 2917 958 viscera
2945 902 3215 972 gerebant.
3241 898 3522 955 Timebant
3543 899 3698 970 igitur

2122 999 2520 1066 tremebantque
2546 1011 2642 1066 pro
2670 1004 2779 1049 toto
2808 994 2956 1057 orbe,
2989 992 3076 1046 tali
3121 991 3382 1047 sententia
3422 989 3696 1054 commoti,

2120 1089 2191 1144 ita
2222 1099 2277 1143 nt
2303 1088 2463 1142 multa
2495 1095 2710 1157 egerent
2735 1083 3116 1139 consolatione.
3146 1080 3257 1148 Qua
3285 1081 3352 1135 de
3376 1096 3534 1135 causa
3558 1088 3700 1147 post-

2120 1195 2277 1250 quam
2329 1179 2473 1248 prins
2513 1177 2816 1246 inspexerat
2865 1188 2976 1236 eos,
3009 1171 3142 1226 dixit
3170 1189 3185 1225 :
3218 1171 3342 1237 Quae
3371 1169 3700 1240 impossibilia

2118 1282 2232 1327 sunt
2261 1271 2398 1342 apud
2441 1269 2685 1332 homines,
2727 1266 2986 1338 possibilia
3014 1274 3131 1319 sunt
3171 1263 3312 1332 apud
3345 1259 3504 1317 Deum
3532 1261 3698 1333 (Luc.

2123 1365 2211 1418 18.
2236 1361 2348 1432 27).
2376 1361 2618 1417 iucundo
2642 1361 2782 1414 enim
2813 1373 2876 1413 ac
2896 1365 3171 1412 mansueto
3192 1365 3409 1425 aspectu
3435 1355 3552 1408 illos
3579 1354 3696 1408 hor.

2123 1470 2245 1510 rore
2288 1453 2451 1508 animi
2498 1460 2682 1522 captos
2733 1451 2877 1521 prius
2914 1447 3237 1510 consolatus,
3267 1455 3321 1502 et
3347 1443 3586 1514 angustia
3616 1445 3700 1499 illa

2123 1544 2295 1599 soluta
2347 1543 2498 1616 (hoc
2553 1541 2696 1596 enim
2744 1540 3057 1610 significavit
3117 1537 3439 1607 evangelista
3495 1535 3702 1600 dicens,

2125 1631 2472 1704 Respiciens).
2527 1643 2650 1685 ttmc
2692 1630 2868 1686 verbis
2906 1630 3026 1684 illos
3073 1628 3244 1698 erigit,
3292 1627 3384 1681 Dei
3413 1625 3703 1694 potentiam

2126 1727 2177 1780 in
2209 1725 2438 1780 medium
2468 1724 2758 1788 adducens,
2788 1733 2842 1777 et
2862 1723 2938 1777 sic
2966 1720 3209 1775 ﬁduciam
3240 1718 3447 1773 indidit.
3488 1718 3543 1772 Si
3578 1719 3706 1772 velis

2125 1827 2300 1871 autem
2332 1817 2547 1870 modum
2578 1830 2788 1884 quoque
2811 1812 3070 1878 ediscere,
3101 1821 3155 1865 et
3173 1826 3278 1880 quo
3297 1819 3449 1880 pacto
3475 1809 3546 1875 id,
3565 1809 3704 1878 quod

2127 1908 2451 1977 impossibile
2491 1916 2590 1970 est,
2625 1904 2874 1974 possibile
2909 1904 3015 1966 fiat,
3063 1902 3208 1955 audi.
3271 1901 3384 1954 Non
3413 1908 3554 1956 enim
3586 1899 3707 1954 ideo

2127 1999 2279 2065 dixit,
2331 2015 2446 2070 qtae
2491 1997 2833 2068 impossibilia
2877 2005 2998 2050 sunt
3048 1993 3389 2060 hominibus,
3435 1994 3706 2065 possibilia

2120 2095 2244 2144 'esse
2277 2092 2403 2156 Deo,
2439 2099 2493 2144 nt
2523 2091 2701 2144 animo
2727 2087 2996 2152 concidas,
3026 2097 3077 2141 et
3103 2087 3170 2140 ab
3201 2086 3262 2139 iis
3287 2087 3434 2154 quasi
3463 2086 3707 2156 impossi-

2127 2181 2321 2236 bilibus
2358 2183 2604 2248 absistas,
2649 2180 2741 2236 sed
2782 2189 2839 2233 ut
2868 2179 3130 2234 intellecta
3167 2177 3414 2232 facinoris
3443 2179 3707 2248 magnitu-

2127 2271 2271 2336 dine,
2316 2271 2520 2327 facilius
2562 2287 2675 2326 rem
2722 2269 3079 2341 aggrediaris,
3124 2277 3178 2323 et
3219 2268 3464 2322 invocato
3514 2269 3621 2322 Ileo
3650 2278 3708 2323 nt

2129 2376 2285 2432 opem
2319 2363 2417 2416 tibi
2449 2363 2499 2415 in
2531 2360 2617 2414 his
2647 2360 2892 2429 pulchris
2935 2356 3330 2414 certaminibus
3358 2367 3600 2429 praestet,
3628 2355 3716 2412 vi-

2127 2463 2239 2510 tam
2269 2453 2654 2524 consequaris.

2200 2542 2254 2596 5.
2294 2540 2573 2609 Quomodo
2600 2540 2756 2610 igitur
2785 2539 2834 2593 id
2868 2539 2980 2594 fieri
3007 2539 3210 2608 poSsit?
3237 2538 3291 2593 Si
3318 2554 3447 2608 opes
3468 2538 3706 2610 abjicias,

2130 2634 2173 2688 si
2201 2634 2450 2702 pecunias
2475 2646 2717 2695 evaenes,
2761 2631 2803 2684 si
2832 2647 2859 2682 a
2886 2633 3023 2685 mala
3062 2631 3487 2700 concupiscentia
3517 2633 3708 2686 absce-

2131 2725 2244 2779 das.
2284 2724 2434 2790 Quod
2477 2725 2617 2778 enim
2664 2724 2712 2776 id
2755 2738 2856 2776 non
2899 2723 2997 2777 soli
3029 2724 3136 2778 Deo
3181 2724 3459 2786 tribuatur.
3487 2725 3578 2779 sed
3607 2723 3708 2781 hoc

2132 2817 2252 2872 ideo
2271 2816 2482 2880 dixerit,
2509 2825 2569 2871 ut
2604 2817 2678 2871 rei
2721 2815 3088 2871 difficultatem
3130 2818 3469 2886 exprimeret,
3499 2817 3619 2872 audi
3644 2833 3708 2874 ea

2131 2923 2249 2977 quze
2273 2916 2582 2978 sequuntur.
2612 2907 2773 2963 Petro
2816 2923 3045 2977 namque
3071 2907 3301 2968 dicente.
3340 2907 3431 2962 27.
3460 2905 3590 2963 Ecce
3617 2925 3710 2963 nos

2132 3001 2426 3069 reliquimus
2451 3002 2642 3066 omnia,
2690 3009 2736 3053 et
2759 3000 3138 3071 sequutisumns
3156 3010 3220 3062 te.
3247 3009 3302 3056 et
3327 3000 3708 3072 interrogante,

2136 3095 2271 3160 Quid
2295 3111 2413 3164 ergo
2442 3096 2535 3147 erit
2559 3095 2698 3149 nobis
2716 3094 2742 3148 ?
2767 3093 3066 3148 mercedem
3098 3094 3198 3147 illis
3220 3103 3476 3154 statuens.
3499 3093 3710 3162 subjun-

2133 3190 2205 3242 xit
2236 3207 2248 3240 :
2279 3187 2366 3242 29.
2414 3186 2476 3240 Et
2503 3189 2802 3258 quicuntque
2835 3187 3087 3256 reliquerit
3117 3186 3320 3240 domum
3342 3185 3419 3239 vel
3443 3203 3612 3255 agros,
3634 3187 3710 3241 vel

2131 3283 2332 3350 fratres,
2363 3279 2439 3333 vel
2467 3295 2678 3342 sorores,
2711 3276 2788 3332 vel
2816 3289 3026 3347 patrem,
3059 3277 3135 3332 vel
3159 3288 3386 3341 matrem,
3425 3278 3712 3347 centuplum

2132 3372 2342 3441 accipiet
2367 3373 2420 3423 in
2445 3369 2680 3441 presenti
2708 3369 2915 3432 sa'culo,
2945 3379 2990 3422 et
3020 3369 3171 3421 vitam
3210 3379 3451 3422 tetertmm
3484 3368 3710 3434 posside-

2133 3463 2222 3515 bit.
2253 3463 2341 3518 Sic
2386 3461 2525 3532 quod
2554 3460 2880 3530 impossibile
2906 3468 3008 3524 est,
3041 3457 3099 3514 ﬁt
3139 3459 3408 3528 possibile.
3437 3457 3541 3512 Sed
3578 3472 3712 3529 quo.

2134 3556 2314 3617 modo,
2335 3555 2562 3625 inquies,
2583 3554 2696 3608 haec
2724 3554 3025 3621 relinquere
3049 3553 3298 3623 possibile
3314 3552 3715 3625 cstiqnomodo

2134 3657 2308 3718 potest
2333 3648 2395 3708 is,
2410 3624 2512 3717 qni
2537 3654 2677 3699 tanta
2702 3645 3041 3709 pecuniarum
3059 3642 3347 3713 cupiditate
3368 3624 3587 3696 obrutus
3610 3649 3713 3709 est,

2137 3742 2314 3797 statim
2344 3741 2658 3808 emergere?
2681 3737 2735 3792 Si
2762 3739 2977 3808 incipiat
3005 3751 3135 3804 opes
3164 3750 3443 3796 evacnarc,
3468 3744 3520 3788 et
3540 3749 3716 3801 supcr-

2136 3833 2237 3886 ﬂua
2267 3832 2566 3900 praecidere.
2605 3830 2677 3884 Ita
2706 3830 2847 3885 enim
2878 3839 2930 3882 et
2962 3826 3180 3881 ulterius
3205 3825 3476 3896 procedet,
3502 3834 3555 3880 et
3584 3822 3716 3880 faci-

2136 3925 2238 3979 lius
2271 3932 2449 3992 postea
2472 3930 2672 3975 curret.

2209 4016 2401 4069 Avarus
2445 4013 2696 4066 sitibundo
2743 4021 2788 4064 et
2828 4008 3128 4082 febricitanti
3157 4009 3356 4076 similis,
3396 4009 3550 4064 simili
3570 4010 3720 4063 modo

2138 4108 2395 4162 curandus
2424 4116 2514 4160 est.
2539 4105 2709 4160 —-Ne
2748 4105 2925 4174 itaque
2968 4103 3120 4157 simul
3168 4112 3334 4157 totum
3374 4102 3719 4172 aggrediaris,

2140 4201 2235 4257 sed
2284 4198 2481 4254 sensim
2525 4205 2578 4250 et
2623 4195 2871 4267 paulatim
2913 4210 3008 4264 per
3051 4193 3186 4248 hanc
3231 4195 3426 4248 sealam
3464 4192 3720 4259 ascende,

2140 4308 2258 4363 qua:
2273 4291 2339 4346 ad
2360 4291 2546 4345 caelum
2571 4297 2622 4342 te
2649 4287 2882 4348 adducit,
2901 4285 2946 4339 si
2969 4283 3182 4338 difﬁcile
3210 4283 3300 4337 tibi
3325 4282 3534 4338 videtur
3556 4293 3722 4340 totum

2143 4385 2300 4439 simul
2329 4380 2560 4451 assequi.
2592 4375 3047 4446 Quemadmodum
3077 4374 3218 4429 enim
3261 4373 3640 4432 febricitantes.
3671 4384 3725 4428 et

2144 4478 2233 4548 qui
2259 4491 2434 4532 acrem
2471 4473 2632 4527 bilem
2659 4471 2799 4525 intus
2841 4469 3039 4524 habent
3067 4470 3466 4532 exuberantem,
3497 4483 3617 4521 cum
3647 4467 3724 4520 ci-

2146 4568 2271 4623 bum
2298 4576 2350 4621 et
2380 4573 2560 4634 potmn
2605 4563 2842 4625 sorbent,
2875 4575 2980 4614 non
3011 4559 3169 4612 modo
3215 4574 3319 4610 non
3349 4558 3489 4610 sitim
3520 4557 3726 4611 exstin-

2146 4667 2333 4731 guunt,
2356 4655 2448 4710 scd
2479 4655 2638 4708 etiam
2663 4651 2928 4706 ﬂammam
2960 4648 3287 4702 succendunt
3319 4664 3333 4700 :
3365 4647 3444 4702 sic
3479 4657 3532 4702 et
3560 4648 3727 4714 avari,

2149 4777 2269 4815 cum
2297 4758 2419 4813 huic
2443 4770 2619 4828 pravae
2647 4750 2940 4821 cupiditati,
2963 4749 3068 4803 bile
3087 4747 3298 4810 acriori,
3330 4746 3582 4815 pecunias
3598 4745 3729 4800 aﬂ'e-

2150 4862 2295 4918 runt,
2340 4849 2482 4903 illam
2514 4845 2680 4914 magis
2724 4841 3069 4897 inﬂammant.
3115 4837 3252 4892 Nihil
3295 4839 3436 4891 enim
3481 4837 3560 4892 sic
3587 4835 3728 4889 illam

2153 4943 2323 5004 sedat,
2358 4950 2416 4995 ut
2444 4940 2487 4993 si
2512 4939 2754 4991 intercaa
2779 4933 2910 4988 lucri
2933 4931 3221 5000 cupiditate
3245 4929 3567 4993 discedatur,
3595 4928 3734 4982 sicut

2154 5038 2312 5091 etiam
2335 5048 2511 5088 acrem
2540 5030 2700 5084 bilcm
2723 5027 2874 5082 sedat
2905 5025 3055 5079 cibus
3087 5023 3326 5077 modicus
3352 5030 3407 5077 et
3432 5019 3726 5076 evacuatio.

2154 5128 2259 5186 Sed
2287 5125 2433 5193 illud,
2463 5121 2687 5193 inquies,
2713 5116 2979 5190 quomodo
3002 5115 3130 5170 ﬁet?
3154 5114 3210 5171 Si
3236 5114 3435 5185 cogites
3457 5121 3527 5173 te,
3545 5125 3734 5181 quam-

2157 5220 2244 5274 diu
2275 5216 2470 5272 divitiis
2490 5213 2695 5278 afﬂucs,
2725 5223 3011 5280 numquam
3038 5207 3178 5260 sitim
3205 5206 3540 5271 exstinguere
3555 5215 3736 5270 posse,

2159 5311 2250 5366 sed
2281 5310 2400 5381 plus
2430 5304 2660 5361 habendi
2691 5302 2939 5372 cupidine
2973 5301 3025 5354 in
3059 5297 3232 5352 tabem
3265 5295 3535 5364 lapsuram
3575 5305 3735 5347 esse:

2161 5404 2206 5459 si
2256 5411 2430 5456 autem
2478 5414 2610 5470 opes
2653 5392 2984 5464 deposueris,
3027 5389 3163 5442 hanc
3187 5384 3553 5456 :cgritudinem
3580 5396 3737 5454 posse

2162 5498 2447 5567 deponere.
2497 5490 2614 5546 Noli
2657 5502 2784 5556 ergo
2834 5485 2981 5554 plura
3028 5481 3228 5536 circum
3262 5492 3536 5550 aggerem,
3575 5490 3644 5531 ne
3671 5490 3735 5530 es

2165 5585 2499 5659 persequaris
2524 5596 2644 5653 qua“:
2669 5594 2776 5634 non
2808 5583 3032 5646 possunt
3064 5569 3410 5644 apprehendi,
3450 5578 3504 5626 et
3527 5568 3742 5625 incura-

2168 5681 2263 5737 bili
2291 5676 2479 5736 morbo
2507 5673 2738 5739 labores,
2787 5668 2981 5740 talique
3021 5663 3167 5722 rabie
3195 5672 3477 5735 correptus
3502 5660 3740 5718 omnium
