4074 6144
335 164 439 220 607

335 277 669 333 miserrimus
691 277 785 332 sis.
816 274 1102 347 Responde
1127 274 1255 329 mihi
1288 292 1305 330 :
1334 288 1490 343 quem
1526 272 1767 327 dicamus
1809 279 1921 325 tor-

335 370 484 438 queri
515 380 567 425 et
606 369 855 433 cruciari,
889 383 1080 423 cumne
1102 368 1189 436 qui
1216 367 1413 420 lautum
1437 366 1611 420 cibum
1657 373 1712 420 et
1740 376 1919 435 potum

335 460 534 529 cupiat,
559 476 657 513 nec
687 460 852 528 possit
876 459 1069 528 optatis
1092 456 1195 511 frui
1224 476 1236 512 :
1267 472 1332 510 an
1356 472 1478 512 eum
1506 456 1595 526 qui
1616 452 1920 527 lmjusmodi

337 550 822 620 concupiscentiam
866 565 971 603 non
1006 548 1203 603 habet?
1243 547 1432 602 Procul
1471 546 1632 601 dubio
1669 547 1925 615 concupi-

336 658 598 710 scentem,
630 646 720 717 qui
752 661 853 699 non
885 644 1051 714 possit
1075 658 1136 699 ea
1166 659 1284 714 qua:
1323 642 1653 712 concupiscit
1689 642 1918 709 assequi.

337 739 468 794 Nam
515 740 584 793 ita
631 739 1034 813 miserum‘est,
1079 737 1549 814 concupiscentem
1598 744 1779 805 optato
1824 735 1924 789 frui

338 846 444 884 non
464 845 641 901 posse,
673 845 769 883 nec
793 830 1059 883 sitientem
1089 829 1292 893 bibere,
1319 838 1373 881 ut
1393 826 1691 898 gehennam
1722 828 1927 883 deseri-

339 923 466 977 bere
513 923 696 977 volens
735 921 998 991 Christus,
1039 919 1143 977 hoc
1182 921 1324 975 illam
1364 919 1524 975 modo
1564 918 1833 990 depingat,
1872 928 1927 974 et

340 1014 558 1069 divitem
592 1013 804 1068 inducat
848 1014 1041 1069 ardore
1080 1014 1393 1077 cruciatum,
1443 1013 1531 1083 qui
1575 1028 1695 1067 cum
1723 1020 1924 1082 guttam

336 1120 487 1173 aqua:
538 1113 798 1173 posceret,
847 1119 946 1159 nec
984 1103 1071 1158 illa
1123 1103 1223 1157 frui
1270 1112 1468 1173 posset,
1500 1104 1568 1156 ita
1610 1102 1928 1172 puniebatur

337 1192 503 1263 (Luc.
535 1194 649 1263 16).
677 1194 862 1264 Itaque
892 1194 956 1260 is,
987 1195 1073 1264 qui
1105 1195 1357 1263 pecunias
1386 1193 1631 1263 despicit,
1664 1193 1926 1263 cupidita-

341 1292 449 1339 tem
476 1284 716 1352 sedavit;
744 1286 830 1355 qui
851 1294 1024 1340 autem
1053 1284 1317 1339 ditescere
1345 1285 1510 1354 cupit,
1536 1293 1590 1338 et
1616 1283 1767 1354 plura
1794 1298 1926 1338 con—

337 1392 548 1445 gerere,
582 1378 725 1431 illam
750 1377 915 1447 magis
941 1377 1102 1440 auxit,
1137 1386 1188 1431 et
1218 1391 1501 1446 numquam
1527 1375 1683 1430 finem
1714 1375 1926 1443 assequi

339 1466 552 1520 valet‘:
581 1466 788 1520 etiamsi
818 1467 959 1521 enim
993 1467 1264 1521 innumera
1294 1468 1490 1521 talenta
1512 1466 1798 1535 acceperit,
1824 1466 1927 1520 alia

341 1559 453 1628 pari
482 1574 704 1614 numero
732 1559 1094 1629 concupiscit;
1137 1559 1180 1613 si
1204 1558 1318 1613 hare
1343 1567 1717 1627 consequatur,
1744 1573 1930 1613 rursus

339 1650 502 1720 duplo
537 1651 684 1722 plura
711 1651 1003 1714 desiderat,
1042 1651 1284 1719 ultraque
1315 1665 1653 1720 progressus,
1698 1660 1927 1717 montes,

341 1750 560 1807 terram,
590 1757 737 1796 mare
767 1749 822 1796 et
850 1742 1025 1796 omnia
1056 1742 1153 1796 sibi
1186 1757 1374 1795 aurum
1413 1740 1550 1797 effici
1593 1750 1762 1812 optat,
1791 1756 1930 1797 novo

340 1844 394 1889 et
417 1834 634 1889 terribili
689 1834 884 1888 furoris
919 1850 1114 1905 genere
1158 1835 1466 1898 insaniens,
1516 1836 1604 1905 qui
1642 1850 1928 1905 numquam

343 1928 511 1996 possit
530 1927 814 1997 exstingui.
844 1922 1015 1997 Atque
1037 1937 1095 1982 ut
1124 1927 1319 1992 discas,
1348 1944 1453 1983 non
1479 1930 1801 1996 accessione,
1834 1929 1930 1985 sed

342 2019 698 2074 abstractione
740 2020 839 2073 hoc
866 2020 1062 2073 malum
1092 2019 1205 2073 sisti
1248 2035 1403 2090 posse
1440 2038 1452 2073 :
1485 2020 1531 2089 si
1563 2030 1613 2076 te
1645 2022 1931 2092 aliquando

343 2111 574 2166 absurda
622 2111 832 2166 volandi
884 2112 1077 2182 cupido
1121 2112 1431 2177 incesseret,
1482 2114 1750 2184 quomodo
1788 2116 1930 2170 illam

345 2203 746 2274 restiugueres?
784 2220 851 2258 an
899 2221 1019 2259 cum
1061 2205 1163 2258 alis
1200 2205 1426 2276 aliisque
1468 2207 1834 2263 iustrmnentis
1865 2209 1932 2263 ad

348 2297 450 2351 hoc.
479 2296 848 2352 concinnatis?
870 2312 935 2351 an
966 2296 1057 2351 tibi
1090 2297 1481 2367 persuadendo,
1508 2314 1620 2353 rem
1649 2314 1751 2353 non
1778 2315 1931 2370 posse

348 2390 484 2452 fieri,
534 2403 633 2443 nec
680 2389 815 2442 ultra
848 2388 898 2442 id
942 2388 1250 2442 tentandum
1299 2389 1457 2444 esse?
1486 2388 1595 2445 Hac
1627 2390 1742 2445 sine
1771 2389 1935 2445 dubio

344 2481 615 2535 suasione.
653 2480 873 2544 Verum,
919 2479 1149 2551 inquies,
1199 2479 1325 2534 illud
1373 2479 1702 2549 impossibile
1731 2491 1832 2535 est.
1864 2484 1932 2536 At

343 2572 500 2643 longe
526 2571 904 2640 impossibilius
940 2580 1022 2626 est
1060 2571 1185 2626 huic
1221 2571 1496 2640 cupiditati
1538 2572 1819 2626 terminum
1849 2574 1931 2626 in-

346 2663 548 2716 venire.
591 2660 819 2716 Facilius
858 2648 1053 2732 quippe
1096 2669 1201 2728 est,
1243 2662 1486 2716 homines
1530 2661 1729 2727 volare,
1774 2677 1931 2731 quam

346 2754 653 2808 accessione
684 2752 1026 2822 cupiditatem
1055 2753 1296 2822 explere.
1336 2752 1563 2820 Quando
1591 2754 1735 2808 enim
1763 2754 1936 2823 possi-

346 2843 468 2898 bilia
499 2842 885 2915 desideramus,
931 2859 1026 2913 spe
1082 2844 1290 2899 fruendi
1321 2858 1418 2899 nos
1446 2844 1711 2901 consolari
1749 2858 1934 2914 possu-

348 2953 498 3002 mus;
531 2936 744 3006 quando
787 2944 965 2991 autem
998 2935 1347 3005 impossibilia
1369 2943 1510 3001 sunt,
1553 2951 1720 2990 unum
1745 2950 1937 2990 curan-

346 3027 472 3081 dum
496 3038 599 3093 est,
630 3036 732 3082 uta
759 3028 1048 3097 cupiditate
1076 3026 1162 3081 illa
1190 3041 1288 3081 nos
1317 3026 1661 3093 abducamus,
1684 3042 1803 3082 cum
1829 3027 1934 3084 alia

349 3116 558 3171 ratione
584 3133 686 3171 non
713 3117 976 3186 possimus
997 3117 1159 3171 animi
1185 3117 1619 3188 tranquillitatem
1654 3118 1931 3187 consequi.

348 3208 425 3263 Ne
465 3210 641 3277 itaque
684 3209 737 3263 in
778 3222 987 3265 cassum
1029 3207 1338 3275 doleamus,
1376 3218 1641 3281 perpetuo
1672 3210 1933 3266 furentem

351 3299 695 3369 pecuniarum
737 3315 995 3365 amorem,
1044 3302 1131 3371 qui
1164 3317 1449 3372 numquam
1492 3302 1707 3373 reprimi
1740 3312 1932 3374 potest,

351 3382 681 3458 rejicieutes,
704 3389 770 3445 ad
797 3392 957 3445 alium
989 3392 1340 3461 appellamus,
1377 3393 1465 3463 qtti
1492 3408 1590 3446 nos
1620 3395 1785 3462 possit
1812 3394 1939 3450 bea-

350 3490 435 3535 tos
476 3479 709 3541 efficere,
741 3482 936 3549 quique
963 3482 1182 3535 multam
1235 3483 1430 3538 habeat
1478 3483 1816 3549 facilitatem;
1846 3501 1939 3541 su-

355 3588 665 3643 pernosque-
683 3572 963 3627 thesauros
990 3574 1449 3644 concupiscamus.
1475 3575 1657 3646 Neque
1677 3577 1817 3631 enim
1850 3577 1938 3634 hic

352 3663 503 3720 labor
529 3673 727 3732 tantus,
756 3674 811 3721 et
845 3666 1047 3721 lucrum
1092 3666 1357 3722 ineffabile
1385 3676 1485 3733 est,
1523 3685 1623 3724 nec
1649 3679 1822 3740 potest
1846 3673 1936 3741 qui

351 3757 530 3827 vigilat
571 3765 624 3813 et
661 3758 938 3827 pra-sentin
969 3759 1212 3829 despicit,
1255 3776 1502 3830 umquam
1531 3777 1559 3815 a
1597 3777 1760 3830 scopo
1782 3763 1937 3817 aber-

352 3864 510 3905 rare:
543 3857 601 3905 ut
626 3859 811 3905 contra
838 3851 927 3922 qui
960 3850 1062 3906 illis
1081 3853 1247 3908 servit
1274 3861 1328 3909 et
1351 3851 1560 3910 deditus
1587 3863 1689 3924 est,
1718 3856 1941 3913 omnino

352 3940 422 3995 ab
453 3940 555 3994 illis
582 3941 817 3996 excidet.

422 4032 477 4087 4.
518 4030 644 4087 llaec
682 4033 859 4103 itaque
897 4035 1076 4089 omnia
1103 4035 1280 4089 animo
1318 4044 1590 4105 reputans,
1622 4036 1814 4092 malam
1846 4053 1936 4107 pe-

350 4122 624 4178 cuniarum
639 4123 1123 4191 concupiscentiam
1145 4126 1211 4178 ab
1235 4125 1412 4179 animo
1435 4136 1524 4180 tuo
1543 4126 1734 4193 abjiee.
1756 4126 1939 4196 Neque

351 4213 493 4267 enim
524 4211 702 4267 dicere
728 4213 921 4282 possis,
954 4214 1098 4267 illam
1131 4214 1267 4268 bona
1295 4216 1572 4282 praesentia
1602 4217 1750 4280 dare,
1774 4231 1934 4287 atque

354 4318 384 4355 a
413 4300 603 4356 futuris
646 4303 915 4371 spoliare:
954 4320 1072 4357 nam
1121 4305 1329 4357 etiamsi
1370 4304 1471 4359 hoc
1508 4315 1668 4369 esset,
1701 4317 1937 4364 extrema

355 4404 532 4447 tanien
555 4391 668 4447 lia-c
689 4402 771 4448 est
798 4408 952 4462 paena
978 4404 1137 4464 atque
1165 4395 1500 4465 supplicimn.
1528 4401 1597 4453 At
1623 4415 1725 4453 non
1755 4401 1824 4454 ita
1853 4418 1940 4458 res

354 4503 414 4543 se
445 4486 622 4543 habet.
668 4486 798 4544 Nam
842 4497 1038 4557 praeter
1083 4490 1414 4560 gehennam,
1456 4493 1615 4547 etiam
1654 4503 1937 4564 antequam

354 4581 439 4635 illa
467 4580 733 4647 adveniat,
778 4578 866 4637 hic
895 4590 947 4635 te
990 4581 1040 4635 in
1071 4584 1369 4651 graviorem
1421 4584 1673 4640 ultionem
1698 4587 1938 4656 conjicit.

356 4671 568 4726 Etenim
590 4656 1019 4743 concupiscentia
1040 4672 1125 4728 illa
1150 4672 1342 4728 multas
1367 4674 1554 4729 domos
1569 4678 1779 4741 evertit,
1802 4678 1939 4733 bella

354 4761 534 4829 gravia
563 4762 833 4828 excitavit,
856 4771 912 4818 et
939 4762 1169 4818 violenta
1192 4774 1364 4820 morte
1389 4764 1584 4820 multos
1604 4767 1763 4821 vitam
1786 4767 1940 4824 finire

356 4853 568 4922 coegit;
619 4852 725 4907 imo
769 4863 895 4908 ante
938 4852 1055 4908 haec
1092 4855 1326 4924 pericula
1370 4858 1577 4928 animze'
1607 4856 1938 4915 nobilitatem

356 4944 660 5007 labefactat,
692 4961 942 5015 eumque,
974 4946 1063 5016 qui
1093 4946 1182 5000 illo
1207 4946 1393 5002 morbo
1423 4958 1608 5017 eaptus
1637 4956 1945 5016 esset,timi.

361 5031 480 5091 dum
509 5042 562 5089 et
605 5035 914 5105 ignavum',
956 5037 1208 5093 audacem
1256 5047 1311 5093 et
1354 5040 1661 5095 mendacem
1694 5049 1748 5097 et
1782 5056 1940 5113 syco—

361 5126 633 5197 pltantam,
677 5134 732 5182 et
778 5135 1046 5194 raptorem
1086 5137 1140 5181 et
1164 5143 1401 5193 avarum,
1428 5137 1481 5183 et
1510 5130 1722 5199 quidvis
1759 5140 1938 5186 extre-

360 5233 504 5273 mum
528 5214 744 5280 dixeris,
779 5231 923 5286 saepe
949 5215 1142 5271 ell'ecit.
1177 5216 1280 5272 Sed
1310 5218 1615 5289 frequenter
1642 5231 1691 5273 te
1718 5219 1941 5276 fortasse

358 5310 625 5365 demulcet
650 5326 712 5364 ac
752 5308 947 5379 decipit
972 5310 1175 5379 argenti
1221 5310 1491 5380 splendor,
1522 5311 1804 5366 multitudo
1832 5328 1942 5367 ser-

360 5416 567 5467 vorum,
599 5401 790 5456 aedium
834 5401 1244 5472 magnificentia,
1293 5411 1347 5458 et
1383 5402 1625 5458 clientela
1659 5403 1746 5457 illa
1783 5419 1940 5474 quam

426 5535 449 5602 ξ
480 5531 623 5602 Morel
662 5533 733 5583 si:
751 5533 917 5591 habet,
933 5538 981 5582 et
1004 5545 1265 5602 namnam
1285 5545 1317 5583 a
1335 5531 1496 5584 morbo
1519 5528 1769 5585 liberatur.

429 5595 451 5627 '
483 5595 704 5656 Quidam,
740 5607 935 5646 serram
971 5601 1016 5643 et
1040 5595 1274 5658 ignarum.

1076 158 1133 216 S.
1167 158 1442 216 JOANNIS
1468 124 1937 215 CllRYSOSTOMl
1975 154 2292 213 ARClllEl’.
2335 155 2866 214 CONSTANTINOP.

3507 162 3611 220 608

2039 272 2090 327 in
2122 271 2236 327 foro
2265 270 2469 328 habes?
2496 272 2647 340 Quod
2674 272 2969 328 remedium
2994 270 3198 328 vulneri
3228 275 3416 329 tanto?
3436 274 3490 330 Si
3516 292 3614 331 Cu-

2028 367 2276 433 gitaveris
2319 364 2588 435 quomodo
2618 365 2699 419 his
2736 365 3001 420 afficiatur
3027 362 3237 419 anima':
3279 381 3436 437 quam
3464 376 3613 424 tene-

2029 455 2264 521 hrosam,
2285 457 2787 527 desertam,turpem
2809 473 2871 512 ac
2891 458 3182 513 deformem
3202 458 3342 512 illam
3369 460 3612 516 reddant:
3634 489 3638 493 <

2031 547 2074 602 si
2106 556 2279 602 tecum
2312 559 2527 619 reputes
2563 560 2757 618 quanta
2789 549 2922 602 mala
2954 550 3090 603 hanc
3129 550 3614 620 concupiscentiam

2028 640 2396 708 eomitentur,
2468 656 2586 696 eum
2650 642 2862 712 quantis
2927 641 3198 697 laboribus
3258 653 3313 697 et
3365 645 3618 714 periculis

2030 731 2267 801 pecunia:
2298 742 2610 799 serventur;
2657 733 2766 788 imo
2822 749 3108 804 numquam
3164 749 3330 804 usque
3356 735 3422 789 ad
3453 735 3612 790 finem

2030 833 2343 892 servantur;
2374 825 2467 880 sed
2502 841 2622 880 eum
2665 827 2900 880 omnium
2929 837 3151 881 conatus
3177 825 3442 898 effugeris,
3470 844 3618 883 mors

2030 916 2320 973 adveniens
2365 918 2416 971 in
2460 935 2648 973 manus
2694 919 3025 974 inimicorum
3073 930 3281 974 tuorum
3335 918 3450 975 haec
3503 929 3615 976 tra-

2031 1006 2200 1073 duxit,
2256 1016 2308 1063 te
2356 1025 2483 1064 vero
2525 1009 2702 1064 abhis
2731 1011 2997 1065 desertum
3020 1009 3237 1080 abripit,
3268 1009 3402 1066 nihil
3426 1012 3614 1067 borum

2031 1098 2379 1167 auferentem,
2423 1101 2522 1155 nisi
2559 1102 2776 1156 vulnera
2808 1101 3095 1172 ulceraque
3127 1111 3357 1168 tantum,
3379 1119 3499 1174 qua:
3527 1119 3615 1160 se-

2032 1205 2153 1244 cum
2202 1189 2439 1264 referens
2485 1191 2660 1246 anima
2707 1192 2830 1247 hinc
2858 1193 3069 1263 migrat.
3098 1192 3230 1248 Cum
3258 1208 3387 1264 ergo
3417 1192 3617 1249 videris

2031 1281 2334 1349 quempiam
2401 1281 2694 1351 magnificis
2754 1284 2990 1338 vestibus
3041 1283 3278 1338 exterius
3325 1283 3615 1357 fulgentem

2034 1371 2307 1441 multoque
2323 1370 2573 1439 stipatum
2594 1373 2860 1436 satellitio,
2880 1372 2995 1443 ejus
3011 1374 3388 1429 conscientiam
3408 1377 3615 1442 evolve,

2033 1463 2330 1535 multasque
2375 1464 2517 1519 intus
2557 1464 2764 1520 videbis
2802 1481 3045 1532 araneas,
3073 1472 3417 1539 cineremque
3455 1468 3619 1538 pluri-

2034 1570 2199 1609 mum.
2227 1552 2410 1626 Cogita
2441 1555 2738 1611 Paulumet
2766 1555 2983 1612 Petrum
3013 1576 3026 1612 :
3061 1559 3232 1629 cogita
3275 1558 3533 1614 Joannem
3563 1567 3620 1615 et

2034 1642 2241 1710 Eliam;
2273 1645 2379 1698 imo
2410 1645 2582 1714 potius
2611 1647 2781 1715 ipsum
2810 1646 2907 1702 Dei
2938 1647 3154 1712 Filium,
3176 1648 3401 1718 qui‘nou
3432 1649 3619 1704 habuit

2035 1735 2121 1790 ubi
2143 1744 2301 1805 caput
2323 1753 2477 1792 suum
2507 1738 2808 1795 reclinaret.
2835 1739 2966 1808 Ejus
2993 1741 3229 1796 imitator
3246 1750 3384 1807 esto,
3410 1758 3617 1799 necnon

2034 1825 2150 1895 ejus
2175 1842 2470 1892 servorum,
2516 1839 2567 1884 et
2614 1828 3010 1885 inaestimabiles
3039 1830 3156 1886 illas
3182 1831 3392 1887 divitias
3421 1834 3614 1903 cogita.

2033 1915 2184 1984 Quod
2208 1918 2252 1971 si
2276 1925 2553 1989 postquam
2582 1920 2701 1974 illas
2728 1922 3051 1990 respexeris,
3074 1937 3105 1975 a
3126 1922 3474 1978 satcularibus
3501 1925 3618 1980 istis

2034 2009 2233 2064 divitiis
2259 2010 2646 2080 obtenebreris,
2691 2012 2843 2082 quasi
2892 2013 2944 2069 in
2971 2013 3198 2084 quodam
3227 2013 3502 2086 naufragio
3543 2017 3618 2071 fu-

2036 2112 2187 2157 rente
2218 2110 2554 2171 tempestate,
2590 2102 2715 2159 audi
2740 2105 3058 2159 sententiam
3087 2104 3282 2161 Christi
3330 2105 3619 2174 dicentem,

2036 2193 2365 2262 impossibile
2391 2210 2511 2251 esse
2532 2196 2747 2253 divitem
2778 2196 2978 2253 intrare
3003 2198 3056 2253 in
3087 2214 3305 2270 regnum
3341 2200 3617 2255 mulorum.

2036 2283 2115 2336 Ad
2145 2285 2280 2338 hanc
2311 2285 2625 2339 sententiam
2657 2290 2840 2342 confer
2867 2296 2919 2342 tu
2944 2298 3174 2356 montes,
3203 2298 3423 2358 terrain,
3450 2308 3616 2359 mare;

2033 2383 2087 2429 et
2111 2376 2311 2441 omnia,
2344 2376 2394 2429 si
2409 2376 2490 2430 vis
2509 2377 2830 2447 cogitatione
2852 2394 3040 2434 aurum
3059 2380 3241 2447 facito,
3262 2381 3499 2451 nihilque
3527 2398 3620 2452 par

2037 2468 2275 2524 invenies
2295 2469 2612 2525 detrimento
2633 2471 2724 2526 tibi
2749 2471 2873 2527 hinc
2897 2472 3200 2542 importato.
3227 2470 3297 2528 Et
3326 2483 3379 2528 tu
3403 2473 3619 2545 quidem

2035 2569 2113 2615 tot
2143 2577 2407 2617 memoras
2447 2571 2603 2617 terra:
2626 2563 2833 2633 jugera,
2866 2564 3056 2618 domos
3071 2564 3278 2629 decem,
3299 2565 3380 2620 vel
3411 2565 3619 2636 viginti,

2038 2651 2223 2707 balnea
2249 2652 2488 2720 totidem,
2513 2668 2697 2708 servos
2722 2654 2887 2720 mille,
2907 2666 3001 2709 aut
3018 2655 3098 2710 bis
3127 2655 3286 2718 mille,
3321 2671 3509 2710 currus
3536 2673 3622 2710 ar-

2035 2746 2241 2815 genteis
2265 2745 2476 2801 laminis
2496 2746 2577 2801 vel
2593 2762 2724 2802 auro
2743 2756 2986 2818 opertos:
3005 2762 3104 2818 ego
3129 2757 3303 2803 autem
3321 2746 3461 2816 dico,
3481 2749 3621 2820 quod

2037 2837 2081 2890 si
2104 2838 2327 2907 quisque
2344 2836 2491 2892 dives
2506 2837 2643 2892 inter
2661 2853 2775 2903 vos,
2796 2837 2895 2893 hac
2912 2838 3095 2894 relicta
3116 2849 3427 2911 paupertate
3468 2838 3488 2912 (
3509 2840 3621 2897 haec

2038 2931 2178 2985 enim
2213 2943 2494 3002 paupertas
2522 2931 2636 2996 fuit,
2664 2943 2967 3002 comparata
2990 2950 3110 2989 cum
3148 2935 3214 2990 iis
3235 2951 3355 3006 qua:
3379 2936 3620 2993 dicturus

2037 3023 2357 3094 sum)totum
2373 3022 2666 3094 possideret
2683 3024 2886 3088 orbem,
2908 3023 2954 3078 si
2966 3025 3187 3095 quisque
3205 3034 3280 3079 tot
3292 3025 3505 3081 haberet
3520 3025 3620 3080 ltu-

2039 3113 2232 3178 mines,
2263 3122 2394 3185 qttot
2419 3125 2545 3170 sunt
2568 3132 2660 3184 per
2684 3124 2846 3171 totam
2876 3125 3071 3171 terram
3093 3126 3148 3172 et
3170 3134 3338 3183 mare,
3362 3120 3406 3174 si
3429 3118 3621 3191 singuli

2040 3214 2237 3261 terram
2269 3217 2323 3262 et
2349 3223 2494 3263 mare
2520 3207 2798 3276 haberent,
2824 3219 2879 3265 et
2901 3209 3094 3280 ubique
3113 3210 3333 3266 aedificia
3355 3223 3409 3268 et.
3439 3213 3618 3281 urbes,

2039 3308 2093 3352 et
2117 3307 2329 3368 gentes,
2353 3311 2513 3370 atque
2537 3300 2769 3370 undique
2799 3315 2895 3370 pro
2918 3316 3051 3373 aqua
3085 3310 3140 3358 et
3164 3302 3395 3358 fontibus
3433 3320 3621 3360 aurum

2040 3391 2171 3461 ipsis
2199 3390 2407 3457 flueret,
2440 3391 2560 3446 illos
2588 3393 2675 3462 qui
2701 3393 2771 3447 ita
2810 3392 3002 3449 divites
3023 3402 3223 3459 essent,
3254 3396 3489 3466 singulos
3515 3414 3620 3452 non

2042 3472 2194 3552 pretii
2229 3482 2385 3536 trium
2418 3482 2695 3537 obolorum
2724 3499 2845 3539 esse
2873 3484 3148 3551 ducerem,
3193 3484 3237 3539 si
3271 3501 3435 3552 regno
3464 3488 3619 3542 caelo-

2040 3589 2158 3628 rum
2187 3572 2509 3628 exciderent.
2538 3573 2668 3628 Nam
2691 3574 2737 3630 si
2765 3591 2902 3630 nunc
2934 3575 3003 3629 ita
3029 3575 3289 3631 fluxarum
3319 3576 3619 3632 divitiarum

2040 3665 2216 3736 cupidi
2239 3665 2543 3721 cruciantur
2584 3667 2627 3721 si
2681 3683 2788 3723 non
2827 3668 3126 3739 aequirant,
3186 3669 3229 3722 si
3274 3668 3619 3725 inetfabilium

2041 3757 2300 3812 bonorum
2331 3758 2563 3828 aliquem
2592 3773 2805 3813 sensum
2836 3759 3082 3823 habeant,
3113 3759 3234 3829 quid
3266 3760 3365 3814 illis
3402 3759 3466 3814 ad
3492 3775 3617 3816 cou-

2041 3851 2354 3907 solatiouem
2401 3853 2530 3907 satis
2569 3852 2710 3907 erit?
2736 3851 2877 3906 Nihil
2905 3861 3069 3908 certe.
3113 3851 3189 3907 Ne
3216 3852 3343 3908 mihi
3374 3867 3501 3924 ergo
3531 3869 3621 3922 pe-

2041 3945 2319 4000 cuniarum
2363 3945 2570 4015 copiam
2621 3959 2939 4010 recenseas;
2997 3944 3088 3999 sed
3137 3946 3313 4016 cogita
3363 3954 3620 4016 quantum

2042 4037 2291 4093 damnum
2322 4038 2443 4092 hinc
2474 4037 2721 4091 hauriant
2746 4036 2953 4091 illarum
2985 4046 3270 4103 amatores,
3303 4037 3391 4108 qui
3420 4052 3516 4108 pro
3556 4038 3622 4092 iis

2041 4132 2204 4185 etclos
2222 4129 2489 4195 amittunt,
2521 4129 2857 4200 idipsumque
2888 4132 3177 4197 patiuntur,
3207 4145 3270 4185 ac
3307 4131 3353 4185 si
3382 4130 3503 4201 quis
3525 4129 3623 4184 lto-

2044 4238 2174 4277 ποτε
2223 4222 2336 4289 illo,
2390 4223 2479 4293 qui
2524 4223 2575 4277 in
2625 4224 2769 4294 regia
2820 4221 3068 4287 habetur,
3121 4223 3340 4290 amisso,
3370 4224 3623 4280 sterceris

2044 4328 2291 4368 acervum
2324 4314 2600 4384 possidens
2637 4315 2914 4386 glorietur,
2943 4325 2997 4369 et
3016 4315 3180 4369 altmn
3215 4315 3282 4370 de
3310 4315 3400 4369 illo
3430 4315 3620 4384 sapiat.

2043 4402 2218 4459 Nihilo
2244 4404 2385 4459 enim
2418 4404 2624 4468 melior,
2664 4406 2771 4460 imo
2811 4407 2960 4475 pejor
2989 4415 3072 4461 est
3099 4406 3403 4460 divitiarum
3434 4420 3623 4460 cunm-

2044 4494 2147 4558 lus,
2177 4510 2334 4565 quam
2357 4495 2447 4549 ille
2472 4510 2713 4550 acervus.
2740 4494 2873 4550 Nam
2901 4506 3107 4550 stercus
3131 4505 3214 4551 est
3241 4495 3307 4549 ad
3338 4495 3626 4565 agricultu-

2045 4601 2157 4641 ram
2207 4586 2356 4651 utile,
2406 4602 2613 4642 necnon
2653 4586 2720 4641 ad
2766 4586 2953 4642 balnea
3000 4586 3424 4653 calefacienda’,
3464 4598 3519 4642 et
3558 4586 3626 4642 ad

2044 4678 2285 4748 quaedam
2331 4678 2555 4742 similia;
2583 4693 2770 4733 aurum
2801 4694 2928 4751 vero
2954 4678 3237 4733 suffossum
3265 4677 3332 4732 ad
3362 4676 3492 4732 nihil
3530 4676 3631 4732 lto-

2046 4785 2162 4825 rum
2210 4768 2451 4823 adhiberi
2502 4777 2714 4838 potest:
2745 4779 2904 4840 atque
2945 4770 3144 4823 utinam
3190 4769 3375 4823 inutile
3419 4778 3627 4824 tantum

2045 4870 2219 4927 esset;
2254 4878 2395 4917 nunc
2412 4870 2587 4917 autem
2617 4862 2813 4916 multas
2834 4862 3045 4916 habenti
3068 4862 3340 4916 succendit
3360 4860 3625 4927 fornaces,

2045 4955 2145 5010 nisi
2193 4969 2259 5010 co
2307 4964 2365 5009 ut
2410 4963 2622 5023 Oportet
2664 4964 2881 5009 utatur:
2914 4954 3055 5009 mille
3099 4954 3294 5023 quippe
3322 4954 3460 5007 mala
3506 4953 3630 5009 hinc

2045 5047 2309 5100 oriuntur.
2327 5042 2664 5114 Quapropter
2679 5044 2845 5098 exteri
2868 5043 2968 5098 seri
2976 5053 3153 5113 plores
3168 5057 3346 5098 arcem
3370 5043 3629 5098 malorum

2046 5138 2319 5192 avaritiam
2360 5150 2586 5204 Vocant;
2631 5141 2815 5193 beatus
2843 5153 2969 5192 vero
2997 5137 3211 5203 Paulus,
3242 5138 3398 5207 longe
3437 5136 3632 5191 melius

2047 5241 2244 5286 etcum
2281 5231 2480 5300 majore
2518 5230 2777 5299 emphasi,
2811 5229 3041 5283 radicem
3087 5227 3347 5281 malorum
3391 5227 3631 5281 omnino:

2048 5322 2214 5392 ipsam
2252 5322 2532 5391 appellavit
2561 5320 2649 5393 (1.
2680 5320 2812 5374 Tim.
2841 5320 2894 5374 6.
2926 5320 2993 5375 10
3020 5317 3062 5388 ).
3089 5318 3212 5373 Ilaec
3242 5318 3418 5388 itaque
3452 5318 3633 5372 omnia

2048 5413 2363 5483 cogitantes,
2389 5412 2699 5467 aemulemur
2719 5429 2781 5467 ea
2802 5427 2919 5482 qua:
2943 5410 3100 5482 digna
3127 5409 3632 5465 suntzemulatioue:

2046 5591 2082 5651 ί
2114 5532 2307 5641 i'Juixta
2330 5529 2468 5582 Savil.
2491 5528 2757 5594 legendum
2802 5537 2952 5591 esset,
2996 5526 3344 5593 ῃιοωρανωιααο
3370 5537 3476 5589 PN:
3510 5526 3645 5575 mw"

2072 5604 2227 5642 actem
2248 5606 2295 5643 α.
3160 5616 3163 5621 ε

2072 5604 2295 5643 ῑιειεητω.
3160 5616 3163 5621 ·
