4074 6144
411 237 519 294 609

420 323 631 408 ἃπαντα
657 350 984 416 ἐννοοῦντες,
1020 349 1279 421 μάθωμεν
1312 349 1508 421 ζηλοῦν
1534 355 1602 406 τά
1632 351 1762 417 ἀξια
1791 353 1974 426 ζήλου,
2013 355 2088 425 μὴ

414 438 512 501 τὰς
535 436 796 508 λαμπράς
820 434 1128 504 οίκοδομάς,
1171 434 1306 504 μηδὲ
1332 435 1456 498 τοὺς
1496 436 1810 502 πολυτελεῖς
1853 439 2086 510 ἀγρούς·

1167 233 1226 288 S.
1265 231 1552 289 JOANNIS
1589 221 2078 292 CIIRYSOSTOMI
2117 235 2443 294 ARCHIEP.
2481 230 3020 306 CONSTANTINOP.

3749 227 3848 282 610

2189 354 2424 426 Χριστὸν
2451 351 2708 421 πένητας·
2739 348 2827 402 ἵνα
2840 347 2945 401 τῶν
2963 343 3554 415 αἰωνίωνέπιτύχωμεν
3575 339 3692 374 ¹³·¹⁸
3711 342 3851 410 άγα⁶

2189 441 2320 504 θῶν,
2355 440 2537 513 χάριτι
2571 439 2666 492 καὶ
2711 433 3093 506 φιλανθρωπίᾳ
3135 432 3229 486 τοῦ
3263 431 3466 502 Κυρίου
3495 433 3527 500 ἡ
3539 429 3655 501 μῶν
3682 427 3854 499 Ἰησοῦ

415 525 553 578 ἀλλά
596 525 722 588 τοὺς
772 521 970 593 πολλὴν
1017 521 1332 593 παρρησίαν
1365 523 1504 594 πρὸς
1551 524 1644 580 τὸν
1692 526 1826 580 Θεὸν
1869 527 2090 599 ἔχοντας
2186 527 2445 600 Χριστοῦ,
2464 527 2582 597 μεθ’
2603 517 2664 580 οὑ
2689 523 2767 594 τῷ
2788 521 2984 591 Πατρὶ,
3002 520 3118 590 ἅμα
3135 519 3210 590 τῷ
3229 520 3369 589 άγίῳ
3387 517 3685 587 Πνεύματι,
3707 514 3854 581 δόξα,

415 612 634 683 ἄνδρας,
663 613 788 674 τοὺς
813 612 871 663 ἐν
902 609 1115 681 οὐρανῷ
1148 607 1536 676 πλουτοῦντας,
1583 615 1710 678 τοὺς
1737 615 1847 668 τῶν
1882 615 2088 687 θησαυ-

418 700 530 770 ρῶν
557 698 780 752 ἐκείνων
828 698 1070 768 κυρίους,
1121 698 1246 762 τοὺς
1295 697 1465 764 ὅντως
1501 701 1812 770 πλουσίους,
1846 705 1972 769 τοὺς
2001 703 2094 758 διὰ

490 793 605 823 ¹⁶ο⁸⁸
642 789 1040 859 ἀπολαύσωμεν
1078 788 1142 842 Κ.
1173 788 1237 843 L.
1271 788 1342 844 Μ.

2189 617 2408 689 κράτος,
2441 615 2598 684 τιμὴ,
2645 612 2739 666 νῦν
2783 609 2881 664 καὶ
2914 609 3003 662 ἀεὶ
3051 607 3145 662 καὶ
3194 608 3274 670 είς
3326 607 3453 670 τοὺς
3507 605 3709 668 αἰῶνας
3749 603 3860 659 τῶν

2189 703 2426 759 αἰώνων.
2463 703 2522 756 Ἀ
2531 703 2662 773 μήν.

1971 962 2068 1014 ΟΜ
2076 961 2216 1014 [AIA
2243 960 2360 1015 ΞΝ.

421 1078 560 1132 Τότε
604 1075 952 1143 ἀποκριθεὶς
995 1077 1028 1129 ό
1076 1075 1298 1143 Πέτρος
1324 1071 1496 1130 εἶπεν
1522 1073 1701 1139 αὐτῷ·
1743 1073 1891 1128 Ἰδοὺ
1921 1073 2094 1143 ἡμεῖς

487 1145 808 1214 ἀφήκαμεν
868 1143 1089 1210 πάντα,
1140 1146 1238 1199 καί
1294 1144 1808 1214 ἠκολουθήσαμέν
1855 1161 1976 1198 σοι·
2035 1144 2094 1197 τί

488 1217 606 1284 ἄρα
633 1219 808 1271 ἐσται
841 1215 1030 1284 ήμῖνς

490 1303 557 1350 α’.
589 1296 724 1348 Ποῖα
760 1295 975 1360 πάντα,
1004 1289 1048 1348 ὧ
1083 1294 1318 1366 μακάριε
1358 1294 1532 1364 Πέτρε
1559 1310 1573 1359 ;
1603 1294 1695 1348 τὸν
1724 1294 2001 1364 κάλαμον;
2036 1292 2098 1346 τὸ

420 1373 678 1440 δίκτυον;
708 1372 769 1426 τὸ
806 1373 1026 1433 πλοῖον;
1057 1373 1158 1444 τὴν
1197 1374 1392 1444 τέχνην
1418 1389 1432 1437 ;
1466 1373 1655 1428 Ταῦτά
1687 1391 1778 1444 μοι
1804 1374 1982 1426 πάντα
2013 1371 2096 1425 λέ-

422 1466 574 1517 γεις;
602 1451 730 1513 Ναὶ,
765 1452 951 1522 φησίν.
987 1451 1128 1505 Ἀλλ’
1161 1455 1222 1504 οὐ
1266 1451 1354 1504 διὰ
1386 1451 1697 1523 φιλοτιμίαν
1729 1451 1904 1505 ταῦτα
1929 1451 2096 1520 λέγω,

425 1529 542 1582 ἀλλ’
572 1531 658 1582 ἵνα
691 1527 778 1582 διά
828 1530 928 1599 τῆς
974 1529 1299 1601 ἐρωτήσεως
1334 1531 1537 1601 ταύτης
1566 1533 1660 1585 τὸν
1701 1531 1807 1585 τῶν
1848 1532 2098 1602 πενήτων

425 1609 705 1677 εἰσαγάγω
759 1609 806 1640 ³⁸
853 1609 1044 1680 δῆμον.
1083 1609 1300 1681 Ἐπειδὴ
1346 1609 1456 1681 γὰρ
1490 1605 1641 1663 εἶπεν
1687 1612 1715 1663 ό
1763 1610 1988 1682 Κύριος·
2029 1613 2101 1665 Et

423 1687 620 1754 θέλεις
645 1689 874 1756 τέλειος
911 1688 1084 1755 εἶναι,
1131 1688 1422 1758 πώλησόν
1456 1705 1573 1744 σου
1615 1691 1687 1744 τὰ
1725 1691 2099 1762 ὑπάρχοντα,

425 1767 525 1821 καί
551 1767 658 1834 δὸς
685 1768 965 1836 πτωχοῖς,
1003 1769 1100 1823 καί
1152 1771 1308 1836 ἔξεις
1359 1768 1667 1839 θησαυρὸν
1690 1772 1759 1825 ἐν
1785 1770 2064 1838 οὐρανοῖς
2083 1787 2097 1801 ·

425 1847 514 1900 ῖνα
545 1847 620 1917 μὴ
643 1846 776 1917 λέγῃ
805 1864 890 1910 τις
928 1847 1040 1902 τῶν
1074 1855 1344 1919 πενήτων·
1375 1850 1442 1902 Τί
1470 1845 1595 1916 οῦν;
1627 1849 1722 1903 ἐὰν
1757 1849 1832 1919 μὴ
1857 1849 1968 1921 ἔχω
1999 1851 2101 1902 ὑπ-

425 1925 682 1995 άρχοντα,
713 1926 772 1978 οὑ
805 1925 1039 1997 δύναμαι
1071 1927 1274 1993 τέλειος
1308 1924 1477 1996 εἷναι;
1525 1929 1707 2000 ἐρωτᾷ.
1752 1929 1980 2000 Πέτρος,
2014 1929 2102 1981 ἴνα

428 2006 492 2058 σὺ
526 2004 777 2076 μάθης,ό
827 2006 997 2075 πένης
1027 2008 1092 2069 ³⁷,
1147 2008 1229 2062 ὅτι
1268 2008 1419 2062 οὐδὲν
1467 2007 1720 2062 ἐντεῦθεν
1764 2009 2097 2078 ήλάττωσαι·

424 2086 608 2155 ἐρωτᾷ
635 2085 860 2154 Πέτρος,
894 2085 980 2138 ἴνα
1015 2085 1089 2157 μή
1120 2086 1271 2157 παρά
1300 2087 1507 2158 Πέτρου
1539 2085 1726 2158 μαθὼν
1755 2085 2104 2159 άμφιδάλλῃς

427 2166 544 2234 (καὶ
577 2163 686 2234 7&9
721 2164 919 2235 ἀτελὴς
954 2160 1024 2236 ἦν
1056 2166 1158 2230 ἔτι,
1195 2167 1290 2219 καὶ
1327 2165 1644 2236 Πνεύματος
1677 2166 1929 2236 ἔρημος),
1967 2164 2104 2219 ἀλλά

427 2243 584 2314 παρά
609 2243 704 2296 τοῦ
729 2243 823 2296 τοῦ
856 2244 900 2276 ³⁸
934 2247 1141 2317 Πέτρου
1180 2245 1496 2299 διδασκάλου
1529 2244 1819 2316 δεξάμενος
1847 2245 1947 2315 τὴν
1976 2244 2105 2298 ἀπό-

427 2337 595 2389 φασιν
626 2323 853 2396 θαρρῇς,
880 2324 1148 2394 Καθάπερ
1173 2323 1281 2397 7&9
1302 2325 1347 2357 ³³
1378 2326 1540 2395 ἡμεῖς
1563 2324 1843 2394 ποιοῦμεν·
1873 2323 2105 2378 οἰκειού-

433 2401 573 2469 μεθα
599 2403 900 2472 πράγματα
931 2403 1190 2466 πολλάκις
1220 2403 1362 2474 ὑπὲρ
1393 2403 1688 2474 ἀλλοτρίων
1714 2403 2101 2474 διαλεγόμενοι·

428 2479 574 2535 οὕτω
601 2484 696 2535 καὶ
725 2483 754 2534 ὁ
798 2483 1095 2546 ἀπόστολος
1141 2481 1414 2554 ἐποίησεν,
1453 2483 1594 2552 ὑπὲρ
1640 2483 1741 2553 τῆς
1781 2483 2105 2553 οίκουμένης

429 2557 652 2632 ἄπάσης
700 2563 799 2630 τὴν
843 2559 1034 2614 πεῦσιν
1079 2560 1229 2632 αὑτῷ
1274 2564 1477 2632 ταύτην
1523 2559 1912 2632 προσαγαγών.
1954 2560 2106 2614 Ἐπεὶ

429 2641 514 2693 ὅτι
549 2657 612 2708 γε
637 2639 706 2693 τά
737 2639 934 2694 ἑαυτοῦ
962 2642 1006 2674 ³⁸
1031 2641 1146 2713 ᾔδει
1179 2641 1386 2710 σαφῶς,
1415 2639 1573 2710 δῆλον
1600 2639 1708 2693 ἀπὸ
1766 2639 1876 2694 τῶν
1901 2639 2108 2711 ἔμπρο-

433 2719 562 2773 σθεν
588 2721 920 2792 εἰρημένων·
945 2722 975 2775 ό
1000 2722 1112 2793 γὰρ
1151 2723 1248 2784 τὰς
1275 2721 1417 2784 κλεῖς
1445 2720 1554 2774 τῶν
1581 2720 1826 2790 οὐρανῶν
1857 2719 2107 2774 ἐντεῦθεν

431 2797 534 2871 ήδη
563 2799 878 2870 δεξάμενος,
933 2799 1113 2870 πολλῷ
1149 2800 1348 2870 μᾶλλον
1386 2798 1525 2868 ὑπὲρ
1579 2797 1688 2851 τῶν
1724 2801 1840 2851 ἐκεῖ
1886 2799 2108 2871 θαρρεῖν

434 2872 570 2946 εἷχε.
620 2879 819 2931 Σκόπει
864 2879 922 2933 δὲ
963 2880 1057 2933 καὶ
1110 2878 1227 2942 πῶς
1275 2877 1519 2947 ἀκριϐῶς
1558 2878 1932 2948 ἀποκρίνεται,
1959 2879 2035 2942 ὡς
2079 2881 2109 2932 ὁ

433 2957 668 3029 Χριστὸς
709 2958 1037 3030 ἐπεζήτησε.
1073 2960 1182 3012 Καὶ
1210 2957 1320 3027 γάρ
1351 2955 1513 3019 αὑτὸς
1539 2956 1688 3027 παρά
1719 2957 1814 3009 τοῦ
1849 2957 2106 3011 πλουσίου

434 3035 528 3094 δύο
562 3037 735 3091 ταῦτα
782 3037 973 3109 ᾔτησε·
1025 3038 1206 3092 δοῦναι
1254 3037 1492 3106 πτωχοῖς
1539 3036 1610 3089 τὰ
1655 3035 1986 3106 ὑπάρχοντα,
2017 3039 2109 3090 καὶ

435 3117 770 3174 ἀκολουθεῖν.
800 3121 898 3172 Διά
932 3118 1089 3173 τοῦτο
1117 3116 1210 3170 καὶ
1237 3115 1396 3178 αὑτὸς
1421 3114 1489 3168 τά
1519 3115 1610 3169 δύο
1629 3116 1800 3172 ταῦτα
1829 3118 2030 3188 τίθησι,
2051 3117 2111 3171 τὸ

435 3196 655 3264 ἀφεῖναι
697 3201 791 3251 καὶ
830 3198 1197 3268 ἀκολουθῆσαι
1229 3197 1294 3227 ³³·
1340 3195 1487 3249 Ἰδοὺ
1529 3195 1638 3266 γάρ
1679 3196 1850 3265 ἡμεῖς
1880 3196 2114 3266 ἀφήκα-

432 3291 552 3343 μεν
580 3277 794 3338 πάντα,
832 3279 986 3348 φησὶ,
1015 3277 1112 3331 καί
1143 3274 1651 3344 ἠκολουθήσαμέν
1673 3291 1791 3330 σοι.
1822 3277 1897 3330 Τό
1923 3293 1983 3329 τε
2004 3277 2112 3348 7&9

441 3355 657 3423 ἀφεῖναι
675 3356 763 3410 διὰ
774 3357 834 3410 τὸ
845 3356 1112 3428 ἀκολουθῆ
1121 3373 1211 3409 σαι
1225 3356 1465 3424 γέγονεν.
1480 3354 1667 3426 [655]ἦ
1682 3372 1742 3408 τε
1759 3357 2116 3427 ἀκολούθησις

443 3435 509 3488 ἐκ
538 3435 629 3488 τοῦ
651 3437 870 3502 ἀφεῖναι
894 3436 1234 3506 εὐκολωτέρα
1260 3435 1522 3503 κατέστη,
1551 3435 1646 3488 καὶ
1679 3435 1819 3506 ὑπὲρ
1845 3436 1938 3489 τοῦ
1969 3438 2116 3506 ἀφεῖο

442 3531 530 3565 ναι
559 3513 781 3585 θαρρεῖν
824 3515 917 3567 καὶ
950 3513 1158 3584 χαίρειν
1190 3513 1388 3576 αὑτοὺς
1422 3512 1800 3581 παρεσκεύαζε
1835 3515 1902 3567 ³⁸.
1933 3515 1998 3568 Τί
2023 3511 2116 3567 οῦν

445 3592 636 3657 αὑτός;
677 3592 866 3662 Ἀμὴν
912 3591 1066 3662 λέγω
1121 3592 1282 3662 ὑμῖν,
1327 3591 1418 3644 ὅτι
1466 3592 1637 3659 ὑμεῖς
1682 3595 1738 3646 οί
1778 3592 2116 3660 ἀκολουθήι

441 3672 665 3737 σαντές
707 3689 829 3741 μοι,
880 3673 950 3726 ἐν
999 3671 1073 3740 τῇ
1119 3671 1570 3741 παλιγγενεσία,
1615 3669 1761 3724 ὅταν
1807 3673 2027 3741 καθίσῃ
2083 3674 2116 3727 ό

451 3751 585 3817 Υίός
616 3751 724 3804 τοῦ
771 3750 1087 3820 ἀνθρώπου
1118 3751 1216 3805 ἐπὶ
1252 3751 1468 3818 θρόνου
1511 3749 1696 3818 δόξης
1728 3751 1934 3820 αὐτοῦ,
1979 3754 2118 3805 καθ-

443 3832 652 3884 ίσεσθε
678 3832 778 3885 καί
807 3831 978 3901 ὑμεῖς
996 3831 1096 3884 ἐπὶ
1127 3828 1354 3884 δώδεκα
1375 3831 1646 3897 θρόνους,
1677 3831 1985 3896 κρίνοντες
2011 3829 2118 3897 τὰς

442 3910 670 3964 δώδεκα
697 3913 896 3980 φυλὰς
922 3911 1028 3965 τοῦ
1057 3910 1316 3979 Ἰσραήλ.
1341 3910 1383 3961 Τ
1389 3910 1404 3960 ί
1434 3905 1548 3976 οῦν;
1573 3912 1666 3962 καὶ
1704 3908 1924 3974 Ἰούδας,
1957 3912 2114 3980 φησὶ,

443 3988 780 4056 καθεδεῖταις
842 3988 1124 4058 οὐδαμῶς.
1177 3990 1301 4052 Πῶς
1338 3985 1430 4042 οὖν
1477 4005 1664 4059 φησιν,
1707 3987 1894 4056 Ὑμεῖς
1933 3989 1978 4020 ³³
2019 3990 2118 4043 ἐπὶ

444 4067 668 4122 δώδεκα
709 4071 962 4138 θρόνους
992 4069 1376 4133 καθεδεῖσθε;
1408 4071 1522 4133 πῶς
1551 4068 1618 4121 τά
1645 4069 1745 4138 τῆς
1773 4069 2119 4139 ὑποσχέσεως

446 4148 862 4219 πληρωθήσεται
889 4167 904 4215 ;
951 4152 1221 4203 ’Ἄκουσον
1253 4148 1370 4212 πῶς
1412 4151 1506 4202 καὶ
1531 4151 1635 4200 τίνι
1663 4148 1807 4219 λόγῳ
1838 4149 1902 4199 ³⁸.
1939 4150 2120 4219 Νόμος

447 4228 565 4279 ἐστὶ
600 4229 752 4294 παρὰ
786 4228 878 4280 τοῦ
931 4227 1065 4281 Θεοῦ
1109 4230 1380 4296 κείμενος.
1420 4227 1510 4279 διὰ
1543 4221 1808 4296 Ἰερεμίου
1855 4228 1952 4281 τοῦ
1984 4246 2118 4299 προι

448 4309 619 4375 φήτου
654 4309 767 4369 τοῖς
798 4303 1072 4369 Ἰουδαίοις
1125 4305 1516 4373 ἀναγνωσθεὶς,
1569 4305 1664 4356 καὶ
1707 4305 1878 4359 ταῦτα
1926 4307 2118 4374 λέγων·

457 4387 640 4454 Πέρας
668 4384 923 4450 λαλήσω
953 4384 1051 4437 ἐπὶ
1089 4385 1265 4450 ἔθνος
1300 4384 1398 4437 καί
1434 4383 1785 4447 βασιλείαν,
1819 4385 1926 4439 τοῦ
1961 4385 2115 4450 ἑεαίο

437 4485 574 4536 ρειν
605 4467 704 4522 καί
754 4466 1109 4520 ἀπολλύειν·
1167 4465 1266 4518 καί
1300 4463 1408 4518 ἐὰν
1448 4461 1784 4533 ἐπιστρέψῃ
1835 4464 1903 4518 τὸ
1947 4465 2123 4533 ἔθνος

447 4546 642 4601 ἐκεῖνο
670 4545 788 4601 ἀπὸ
818 4545 935 4599 τῶν
960 4542 1164 4598 κακῶν
1188 4541 1406 4606 αὐτῶν,
1433 4543 1792 4612 μετανοήσω
1811 4544 1971 4610 κάγὼ
2000 4545 2119 4600 ἀπὸ

448 4627 569 4680 τῶν
617 4627 838 4691 κακῶν,
892 4621 982 4680 ὧν
1026 4623 1400 4694 ἐλογισάμην
1440 4621 1694 4690 ποιῆσαι
1731 4623 1957 4688 αὐτοῖς.
2010 4627 2121 4679 Καὶ

448 4705 632 4774 πέρας
657 4705 911 4771 .ίαλήσω
957 4704 1056 4758 ἐπὶ
1105 4703 1278 4770 ἔθνος
1312 4702 1410 4756 καί
1441 4704 1790 4767 βασιλείαν,
1827 4702 1932 4758 τοῦ
1961 4704 2125 4758 ἀνοι-

450 4787 726 4853 κοδομεῖν
769 4785 868 4838 καί
911 4784 1368 4854 καταφυτεύειν·
1405 4783 1501 4836 καί
1552 4783 1662 4836 ἐὰν
1705 4781 2006 4848 ποιήσωσι
2053 4783 2122 4838 τὸ

449 4865 720 4932 πονηρὸν
771 4863 1027 4918 ἐνώπιόν
1064 4880 1201 4932 μου,
1232 4861 1338 4916 τοῦ
1375 4862 1457 4931 μὴ
1483 4863 1726 4917 ἀκούειν
1757 4862 1867 4930 τῆς
1913 4863 2120 4932 φωνῆς

445 4961 586 5016 μου,
613 4943 969 5012 μετανοήσω
1007 4943 1168 5011 κάγὼ
1227 4943 1360 5009 περὶ
1398 4941 1518 4994 τῶν
1557 4939 1814 5010 ἀγαθῶν,
1859 4935 1946 4996 ὧν
1983 4943 2121 4997 ἐλά-

451 5028 618 5090 λησα
659 5022 908 5090 ποιῆσαι
953 5023 997 5054 ³⁸
1026 5022 1250 5086 αὐτοῖς.
1293 5023 1365 5074 Τὸ
1396 5023 1528 5075 αὑτὸ
1560 5023 1667 5093 7&9
1696 5021 1853 5074 τοῦτο
1891 5020 1985 5074 καὶ
2027 5023 2122 5075 ἐπὶ

450 5103 560 5158 τῶν
587 5101 837 5172 χρηστῶν
888 5100 1230 5168 διαφυλάττω
1277 5100 1416 5164 ἔθος,
1462 5101 1614 5171 φησί.
1661 5101 1777 5154 Κάν
1829 5101 1935 5170 γὰρ
1981 5101 2120 5153 εἴπω

452 5181 546 5235 τοῦ
582 5181 627 5212 ³⁸
679 5180 1068 5248 ἀνοικοδομεῖν,
1117 5179 1370 5244 ἀναξίους
1418 5180 1475 5233 δὲ
1520 5182 1745 5244 ἑαυτοὺς
1797 5181 2122 5251 παράσχωσι

453 5262 553 5331 τῆς
582 5261 952 5331 ὑποσχέσεως,
986 5259 1170 5314 οὐκέτι
1198 5261 1429 5330 ποιήσω.
1459 5261 1633 5332 Ὅπερ
1662 5262 1882 5331 γέγονεν
1911 5264 2001 5315 ἐπὶ
2027 5262 2122 5316 τοῦ

527 5373 572 5405 ⁸⁸
608 5372 812 5442 είσάγω
841 5370 976 5425 Edd.
1053 5370 1099 5442 ³⁷
1131 5372 1159 5424 ό
1184 5369 1352 5441 πένης
1373 5386 1480 5426 om.
1515 5368 1576 5424 L.
1607 5370 1777 5442 invito
1801 5370 1898 5442 Ep.
1971 5371 2016 5404 ³³
2055 5389 2109 5426 το

2213 5389 2296 5428 un.
2329 5372 2395 5427 K.
2425 5372 2484 5426 [ι.

457 5441 568 5512 γάρ
616 5440 703 5512 Κη
736 5441 1006 5512 (Ζιειεςυηι
1048 5440 1176 5512 ihaac
1224 5439 1329 5493 οἰκ.
1383 5458 1477 5512 πρ.
1535 5439 1792 5512 πολλάκις
1830 5439 1935 5512 lion
1975 5458 2109 5512 agno

2213 5453 2281 5499 int
2310 5443 2375 5498 G.
2405 5443 2476 5495 M.
2504 5450 2558 5495 et
2577 5439 2773 5512 Int'er'p'.

2165 5513 2343 5634 ὑιμεῖς]
2373 5515 2464 5566 καὶ
2502 5513 2677 5583 ὑμεῖς.
2708 5511 2871 5599 φησίν
2886 5511 2946 5566 L.

2279 5583 2343 5634 Ιι.
2395 5584 2470 5634 Μ.
2503 5584 2666 5634 vulL'o
2713 5597 2926 5634 αυτους.

460 5513 502 5542 ³⁸
538 5509 639 5564 ’καὶ
659 5511 720 5564 τὺ
741 5511 833 5567 ἀκ.
867 5509 930 5563 H.

459 5583 502 5612 ³⁸
540 5579 632 5634 τοῦ
673 5580 896 5650 ποιῆσαι
921 5579 985 5637 L.

459 5651 504 5681 ³³
540 5650 686 5712 τινές
719 5648 832 5704 om.
874 5650 939 5705 G.
1018 5650 1062 5684 ³⁹
1103 5651 1260 5703 ταυτί
1293 5669 1402 5704 om.
1435 5652 1498 5706 (ἰ.
1532 5648 1597 5702 11.
1624 5650 1694 5704 Μ.

1041 5509 1505 5591 "ﬁngendas?
1645 5509 1767 5591 “In.
1843 5511 1889 5542 ³³
1924 5509 2110 5591 φησιν,

1805 5653 1848 5682 ιο
1887 5651 2045 5720 ἀλλά]

1094 5581 1140 5613 ³*
1178 5579 1270 5653 τοῦ
1300 5596 1410 5636 om.
1749 5579 2150 5653 ἑαυτούςῙ-ὃίσ

2101 5654 2224 5708 add.
2259 5654 2353 5708 καί

2197 1074 2484 1146 ἀνθρώπου
2539 1076 2888 1139 πλασθέντος.
2943 1075 2995 1129 '0
3044 1076 3262 1144 τρόμος
3315 1075 3426 1146 7&9
3479 1074 3670 1145 ὑμῶν,
3708 1081 3866 1148 φησὶ,

2197 1157 2296 1211 καί
2330 1163 2362 1212 ό
2401 1158 2586 1226 φόϐος
2629 1157 2801 1212 ἔσται
2853 1157 2952 1210 ἐπί
2993 1157 3065 1210 τὰ
3119 1155 3312 1223 θηρία·
3346 1156 3441 1208 καὶ
3483 1157 3584 1209 οὑκ
3633 1159 3866 1226 ἐγένετο·

2197 1237 2416 1304 ἀνάξιον
2453 1237 2562 1309 γάρ
2591 1237 2780 1291 ἐαυτὸν
2818 1237 2918 1308 τῆς
2947 1237 2990 1268 ³⁷
3029 1235 3204 1306 ἀρχῆς
3231 1233 3530 1304 ἀπέφηνεν·
3559 1234 3749 1306 ὥσπερ
3777 1233 3871 1291 οὖν

2198 1319 2294 1371 καὶ
2327 1317 2548 1381 Ἰούδας.
2583 1318 2700 1370 Ἶνα
2743 1317 2850 1387 γὰρ
2899 1317 3037 1387 μήτε
3082 1317 3202 1378 ταῖς
3239 1315 3548 1383 ἀποφάσεσι
3569 1315 3672 1384 τῆς
3708 1317 3871 1370 κολά-

2200 1415 2339 1461 σεως
2377 1397 2707 1466 ἀπογνόντες
2751 1396 2897 1459 τινὲς
2950 1396 2995 1428 ³³
3033 1394 3384 1467 σκληρότεροι
3418 1394 3701 1461 γένωνται,
3735 1397 3872 1467 μήτε

2196 1481 2316 1540 ταῖς
2331 1476 2440 1531 τῶν
2455 1477 2706 1547 χρηστῶν
2727 1474 3082 1544 ὑποσχέσεσιν
3109 1472 3295 1536 ἁπλῶς
3314 1472 3675 1546 ῥᾳθυμότεροι
3703 1491 3875 1528 κατα-

2201 1555 2418 1616 στῶσιν.
2475 1555 2762 1626 ἀμφότερα
2797 1553 2970 1606 ταῦτα
3018 1553 3162 1606 tam
3187 1552 3276 1605 διὰ
3309 1551 3406 1604 τοῦ
3445 1553 3872 1624 προειρημένου,

2198 1637 2358 1692 ταυτὶ
2379 1637 2423 1669 ³³
2439 1635 2634 1704 λέγων·
2660 1634 2781 1688 Κᾶν
2797 1633 3096 1702 ἀπειλήσω,
3124 1630 3196 1702 μὴ
3220 1629 3494 1700 άπογνῷς·
3517 1630 3743 1685 δύνασαι
3766 1631 3877 1703 7&9

2203 1715 2557 1787 μετανοῆσαι,
2592 1714 2686 1768 καὶ
2723 1712 2880 1766 λῦσαί
2912 1728 3015 1782 μου
3045 1711 3145 1780 τὴν
3169 1710 3547 1779 ἀττόφασιν,ὡς
3572 1710 3874 1765 Νινευῖται·

2199 1794 2306 1849 κᾶν
2339 1793 2666 1864 ὑπόσχωμαί
2692 1811 2746 1845 τι
2773 1793 3028 1863 χρηστὸν,
3059 1791 3132 1861 μὴ
3169 1790 3454 1863 ἀναπέσῃς
3479 1789 3569 1844 διὰ
3608 1791 3710 1860 τὴν
3745 1790 3881 1845 ὑπό-

2202 1890 2407 1943 σχεσιν.
2441 1874 2540 1926 Ἂν
2583 1871 2690 1943 7&9
2736 1871 2954 1935 ἀνάξιος
2994 1872 3191 1941 φανῇς,
3233 1869 3388 1924 οὐδέν
3416 1886 3476 1923 σε
3507 1868 3784 1940 ὠφελήσει
3816 1869 3882 1922 τὸ

2201 1949 2533 2022 ὑποσχέσθαι
2567 1968 2654 2022 με,
2681 1949 2820 2004 ἀλλά
2851 1949 3054 2021 μᾶλλον
3075 1949 3170 2002 καὶ
3191 1950 3589 2018 τιμωρήσεται·
3627 1947 3739 2016 ἐγὼ
3770 1948 3883 2021 γὰρ

2201 2031 2336 2102 ἀξίῳ
2367 2031 2478 2084 ὖντι
2504 2029 2891 2100 ὑπισχνοῦμαι.
2921 2029 3021 2082 Διά
3037 2027 3197 2081 τοῦτο
3219 2027 3314 2081 καὶ
3345 2027 3469 2081 τότε
3493 2027 3884 2098 διαλεγόμενος

2202 2116 2314 2177 τοῖς
2337 2113 2624 2184 μαθηταῖς,
2645 2111 2744 2180 οὑχ
2770 2109 2956 2174 ἁπλῶς
2984 2107 3348 2176 ἐπηγγείλατο
3371 2124 3383 2138 ·
3417 2103 3540 2161 οὑδέ
3569 2107 3678 2176 7&9
3705 2105 3882 2170 εἶπεν,

2215 2190 2432 2261 Ὑμεῖς,
2479 2191 2660 2262 μόνον,
2686 2189 2822 2243 ἀλλά
2862 2189 2907 2221 ³⁸
2940 2188 3304 2260 προσέθηκεν,
3338 2189 3393 2242 οι
3421 2186 3884 2256 ἀκολουθήσατε

2203 2270 2302 2336 τές
2338 2288 2459 2339 μοι,
2505 2271 2591 2324 ἵνα
2626 2269 2721 2324 καὶ
2767 2270 2859 2324 τὸν
2911 2267 3108 2322 Ἰούδαν
3155 2266 3382 2340 ἐκὸάὶῃ,
3425 2267 3520 2321 καὶ
3565 2266 3695 2330 τοὺς
3744 2266 3885 2336 μετά

2203 2350 2376 2404 ταῦτα
2422 2348 2808 2418 ἐφελκύσηται.
2859 2347 2994 2402 Οῦτε
3044 2345 3153 2416 7&9
3191 2345 3328 2417 πρὸς
3380 2345 3622 2409 ἐκείνους
3668 2347 3886 2414 εἴρηται

2209 2429 2422 2499 μόνους,
2457 2427 2581 2482 οὕτε
2612 2429 2746 2499 πρὸς
2789 2426 2992 2482 Ἰούδαν
3025 2425 3211 2479 λοιπὸν
3241 2423 3460 2492 ἀνάξιον
3492 2423 3882 2494 γεγενημένον.

2205 2510 2328 2570 Τοῖς
2359 2507 2458 2577 μὲν
2479 2503 2570 2562 οῦν
2589 2507 2858 2577 μαθηταῖς
2889 2505 2961 2560 τὰ
2983 2505 3244 2575 μέλλοντα
3273 2503 3657 2574 ἐπηγγείλατο,
3687 2502 3884 2570 λέγων·

2207 2588 2541 2642 Καθίσεσθε
2565 2587 2664 2640 ἐπὶ
2698 2585 2926 2639 δώδεκα
2952 2584 3234 2652 θρόνους·
3267 2579 3410 2654 ἦσαν
3435 2582 3545 2653 7&9
3565 2581 3888 2652 ὑψηλότεροι

2205 2666 2408 2732 λοιπὸν,
2445 2667 2540 2722 καὶ
2568 2666 2721 2720 οὐδὲν
2753 2666 2862 2719 τῶν
2886 2664 3172 2735 παρόντων
3196 2661 3422 2734 ἐζήτουν
3439 2681 3454 2695 ·
3486 2665 3598 2726 τοῖς
3623 2661 3680 2716 δὲ
3702 2662 3888 2725 ἄλλοις

2208 2747 2302 2800 καὶ
2338 2745 2409 2798 τά
2453 2745 2686 2798 ἐνταῦθα
2729 2745 3092 2812 ὑπισχνεῖται.
3129 2740 3240 2796 Καὶ
3289 2742 3332 2773 ⁸⁸
3373 2739 3492 2807 πᾶς
3521 2740 3652 2812 γὰρ,
3697 2741 3885 2811 φησὶν,

2209 2823 2377 2890 ὅστις
2423 2822 2658 2893 ἀφῆκεν
2698 2822 3024 2891 ἀδελφοὺς.
3060 2821 3098 2888 ἢ
3150 2820 3438 2890 ἀδελφὰς,
3481 2821 3521 2888 ἣ
3568 2821 3820 2889 πατέρα,
3847 2821 3886 2889 ἢ

2204 2901 2449 2971 μητέρα,
2486 2901 2524 2969 ἢ
2572 2899 2848 2970 γυναῖκα.
2888 2901 2928 2969 ἢ
2977 2898 3180 2963 τέκνα,
3223 2901 3262 2968 ἢ
3300 2897 3541 2967 ἀγροὺς,
3592 2898 3631 2966 ἢ
3663 2900 3888 2965 οὶκίαν,

2208 2981 2420 3035 ἕνεκεν
2452 2981 2559 3035 τοῦ
2580 2979 2868 3049 ὀνόματός
2889 2995 3028 3048 μου,
3063 2977 3661 3032 ἑκατονταπλασίονα
3693 2978 3892 3047 λήψε-

2209 3076 2304 3113 ται
2347 3059 2417 3114 ἐν
2449 3058 2528 3125 τῷ
2563 3058 2731 3113 αίῶνι
2758 3059 2968 3122 τούτῳ,
3006 3058 3105 3111 καί
3147 3056 3298 3124 ζωὴν
3330 3057 3569 3112 αίώνιον
3598 3059 3892 3124 κληρονο-

2208 3138 2411 3207 μήσει.
2450 3139 2565 3192 Ἵνα
2594 3137 2704 3208 7&9
2728 3139 2800 3209 μή
2829 3153 2970 3200 τινες
3007 3136 3335 3198 ἀκούσαντες
3359 3136 3440 3198 τὸ,
3463 3135 3652 3204 ὑμεῖς,
3676 3134 3893 3208 ἐξαίρε-

2212 3234 2303 3270 τον
2325 3217 2370 3249 ⁸³
2395 3216 2502 3270 τῶν
2533 3216 2794 3287 μαθητῶν
2836 3215 2995 3270 τοῦτο
3031 3210 3172 3269 εἶναι
3211 3215 3473 3284 νομίσωσι
3505 3214 3682 3283 (λέγω
3717 3215 3789 3284 δὴ
3831 3213 3892 3268 τὸ

2213 3296 2322 3350 τῶν
2367 3296 2635 3365 μεγίστων
2677 3297 2772 3349 καὶ
2823 3295 3107 3366 πρωτείων
3151 3296 3210 3347 ἐν
3251 3297 3364 3358 τοῖς
3419 3293 3704 3364 μέλλουσιν
3751 3295 3894 3347 ἀπο-

2215 3374 2453 3440 λαύειν).
2481 3374 2711 3440 ἐξέτεινε
2741 3375 2832 3428 τὸν
2856 3374 3032 3442 λόγον,
3088 3374 3182 3426 καὶ
3220 3372 3440 3442 ἦπλωσε
3468 3373 3568 3444 τὴν
3596 3371 3893 3442 ὑπόσχεσιν

2211 3454 2309 3507 ἐπὶ
2346 3453 2442 3524 τὴν
2476 3453 2580 3522 γῆν
2619 3452 2860 3512 ἃπασαν.
2911 3453 3006 3508 καὶ
3043 3452 3154 3506 ἀπὸ
3195 3451 3302 3505 τῶν
3359 3452 3642 3521 παρόντων
3683 3453 3786 3506 καὶ
3827 3450 3896 3503 τὰ

2220 3530 2480 3602 μέλλοντα
2519 3530 2822 3582 πιστοῦται.
2873 3530 2982 3584 Καὶ
3031 3531 3146 3593 τοῖς
3195 3529 3464 3599 μαθηταῖς
3507 3529 3563 3583 δὲ
3610 3532 3669 3582 ἐν
3710 3546 3896 3600 προοι-

2220 3609 2361 3679 μίοις
2392 3607 2566 3679 [ὺ56],
2595 3609 2683 3660 ὅτε
2713 3607 3064 3678 ἀτελέστερον
3095 3607 3375 3671 διέκειντο,
3420 3608 3528 3660 ἀπὸ
3556 3607 3664 3661 τῶν
3689 3611 3895 3680 παρόν-

2215 3705 2323 3741 των
2356 3687 2624 3755 διελέγετο
2666 3686 2730 3739 ⁸³.
2782 3687 2909 3740 Ὅτε
2949 3686 3055 3758 7&9
3096 3685 3343 3738 εἵλκυσεν
3389 3685 3586 3748 αὐτοὺς
3636 3686 3752 3740 ἀπὸ
3799 3687 3897 3756 τῆς

2217 3767 2512 3836 θαλάσσης,
2564 3765 2656 3818 καὶ
2702 3764 2799 3834 τῆς
2848 3765 3045 3834 τέχνης
3093 3764 3390 3835 ἀπέστησε,
3443 3764 3538 3817 καὶ
3585 3766 3808 3831 ἀφεῖναι
3837 3764 3898 3816 τὸ

2218 3844 2400 3898 πλοῖον
2427 3844 2729 3906 ἐκέλευσεν,
2752 3844 2851 3896 οὐκ
2877 3843 3142 3914 οὐρανῶν,
3159 3842 3221 3897 οὐ
3246 3843 3448 3913 θρόνων
3464 3843 3896 3913 ἐμνημόνευσεν,

2218 3923 2353 3978 ἀλλά
2383 3923 2493 3977 τῶν
2531 3923 2762 3976 ἐνταῦθα
2803 3923 3164 3992 πραγμάτων,
3200 3920 3368 3974 εἰπών
3391 3937 3404 3950 ·
3450 3921 3692 3986 Ποιήσω
3742 3921 3898 3992 ὑμᾶς

2219 4003 2407 4067 ἁλιεῖς
2445 4001 2770 4070 ἀνθρώπων
2793 4017 2806 4031 ·
2852 4002 3035 4071 ἐπειδὴ
3071 4001 3128 4054 δὲ
3170 3999 3530 4072 ὑψηλοτέρους
3577 4001 3900 4071 εἰργάσατο,

2223 4083 2344 4135 τότε
2374 4081 2560 4135 λοιπὸν
2591 4081 2686 4134 καὶ
2718 4081 2845 4149 περὶ
2875 4079 2984 4134 τῶν
3010 4081 3128 4132 ἐκεῖ
3155 4078 3484 4146 διαλέγεται.

2296 4161 2358 4230 β’.
2401 4161 2464 4212 Τί
2508 4159 2566 4213 δέ
2610 4161 2744 4222 ἐστι,
2783 4160 3106 4227 Κρίνοντες
3136 4156 3245 4223 τὰς
3282 4156 3512 4211 δώδεκα
3541 4159 3747 4226 φυλὰς
3791 4155 3901 4211 τοῦ

2234 4239 2479 4306 Ἰσραήλ
2500 4255 2517 4301 ;
2554 4238 2836 4302 Τουτέστι,
2867 4237 3308 4306 κατακρίνοντες.
3338 4237 3413 4290 Οὑ
3432 4237 3540 4306 γὰρ
3559 4236 3622 4308 δὴ
3643 4236 3903 4292 δικασταὶ

2225 4318 2478 4389 μέλλουσι
2506 4315 2884 4371 καθεδεῖσθαι·
2936 4315 3052 4370 ἀλλ’
3093 4315 3282 4386 ὥσπερ
3324 4316 3420 4386 τὴν
3449 4315 3770 4386 βασίλισσαν
3803 4315 3896 4370 τοῦ

2221 4398 2374 4450 νότου
2419 4397 2768 4467 κατακρινεῖν
2798 4394 2844 4425 ⁸⁸
2872 4393 2972 4465 τὴν
2999 4395 3191 4464 γενεὰν
3231 4394 3444 4462 ἐκείνην
3488 4393 3680 4464 ἔφησε,
3721 4396 3816 4448 καὶ
3847 4395 3898 4447 οί

2221 4477 2499 4528 Νινευῖται
2537 4475 2592 4527 δὲ
2623 4473 3039 4544 κατακρινοῦσιν
3067 4472 3262 4535 αὐτούς
3285 4488 3298 4503 ·
3324 4471 3468 4526 οὑτω
3499 4472 3565 4544 δὴ
3602 4474 3697 4526 καὶ
3729 4469 3899 4529 οὗτοι.

2223 4554 2324 4608 Διά
2353 4553 2510 4607 τοῦτο
2537 4554 2637 4606 οὐκ
2664 4549 2805 4615 εἶπε,
2831 4551 2912 4605 Τὰ
2931 4551 3059 4620 ἔθνη
3084 4553 3179 4604 καὶ
3211 4551 3307 4618 τὴν
3353 4551 3701 4622 οἰκουμένην,
3739 4551 3900 4615 ἀλλά,

2231 4636 2341 4700 Τὰς
2368 4633 2568 4702 φυλὰς
2597 4631 2704 4685 τοῦ
2747 4628 3012 4698 Ἰσραήλ.
3056 4629 3275 4699 Ἐπειδὴ
3312 4630 3421 4700 γὰρ
3467 4632 3526 4682 ἐν
3561 4633 3673 4692 τοῖς
3720 4630 3904 4694 αὐτοῖς

2222 4710 2362 4785 ἦσαν
2394 4711 2765 4782 τεθραμμέναι
2803 4711 2896 4764 καὶ
2927 4710 3112 4780 νόμοις
3132 4710 3227 4763 καὶ
3265 4708 3411 4762 ἔθεσι
3440 4709 3536 4761 καὶ
3566 4707 3818 4781 πολιτείᾳ
3854 4711 3905 4763 οῖ

2223 4810 2282 4846 τε
2319 4791 2558 4844 Ἰουδαῖοι
2583 4789 2678 4841 καὶ
2705 4789 2754 4841 οί
2785 4788 3096 4850 ἀπόστολοι,
3125 4790 3251 4842 ὅταν
3286 4787 3515 4856 λέγωσιν
3547 4787 3596 4840 οί
3631 4788 3902 4852 Ἰουδαῖοι,

2222 4868 2418 4922 ὃτιΔιά
2450 4868 2606 4920 τοῦτο
2628 4869 2728 4920 οὑκ
2759 4866 3102 4937 ἠδυνήθημεν
3119 4865 3407 4920 πιστεῦσαι
3436 4865 3513 4936 τῷ
3541 4866 3788 4937 Χριστῷ,
3820 4869 3903 4921 ὅτι

2221 4951 2250 5002 ὁ
2279 4949 2439 5017 νόμος
2473 4946 2713 5000 ἐκώλυσε
2754 4946 2799 4977 ⁸⁸
2834 4945 2902 4999 τά
2939 4945 3376 5018 παραγγέλματα
3421 4945 3587 5000 αὑτοῦ
3628 4945 3902 5015 δέχεσθαι,

2223 5026 2446 5090 τούτους
2474 5027 2553 5088 εἰς
2584 5025 2745 5095 μέσον
2785 5024 3142 5095 παραγαγὼν,
3177 5027 3303 5089 τοὺς
3333 5025 3428 5079 τὸν
3473 5025 3635 5078 αὑτὸν
3673 5023 3903 5094 δεξαμέ-

2223 5122 2346 5168 νους
2378 5104 2540 5174 νόμον
2570 5105 2662 5157 καὶ
2695 5101 3111 5168 πιστεύσαντας,
3152 5105 3474 5174 κατακρινεῖ
3511 5103 3718 5166 πάντας
3758 5104 3903 5156 ἐκεί-

2228 5200 2381 5248 νους·
2421 5185 2556 5254 ὅπερ
2600 5184 2694 5236 καὶ
2719 5183 2818 5253 ήδη
2850 5182 3003 5249 ἔλεγε
3034 5183 3099 5248 ⁸⁸,
3155 5181 3257 5234 Διά
3294 5181 3470 5235 τοῦτο
3507 5181 3698 5248 κριταί
3735 5179 3904 5250 ὑμῶν

2229 5262 2395 5318 αὐτοὶ
2430 5264 2695 5318 ἔσονται.
2719 5262 2828 5315 Καὶ
2857 5262 2908 5314 τί
2932 5261 3073 5332 μέγα
3101 5261 3283 5324 αὑτοῖς
3301 5261 3684 5331 ἐπηγγείλατο,
3712 5261 3902 5330 φησὶν,

2561 5373 2605 5405 ’³
2638 5371 2769 5444 γάρ]
2806 5370 2899 5426 καί
2925 5373 2993 5424 Κ.
3029 5369 3138 5441 7&9
3165 5370 3259 5451 καί
3283 5369 3344 5424 ι..
3374 5367 3904 5492 οέκειούμεθαὶὶαάιί.

2577 5443 2773 5492 Intern.
2883 5442 2927 5473 ³⁰
2963 5441 3032 5492 τὰ
3063 5439 3281 5492 ἐαυτουῖ
3322 5456 3491 5492 ταυτα
3549 5439 3710 5492 αυτός
3792 5478 3806 5491 .
3841 5435 3902 5492 L.

2883 5442 2927 5473 ³⁰
2963 5435 3281 5509 τάἐὰυτοῦ]
3322 5439 3491 5493 ταῦτα
3549 5435 3710 5501 αὑτός
3735 5435 3806 5492 Κ.
3841 5435 3902 5493 L.

2886 5511 2946 5566 L.
3036 5510 3093 5584 1‘
3133 5510 3299 5584 λόγῳ]
3332 5509 3539 5584 -τρόπῳ
3583 5508 3724 5584 _Mor.

2279 5527 2343 5586 ις]
2373 5527 2464 5566 ιιαι
2502 5527 2677 5583 ὑμεις.
2708 5527 2870 5582 φησιν
2886 5527 2946 5566 ι..
3048 5527 3093 5542 ”
3134 5527 3299 5584 λογῳ]
3355 5527 3539 5580 τροπῳ
3589 5527 3724 5562 mor.
3771 5527 3905 5562 neu.

2279 5583 2343 5636 Κ.
2395 5584 2470 5636 Μ.
2503 5584 2666 5651 vulgo
2713 5581 2926 5645 αὑτούς.
3031 5581 3075 5612 ³⁷
3113 5579 3240 5683 τῆςέ
3281 5579 3406 5634 add.
3446 5577 3702 5646 τοιαύτης
3765 5576 3903 5632 Edd.

2279 5654 2353 5683 ...Ι
2412 5652 2521 5683 ίεἈιΙ
2587 5653 2627 5683 Η
2672 5653 2780 5683 παῖ
2811 5668 2898 5683 tun
2954 5650 2999 5683 [ξ
3046 5650 3092 5683 Il
3246 5653 3265 5682 ⁸
3305 5649 3380 5683 εἶν’
3430 5647 3704 5683 ἒβηῖηεηιῆιι

2411 5652 2543 5707 Edd.
2587 5646 2627 5684 ⁸³
2672 5653 2781 5706 Καί
2811 5668 2921 5707 om.
2954 5650 3019 5706 (ἱ.
3045 5650 3113 5704 Μ.
3172 5646 3183 5651 ’
3221 5646 3265 5683 ⁸³
3304 5649 3380 5714 ὼς
3429 5647 3729 5716 ἐξαίρετον
3766 5646 3905 5716 Edd.

461 5720 503 5794 ξ’
539 5719 843 5794 διαλέγεται
871 5719 931 5774 L.
1012 5719 1054 5752 “
1095 5721 1444 5791 κατακρίνειν
1475 5721 1539 5777 G.
1573 5721 1634 5774 K.
1667 5720 1724 5775 L.
1756 5720 1824 5775 Μ.
1905 5723 1945 5754 ³⁵
1975 5714 2109 5776 ὲκὼλ

2214 5721 2309 5794 Ep.
2356 5723 2609 5776 ἐκέλευσε
2644 5723 2708 5778 G.
2752 5721 2820 5776 Μ.
2853 5731 2906 5778 ει
2944 5722 3038 5777 Ge.
3070 5723 3122 5776 in
3171 5730 3340 5777 textu.
3441 5721 3484 5750 δ’
3525 5714 3738 5788 ἔλεγεν]
3780 5714 3906 5772 add.

453 5787 538 5842 ὅτι
579 5789 641 5843 Κ.
675 5787 740 5847 1..
