4074 6144
317 325 414 382 609

311 455 414 497 non
443 439 723 511 magniﬁca
759 439 1004 505 aedilicia,
1053 457 1157 496 non
1203 441 1467 496 uberrima
1511 441 1744 512 przedia;
1793 442 1886 496 sed

309 535 448 587 viros
472 546 562 602 qut
592 547 837 601 magnam
882 533 1022 602 apud
1063 533 1228 589 Deum
1275 533 1520 588 ﬁduciam
1549 534 1764 598 habent,
1793 535 1883 606 qui

308 625 359 679 in
381 625 512 679 cmlo
541 623 732 679 divites
757 634 900 689 sunt,
923 626 1010 695 qui
1052 624 1331 680 thesauros
1355 626 1473 680 illos
1504 626 1797 694 possident,
1821 641 1888 680 ac

308 731 431 772 vere
457 716 696 786 opulenti
722 727 866 782 sunt,
893 717 981 788 qui
1008 726 1222 788 propter
1244 718 1515 772 Christum
1538 728 1662 772 sunt
1681 733 1882 788 paupe-

1266 324 1330 380 IN
1369 324 1776 382 MATTIIEUM
1819 325 2046 388 IIOMIL.
2087 327 2272 386 LXIV.
2311 331 2382 386 al.
2426 331 2587 388 LXV.

3480 340 3587 392 ΜΟ

2006 459 2129 509 res;
2160 457 2217 500 ut
2241 455 2440 503 aeterna
2467 448 2602 503 bona
2627 464 3038 521 consequamur,
3076 455 3245 524 gratia
3268 465 3321 511 et
3347 456 3584 529 benigni-

2000 543 2108 591 tate
2157 537 2364 592 Domini
2414 541 2579 594 nostri
2625 539 2752 595 .lesu
2782 541 2998 611 Christi,
3047 545 3261 615 quicum
3305 546 3447 602 Patri
3482 566 3584 606 una

1994 644 2114 682 cntn
2135 627 2332 698 Spiritu
2353 639 2538 685 sancto
2555 631 2744 701 gloria,
2764 631 2954 700 honor,
2982 635 3282 705 imperium,
3313 638 3579 706 adoratto,

1993 736 2133 774 nunc
2178 729 2232 774 et
2269 735 2518 792 semper,
2559 731 2614 778 et
2663 723 2717 778 in
2769 727 2963 781 stecula
3017 730 3356 785 szeculorum.
3390 733 3580 786 Amen.

1973 877 3574 906 __.___________________________

1451 951 1786 1013 HOMILIA
1830 951 2053 1013 LXIV.
2099 952 2184 1014 al.
2231 951 2426 1013 LXV.

303 1101 435 1156 Cn.
487 1099 569 1154 l9.
613 1115 668 1153 v.
708 1099 799 1155 27.
845 1097 990 1154 Tunc
1031 1099 1340 1171 respondens
1389 1097 1571 1154 Petrus
1617 1101 1745 1154 dixit
1787 1100 1836 1153 ei
1870 1115 1890 1154 :

376 1188 511 1244 Ecce
533 1205 624 1243 nos
648 1190 940 1256 reliquimus
955 1190 1142 1254 omnia,
1173 1200 1218 1243 et
1242 1190 1438 1259 sequuti
1459 1205 1634 1244 sumus
1665 1198 1713 1242 te
1732 1206 1752 1255 ;
1768 1187 1890 1258 quid

378 1297 500 1350 ergo
521 1281 614 1333 erit
643 1280 784 1334 nobis
811 1280 837 1333 2

377 1374 430 1428 Ι.
473 1373 726 1440 Quaenam
756 1372 960 1436 Omnia,
983 1371 1139 1427 beate
1164 1371 1320 1427 Petre
1346 1372 1369 1426 ‘!
1393 1372 1656 1426 calamum
1683 1372 1708 1426 ἲ
1731 1370 1888 1426 rete?

303 1465 603 1520 naviculam
634 1465 659 1516 ?
714 1463 935 1518 artem?
987 1463 1230 1519 llaeccine
1285 1463 1462 1518 omnia
1512 1463 1648 1518 dicis
1707 1463 1889 1518 mihi?

302 1554 511 1618 Etiam,
553 1555 742 1626 inquit.
795 1554 900 1610 Sed
951 1571 1054 1609 non
1099 1571 1192 1624 per
1235 1555 1578 1610 ambitionem
1606 1555 1888 1626 quamdam

307 1647 428 1700 ha-c
454 1645 606 1711 dico,
655 1645 748 1701 sed
781 1656 840 1700 ut
875 1663 972 1716 per
1012 1646 1150 1702 hanc
1194 1645 1892 1716 interrogationcm'paupe-

300 1753 419 1790 runt
457 1736 667 1806 plebem
707 1737 1058 1792 introducam.
1085 1739 1219 1805 Quia
1249 1739 1392 1793 enim
1429 1737 1563 1793 dixit
1589 1737 1842 1792 Dominus
1871 1756 1885 1792 :

297 1825 360 1880 Si
404 1829 478 1881 vis
519 1827 766 1898 perfectus
793 1844 920 1894 esse,
953 1829 1108 1882 vende
1134 1845 1248 1898 quae
1273 1829 1444 1892 habes,
1471 1839 1518 1883 et
1545 1829 1615 1882 da
1640 1831 1854 1899 pauperi
1863 1857 1883 1870 -

297 1919 428 1980 bus.
465 1929 512 1974 et
552 1919 754 1974 habebis
791 1923 1080 1974 thesaurum
1121 1922 1174 1975 in
1216 1921 1341 1975 creto
1367 1920 1580 1992 (Matth.
1607 1922 1692 1976 i9.
1720 1921 1832 1992 21)
1870 1939 1885 1976 :

297 2027 370 2067 ne
397 2013 520 2082 quis
544 2027 836 2082 pauperum
867 2012 1011 2068 dicat
1037 2029 1050 2066 :
1078 2013 1215 2080 Quid
1245 2029 1373 2082 ergo
1398 2013 1422 2066 Υ
1447 2013 1492 2066 si
1521 2028 1623 2067 non
1657 2013 1880 2070 habeam

301 2104 699 2174 possessionem
721 2145 736 2170 ,
769 2119 875 2159 non
905 2119 1117 2175 possum
1147 2120 1268 2160 esse
1300 2104 1568 2174 perlectus
1592 2105 1614 2157 ’ἒ
1650 2106 1882 2160 interro-

297 2204 389 2260 gat
422 2193 649 2255 Petrus.
682 2202 738 2248 nt
776 2203 832 2248 tu
864 2209 1064 2263 pauper
1085 2195 1294 2261 discas,
1325 2194 1452 2248 nihil
1485 2203 1536 2248 te
1567 2194 1690 2248 hinc
1710 2196 1884 2250 minus

294 2281 532 2348 habere;
580 2283 870 2353 interrogat
917 2283 1104 2338 Petrus
1125 2326 1140 2348 ,
1171 2294 1334 2347 utne,
1358 2283 1401 2338 si
1432 2297 1460 2337 a
1504 2283 1659 2338 Petro
1689 2284 1738 2338 id
1770 2285 1886 2338 edi-

293 2390 454 2439 scas,
504 2375 715 2430 dubites
763 2376 1001 2443 (etenim
1044 2375 1384 2445 imperfectus
1427 2375 1601 2430 adhuc
1642 2385 1788 2442 erat,
1833 2386 1888 2434 ct

291 2463 499 2535 Spiritu
545 2465 827 2532 vacuus),
880 2463 976 2520 sed
1027 2473 1085 2518 ut
1131 2481 1160 2518 a
1195 2467 1450 2533 magistro
1482 2465 1620 2520 Petri
1665 2475 1882 2534 accepta

293 2554 587 2620 sententia,
635 2555 892 2610 conﬁdas.
936 2554 1391 2623 Quemadmodum
1436 2557 1576 2612 enim
1609 2571 1706 2610 nos
1752 2557 1882 2610 laci-

294 2661 440 2713 ntus,
468 2662 590 2701 cum
618 2661 716 2716 pro
738 2646 858 2701 aliis
877 2646 1207 2716 disputantes
1229 2664 1312 2702 res
1331 2647 1482 2701 nobis
1503 2649 1841 2702 attribuimus
1865 2665 1878 2701 :

294 2739 375 2793 sic
403 2749 459 2792 et
496 2739 770 2807 apostolus
793 2739 952 2806 fecit,
979 2756 1098 2795 cum
1136 2757 1230 2809 pro
1277 2741 1408 2795 orbe
1451 2751 1564 2796 toto
1594 2743 1751 2796 talem
1781 2742 1878 2810 ipsi

292 2829 772 2899 interrogationem
821 2831 1031 2885 obtulit.
1094 2831 1224 2884 Nam
1274 2832 1412 2901 quod
1461 2847 1521 2887 ea
1563 2849 1679 2900 qua:
1722 2833 1787 2886 ad
1823 2847 1882 2888 se

291 2920 614 2989 spectabant
632 2921 742 2989 jam
770 2920 918 2975 clare
941 2921 1124 2985 sciret,
1159 2923 1329 2990 palam
1350 2933 1430 2976 est
1452 2923 1519 2976 ab
1557 2922 1622 2977 iis
1645 2939 1762 2992 quae
1790 2938 1879 2977 su-

291 3023 389 3080 pra
444 3008 584 3064 dicta
625 3017 749 3064 sunt
785 3027 800 3064 :
833 3010 1034 3065 etenim
1082 3011 1169 3080 qui
1210 3011 1387 3066 claves
1428 3011 1573 3080 regni
1623 3013 1878 3066 czelorum

290 3101 422 3156 inde
442 3101 556 3172 jam
581 3111 898 3170 acceperat,
927 3103 1094 3157 multo
1123 3103 1291 3173 magis
1335 3102 1402 3156 de
1427 3105 1633 3158 caneris
1662 3118 1780 3174 qua:
1823 3103 1874 3158 in

286 3194 430 3248 calo
486 3204 644 3260 sunt,
699 3194 970 3250 conﬁdere
1027 3195 1230 3250 debuit.
1274 3195 1652 3250 Animadverte
1698 3207 1874 3251 autem

283 3285 562 3355 quomodo
600 3296 848 3342 accurate
891 3286 1210 3356 respondeat
1252 3285 1318 3340 ad
1360 3302 1422 3341 ea
1465 3301 1583 3357 qua:
1627 3287 1873 3343 Christus

285 3377 568 3446 quaerebat
596 3394 610 3429 :
647 3392 770 3432 nam
802 3377 889 3433 ille
913 3393 943 3432 a
966 3378 1130 3433 divite
1169 3376 1278 3432 duo
1306 3377 1420 3432 haec
1453 3379 1765 3448 expetebat.
1814 3389 1872 3435 ut

282 3484 378 3523 sua
409 3469 564 3524 daret
593 3470 934 3539 pauperibus,
965 3479 1022 3525 et
1048 3480 1364 3540 sequeretur
1390 3485 1467 3524 se.
1511 3469 1738 3540 Ideoque
1765 3471 1867 3526 Pe-

282 3571 398 3617 trus
433 3568 545 3620 lure
571 3565 678 3620 duo
704 3565 882 3634 pouit,
908 3573 962 3618 et
990 3563 1130 3633 quod
1157 3563 1502 3633 reliquerint,
1532 3573 1586 3616 et
1613 3563 1754 3633 quod
1787 3579 1874 3618 se-

285 3665 525 3722 quantur
554 3672 570 3720 ;
594 3670 714 3709 nam
741 3655 814 3709 ait
840 3673 853 3708 :
881 3653 1016 3707 Ecce
1042 3669 1134 3707 nos
1157 3652 1450 3722 reliquimus
1477 3655 1644 3708 omnia
1664 3695 1680 3720 ,
1711 3664 1759 3708 et
1791 3671 1872 3710 se-

276 3747 425 3815 quuti
458 3763 632 3800 sumus
673 3757 739 3800 te.
772 3746 904 3800 Nam
951 3746 1256 3814 relinquunt
1283 3753 1339 3798 ut
1379 3759 1673 3815 sequantur
1694 3787 1711 3812 ,
1742 3744 1870 3801 faci-

281 3839 496 3908 liusque
549 3848 665 3893 erat
709 3838 857 3908 sequi
905 3847 1184 3909 postquam
1236 3838 1598 3906 reliquerant,
1647 3847 1702 3892 et
1743 3839 1864 3907 quia

275 3931 648 3999 reliquerant,
681 3929 928 3984 ﬁduciam
985 3929 1114 3998 ipsis
1156 3936 1211 3983 et
1251 3927 1499 3998 gaudium
1541 3927 1860 3983 conciliavit.

273 4020 414 4088 Quid
462 4036 590 4091 ergo
634 4021 774 4076 ille?
811 4021 901 4076 28.
943 4021 1099 4074 Amen
1139 4021 1250 4075 dico
1294 4021 1466 4087 vobis,
1496 4021 1632 4091 quod
1660 4037 1744 4076 vos
1779 4024 1866 4089 qui

273 4097 473 4182 sequuti
511 4114 627 4167 estis
667 4130 764 4180 me,
804 4115 857 4167 in
882 4115 1276 4185 regeneratione,
1311 4131 1424 4167 cum
1463 4115 1648 4169 sederit
1692 4115 1860 4171 Filius

272 4202 492 4256 hominis
514 4204 565 4256 in
585 4203 764 4258 throno
791 4205 1065 4272 maiestatis
1091 4220 1198 4258 sua:
1223 4244 1240 4268 ,
1268 4205 1499 4260 sedebitis
1523 4217 1571 4259 et
1592 4223 1678 4260 vos
1705 4224 1860 4276 super

273 4295 482 4350 thronos
523 4295 806 4361 duodecim,
843 4297 1129 4367 judicantes
1166 4297 1431 4351 duodecim
1472 4299 1630 4352 tribus
1661 4297 1848 4354 Israel.

271 4383 408 4451 Quid
443 4385 654 4453 igitur?
697 4401 763 4439 an
790 4385 976 4450 Iudas,
1032 4386 1274 4456 inquies,
1320 4387 1571 4442 sedebit?
1613 4388 1848 4444 Minime.

275 4475 560 4541 Quomodo
593 4475 752 4546 igitur
779 4475 906 4530 dicit
929 4515 945 4540 ,
989 4473 1057 4529 Et
1083 4493 1167 4529 vos
1191 4494 1344 4547 super
1362 4479 1626 4532 duodecim
1647 4480 1855 4534 thronos

267 4565 502 4620 sedebitis
528 4566 556 4620 .’
587 4567 856 4636 quomodo
887 4569 1169 4636 promissio
1201 4569 1285 4622 illa
1318 4568 1622 4638 implebitur
1650 4569 1674 4622 τ
1715 4570 1850 4625 Audi

265 4655 560 4724 quomodo.
586 4655 695 4711 Lex
721 4666 800 4711 est
835 4673 866 4711 a
910 4657 1018 4711 Deo
1060 4658 1250 4726 posita.
1295 4673 1390 4727 per
1409 4657 1692 4713 Jeremiam
1721 4674 1848 4729 pro-

268 4743 481 4812 phetam
512 4745 714 4801 Iudaeis
759 4747 928 4815 lecta,
973 4763 1093 4817 qua:
1132 4748 1210 4802 sic
1236 4747 1395 4802 habet
1437 4765 1454 4804 :
1493 4749 1574 4802 Ad
1601 4765 1849 4804 summam

264 4836 445 4903 loquar
470 4853 625 4908 super
668 4849 864 4910 gentem
910 4848 958 4896 et
993 4857 1146 4911 super
1173 4857 1414 4911 regnum,
1451 4849 1506 4894 ut
1541 4844 1773 4913 auferam
1799 4853 1848 4898 et

267 4930 513 4996 perdam;
537 4940 583 4985 et
612 4931 657 4984 si
697 4948 938 4986 conversa
963 4933 1116 5004 fuerit
1142 4950 1263 5004 gens
1287 4933 1378 4986 illa
1396 4950 1428 4986 a
1453 4935 1600 4988 malis
1619 4936 1744 5002 suis,
1767 4953 1846 4991 me

260 5039 456 5094 quoque
500 5027 752 5094 paenitebit
782 5027 1066 5091 malorum,
1109 5041 1219 5095 qua:
1263 5028 1475 5097 cogitaui
1501 5027 1670 5098 facere
1715 5029 1839 5088 illis.

260 5113 324 5168 Et
347 5117 419 5170 ad
437 5133 684 5171 summam
716 5118 895 5189 loquar
929 5136 1082 5188 super
1107 5129 1302 5189 gentem
1325 5129 1372 5174 et
1395 5137 1622 5191 regnum,
1653 5130 1707 5175 ut
1720 5136 1846 5175 rea!-

258 5205 458 5274 diﬁcem
487 5217 533 5262 et
563 5209 786 5278 planlem
821 5225 839 5263 :
868 5220 916 5264 et
954 5211 1000 5264 si
1039 5211 1248 5281 fecerint
1274 5213 1465 5265 malum
1500 5213 1552 5266 in
1574 5221 1837 5284 conspectu

257 5314 383 5362 meo,
415 5310 469 5353 ut
495 5317 595 5354 non
617 5302 831 5355 audiant
858 5317 1027 5357 vocem
1055 5319 1235 5367 meam,
1273 5319 1352 5357 rte
1371 5320 1564 5374 quoque
1591 5306 1840 5374 paenitebit

255 5395 494 5445 bonorum
513 5433 529 5456 ,
559 5408 676 5460 qua:
703 5392 898 5447 locutus
923 5410 1034 5447 sum
1057 5403 1112 5447 ut
1141 5398 1357 5464 facerem
1383 5396 1454 5448 eis
1481 5399 1502 5460 (
1520 5393 1631 5448 Jer.
1663 5395 1750 5449 I8.
1774 5394 1836 5450 7-

257 5478 364 5548 10).
399 5481 657 5550 ldipsunt,
681 5483 872 5554 inquit,
895 5483 1123 5539 servabo
1149 5485 1309 5539 etiam
1335 5485 1384 5538 in
1408 5485 1582 5539 bonis.
1611 5483 1833 5539 Etiamsi

254 5574 393 5627 enim
422 5574 610 5630 dixero
639 5589 728 5630 me
758 5575 1208 5631 remdiﬁcaturum
1253 5591 1373 5631 esse
1393 5617 1408 5640 ,
1449 5578 1494 5632 si
1523 5591 1582 5632 se
1609 5578 1837 5645 promis-

252 5665 401 5722 sione
439 5668 687 5737 indignos
730 5669 1090 5736 reddiderint,
1125 5669 1173 5724 id
1204 5686 1308 5724 non
1339 5671 1545 5726 faciam.
1593 5671 1648 5726 id
1694 5672 1832 5741 quod

255 5761 410 5815 etiam
453 5763 625 5832 primo
664 5763 862 5818 homini
907 5763 1092 5818 accidit
1127 5783 1137 5815 :
1169 5761 1379 5816 Tremor
1406 5766 1581 5829 enim,
1623 5761 1824 5833 inquit,

1997 1107 2157 1152 uester
2193 1108 2242 1152 et
2272 1100 2423 1155 timor
2451 1101 2548 1156 erit
2574 1118 2727 1172 super
2753 1105 2890 1175 feras
2925 1105 3080 1175 (Gen.
3109 1108 3162 1164 9.
3191 1107 3249 1180 2)
3271 1122 3470 1182 ;nequc
3503 1123 3582 1168 ta-

1995 1203 2116 1243 men
2138 1188 2187 1243 id
2215 1188 2411 1244 factum
2443 1201 2523 1246 est
2555 1209 2571 1246 :
2599 1207 2718 1247 nam
2743 1193 2831 1248 ille
2859 1210 2917 1250 se
2940 1195 3028 1250 tali
3061 1197 3284 1268 imperio
3310 1201 3581 1272 indignum

1997 1279 2268 1345 reddidit;
2301 1282 2748 1350 quemadmodum
2779 1296 2831 1339 et
2859 1286 3044 1342 Judas.
3081 1289 3156 1343 Ne
3184 1291 3325 1345 enim
3357 1309 3420 1348 ex
3449 1311 3581 1364 sup-

1996 1373 2138 1441 plicii
2166 1375 2427 1428 sententia
2458 1375 2808 1445 desperantes
2837 1380 3053 1448 quidam
3085 1381 3330 1438 duriores
3358 1383 3578 1452 ﬁerent,

1994 1478 2128 1516 neve
2154 1479 2218 1519 ex
2263 1463 2526 1520 bonorum
2568 1468 2921 1536 promiSsione
2947 1472 3036 1525 alii
3070 1476 3345 1542 segniores
3384 1479 3577 1534 evade-

1995 1564 2149 1619 rent,
2180 1557 2417 1626 utrisque
2442 1559 2735 1614 remedium
2763 1561 2981 1618 adhibet
3009 1563 3193 1619 dicens
3218 1586 3230 1620 :
3259 1567 3314 1622 Si
3347 1570 3577 1625 minatus

1995 1647 2149 1699 fuero
2168 1686 2184 1710 ,
2213 1661 2281 1700 ne
2305 1647 2560 1718 desperes
2592 1666 2607 1704 :
2655 1660 2805 1722 potes
2831 1655 2972 1707 enim
3002 1656 3365 1722 pcenitentiam
3396 1677 3576 1732 agere.

1994 1737 2416 1808 sententiamque
2437 1754 2607 1795 meam
2638 1743 2868 1808 solvere,
2901 1757 2954 1798 ut
2983 1745 3224 1802 Ninivitte
3256 1768 3270 1804 :
3298 1761 3352 1805 et
3371 1750 3416 1806 si
3447 1754 3569 1808 boni

1993 1827 2264 1896 quidpiam
2294 1830 2615 1898 promittam,
2653 1849 2716 1886 ne
2734 1835 2913 1903 segnis
2933 1837 3006 1889 sis
3032 1837 3102 1893 ob
3131 1843 3537 1908 promissionem
3561 1865 3575 1900 :

1995 1932 2118 1972 nam
2147 1919 2193 1973 si
2221 1919 2470 1990 indignus
2511 1921 2769 1990 reddaris,
2801 1924 2931 1978 nihil
2960 1936 3010 1981 te
3031 1928 3240 1996 juvabit
3270 1935 3571 2001 promissio,

1997 2007 2093 2063 sed
2115 2009 2289 2078 maius
2315 2013 2636 2082 supplicium
2658 2015 2762 2070 erit
2793 2032 2930 2086 :ego
2958 2019 3100 2074 enim
3134 2025 3386 2090 promitto
3416 2024 3464 2081 ei
3487 2030 3574 2098 qui

1993 2098 2184 2170 dignus
2212 2113 2314 2156 est.
2347 2103 2548 2159 Idcirco
2577 2113 2702 2160 tunc
2726 2123 2937 2178 quoque
2959 2109 3247 2180 discipulos
3271 2115 3572 2186 alloquens,

1995 2205 2100 2245 non
2128 2192 2445 2261 simpliciter
2471 2196 2732 2264 promittit
2756 2214 2771 2260 ;
2805 2214 2910 2252 non
2937 2200 3079 2256 enim
3107 2203 3446 2260 solummodo
3480 2209 3573 2270 ait,

2006 2279 2119 2343 Vos,
2169 2282 2262 2336 sed
2299 2283 2468 2350 addit,
2525 2284 2628 2352 Qui
2656 2288 2856 2356 sequuti
2882 2291 2998 2345 estis
3036 2308 3148 2358 me,
3195 2303 3335 2350 utet
3382 2295 3570 2354 Iudam

1991 2373 2228 2441 ejiceret,
2258 2386 2312 2431 et
2361 2391 2455 2431 eos
2506 2378 2596 2448 qui
2638 2388 2818 2448 postea
2869 2383 3026 2436 futuri
3069 2395 3223 2440 erant
3263 2388 3574 2446 attraheret.

1992 2465 2172 2535 Neque
2199 2469 2341 2522 enim
2376 2467 2443 2522 ad
2481 2469 2602 2524 illos
2640 2471 2836 2526 dictum
2867 2483 2947 2528 est
2975 2476 3139 2538 solos,
3172 2493 3346 2549 neque
3385 2481 3452 2536 ad
3481 2483 3575 2538 Ju-

1991 2556 2112 2612 dam
2134 2599 2148 2620 ,
2181 2559 2270 2628 qui
2313 2574 2373 2614 se
2412 2560 2684 2631 indignum
2735 2564 2984 2619 reddidit.
3017 2566 3296 2638 Discipulis
3325 2587 3454 2643 ergo
3495 2575 3574 2629 in.

1991 2656 2105 2701 tura
2157 2649 2418 2716 promittit
2470 2649 2700 2705 dicendo
2754 2669 2769 2706 :
2813 2651 3062 2710 Sedebitis
3105 2674 3258 2726 super
3308 2661 3573 2719 duodecim

1989 2739 2196 2792 thronos
2227 2754 2246 2791 :
2272 2739 2611 2795 sublimiores
2648 2742 2790 2796 enim
2831 2743 3002 2798 ellecti
3051 2747 3181 2802 nihil
3232 2754 3569 2818 praesentium

1987 2830 2300 2894 qumrehant
2333 2845 2348 2894 ;
2381 2831 2591 2885 caneris
2621 2843 2799 2887 autem
2845 2838 3126 2904 prmsentia
3172 2856 3384 2912 quoque
3418 2847 3570 2915 polli-

1986 2927 2135 2972 cetur
2163 2919 2346 2974 dicens
2386 2937 2400 2974 :
2451 2919 2542 2976 29.
2587 2923 2902 2995 Quicumque
2934 2926 3180 2982 dimiserit
3217 2936 3434 3001 fratres,
3482 2947 3571 2990 aut

1984 3026 2203 3073 sorores,
2232 3019 2318 3064 aut
2349 3021 2564 3080 patrem,
2608 3021 2698 3067 aut
2723 3026 2951 3083 matrem,
2985 3027 3074 3070 aut
3101 3036 3326 3085 uxorem,
3376 3036 3464 3078 aut
3501 3028 3566 3095 ﬁ-

1984 3099 2098 3164 lios,
2130 3109 2220 3153 aut
2245 3117 2428 3170 agros,
2459 3113 2667 3172 prapter
2702 3121 2881 3158 nomen
2911 3123 3096 3174 nteant,
3125 3113 3412 3182 centuplum
3437 3119 3570 3171 acci-

1984 3194 2084 3261 piet
2113 3193 2162 3246 in
2203 3193 2304 3248 hoc
2335 3196 2567 3260 swculo,
2609 3205 2656 3250 el
2692 3198 2844 3250 vitam
2876 3209 3114 3254 aeternam
3154 3205 3445 3271 possidebit.
3489 3209 3568 3266 Ne

1981 3283 2194 3353 quidam
2230 3286 2372 3340 enim
2407 3287 2558 3351 illud,
2617 3286 2735 3354 Vos,
2783 3290 3086 3354 audientes,
3135 3293 3263 3349 illud
3299 3300 3450 3367 quasi
3498 3303 3565 3356 ad

1979 3374 2270 3446 discipulos
2306 3378 2482 3432 solum
2520 3380 2794 3445 pertinens
2832 3382 3138 3452 acciperent
3178 3383 3200 3458 (
3225 3386 3290 3442 de
3321 3391 3565 3448 maximis

1980 3468 2169 3539 loquor
2209 3478 2263 3525 et
2283 3470 2350 3525 de
2379 3471 2563 3541 primis
2589 3472 2805 3528 sedibus
2835 3472 2853 3543 )
2879 3516 2892 3537 ,
2934 3475 2984 3528 in
3014 3491 3107 3531 eos
3133 3479 3225 3548 qui
3260 3483 3561 3538 mercedem

1975 3564 2242 3630 accepturi
2291 3572 2444 3618 erant
2485 3577 2787 3619 sermonem
2837 3567 3096 3631 extendit,
3149 3579 3203 3624 et
3249 3575 3561 3640 promissio-

1977 3667 2098 3704 nem
2126 3653 2282 3706 latins
2309 3652 2519 3707 diffudit
2548 3655 2600 3708 in
2633 3664 2800 3709 totum
2825 3656 3028 3720 urbem,
3059 3669 3218 3730 atque
3239 3677 3301 3716 ex
3333 3679 3561 3732 prtrsen-

1975 3742 2114 3796 tibus
2149 3741 2324 3797 futura
2368 3743 2667 3798 conﬁrmat.
2707 3745 2986 3816 Discipulis
3017 3762 3194 3803 autem
3228 3753 3279 3804 in
3307 3755 3556 3822 exordio,

1972 3845 2092 3885 cum
2124 3831 2297 3886 adhuc
2329 3833 2744 3903 impcrl‘ectiores
2771 3846 2970 3901 essent,
2995 3853 3060 3891 ex
3101 3841 3452 3906 praesentibus
3481 3844 3558 3898 lo-

1969 3922 2252 3992 quebatur.
2296 3922 2429 3976 Cum
2483 3923 2628 3978 enim
2672 3924 2894 3979 abduxit
2943 3941 3036 3981 eos
3086 3943 3154 3982 ex
3211 3931 3342 3985 mari
3395 3941 3449 3987 et
3489 3950 3554 3990 ex

1969 4022 2084 4068 arte
2121 4027 2218 4068 sua
2241 4055 2256 4079 ,
2299 4014 2563 4084 jussitque
2591 4014 2887 4070 naviculam
2927 4017 3198 4084 deserere,
3233 4036 3338 4076 non
3367 4023 3551 4090 caelos,

1970 4121 2076 4160 non
2105 4105 2328 4161 thronos
2350 4108 2666 4162 memoravit
2696 4125 2711 4174 ;
2739 4107 2833 4163 sed
2865 4124 2950 4164 res
2982 4123 3294 4180 praesentes,
3318 4113 3504 4172 dicens
3535 4135 3548 4172 :

1966 4197 2179 4252 Faciam
2209 4215 2294 4277 vos
2322 4199 2594 4271 piscatores
2623 4203 2880 4254 hominum
2907 4199 3119 4269 (Matth.
3144 4205 3198 4258 4.
3233 4205 3354 4276 19);
3401 4219 3549 4277 post-

1963 4304 2120 4359 quam
2148 4275 2324 4345 antem
2360 4292 2480 4344 illos
2507 4290 2847 4345 sublimiores
2870 4289 3140 4359 eﬁ'ecerat,
3166 4275 3309 4350 tunc
3333 4275 3548 4353 denuun

1963 4383 2123 4435 etiam
2151 4381 2219 4436 de
2239 4383 2545 4436 caelestibus
2573 4383 2823 4452 loquitur.

2029 4473 2084 4528 2.
2125 4473 2260 4542 Quid
2288 4475 2388 4528 sibi
2420 4474 2532 4527 vult
2568 4475 2693 4528 illud
2717 4517 2733 4540 ,
2770 4473 3066 4529 Judicantes
3093 4476 3358 4532 duodecim
3388 4483 3547 4536 tribus

1958 4563 2173 4619 Israel?
2220 4566 2273 4618 Id
2317 4576 2420 4628 est,
2451 4565 2888 4621 eondemnautes.
2933 4557 3115 4637 Neque
3151 4570 3290 4623 enim
3317 4579 3375 4624 ut
3398 4572 3544 4640 judi-
3623 4637 3626 4642 _

1956 4672 2047 4711 ces
2089 4656 2352 4711 sedebant
2385 4673 2398 4710 :
2440 4655 2533 4712 sed
2560 4657 2695 4711 sicut
2729 4659 2967 4726 reginam
2994 4659 3172 4714 Austri
3194 4661 3530 4717 condemna-

1957 4757 2127 4801 turam
2168 4757 2379 4817 gentem
2422 4748 2567 4802 illam
2613 4747 2860 4813 dicebat,
2914 4756 2969 4802 et
3016 4749 3273 4804 Ninivitas
3317 4767 3534 4823 quoque

1951 4840 2397 4895 condemnaturos
2445 4854 2568 4894 esse
2619 4839 2849 4910 (Matth.
2901 4839 2988 4893 l2.
3039 4841 3132 4894 42.
3175 4843 3237 4895 41
3267 4842 3284 4910 )
3315 4860 3326 4894 :
3361 4844 3438 4898 sic
3484 4856 3538 4899 et

1950 4933 2173 5003 apostoli
2202 4931 2650 4987 condemnabam.
2677 4931 2904 5002 Ideoque
2935 4946 3039 4986 non
3067 4931 3227 4998 dixit,
3258 4933 3455 4991 Gentes
3483 4947 3537 4992 et

1944 5025 2133 5078 orbem
2153 5065 2168 5088 ,
2199 5021 2291 5078 sed
2315 5063 2332 5089 ,
2361 5021 2540 5076 Tribus
2568 5021 2749 5077 Israel.
2779 5022 2912 5089 Quia
2943 5023 3085 5077 enim
3128 5022 3179 5078 in
3216 5025 3404 5080 iisdem
3435 5043 3533 5081 nu-

1949 5115 2059 5171 triti
2101 5124 2253 5171 erant
2290 5123 2345 5170 et
2392 5115 2594 5185 legibus
2632 5124 2685 5170 et
2732 5115 2976 5170 moribus
3027 5125 3080 5170 et
3119 5116 3372 5172 institutis
3423 5129 3530 5174 tam

1944 5203 2112 5262 Iudici
2147 5223 2302 5277 quam
2347 5206 2610 5275 apostoli,
2653 5221 2772 5260 cum
2801 5205 2969 5261 Judaei
3005 5205 3274 5270 dicerent,
3307 5223 3368 5261 se
3403 5207 3529 5262 ideo

1946 5300 2156 5354 Christo
2197 5298 2416 5354 credere
2455 5313 2559 5352 non
2588 5299 2852 5368 potuisse,
2885 5297 3007 5368 quia
3035 5298 3117 5352 lex
3156 5297 3402 5352 mandata
3440 5299 3525 5368 ip-

1942 5395 2055 5447 sius
2089 5392 2326 5461 recipere
2360 5389 2704 5460 prohibebat,
2743 5387 2825 5441 his
2853 5387 2905 5441 in
2937 5386 3169 5441 medium
3217 5386 3515 5456 productis,

1941 5485 2030 5555 qui
2058 5483 2299 5540 eamdem
2331 5483 2504 5553 legem
2533 5489 2852 5551 acceperant
2874 5489 2927 5533 et
2947 5478 3303 5543 crediderant,
3333 5496 3521 5537 omnes

1940 5581 2060 5634 illos
2081 5578 2404 5632 condemnat
2437 5595 2451 5631 :
2484 5575 2534 5630 id
2565 5573 2706 5644 quod
2731 5573 2894 5627 etiam
2920 5573 3029 5642 jam
3059 5571 3192 5626 dixit
3224 5588 3243 5626 :
3281 5571 3511 5643 Ideojn-

1938 5673 2073 5726 dices
2119 5672 2269 5725 vestri
2313 5679 2458 5724 erunt
2491 5666 2660 5738 (Ibid.
2693 5683 2740 5722 ιι.
2787 5666 2855 5720 27
2884 5667 2923 5737 ).
2974 5664 3040 5719 Et
3086 5663 3212 5734 quid
3267 5680 3517 5733 magnum

1940 5765 2066 5832 ipsis
2115 5763 2389 5833 promisit,
2428 5763 2668 5826 iv-rpxies,
2704 5759 2744 5812 si
2781 5759 2865 5824 id,
2914 5755 3052 5828 quod
3100 5756 3291 5810 habent
3339 5759 3516 5825 regina
