4074 6144
540 370 638 424 6H

540 480 721 536 Austri
753 488 806 537 et
842 481 1108 547 Ninivitae,
1150 480 1377 536 habituri
1413 492 1535 536 sunt
1561 482 1584 536 ?
1612 481 1770 538 Certe
1804 482 1969 536 multa
2006 481 2108 535 alia

538 573 645 628 illis
687 584 841 628 antea
870 574 1130 643 promisit,
1159 582 1212 627 et
1257 582 1441 644 postea
1480 574 1638 628 etiam
1679 573 1950 644 promittet
1982 591 1997 629 :
2028 588 2114 627 ne-

537 680 640 734 que
667 664 793 719 illud
836 665 1006 718 solum
1052 674 1133 720 est
1180 666 1479 734 prteniinm.
1532 666 1773 737 Alioquin
1807 677 1982 720 autent
2028 664 2114 720 hic

540 769 747 824 quoque
803 755 1000 825 aliquid
1063 756 1238 825 majus
1291 758 1659 812 subindicavit.
1711 757 1841 812 Nam
1890 757 1956 813 de
2009 758 2114 811 illis

534 847 846 916 simpliciter
896 849 1030 902 dixit
1078 865 1093 901 :
1143 847 1249 901 Viri
1301 847 1546 903 Ninivittc
1599 858 1836 918 surgent,
1885 856 1932 902 ct
1977 864 2115 901 con-

532 939 839 992 damnabunt
898 942 1264 1009 generationem
1325 940 1501 1005 hanc;
1563 950 1650 1007 et,
1696 939 1892 1011 Regina
1940 939 2112 993 Austri

533 1032 883 1085 condemnabit
913 1048 932 1086 :
955 1032 1024 1087 de
1054 1033 1135 1087 his
1161 1049 1288 1088 vero
1334 1048 1438 1088 non
1462 1035 1771 1103 simpliciter
1804 1050 1818 1086 :
1855 1031 1947 1086 sed
1974 1047 2108 1102 quo-

530 1121 693 1175 modo
722 1122 746 1173 τ
776 1121 902 1177 Cum
939 1125 1120 1177 sederit
1151 1123 1315 1178 Filius
1340 1125 1554 1179 hominis
1582 1125 1635 1178 in
1680 1125 1798 1178 sede
1834 1123 2109 1192 majestatis

528 1230 657 1275 sum,
688 1227 805 1268 tunc
831 1215 1061 1270 stdebitis
1089 1225 1135 1269 et
1161 1232 1244 1270 vos
1270 1233 1422 1286 super
1449 1217 1711 1270 duodecim
1738 1216 1986 1278 thronos;
2014 1230 2106 1269 os-

533 1306 761 1361 tendens
790 1305 935 1375 ipsos
979 1317 1033 1361 et
1073 1316 1486 1376 conregnaturos
1507 1348 1522 1370 ,
1550 1318 1600 1362 et
1627 1308 1810 1377 gloria:
1833 1318 2107 1362 consortes

527 1395 755 1449 futuros.
786 1395 916 1451 Nam
950 1395 1011 1450 Si
1045 1398 1369 1462 sustinemus,
1398 1399 1586 1469 inquit,
1616 1408 1662 1451 et
1692 1398 2105 1469 conregnabintus

531 1485 629 1556 (2.
653 1485 787 1540 Tim.
827 1486 881 1541 2.
913 1487 1037 1560 12).
1067 1489 1249 1558 Neque
1273 1490 1412 1543 enim
1455 1488 1630 1542 throni
1666 1488 1848 1543 sedem
1895 1486 2101 1557 signiﬁ-

528 1587 648 1633 cant
678 1596 692 1632 :
721 1580 869 1634 solus
915 1580 1111 1649 quippe
1140 1581 1252 1648 ipse
1275 1594 1519 1634 sessurus
1559 1589 1612 1633 et
1633 1578 1964 1649 judicaturus
1983 1587 2101 1644 est;

533 1671 630 1728 sed
664 1689 758 1743 per
785 1671 1005 1728 thronos
1034 1673 1152 1728 illos
1170 1672 1429 1728 honorem
1456 1684 1509 1727 et
1535 1671 1756 1743 gloriam
1785 1672 2103 1727 ineffabilem

524 1764 861 1835 signiﬁcavit.
893 1763 987 1819 His
1018 1764 1195 1835 itaque
1227 1765 1341 1818 lucc
1371 1764 1503 1818 dixit
1541 1782 1554 1817 :
1591 1764 1809 1832 reliquis
1836 1775 1962 1818 vero
1988 1778 2103 1818 om-

529 1856 684 1910 nibus
733 1856 894 1909 vitam
935 1864 1227 1921 a'ternam,
1272 1863 1326 1909 et
1374 1854 1461 1909 hic
1503 1857 1825 1924 centuplum.
1869 1852 1926 1909 Si
1976 1868 2104 1909 vero

525 1946 769 2011 reliquis,
800 1946 968 2000 multo
990 1947 1156 2015 magis
1184 1945 1460 2014 apostolis,
1491 1945 1650 2000 etiam
1683 1946 1733 1999 in
1761 1945 1861 2000 hoc
1883 1945 2100 1999 saeculo.

526 2037 583 2093 Id
609 2039 751 2109 quod
772 2039 932 2093 etiam
961 2040 1153 2094 evenit.
1198 2038 1416 2094 Calamo
1447 2039 1587 2093 enim
1616 2048 1669 2094 et
1692 2039 1894 2093 retibus
1914 2038 2098 2093 dimis-

527 2134 635 2200 sis,
663 2133 901 2187 omnium
935 2132 1072 2186 bona
1107 2131 1159 2186 in
1187 2147 1280 2186 sua
1315 2142 1573 2200 potestate
1600 2132 1883 2197 habebant,
1912 2131 2100 2185 domo-

528 2237 643 2276 rum
672 2222 843 2293 pretia
871 2231 926 2276 et
958 2237 1231 2292 agrorum,
1264 2223 1482 2292 ipsaque
1504 2236 1726 2290 corpora
1747 2221 2098 2276 credentium.

527 2310 659 2367 Nam
701 2311 862 2366 etiam
892 2313 1026 2366 mori
1060 2327 1156 2382 pro
1182 2313 1311 2381 ipsis
1340 2326 1484 2381 saepe
1506 2312 1816 2376 voluissent,
1859 2320 1913 2364 ut
1940 2312 2100 2365 etiam

527 2405 721 2460 Paulus
769 2405 948 2460 multis
1003 2403 1352 2472 testiﬁcatur,
1383 2419 1503 2459 cum
1537 2404 1672 2458 dixit
1702 2421 1714 2456 :
1749 2404 1811 2459 Si
1852 2403 2097 2471 possetis,

527 2499 677 2553 etiam
700 2498 873 2552 oculos
894 2510 1082 2552 vestros
1103 2498 1301 2551 avulsas
1328 2498 1448 2551 mihi
1470 2497 1730 2551 dedissetis
1752 2496 1892 2569 (Gal.
1912 2499 1963 2551 4.
1986 2498 2096 2567 15).

527 2589 659 2646 Cum
699 2599 876 2643 autem
899 2581 1072 2655 dicit,
1107 2588 1418 2659 Quicumque
1445 2590 1702 2659 reliquerit
1731 2604 1960 2655 uxorem,
1994 2603 2098 2642 non

527 2683 640 2738 vult
673 2680 966 2736 dirimenda
992 2696 1112 2737 esse
1134 2680 1466 2735 matrimonia
1493 2697 1507 2746 ;
1537 2680 1630 2735 sed
1660 2680 1795 2734 sicut
1819 2679 1887 2733 de
1924 2679 2101 2733 anima

527 2774 764 2843 dicebat,
809 2774 909 2840 Qui
934 2773 1205 2843 perdiderit
1230 2774 1450 2826 animum
1478 2772 1619 2825 suam
1645 2765 1851 2841 preptcr
1877 2786 1957 2823 me
1974 2812 1989 2836 ,
2018 2770 2100 2822 in-

527 2868 685 2921 veniet
712 2882 821 2919 eam
860 2864 879 2937 (
913 2865 1097 2919 Matth.
1143 2863 1232 2919 10.
1263 2864 1330 2919 59
1364 2865 1383 2934 )
1415 2880 1429 2919 :
1456 2877 1559 2917 non
1602 2862 1703 2918 hoc
1749 2863 1881 2916 dixit
1913 2870 1970 2916 ut
2005 2875 2102 2916 nos

527 2960 831 3015 occidamus
863 2974 876 3023 ;
910 2974 1085 3028 neque
1131 2967 1187 3012 ut
1221 2959 1341 3012 ideo
1387 2970 1697 3026 st-paretnus
1738 2956 1882 3010 illam
1923 2970 1953 3009 a
1978 2970 2101 3011 cor-

529 3069 679 3123 pore,
713 3053 804 3109 sed
836 3064 891 3106 ut
921 3052 1168 3107 omnibus
1197 3053 1446 3122 pietatem
1472 3065 1841 3120 pra'ponamus
1875 3067 1888 3103 :
1916 3048 2019 3104 hoc
2047 3058 2103 3104 et

528 3144 595 3199 tle
623 3129 790 3198 uxore
835 3153 889 3198 et
930 3142 996 3197 de
1027 3140 1277 3198 fratribus
1304 3141 1450 3196 dicit.
1490 3141 1709 3196 Videtur
1734 3148 1910 3195 autem
1940 3141 2099 3194 etiam

528 3233 969 3304 persequutiones
994 3232 1080 3288 hic
1121 3232 1482 3287 subindicare.
1524 3232 1654 3286 Nam
1683 3232 1804 3302 quia
1828 3230 1974 3285 multi
2011 3245 2104 3300 pa-

528 3333 638 3381 tres
661 3325 916 3396 erantqui
944 3325 1079 3380 ﬁlios
1099 3366 1115 3393 ,
1147 3332 1201 3381 et
1224 3339 1422 3379 uxores
1450 3339 1567 3394 qua:
1593 3323 1737 3377 viros
1761 3321 1825 3376 ad
1854 3319 2101 3391 impieta-

530 3427 638 3471 tem
667 3416 948 3471 trahebant
987 3434 1002 3470 :
1042 3414 1172 3470 Cum
1202 3415 1318 3471 ha-c
1352 3415 1734 3485 praeceperint,
1767 3413 1971 3484 inquit,
1999 3426 2099 3468 nec

529 3522 724 3562 uxores
770 3506 1098 3571 habeantur,
1144 3521 1314 3576 neque
1363 3513 1581 3574 patres,
1614 3502 1753 3574 quod
1806 3515 1861 3557 et
1909 3502 2102 3557 Paulus

528 3597 738 3653 dicebat
785 3614 801 3652 ε
851 3594 1084 3664 Inﬁdelis
1118 3611 1233 3651 vero
1263 3596 1306 3649 si
1332 3577 1560 3658 discedit,
1594 3593 1930 3662 discedat(1.
1977 3591 2098 3648 cor.

527 3689 583 3746 7.
616 3689 747 3761 15).
792 3689 995 3745 Eorum
1036 3688 1214 3759 itaque
1242 3687 1452 3742 autimas
1486 3687 1730 3757 erigens,
1776 3696 1831 3741 et
1872 3685 2104 3743 suadens

525 3782 633 3839 illis
655 3791 711 3836 ut
739 3792 791 3837 et
821 3782 890 3837 de
915 3797 973 3837 se
994 3790 1050 3837 et
1075 3781 1140 3836 de
1166 3789 1277 3836 toto
1302 3781 1432 3836 orbe
1461 3779 1826 3847 conﬁderent,
1855 3778 2100 3835 addidit:

523 3872 617 3930 30.
659 3873 811 3927 Multi
840 3882 1012 3927 autem
1036 3881 1182 3927 erunt
1226 3873 1377 3942 primi
1418 3873 1707 3938 novissimi,
1762 3883 1808 3925 ct
1848 3872 2103 3926 novissimi

526 3965 698 4035 primi.
734 3964 849 4039 lluc'
869 3974 1046 4020 autem
1078 3965 1351 4020 indelinite
1371 3974 1425 4020 et
1449 3963 1518 4019 de
1547 3964 1729 4019 multis
1751 3965 1869 4018 aliis
1898 3965 2100 4019 dictum

523 4063 641 4119 est;
687 4053 886 4110 dictum
920 4066 1093 4110 tamen
1136 4054 1234 4108 fuit
1272 4064 1325 4108 et
1358 4054 1424 4109 de
1457 4055 1570 4120 bis,
1600 4062 1654 4108 et
1679 4054 1746 4108 de
1780 4054 2099 4119 Pharismis,

498 4144 501 4149 ’
527 4150 617 4217 qui
646 4165 751 4203 non
777 4149 1115 4204 crediderunt
1143 4190 1158 4215 ,
1190 4149 1331 4218 quod
1359 4159 1413 4203 et
1454 4149 1504 4202 in
1546 4147 1910 4215 superioribus
1951 4147 2101 4203 dice-

527 4240 654 4315 bat:
688 4238 842 4292 Multi
870 4239 1063 4293 venient
1104 4241 1168 4293 ab
1197 4238 1398 4292 Oriente
1436 4247 1482 4291 et
1523 4235 1809 4301 Occidente,
1843 4247 1888 4292 et
1917 4253 2105 4291 recum-

527 4330 641 4382 bent
684 4345 796 4382 cum
831 4328 1125 4396 Abraham,
1157 4326 1305 4382 Isaac
1341 4337 1386 4382 et
1412 4326 1614 4382 Iacob:
1645 4327 1740 4396 ﬁlii
1768 4337 1933 4380 autem
1961 4327 2103 4399 regni

529 4419 797 4489 ejicientur
837 4422 975 4490 [oras
1011 4419 1246 4489 (Matth.
1279 4418 1333 4474 8.
1370 4419 1427 4472 11
1460 4416 1501 4487 ).
1547 4417 1747 4472 Deinde
1798 4419 2102 4487 parabolam

525 4509 731 4579 adjicit,
751 4526 852 4579 qua
876 4525 1059 4564 eorum
1086 4509 1172 4578 qui
1192 4507 1340 4563 tarde
1358 4516 1621 4562 venerunt
1638 4507 1810 4562 studia
1833 4507 2108 4563 ﬁduciam-

524 4618 629 4676 que
671 4601 924 4659 incendit.
968 4603 1055 4657 Ait
1108 4602 1289 4658 enim:
1320 4600 1485 4673 (Cap.
1538 4599 1678 4673 XX)
1707 4601 1760 4656 1.
1811 4601 1993 4656 Simile
2033 4610 2108 4658 est

524 4711 736 4768 regnum
776 4695 1011 4750 ca'lorttm
1050 4694 1241 4748 homini
1267 4692 1644 4764 patrifamilias,
1671 4692 1756 4762 qui
1794 4693 1911 4746 exiit
1942 4692 2105 4761 primo

524 4804 673 4842 mane
695 4787 974 4842 conducere
1000 4786 1257 4856 operarios
1284 4786 1336 4838 in
1364 4785 1557 4838 vineam
1594 4799 1757 4837 suam.
1788 4782 1847 4837 2.
1877 4781 2106 4837 Conuen-

523 4880 661 4935 tione
702 4889 868 4933 autem
895 4878 1033 4948 facta
1079 4892 1194 4930 cum
1237 4875 1483 4946 operariis
1534 4891 1597 4928 ea:
1634 4875 1841 4928 denario
1883 4873 2104 4942 diurno,

524 4971 660 5024 misit
695 4986 779 5024 eos
801 4972 852 5023 in
894 4971 1088 5023 vineam
1113 4985 1277 5022 suam.
1315 4968 1369 5023 5.
1412 4966 1481 5021 Ει
1511 4968 1657 5021 tertia
1682 4967 1808 5021 hora
1833 4968 1954 5021 vidit
1978 4967 2109 5024 alios

526 5073 711 5118 stantes
739 5062 956 5127 otiosos,
987 5063 1042 5118 4.
1070 5072 1117 5116 et
1154 5063 1283 5115 dixit
1324 5062 1426 5115 illis
1461 5077 1481 5115 :
1509 5059 1591 5115 Ite
1628 5069 1674 5115 et
1714 5076 1800 5114 vos
1828 5061 1879 5113 in
1912 5060 2107 5114 uincam

528 5171 723 5218 meum,
752 5164 798 5208 et
838 5155 971 5225 quod
990 5157 1186 5225 justum
1217 5155 1367 5225 fuerit
1410 5154 1539 5208 dabo
1581 5154 1738 5209 vobis.
1770 5154 1825 5211 5.
1871 5150 1940 5206 Et
1972 5154 2108 5207 circa

526 5259 721 5304 sextam
751 5257 797 5301 et
827 5263 1014 5299 nonam
1048 5245 1222 5299 horam
1258 5246 1372 5315 fecit
1411 5247 1657 5300 similiter.
1689 5246 1742 5300 6.
1777 5245 1921 5301 Circa
1944 5244 2105 5299 unde-

526 5343 708 5393 cimam
733 5347 899 5391 autent
927 5338 1123 5402 horam,
1164 5336 1282 5390 uidit
1305 5338 1434 5390 alios
1463 5347 1647 5390 stantes
1682 5338 1885 5401 otiosos,
1917 5346 1965 5389 et
1988 5334 2108 5391 dicit

528 5430 631 5483 illis
684 5444 703 5484 :
749 5428 885 5495 Quid
914 5429 995 5483 hic
1036 5429 1180 5485 statis
1218 5438 1322 5482 tota
1359 5428 1444 5482 die
1485 5428 1683 5483 otiosi?
1725 5430 1778 5483 7.
1812 5426 1901 5482 Illi
1941 5439 2108 5482 autem

531 5522 701 5575 dicunt
727 5522 771 5575 ei
797 5537 816 5576 .'
847 5519 1012 5576 Nemo
1050 5539 1140 5576 nos
1164 5521 1423 5576 conduxit.
1457 5518 1592 5574 Dicit
1622 5521 1692 5575 cit
1715 5537 1733 5575 :
1754 5518 1836 5575 Ite
1861 5531 1907 5574 et
1945 5537 2029 5575 vos
2054 5521 2108 5575 in

529 5614 725 5668 vineam
757 5630 941 5680 meant,
970 5627 1013 5667 et
1038 5613 1173 5683 quod
1188 5615 1388 5684 justum
1415 5614 1565 5684 fuerit
1591 5613 1867 5683 accipietis.
1907 5612 1961 5667 8.
2006 5611 2105 5667 Ve-

536 5724 610 5771 apt
624 5723 678 5760 re
700 5715 866 5759 autem
889 5706 1045 5775 facto,
1062 5706 1181 5758 dicit
1207 5707 1440 5758 dominus
1461 5706 1616 5759 vinea:
1642 5705 1956 5775 procuratori
1974 5720 2066 5757 suo
2087 5718 2107 5757 :

545 5795 961 5869 Vat-apparari”
1018 5807 1062 5855 et
1090 5797 1158 5854 da
1198 5799 1268 5855 eis
1293 5798 1566 5854 mercedem
1585 5838 1601 5864 ,
1628 5796 1873 5869 incipiens
1902 5797 1963 5852 ab
1991 5797 2108 5851 ulti-

1261 366 1319 423 S.
1357 366 1632 424 JOANNIS
1670 367 2135 424 CllliYSOSTOMl
2177 371 2493 432 ARCHIEP.
2532 380 3060 445 CONSTANTINOI’.

3696 398 3801 453 (iii

2223 487 2317 578 mis
2338 503 2493 557 usque
2517 491 2586 543 ad
2604 495 2812 562 primos.
2833 498 2884 553 9.
2916 500 3038 555 Cum
3059 504 3301 561 uenissent
3324 507 3359 562 ii
3384 510 3470 578 qui
3491 512 3622 567 circa
3638 512 3800 566 unde-

2222 574 2404 671 cimam
2442 577 2618 635 horam
2649 598 2913 656 venerant,
2951 606 3250 664 acceperunt
3277 596 3504 671 singulos
3529 603 3788 661 denarios.

2224 665 2310 720 10.
2355 665 2421 721 Et
2450 673 2694 728 venientes
2723 678 2874 744 primi
2908 682 3310 741 existimaverunt
3337 665 3472 760 quod
3496 695 3611 763 plus
3635 710 3798 755 essent

2220 761 2492 858 accepturi,
2532 773 2577 814 et
2603 779 2900 836 acceperunt
2927 771 3027 841 ipsi
3054 790 3248 846 quoque
3274 761 3504 850 singulos
3535 786 3793 858 denarios,

2226 848 2309 901 11.
2338 859 2387 903 et
2423 853 2721 918 accipientes
2763 863 3141 916 murmurabant
3167 848 3406 924 adversus
3451 848 3794 947 patremfami:

2220 938 2316 993 lius
2339 982 2353 1004 ,
2386 941 2473 996 12.
2521 944 2738 1003 dicentes
2769 964 2786 1002 :
2821 949 2889 1003 Ili
2934 954 3192 1009 novissimi
3221 974 3320 1011 una
3345 938 3471 1014 hora
3499 938 3725 1036 fecerunt
3753 970 3794 1035 ⁸,

2219 1040 2265 1084 et
2289 1050 2434 1102 pares
2462 1036 2578 1089 illos
2612 1042 2752 1094 nobis
2780 1041 2960 1111 fecisti,
2987 1048 3070 1113 qui
3110 1053 3418 1117 portavimus
3444 1057 3641 1124 pondus
3671 1062 3790 1127 diei,

2210 1130 2264 1177 et
2289 1136 2465 1179 aestum
2490 1129 2516 1181 ?
2548 1131 2631 1185 15.
2659 1129 2778 1201 Ipse
2797 1146 2959 1188 autem
2981 1141 3286 1208 respondens
3306 1146 3395 1197 uni
3422 1162 3592 1200 eorum
3618 1151 3746 1206 dixit
3774 1168 3796 1209 .'

2220 1215 2409 1281 Amice,
2445 1234 2544 1271 non
2573 1223 2707 1290 facio
2737 1224 2824 1277 tibi
2842 1226 3081 1294 injuriam
3116 1245 3135 1284 :
3155 1248 3320 1286 nonne
3346 1251 3409 1288 ea:
3435 1235 3641 1293 denario
3669 1257 3794 1295 con-

2216 1309 2391 1361 veniin
2412 1327 2601 1365 mecum
2633 1313 2658 1367 .9
2684 1315 2770 1370 11.
2810 1315 2951 1372 Tolle
2969 1322 3103 1388 quod
3123 1333 3260 1376 tuum
3281 1336 3375 1390 est,
3410 1338 3456 1380 et
3482 1331 3625 1384 uade.
3668 1332 3793 1389 Volo

2216 1407 2383 1451 autent
2414 1399 2537 1454 dare
2564 1412 2609 1455 et
2632 1405 2808 1459 ultimo
2828 1407 2946 1461 huic
2983 1411 3112 1464 sicut
3136 1422 3182 1466 ct
3210 1414 3317 1467 tibi.
3348 1417 3435 1472 15.
3468 1419 3650 1474 Annon
3678 1423 3794 1477 licet

2208 1490 2342 1544 mihi
2368 1494 2504 1562 quod
2527 1496 2638 1549 volo
2675 1500 2841 1569 facere
2869 1501 2921 1553 in
2951 1502 3013 1555 iis
3032 1520 3145 1569 qua:
3171 1521 3280 1558 mea
3306 1519 3429 1560 sunt
3457 1511 3483 1562 .9
3510 1511 3589 1564 An
3615 1514 3793 1568 oculus

2216 1591 2336 1636 tuus
2372 1600 2589 1669 nequam
2617 1598 2722 1653 est,
2762 1591 2881 1659 quia
2918 1607 3008 1661 ego
3043 1593 3200 1648 bonus
3223 1612 3334 1649 sum
3362 1597 3388 1650 .’
3414 1599 3499 1653 16.
3533 1597 3620 1653 Ita
3646 1613 3792 1658 erant

2213 1675 2472 1729 nouissimi
2515 1679 2695 1745 primi,
2729 1689 2774 1732 et
2815 1681 2965 1750 primi
2998 1684 3275 1741 novissimi.
3301 1685 3480 1741 ‘Multi
3508 1690 3641 1744 enim
3672 1702 3791 1746 sunt

2211 1770 2405 1832 t'octttt',
2436 1770 2584 1836 pauci
2611 1784 2725 1823 vero
2748 1772 2910 1826 electi.

2282 1857 2336 1911 5.
2378 1858 2513 1924 Quid
2532 1860 2643 1913 sibi
2676 1863 2785 1915 vult
2812 1864 2924 1917 tunc
2946 1864 3192 1931 parabola
3222 1865 3247 1919 ἲ
3273 1866 3456 1939 Neque
3471 1871 3612 1925 enim
3638 1871 3789 1943 prin-

2200 1948 2348 2017 cipio
2373 1951 2636 2005 consentit
2670 1951 2796 2005 illud
2827 1955 2967 2023 quod
2999 1956 3049 2008 in
3083 1958 3186 2010 ﬁne
3208 1957 3423 2027 dicitur,
3452 1961 3546 2016 sed
3572 1974 3787 2018 contra-

2206 2038 2348 2092 rium
2380 2042 2598 2094 omnino
2625 2044 2884 2097 enuntiat.
2926 2045 2982 2099 In
3029 2045 3127 2100 hac
3167 2049 3310 2101 enim
3358 2051 3573 2107 exhibet
3601 2069 3789 2109 omnes

2211 2127 2396 2182 eadem
2427 2131 2641 2198 prmmia
2667 2133 3005 2201 accipientes,
3045 2150 3217 2205 neque
3245 2138 3378 2193 alios
3403 2141 3624 2209 ejectos,
3655 2143 3790 2200 alios

2212 2233 2341 2273 vero
2369 2220 2630 2275 admissos
2657 2239 2672 2287 ;
2722 2224 2834 2292 ipse
2864 2238 3039 2279 autem
3075 2237 3128 2281 et
3156 2238 3282 2283 ante
3320 2240 3534 2301 etpost
3560 2235 3789 2303 parabo-

2213 2309 2316 2364 lam
2347 2314 2671 2367 contrarium
2702 2314 2835 2370 dixit
2867 2333 2879 2368 :
2914 2316 3077 2370 Erunt
3110 2321 3262 2378 primi
3285 2323 3541 2375 nouissimi
3559 2366 3574 2389 ,
3616 2334 3665 2378 et
3689 2342 3789 2380 no-

2208 2402 2400 2456 vissimi
2439 2404 2587 2473 primi
2614 2423 2634 2470 ;
2666 2406 2716 2459 id
2740 2417 2818 2460 est
2840 2448 2854 2470 ,
2889 2408 3012 2477 ipsis
3050 2410 3236 2477 primis
3268 2413 3504 2480 priores,
3533 2416 3640 2471 illis
3680 2434 3790 2474 non

2212 2495 2396 2563 primis
2426 2495 2779 2562 manentibus,
2805 2498 2898 2551 sed
2931 2507 3049 2567 post
3069 2499 3192 2553 illos
3221 2503 3428 2571 positis.
3458 2503 3612 2572 Quod
3642 2509 3787 2561 enim

2211 2585 2314 2642 hoc
2328 2587 2588 2657 signiﬁcet
2605 2586 2840 2643 declarat
2859 2589 3042 2645 dicens
3073 2610 3087 2646 :
3124 2592 3275 2646 Multi
3301 2594 3433 2647 enim
3455 2607 3573 2649 sunt
3601 2599 3789 2664 uocati,

2210 2678 2360 2748 pauci
2392 2695 2506 2732 vero
2548 2677 2689 2732 electi
2717 2695 2736 2732 :
2767 2680 2836 2733 ita
2880 2692 2936 2734 ut
2982 2681 3181 2750 duplici
3215 2685 3376 2740 modo
3404 2695 3461 2741 et
3492 2688 3610 2742 illos
3636 2704 3789 2743 mor-

2211 2769 2335 2825 deat
2359 2812 2374 2835 ,
2401 2780 2455 2826 et
2481 2772 2579 2826 hos
2607 2773 2912 2828 consoletur
2936 2783 2989 2828 et
3016 2774 3276 2832 hortetur.
3319 2779 3575 2834 Parabola
3603 2791 3787 2836 autem

2209 2875 2317 2914 non
2347 2860 2399 2915 id
2424 2859 2590 2926 dicit;
2622 2861 2714 2916 sed
2752 2862 2871 2916 illos
2899 2864 3134 2933 probatis
3170 2867 3317 2932 viris,
3341 2869 3430 2937 qui
3451 2871 3674 2923 multum
3708 2872 3790 2925 la-

2209 2950 2554 3021 boraverint,
2606 2968 2764 3022 pares
2807 2953 3010 3010 futuros
3047 2972 3061 3009 :
3094 2972 3214 3011 nam
3251 2959 3431 3026 aiunt,
3466 2958 3627 3014 Pares
3669 2962 3790 3015 illos

2210 3047 2357 3101 nobis
2378 3045 2567 3115 fecistis
2589 3088 2602 3109 ,
2644 3046 2727 3113 qui
2762 3049 3071 3115 portavimus
3112 3049 3312 3118 pondus
3354 3051 3472 3116 dici,
3511 3062 3557 3104 et
3585 3061 3787 3107 testam.

2209 3134 2341 3204 Quid
2386 3151 2516 3206 ergo
2568 3137 2669 3191 sibi
2724 3137 2834 3191 vult
2888 3138 3186 3206 parabola?
3229 3140 3597 3197 Necessarium
3641 3145 3788 3198 enim

2208 3238 2292 3284 est
2317 3228 2419 3283 hoc
2445 3229 2617 3299 primo
2640 3229 2916 3285 declarare
2935 3270 2951 3296 ,
2979 3239 3034 3285 et
3056 3243 3179 3287 tunc
3214 3234 3339 3288 illud
3369 3235 3663 3290 solvemus.
3690 3236 3789 3292 Vi-

2209 3335 2363 3376 neam
2384 3321 2541 3392 igitur
2567 3322 2812 3376 mandata
2837 3324 2946 3387 Dei,
2969 3325 3223 3393 operandi
3244 3335 3450 3395 tempus
3470 3337 3790 3396 praesentem

2208 3413 2371 3468 vitam
2397 3413 2630 3483 appellat
2660 3432 2674 3467 :
2716 3416 2991 3485 Operarios
3010 3458 3025 3479 ,
3054 3431 3148 3470 eos
3177 3418 3263 3487 qui
3292 3418 3508 3474 diverso
3537 3420 3699 3474 modo
3715 3419 3790 3475 ad

2210 3502 2302 3560 Dei
2331 3512 2590 3574 praecepta
2613 3506 2783 3560 vocati
2804 3516 2969 3573 sunt;
3004 3522 3175 3571 mane,
3208 3508 3383 3574 tertia,
3416 3518 3583 3574 sexta,
3617 3526 3787 3578 notia,

2208 3593 2487 3650 undecima
2532 3594 2660 3649 hora
2685 3637 2698 3659 ,
2731 3597 2819 3665 qui
2850 3595 3091 3653 diversis
3127 3598 3371 3654 :etatibus
3407 3603 3790 3671 accesserunt,

2207 3695 2263 3742 et
2315 3701 2429 3741 rem
2474 3686 2610 3741 bene
2651 3696 2951 3756 gesserunt.
2982 3688 3086 3743 Sed
3131 3689 3420 3759 quaeritur,
3466 3706 3595 3745 num
3625 3692 3790 3762 primi

2184 3780 2298 3851 ’qui
2320 3780 2524 3851 probati
2555 3780 2718 3846 fuere,
2747 3790 2801 3835 et
2829 3781 2937 3836 Deo
2969 3781 3232 3850 placuere,
3260 3783 3457 3854 quique
3483 3799 3577 3852 per
3612 3794 3788 3841 totum

2206 3869 2457 3924 diurnum
2495 3869 2729 3923 laborem
2755 3869 3014 3939 splendidi
3045 3871 3224 3937 fuere,
3254 3882 3496 3926 extremo
3533 3874 3791 3943 nequitia:

2205 3960 2394 4041 morbo
2433 3959 2806 4024 laboraverint,
2839 3961 3031 4015 invidia
3064 3976 3253 4030 nempe
3278 3972 3331 4016 et
3363 3962 3555 4017 livore.
3586 3963 3791 4019 Viden-

2209 4061 2289 4107 tes
2332 4051 2473 4106 enim
2512 4051 2632 4104 illos
2655 4049 2839 4104 eadem
2870 4050 3377 4107 mercede‘donatos
3399 4091 3414 4115 ,
3456 4052 3641 4106 dicunt
3669 4071 3681 4105 :
3716 4053 3794 4108 Ili

2207 4142 2461 4196 novissimi
2484 4156 2586 4193 una
2610 4139 2736 4193 hora
2762 4144 3021 4210 fecerunt,
3046 4150 3092 4193 et
3117 4157 3265 4211 pares
3288 4141 3404 4195 illos
3434 4141 3576 4194 nobis
3600 4144 3789 4213 fecisti,

2207 4237 2294 4305 qui
2311 4238 2619 4306 portavimus
2657 4237 2855 4305 pondus
2880 4236 2978 4290 diei
3005 4278 3019 4301 ,
3053 4246 3098 4291 et
3132 4248 3308 4291 testam
3331 4239 3357 4292 .9
3386 4238 3456 4293 Et
3493 4256 3613 4292 cum
3645 4239 3788 4293 nihil

2208 4324 2386 4380 damni
2426 4326 2764 4394 acciperent,
2801 4342 2896 4379 nec
2927 4327 3161 4396 ipsorum
3201 4343 3406 4382 merces
3428 4330 3788 4392 minueretur.

2209 4416 2379 4470 aliena
2409 4416 2542 4472 bona
2566 4432 2706 4486 {egre
2732 4427 2784 4471 et
2820 4417 3033 4486 indigne
3074 4418 3312 4472 ferebant
3339 4437 3353 4483 ;
3383 4419 3523 4488 quod
3553 4436 3618 4475 ex
3653 4420 3795 4474 invi-

2209 4506 2294 4561 dia
2333 4516 2388 4561 et
2418 4507 2580 4562 livore
2611 4506 2786 4561 ﬁebat.
2829 4508 2907 4561 Ad
2951 4508 3064 4562 haec
3103 4524 3229 4563 vero
3258 4509 3369 4578 ipse
3404 4510 3795 4579 paterfamilias

2190 4611 2308 4666 apro
2333 4597 2462 4666 ipsis
2490 4597 2838 4665 respondens,
2864 4607 2917 4651 et
2947 4599 3200 4652 adversus
3221 4614 3342 4653 eum
3370 4600 3460 4668 qui
3492 4598 3604 4653 haec
3634 4599 3800 4654 dixe-

2210 4699 2290 4745 rat
2310 4704 2428 4745 sese
2451 4689 2764 4752 defendens,
2796 4690 3042 4759 nequitiae
3069 4705 3188 4744 eum
3214 4706 3545 4761 suniquue
3574 4692 3795 4745 invidia:

2208 4781 2444 4847 damnat,
2477 4781 2556 4833 bis
2585 4780 2761 4834 verbis
2790 4798 2802 4833 :
2841 4779 3028 4835 Nonne
3051 4798 3113 4835 ea:
3152 4781 3358 4836 denario
3397 4783 3667 4836 convenisti
3693 4799 3797 4836 mc-

2210 4874 2369 4926 cum?
2407 4870 2552 4926 Tolle
2590 4872 2724 4940 quod
2748 4880 2889 4924 tuum
2918 4881 3011 4938 est,
3052 4881 3099 4925 et
3139 4876 3282 4926 vade.
3324 4871 3447 4926 Volo
3478 4883 3644 4925 autem
3669 4873 3797 4925 huic

2209 4963 2390 5017 ultimo
2418 4962 2541 5014 dare
2585 4962 2713 5015 sicut
2761 4973 2806 5014 et
2834 4961 2941 5015 tibi.
2982 4964 3060 5016 An
3085 4963 3263 5016 oculus
3290 4973 3403 5015 tuus
3442 4979 3657 5031 nequam
3690 4973 3795 5030 est,

2208 5055 2328 5126 quia
2355 5069 2445 5125 ego
2471 5053 2628 5107 bonus
2664 5054 2828 5107 sum?
2868 5053 3003 5120 Quid
3048 5054 3205 5122 igitur
3230 5069 3294 5107 ex
3350 5052 3434 5107 his
3484 5055 3656 5107 verbis
3686 5054 3799 5106 ad-

2211 5145 2477 5208 struitur?
2504 5144 2631 5198 Nam
2662 5153 2716 5199 et
2756 5146 2806 5198 in
2828 5145 2947 5198 aliis
2975 5145 3238 5213 parabolis
3264 5143 3366 5199 hoc
3404 5145 3576 5214 ipsum
3607 5145 3799 5199 videre

2209 5244 2311 5290 est.
2362 5236 2529 5290 Filius
2557 5237 2697 5291 enim
2739 5235 2827 5290 ille
2872 5234 3069 5304 probus
3110 5235 3162 5288 in
3194 5234 3337 5288 hunc
3382 5249 3595 5304 quoque
3622 5234 3801 5290 animi

2212 5328 2457 5383 morbum
2515 5327 2763 5382 incidisse
2802 5325 3155 5395 perhibetur,
3202 5324 3414 5395 quando
3458 5325 3592 5378 vidit
3638 5325 3797 5378 illum

2211 5420 2488 5489 prodigum
2539 5418 2787 5481 fratrem,
2841 5417 2928 5484 qui
2960 5415 3130 5469 multo
3162 5413 3437 5469 fruebatur
3466 5417 3668 5469 honore
3689 5454 3703 5477 .
3740 5425 3799 5470 et

2210 5509 2412 5578 majore
2457 5523 2616 5577 quam
2649 5508 2761 5575 ipse
2789 5505 3059 5559 habuisset
3085 5507 3102 5575 (
3131 5503 3258 5559 Luc.
3293 5505 3378 5559 15.
3418 5502 3509 5558 28.
3539 5502 3689 5573 sqq.).
3728 5502 3805 5559 Ut

2216 5604 2352 5655 enim
2384 5601 2433 5654 bi
2463 5598 2720 5672 majorem
2754 5599 2877 5652 inde
2906 5595 3210 5652 mercedem
3240 5595 3573 5665 accipiebant
3597 5635 3613 5660 ,
3642 5592 3799 5662 quod

2240 5784 2241 5787 η
2254 5735 2490 5850 “Literni.
2512 5745 2565 5787 et
2591 5733 2782 5799 quidam
2814 5732 2894 5783 alii
2930 5732 3130 5795 habent,
3166 5728 3352 5796 operati
3373 5735 3499 5792 sunt,
3537 5742 3643 5792 pro,
3665 5728 3807 5791 {cce-

2240 5816 2250 5848 Γ
2320 5832 2338 5850 ο

2211 5816 2250 5848 1⁸1
2254 5816 2338 5851 Wo
