4074 6144
379 247 475 301 διδ

377 357 526 431 primi
569 357 896 426 acciperent,
930 352 1007 406 sic
1047 350 1136 405 illc
1161 347 1314 418 Copia
1342 346 1607 400 donorum
1647 337 1817 408 magis
1853 337 1950 388 bo-

378 429 659 506 norabatur
689 457 780 503 :ct
803 447 916 501 luce
951 446 1038 499 ille
1064 441 1260 514 prolms
1291 438 1430 493 filius
1457 435 1790 492 testificatur.
1817 429 1952 496 Quid

381 542 532 612 igitur
559 541 740 596 dicere
790 553 1070 609 possumus
1099 537 1121 589 ἲ
1149 534 1314 589 Nemo
1343 531 1413 587 de
1456 530 1542 583 tali
1571 528 1690 595 jure
1722 524 1958 594 disputat

377 637 425 692 in
479 651 644 705 regno
689 633 940 688 czrlorum
979 628 1196 691 :absit;
1251 627 1399 681 locus
1427 623 1569 679 enim
1603 621 1691 675 ille
1719 635 1748 673 a
1788 619 1957 672 livore

376 737 426 784 et
455 727 647 782 invidia
677 740 843 793 purus
868 731 970 778 est.
995 720 1127 776 Nam
1155 720 1198 774 si
1226 717 1394 772 sancti
1426 717 1476 770 in
1501 715 1602 768 bac
1623 713 1727 766 vita
1754 710 1959 765 animas

377 834 496 875 suas
538 835 633 887 pro
674 814 1045 886 peccatoribus
1086 811 1382 874 dederunt,
1415 806 1584 862 nmlto
1624 805 1792 875 magis
1829 817 1960 872 gau-

375 917 520 981 dent,
546 928 668 967 cum
694 912 810 965 illos
835 909 906 964 ibi
942 908 1126 962 vident
1155 905 1310 960 bonis
1349 891 1448 957 frui
1477 899 1805 960 cmlestibus,
1839 909 1960 966 qua:

379 1010 511 1060 bona
539 1005 640 1058 sibi
681 1000 984 1057 communia
1021 1005 1226 1069 putant.
1259 995 1372 1064 Qua
1413 1007 1543 1063 ergo
1567 989 1636 1046 dc
1665 1002 1823 1042 causa
1861 987 1962 1040 bac

382 1096 545 1168 figura
592 1093 858 1149 sermonis
888 1106 1014 1144 usus
1054 1089 1185 1142 est?
1225 1085 1480 1141 Parabola
1535 1091 1817 1145 narratur,
1863 1091 1961 1131 nec

379 1167 590 1256 oportet
617 1185 668 1238 in
699 1181 969 1253 parabolis
998 1180 1173 1234 omnia
1201 1177 1266 1230 ad
1297 1177 1504 1230 literam
1528 1171 1836 1240 explorare.
1867 1167 1962 1221 sed

383 1293 502 1330 cum
541 1290 761 1346 scopum
807 1272 1074 1343 parabola:
1110 1268 1396 1324 didicimus
1419 1307 1434 1322 .
1464 1264 1606 1318 hunc
1633 1261 1922 1328 decerpere
1945 1298 1960 1321 .

383 1385 480 1422 nec
508 1377 700 1421 czetcra
737 1365 1003 1419 curiosius
1034 1360 1362 1416 examinare.
1398 1357 1505 1410 Cur
1549 1368 1679 1424 ergo
1719 1351 1834 1404 lucc
1868 1363 1962 1420 pa-

383 1460 562 1512 rabola
590 1459 668 1512 sic
707 1454 1027 1509 concinnata
1075 1453 1208 1517 fuit,
1254 1459 1309 1503 et
1349 1447 1474 1519 quid
1515 1446 1626 1498 vult
1679 1440 1965 1498 statuere?

385 1550 509 1604 Vult
533 1566 625 1604 eos
650 1591 666 1612 .
702 1551 790 1619 qui
833 1548 884 1601 iu
928 1558 1173 1601 extrema
1216 1549 1492 1597 Senectute
1521 1534 1767 1593 conversi
1799 1541 1925 1588 sunt
1947 1571 1963 1595 ,

383 1643 733 1696 studiosiores
756 1639 1000 1702 reddere,
1034 1651 1207 1706 neque
1229 1644 1416 1704 putare
1434 1633 1558 1687 sinit
1581 1644 1701 1685 esse
1725 1628 1843 1682 illos
1865 1641 1969 1680 cte-

385 1734 517 1787 teris
545 1732 843 1786 inferiores.
890 1729 1017 1786 Ideo
1045 1727 1244 1782 inducit
1263 1726 1399 1778 alios
1421 1737 1561 1794 a‘gre
1588 1721 1821 1775 ferentes
1847 1716 1968 1770 illo-

385 1840 505 1878 rum
534 1823 702 1885 bona,
736 1837 844 1876 non
875 1830 928 1874 ut
958 1819 1168 1874 invidia:
1192 1817 1313 1870 tabe
1343 1815 1649 1868 laborantes
1673 1808 1926 1865 ostendat
1951 1823 1965 1860 :

384 1918 526 1971 absit
553 1932 570 1981 ;
597 1913 691 1970 sed
723 1922 780 1967 ut
804 1914 997 1968 doceat
1028 1912 1146 1966 illos
1181 1918 1330 1964 tanto
1362 1907 1463 1962 frui
1491 1907 1727 1968 honore,
1755 1913 1811 1956 ut
1841 1916 1968 1971 pos.

351 2069 353 2071 .
385 2009 495 2062 sint
527 2008 687 2078 etiam
723 2005 857 2060 alios
900 2004 966 2058 ad
998 2002 1253 2057 invidiam
1286 2013 1505 2055 movere
1539 2013 1554 2060 ;
1601 2004 1660 2049 ut
1684 1994 1845 2049 etiam
1873 2006 1972 2046 nos

385 2101 704 2170 plerumque
727 2099 955 2154 dicimus
985 2115 998 2150 :
1028 2097 1122 2153 llfe
1148 2110 1236 2150 me
1264 2093 1567 2157 accusavit,
1598 2089 1741 2161 quod
1767 2096 1970 2142 tantum

385 2192 478 2245 tibi
521 2190 777 2246 honorem
825 2189 1132 2252 tribuerim;
1178 2202 1282 2240 non
1312 2183 1452 2254 quod
1501 2196 1852 2246 accusemur,
1890 2178 1973 2234 vel

389 2281 535 2351 quod
581 2281 657 2334 illi
685 2281 888 2335 crimen
921 2279 1186 2332 intentare
1215 2275 1439 2330 velimus
1459 2314 1474 2334 .
1499 2271 1594 2327 sed
1633 2282 1688 2326 ut
1710 2270 1834 2325 duni
1863 2284 1975 2322 ma-

385 2372 718 2442 gnitudinem
768 2369 1103 2426 declaremus
1132 2368 1169 2418 ί.
1222 2366 1330 2423 Sed
1379 2381 1475 2421 cur
1504 2381 1610 2420 non
1641 2378 1832 2417 omnes
1868 2373 1976 2415 sta-

390 2467 482 2518 tim
530 2462 779 2519 merrede
814 2462 1068 2516 conduxit
1098 2461 1121 2514 ?
1147 2460 1413 2528 Quantum
1447 2459 1497 2511 in
1533 2471 1593 2512 se
1619 2464 1752 2518 erat.
1788 2468 1975 2508 omnes

387 2557 648 2611 conduxit
681 2576 693 2610 :
728 2555 868 2625 quod
897 2556 942 2610 si
970 2571 1075 2608 non
1105 2552 1263 2608 simul
1305 2566 1493 2606 omnes
1521 2548 1802 2619 obscquuti
1825 2556 1971 2612 sunt,

389 2649 747 2702 differentiam
771 2646 1006 2701 exhibuit
1030 2660 1215 2700 eorum
1237 2646 1325 2714 qui
1355 2645 1523 2697 vocati
1550 2639 1696 2696 fuere
1711 2640 1976 2693 voluntas.

395 2738 521 2790 ldco
550 2737 640 2790 alii
687 2751 876 2801 nume,
901 2736 994 2791 alii
1039 2736 1216 2800 tertia,
1248 2733 1335 2786 alii
1365 2741 1513 2788 sexta
1547 2731 1633 2786 vel
1678 2744 1816 2783 noua
1848 2729 1976 2784 liora

392 2837 690 2884 vocantur.
731 2826 819 2879 alii
865 2824 1182 2887 undecima.
1229 2824 1352 2894 quia
1396 2832 1519 2877 tunc
1561 2821 1978 2889 obtemperaturl

391 2929 566 2973 erant.
615 2917 726 2972 lloc
774 2918 896 2973 item
944 2917 1140 2973 Paulus
1182 2916 1472 2972 declaravit
1517 2915 1782 2980 :Quando
1812 2903 1982 2968 autem

393 3013 557 3064 risum
583 3022 654 3064 est
684 3009 811 3075 Deo,
854 3012 937 3081 qui
961 3027 1037 3064 me
1064 3011 1345 3082 segregavit
1368 3025 1430 3062 ea:
1463 3017 1604 3062 utero
1643 3009 1820 3061 matris
1859 3023 1982 3062 mete

397 3103 562 3170 (Gal.
599 3104 648 3156 1.
687 3101 802 3172 15).
833 3102 1181 3170 Qttandouam
1215 3101 1265 3155 id
1305 3103 1356 3156 ei
1403 3101 1573 3156 visum
1599 3109 1681 3156 est
1705 3099 1727 3152 ?
1754 3100 1980 3168 Quando

396 3195 484 3249 iile
527 3195 985 3261 obtemperaturus
1011 3202 1145 3248 erat.
1177 3192 1311 3247 Nam
1346 3192 1461 3261 ipse
1491 3207 1520 3245 a
1550 3192 1810 3261 principio
1838 3192 1983 3244 vole-

396 3285 488 3339 bat
523 3283 685 3353 :quia
727 3291 904 3337 autem
938 3284 1028 3337 ille
1071 3293 1195 3337 tunc
1247 3299 1351 3336 non
1395 3297 1646 3336 cessurus
1675 3290 1826 3344 erat.
1861 3290 1985 3336 tunc

395 3374 497 3443 ipsi
531 3374 700 3428 visum
732 3373 846 3440 fuit,
878 3387 996 3427 cum
1017 3372 1102 3426 ille
1121 3372 1514 3442 obsequuturus
1542 3380 1675 3425 erat.
1707 3371 1796 3425 Sic
1825 3373 1983 3425 etiam

398 3466 663 3519 latronem
712 3464 943 3525 vocavit.
990 3463 1089 3518 etsi
1136 3464 1396 3532 puluis-et
1436 3472 1592 3517 antea
1625 3477 1852 3526 vocare;
1893 3461 1986 3516 sed

397 3557 487 3611 ille
522 3567 645 3610 tunc
672 3572 777 3610 non
807 3555 1244 3624 obtemperasset.
1270 3553 1400 3608 Nam
1433 3555 1476 3608 si
1527 3553 1720 3607 Paulus
1742 3553 1810 3606 ab
1839 3552 1989 3606 initio

398 3664 508 3702 non
535 3649 796 3716 paruisset
818 3689 832 3710 .
865 3647 1032 3702 multo
1062 3647 1239 3701 minus
1271 3646 1426 3700 latro.
1449 3645 1600 3711 Quod
1630 3646 1673 3698 si
1707 3645 1756 3698 bi
1789 3643 1988 3710 dicant,

401 3739 574 3794 Nemo
605 3757 694 3793 nos
724 3740 966 3793 conduxit
997 3755 1015 3793 :
1043 3738 1128 3793 hic
1157 3754 1261 3791 non
1291 3745 1499 3808 opertet
1520 3778 1536 3802 ,
1574 3744 1632 3790 ut
1656 3735 1786 3802 dixi,
1813 3734 1989 3788 omnia

398 3835 454 3889 in
487 3832 752 3904 parabolis
784 3833 948 3902 posita
977 3831 1240 3885 curiosius
1279 3829 1583 3896 exitlorarc.
1612 3827 1710 3881 llic
1731 3841 1858 3880 vero
1885 3841 1990 3879 non

401 3922 790 3996 paterfamilias
835 3925 933 3975 hoc
967 3922 1130 3986 dicit,
1169 3920 1262 3975 scd
1295 3920 1369 3973 illi
1413 3918 1618 3974 dicunt.
1665 3917 1780 3987 Ipse
1815 3927 1990 3970 autem

404 4033 515 4071 non
544 4013 743 4071 refutat
781 4015 922 4079 illos,
957 4022 1012 4067 ut
1048 4028 1152 4067 non
1187 4011 1467 4082 perplems
1499 4008 1748 4064 redderet
1769 4050 1784 4071 .
1813 4007 1906 4062 sed
1938 4017 1994 4061 ut

406 4107 730 4164 attraheret.
774 4106 906 4160 Nam
937 4104 1076 4175 quod
1104 4117 1316 4164 omnes.
1346 4109 1601 4172 quantum
1630 4098 1695 4153 ad
1740 4114 1798 4154 se
1830 4099 1995 4168 perti-

407 4201 574 4256 nebat
601 4240 616 4264 ,
649 4199 819 4269 prima
850 4198 1026 4251 statim
1052 4196 1184 4250 bora
1227 4194 1514 4256 vocaverit.
1539 4191 1858 4264 significavit
1884 4191 1995 4263 ipsa

408 4293 666 4364 parabola
687 4333 704 4358 ,
747 4306 866 4362 qua:
910 4290 1072 4355 dicit,
1104 4303 1260 4343 mane
1285 4289 1458 4359 ipsum
1486 4285 1553 4340 ad
1592 4283 1996 4341 conducendum

409 4387 664 4442 exivisse.

482 4477 544 4531 4.
585 4474 834 4544 Undique
865 4488 992 4544 ergo
1034 4470 1373 4526 manifestum
1420 4477 1501 4523 est
1548 4467 1724 4534 nobis,
1766 4467 1830 4520 ad
1854 4466 1996 4528 illos.

411 4566 502 4634 qui
535 4581 600 4619 ex
623 4565 794 4635 prima
820 4572 997 4629 astate,
1022 4571 1076 4616 et
1098 4561 1164 4616 ad
1193 4561 1336 4625 illos,
1382 4560 1470 4630 qui
1501 4559 1703 4614 tardius
1742 4567 1901 4628 atque
1946 4559 1998 4611 in

410 4665 691 4712 senectute
721 4656 966 4708 virtutem
995 4653 1409 4723 amplectuntur.
1433 4650 1627 4706 dictam
1657 4649 1822 4706 fuisse
1854 4664 2002 4720 para-

413 4749 596 4802 bolam
632 4764 645 4797 :
676 4747 742 4799 ad
768 4745 909 4808 illos.
955 4760 1022 4800 ne
1051 4744 1409 4814 superbireut,
1459 4756 1591 4796 neve
1617 4740 2005 4811 exprobrarent

414 4840 504 4905 iis,
552 4837 644 4908 qui
669 4837 812 4892 circa
843 4837 1175 4889 undecimam
1227 4833 1409 4887 horam
1453 4839 1745 4894 vent-runt;
1797 4829 1860 4882 ad
1909 4831 2005 4884 bos

415 4939 627 4993 autem,
679 4935 737 4980 ut
782 4925 1074 4989 discerent,
1119 4923 1266 4977 brevi
1311 4931 1549 4990 tempore
1595 4929 1762 4974 totum
1803 4917 2009 4989 acquiri

415 5033 604 5089 posse.
656 5018 788 5072 Nam
838 5017 960 5086 quia
1005 5015 1072 5070 de
1114 5013 1416 5069 vehementi
1461 5010 1637 5066 studio
1666 5010 2004 5078 loquebatur,

413 5115 486 5170 de
518 5108 829 5177 abjicieudis
849 5107 1108 5177 pecuniis,
1135 5105 1198 5160 de
1220 5113 1526 5172 contemptu
1549 5118 1724 5156 rerum
1744 5102 2002 5166 omnium,

417 5215 727 5271 magnoque
770 5199 834 5252 ad
882 5215 999 5252 eam
1043 5213 1156 5251 rem
1204 5197 1383 5248 animo
1428 5193 1756 5263 juvenilique
1798 5192 2008 5247 fervore

418 5311 562 5363 Opus
606 5303 755 5360 erat,
802 5292 1098 5347 accendens
1147 5290 1199 5344 in
1251 5289 1357 5343 illis
1413 5286 1681 5340 ﬂammam
1735 5286 2009 5350 caritatis,

423 5398 870 5456 constantiamque
921 5385 973 5437 iu
1021 5384 1151 5453 ipsis
1199 5396 1393 5450 parans
1449 5379 1727 5443 animum,
1780 5377 2015 5431 ostendit

423 5494 593 5554 posse
619 5493 713 5534 eos
741 5478 827 5548 qui
863 5475 1114 5546 postremi
1147 5479 1432 5537 venerunt,
1487 5471 1646 5524 totius
1674 5468 1779 5523 diei
1811 5483 2015 5521 merce-

495 5635 518 5666 ι
545 5630 728 5686 novel,
744 5627 832 5678 sed
856 5638 906 5681 ut
924 5626 1036 5678 doni
1062 5628 1187 5691 quod
1211 5619 1438 5688 accepisti
1461 5619 1837 5691 magnitudinem
1862 5617 2020 5670 decla-

429 5706 614 5746 renuis.

760 5787 1030 5847 PA'I‘ltOL.
1086 5790 1204 5846 Gtt.
1257 5786 1469 5847 LVIII.

1325 222 1835 288 ιΝδιΑΠιιρι-λςδι
1877 217 2112 276 1103111...
2151 220 2337 278 LXIV.
2376 223 2446 276 al.
2490 220 2650 280 LXV.

3540 225 3644 281 0H

2062 332 2185 388 dem
2227 335 2490 404 accipere.
2533 335 2640 392 Sed
2671 336 2770 391 lioc
2802 352 2907 392 non
2937 336 3086 399 dicit,
3114 353 3181 390 uc
3213 337 3332 392 illos
3364 337 3415 392 in
3454 354 3646 411 super-

2062 425 2197 482 biam
2226 426 2515 494 conjiceret
2544 445 2556 480 :
2585 428 2816 481 ostendit
2846 439 3024 481 autem
3057 436 3225 481 totum
3265 445 3331 484 ex
3357 429 3475 497 ejus
3500 429 3649 484 beni-

2059 517 2264 588 gnitate
2293 534 2433 578 esse.
2475 518 2698 588 ejusque
2727 535 2828 589 ope
2867 521 3012 589 ipsos
3062 536 3166 573 nou
3212 520 3458 590 lapsuros
3504 536 3644 586 esse,

2062 608 2154 663 scd
2187 607 2468 663 ineffabilia
2503 611 2636 664 bona
2665 621 3108 678 consequuturos.
3170 610 3380 667 Et.lmc
3417 613 3649 668 maxime

2063 712 2145 755 est
2171 700 2314 770 quod
2343 717 2438 771 per
2467 700 2602 756 hanc
2651 703 2954 772 paraludam
2987 703 3096 756 vult
3122 705 3356 759 efficere.
3403 703 3557 773 Quod
3602 704 3648 759 si

2065 794 2372 866 Subjungat,
2423 794 2491 849 Et
2539 808 2686 849 erunt
2730 797 2988 851 novissimi
3016 797 3188 866 primi,
3238 808 3283 851 et
3309 797 3457 864 primi
3485 797 3652 850 novis-

2064 887 2200 951 simi,
2240 897 2328 951 et,
2375 887 2526 941 Multi
2557 888 2689 940 enim
2728 899 2844 941 sunt
2897 889 3092 955 vocati,
3137 889 3285 959 pauci
3324 905 3440 941 vero
3485 889 3648 946 electi.

2067 995 2133 1033 ne
2163 979 2395 1034 mireris.
2419 979 2531 1032 Non
2553 980 2694 1033 enim
2726 979 2824 1034 hoc
2849 981 2998 1049 quasi
3024 996 3088 1034 cx
3119 981 3366 1049 parabola
3393 980 3654 1050 colligens

2066 1071 2215 1135 dicit,
2250 1072 2342 1125 sed
2379 1073 2481 1126 hoc
2524 1072 2786 1141 significat
2835 1088 2849 1124 :
2893 1070 3041 1126 Sicut
3078 1073 3178 1126 ltoc
3217 1073 3460 1142 contigit.
3491 1073 3567 1126 sic
3599 1081 3654 1126 et

2069 1162 2197 1216 illud
2229 1164 2520 1232 (Outingct.
2552 1163 2645 1216 llic
2672 1164 2813 1216 enim
2849 1178 2953 1216 nou
2987 1162 3105 1216 facti
3137 1171 3260 1215 sunt
3290 1163 3446 1232 primi
3477 1163 3658 1218 novis-

2068 1255 2210 1315 simi.
2243 1254 2335 1309 sed
2365 1255 2550 1308 eadem
2578 1254 2847 1321 asscquuti
2877 1265 3000 1307 stmt
3041 1271 3229 1309 omnes
3271 1265 3465 1324 przeter
3505 1268 3655 1326 spem

2068 1356 2121 1400 et
2147 1349 2629 1416 υχδιιρςιειιίιηιυιυ.
2675 1348 2824 1401 Sicut
2851 1358 3028 1402 autent
3053 1349 3181 1403 illud
3208 1360 3400 1419 pra-ter
3425 1364 3574 1420 spem
3603 1359 3662 1406 et

2070 1441 2524 1508 exspectationem
2558 1442 2756 1506 evenit,
2785 1450 2839 1494 et
2868 1439 2956 1509 qui
2989 1451 3170 1510 postea
3202 1453 3480 1508 teucrum,
3513 1443 3658 1509 prio-

2073 1531 2219 1585 ribus
2247 1548 2402 1600 pares
2431 1532 2644 1587 fuerunt
2678 1553 2690 1588 :
2723 1533 2790 1587 ita
2815 1542 2868 1587 et
2895 1532 2994 1586 ltoc
3022 1532 3162 1603 quod
3195 1533 3364 1602 majus
3393 1543 3476 1588 est
3503 1535 3663 1588 mira-

2074 1621 2229 1676 bilius
2255 1623 2549 1694 Continget,
2583 1624 2719 1695 quod
2762 1624 2968 1678 scilicet
2998 1625 3274 1679 notissimi
3303 1635 3428 1680 ante
3458 1626 3664 1696 priores

2073 1713 2178 1766 sint
2201 1754 2216 1778 ,
2259 1722 2313 1767 et
2346 1715 2548 1782 priores
2592 1725 2711 1784 post
2751 1714 3095 1770 novissimos.
3127 1716 3280 1770 Aliud
3313 1716 3470 1787 igitur
3505 1717 3659 1780 illud,

2073 1805 2216 1860 aliud
2243 1808 2341 1861 hoc
2367 1814 2469 1861 cst.
2490 1807 2710 1861 Videtur
2734 1816 2913 1862 autem
2937 1807 3038 1863 hoc
3066 1809 3194 1863 mibi
3221 1808 3421 1873 dicere,
3447 1809 3666 1879 Juda-os

2077 1899 2439 1962 subimlicaus,
2489 1908 2543 1952 et
2587 1899 2771 1953 fideles
2802 1899 2918 1953 illos
2942 1901 3031 1970 qui
3060 1917 3090 1955 e
3121 1901 3382 1971 prircipio
3411 1901 3664 1963 floruere.

2076 1989 2377 2060 dcindeque
2408 1991 2646 2059 neglecta
2674 1990 2870 2045 virtute
2898 2002 3041 2045 retro
3076 2002 3353 2046 cesserunt
3378 2009 3392 2054 ;
3439 1993 3664 2063 illosque

2077 2094 2285 2146 rursus,
2309 2081 2398 2149 qui
2425 2096 2455 2134 a
2491 2083 2723 2152 nequitia
2749 2097 3103 2153 emergcnms.
3136 2085 3330 2138 inultos
3352 2095 3662 2142 antecesse-

2079 2181 2220 2227 runt.
2284 2173 2416 2230 Nam
2465 2175 2788 2230 mutationes
2844 2177 2962 2230 illas
3007 2188 3057 2232 et
3111 2179 3160 2232 iu
3213 2177 3317 2233 fide
3360 2189 3413 2233 et
3464 2179 3513 2234 iu
3563 2181 3666 2235 vita

2079 2263 2334 2318 videmus.

2161 2354 2275 2409 Vita
2303 2357 2431 2410 bona
2455 2368 2505 2411 ct
2528 2367 2662 2412 recta
2693 2358 2818 2428 [ides
2842 2359 2912 2413 ad
2935 2361 3148 2415 salutem
3181 2364 3489 2417 necessariar.
3536 2362 3667 2418 Pars

2079 2450 2276 2503 virtutis
2324 2462 2609 2522 contempta
2655 2451 3031 2506 damnationem
3087 2453 3258 2520 a/Iert.
3324 2455 3670 2526 Ifleemosgmc

2081 2542 2259 2594 modus
2288 2543 2420 2608 quis.
2450 2572 2519 2582 —-
2544 2544 2934 2608 Quamobrem.
2989 2546 3246 2612 obsecro,
3302 2551 3425 2601 totis
3467 2549 3670 2604 viribus

2084 2633 2416 2697 studt-anius,
2469 2646 2523 2688 ut
2566 2636 2615 2688 iu
2652 2645 2793 2689 recta
2831 2637 2930 2690 fide
2970 2649 3194 2701 sti-mus.
3240 2652 3290 2695 et
3329 2641 3490 2696 vitam
3532 2644 3673 2712 opti-

2085 2739 2224 2778 mam
2247 2726 2738 2780 cxbibcamusﬁisi
2764 2728 2905 2782 enim
2936 2729 3096 2783 vitam
3125 2730 3227 2785 fide
3253 2744 3433 2787 nostra
3455 2733 3669 2804 dignam

2084 2815 2362 2881 ducamus,
2405 2828 2678 2872 extremas
2705 2819 2948 2872 dabimus
2979 2836 3180 2889 pinnas.
3232 2823 3294 2877 Et
3326 2823 3426 2878 hoc
3456 2840 3521 2879 ex
3556 2825 3665 2893 pri-

2084 2909 2193 2964 scis
2219 2909 2323 2964 illis
2350 2911 2674 2981 temporibus
2711 2911 3004 2967 declaravit
3051 2914 3236 2969 beatus
3285 2915 3502 2981 Paulus,
3546 2931 3667 2973 eum

2085 3001 2219 3057 dixit
2262 3019 2278 3061 :
2330 3001 2515 3057 Omnes
2558 3004 2781 3058 eamdem
2819 3022 2984 3059 escam
3022 3008 3338 3077 spiritualem
3385 3009 3672 3062 manduca-

2088 3105 2285 3157 verunt.
2333 3105 2378 3149 et
2421 3112 2592 3150 omnes
2630 3099 2857 3151 eumdem
2887 3109 3058 3169 potum
3088 3101 3401 3170 spiritualem
3443 3103 3673 3156 biberunt

2095 3189 2168 3257 (1.
2197 3188 2316 3242 Cor.
2344 3189 2428 3244 10.
2459 3190 2554 3246 3-5
2578 3192 2614 3259 ),
2643 3192 2892 3262 additque
2921 3210 3025 3248 non
3054 3195 3279 3250 salutem
3310 3207 3497 3252 nactos
3527 3212 3669 3259 csw,

2089 3288 2144 3334 et
2179 3280 2232 3334 iu
2259 3279 2476 3334 deserto
2505 3291 2805 3350 prostratos
2837 3283 3025 3338 fuisstn
3057 3280 3298 3353 ldipsum
3323 3293 3378 3339 et
3408 3286 3474 3340 de
3506 3301 3676 3342 evan-

2090 3371 2296 3441 gelistis
2322 3371 2540 3442 (Matth.
2573 3373 2628 3428 7.
2652 3375 2742 3428 ‘22.
2772 3374 2864 3445 23)
2889 3375 3147 3434 Christus
3177 3375 3493 3440 declaravit,
3520 3378 3682 3436 indu-

2089 3479 2218 3518 cens
2242 3466 2507 3535 quosdam
2531 3467 2622 3535 qui
2647 3467 2925 3522 daemonas
2948 3467 3220 3538 eiecerant
3239 3477 3291 3522 et
3313 3471 3674 3540 propbetave—

2089 3565 2234 3621 rant,
2256 3567 2308 3610 et
2324 3558 2387 3611 ad
2411 3559 2738 3628 supplicium
2758 3559 2976 3614 abducti
3003 3559 3239 3614 fuerant.
3259 3560 3338 3613 Ad
3359 3560 3472 3629 lucc
3487 3577 3680 3621 omnes

2095 3649 2211 3717 ejus
2235 3647 2541 3719 parabolas;
2573 3649 2759 3718 quales
2787 3649 2889 3704 illa:
2915 3650 3199 3720 virginum,
3231 3665 3465 3720 sagenaa.
3500 3649 3682 3720 spina-

2096 3755 2236 3805 rum,
2276 3739 2484 3792 arboris
2530 3739 2755 3792 fructum
2801 3756 2907 3794 IIOII
2953 3741 3214 3805 facientis,
3262 3741 3515 3795 virtutem
3553 3756 3676 3795 cum

2097 3829 2348 3899 Operilms
2395 3829 2633 3899 exigunt.
2687 3831 2761 3885 Dc
2788 3830 3128 3900 dogmatibus
3155 3847 3278 3886 raro
3304 3831 3542 3898 disserit,
3587 3832 3678 3886 illa

2099 3921 2296 3992 quippe
2345 3921 2524 3975 labore
2566 3937 2670 3976 non
2704 3931 2891 3991 egent;
2925 3923 2993 3978 de
3019 3923 3124 3976 vita
3152 3935 3330 3979 autem
3359 3940 3526 3994 smpc,
3575 3925 3684 3978 imo

2101 4012 2325 4081 ubique;
2353 4021 2665 4080 perpetuum
2694 4014 2838 4068 enim
2860 4013 3052 4068 bellmn
3076 4030 3137 4070 ea
3168 4016 3218 4068 in
3245 4031 3304 4070 re
3329 4016 3522 4084 agitur,
3548 4016 3688 4069 ideo-

2100 4117 2205 4173 que
2247 4102 2396 4156 labor
2425 4102 2494 4156 ibi
2540 4103 2808 4157 assiduus.
2854 4103 3056 4172 Ecquid
3101 4105 3291 4176 loquor
3327 4107 3394 4160 de
3435 4106 3685 4161 universo

2103 4195 2226 4248 vita:
2272 4195 2553 4249 instituto?
2601 4195 2730 4250 Pars
2778 4196 2922 4251 enim
2968 4197 3112 4253 illius
3156 4207 3460 4268 contempta
3495 4214 3686 4269 magna

2104 4288 2264 4341 infert
2298 4287 2472 4352 mala;
2523 4289 2754 4360 exetupli
2797 4305 2955 4345 causa
2986 4308 2998 4343 :
3033 4291 3378 4366 elcemosyua
3409 4293 3646 4362 neglecta
3673 4333 3691 4358 ,

2104 4378 2360 4434 socordes
2399 4380 2451 4434 in
2491 4381 2792 4451 gehennam
2833 4383 3088 4455 conjicit;
3121 4378 3249 4440 licet
3288 4400 3392 4440 nou
3439 4386 3686 4440 universa

2109 4469 2277 4524 virtus
2323 4471 2414 4536 sit,
2463 4471 2556 4525 scd
2607 4488 2728 4542 pars
2768 4481 2972 4529 tantum
3005 4476 3145 4544 ejus.
3177 4477 3427 4531 Attamen
3461 4476 3695 4546 virgines

2109 4563 2250 4633 quod
2294 4562 2393 4617 bac
2437 4565 2636 4618 virtute
2676 4575 2880 4620 ornata:
2927 4582 3032 4622 non
3078 4577 3280 4629 essent.
3316 4582 3502 4636 pa-uas
3527 4569 3692 4622 dede-

2108 4663 2236 4708 runt
2279 4670 2292 4708 :
2339 4653 2487 4707 dives
2523 4670 2736 4724 quoque
2781 4655 2881 4710 hac
2919 4657 2987 4712 de
3023 4672 3181 4712 causa
3225 4639 3590 4728 torquebatur.
3641 4668 3698 4714 ct

2110 4745 2201 4816 qui
2232 4743 2526 4798 famelicum
2560 4760 2665 4799 non
2696 4747 2960 4813 cibarunt,
3001 4761 3063 4802 ea
3101 4745 3176 4802 de
3217 4762 3374 4802 causa
3419 4762 3541 4802 cum
3584 4748 3699 4804 dia.

2113 4837 2238 4892 bolo
2265 4837 2704 4892 Ctmdetttnnlttur.
2733 4836 2941 4893 Rursus
2969 4853 3073 4892 non
3115 4838 3437 4894 maledicere
3465 4853 3590 4908 pars
3616 4849 3696 4895 est

2116 4935 2234 5004 ejus
2261 4933 2476 4987 minima
2509 4949 2522 4984 :
2554 4939 2610 4985 et
2651 4941 2826 4986 tamen
2865 4931 2964 4988 boc
3005 4932 3164 4986 etiam
3204 4930 3440 4985 excludit
3476 4946 3570 4987 eos
3607 4931 3698 4996 qui

2118 5041 2222 5081 non
2251 5025 2520 5079 abstinent
2553 5041 2566 5076 :
2595 5021 2668 5077 ait
2697 5023 2860 5087 enim,
2918 5024 3014 5089 Qui
3054 5023 3238 5078 dixerit
3277 5023 3430 5097 fratri
3462 5041 3577 5088 suo,
3605 5020 3703 5075 Fa-

2119 5125 2221 5179 tue,
2269 5131 2384 5168 reus
2432 5115 2522 5168 erit
2568 5113 2808 5185 gehennae
2852 5114 2982 5185 ignis
3027 5114 3238 5186 (Matth.
3264 5114 3316 5171 5.
3344 5113 3461 5184 εξ).
3495 5114 3701 5168 Rursns

2119 5206 2442 5261 continentia
2489 5221 2701 5276 quoque
2747 5221 2868 5276 pars
2910 5206 3120 5260 virtutis
3159 5217 3260 5261 est.
3312 5206 3556 5260 Attamen
3585 5207 3703 5259 sino

2123 5298 2208 5353 illa
2238 5313 2395 5352 nemo
2424 5298 2626 5351 videbit
2657 5298 2938 5352 Dominum
2970 5315 2982 5350 :
3019 5295 3206 5350 Pacem
3242 5297 3408 5360 enim,
3457 5295 3551 5360 ait,
3585 5312 3703 5364 pcr—

2121 5389 2406 5457 sequimini,
2452 5398 2497 5442 et
2525 5389 2932 5447 sanctimoniam.
2958 5390 3066 5441 sine
3091 5403 3191 5455 qua
3219 5403 3363 5440 nemo
3391 5385 3568 5440 videbit
3598 5385 3704 5439 Do-

2124 5483 2312 5532 minum
2336 5477 2521 5550 (Hebr.
2558 5479 2642 5533 l2.
2679 5481 2789 5549 14).
2821 5478 3099 5533 llumilitas
3122 5477 3370 5533 similiter
3396 5479 3569 5548 portio
3593 5478 3702 5533 vir-

2127 5571 2254 5627 tutis
2300 5579 2385 5626 est
2436 5586 2452 5622 :
2499 5579 2733 5626 attamen
2781 5572 2825 5624 si
2870 5569 2988 5642 quis
3034 5580 3227 5626 uetera
3273 5570 3411 5626 bona
3451 5579 3601 5641 agat,
3651 5579 3706 5624 et

2129 5671 2268 5727 hanc
2287 5681 2390 5720 non
2425 5673 2680 5730 sectetur,
2714 5664 2951 5734 impurus
2977 5673 3059 5719 est
3084 5664 3222 5735 apud
3247 5664 3413 5718 Deum
3439 5682 3453 5724 ;
3482 5663 3532 5718 id
3560 5659 3706 5734 quod

3327 5781 3402 5842 10
