4074 6144
514 262 617 313 lilii

511 378 681 445 palam
712 388 792 433 est
820 394 885 434 ex
916 379 1208 443 Pharismo,
1253 382 1338 448 qui
1370 382 1633 434 sexcentis
1663 392 1883 435 ornatus
1911 383 2086 447 ltonis,

511 480 635 525 sine
669 472 845 525 otttnia
884 471 1132 541 perdidit.
1169 471 1281 540 Ego
1311 488 1435 527 vero
1465 473 1589 542 quid
1637 474 1866 543 amplius
1906 475 2089 528 dicen-

512 565 638 618 dum
692 565 884 620 habeo.
930 564 1116 635 Neque
1159 567 1300 619 enim
1347 583 1448 620 una
1498 566 1668 621 Solum
1724 582 1809 622 res
1854 569 2090 638 neglecta

506 657 703 711 claudit
751 656 905 711 nobis
931 656 1144 723 cadum,
1191 656 1285 710 sed
1316 659 1361 711 si
1392 659 1481 711 liat
1508 658 1742 728 quidem,
1771 657 1863 713 sed
1893 674 1996 711 non
2027 674 2089 714 ea

504 764 661 816 quant
688 746 841 802 decet
869 748 1139 815 diligentia
1168 765 1229 803 ac
1262 752 1488 814 fervore,
1533 751 1765 821 idipsum
1800 752 1923 808 facit
1960 771 1973 806 :
2016 756 2091 809 ait

505 840 644 893 cnim
677 856 690 892 :
725 838 845 893 Nisi
872 840 1197 894 abundaverit
1212 841 1415 913 justitia
1455 855 1615 895 vestra
1643 845 1756 915 plus
1780 861 1931 911 quam
1960 848 2085 898 scri-

508 932 680 985 barum
707 940 752 985 ct
776 932 1180 1000 Pltarisceorum,
1214 951 1312 987 non
1334 934 1583 989 intrabitis
1612 936 1663 989 in
1693 953 1902 1007 regnum
1932 937 2086 991 cado-

500 1042 613 1079 rmn
650 1025 863 1098 (Matth.
904 1028 955 1083 5.
987 1027 1102 1099 20).
1151 1026 1333 1098 itaque
1358 1029 1401 1083 si
1425 1028 1819 1101 cleemosynam
1851 1031 2080 1095 dederis,

501 1132 600 1172 nec
649 1119 801 1188 copia
855 1118 1073 1189 majore,
1126 1136 1284 1189 quant
1336 1118 1432 1185 illi,
1464 1136 1530 1174 eo
1571 1136 1675 1175 non
1722 1121 1968 1174 intrabis.
2019 1121 2085 1175 Et

499 1221 754 1278 quantum
785 1210 858 1264 illi
889 1210 1200 1280 praebebant
1237 1210 1639 1281 eleemosynm?
1685 1210 1798 1265 lloc
1835 1227 1934 1281 ego
1963 1211 2086 1264 Volo

499 1319 642 1359 nuuc
666 1303 863 1369 dicere,
889 1312 947 1358 ut
970 1303 1056 1374 qui
1085 1320 1190 1359 non
1218 1304 1367 1366 dant,
1397 1304 1462 1358 ad
1498 1304 1730 1358 dandum
1762 1305 2079 1371 excitentur,

496 1397 587 1467 qui
615 1410 741 1451 vero
768 1395 916 1457 dant,
965 1411 1031 1450 ne
1072 1395 1237 1449 altum
1270 1394 1501 1463 sapiant,
1541 1395 1633 1449 sed
1670 1395 1818 1465 plura
1850 1396 2082 1465 largian-

504 1500 609 1543 tttr.
637 1487 773 1556 Quid
808 1488 967 1556 igitur
1006 1488 1077 1542 illi
1104 1486 1341 1542 dabam?
1372 1488 1635 1542 Deeimam
1666 1503 1842 1542 rcrmu
1867 1503 2081 1543 suarum

503 1582 765 1647 omnium,
815 1596 879 1635 ac
910 1597 1096 1635 rursus
1124 1580 1280 1635 aliant
1312 1580 1573 1635 decimam
1606 1581 1645 1642 ³,
1695 1591 1747 1634 et
1778 1590 1962 1649 postea
1991 1582 2083 1635 de-

502 1674 697 1729 cimam
726 1674 881 1728 aliam
910 1689 925 1737 ;
972 1672 1043 1727 ita
1071 1678 1130 1726 ut
1156 1669 1266 1726 fere
1294 1672 1505 1726 tertiam
1538 1681 1741 1743 partem
1772 1671 2081 1727 Sllihlilllliil}

496 1779 607 1819 suae
654 1764 844 1821 darent
883 1783 898 1819 :
946 1779 1067 1818 nam
1114 1773 1224 1819 tres
1273 1763 1496 1819 dccimm
1543 1764 1685 1819 illam
1718 1779 1853 1833 pene
1878 1763 2080 1817 consti-

492 1864 667 1910 tnttnt.
718 1854 844 1910 Post
888 1854 1002 1910 lucc
1050 1865 1225 1911 autem
1271 1856 1552 1925 primitias,
1602 1855 1975 1926 primogenita,
2025 1864 2080 1910 et

497 1948 602 2002 alia
634 1946 881 2017 plurima,
932 1956 990 2001 ut
1028 1963 1132 2025 pro
1156 1936 1432 2016 ‘peccatis,
1464 1962 1559 2017 pro
1601 1946 2079 2017 puriﬁcatiunibus,

486 2055 611 2110 quae
649 2040 699 2094 in
733 2038 902 2103 festis,
936 2057 1054 2108 qua:
1083 2041 1132 2092 in
1158 2039 1395 2108 jubilum,
1426 2055 1543 2109 qua:
1573 2039 1623 2093 in
1654 2038 1953 2094 debiturum
1985 2039 2077 2096 ab-

488 2131 772 2199 scissione,
826 2140 881 2185 et
926 2146 1203 2185 servorum
1250 2112 1666 2195 dimissiouibtts,
1713 2141 1763 2186 et
1798 2132 1847 2186 in
1880 2133 2078 2188 mutuis

487 2224 691 2294 absque
738 2223 962 2277 iuniore.
1014 2221 1069 2278 Si
1113 2234 1289 2277 autem
1336 2224 1544 2277 tertiam
1594 2240 1819 2295 erogaus
1844 2235 2072 2294 partem,

488 2315 597 2370 imo
633 2325 687 2372 et
713 2314 988 2370 dimidium
1026 2316 1169 2385 (nam
1198 2318 1421 2371 collecta
1452 2315 1566 2370 hate
1591 2319 1766 2370 omnia
1793 2317 2072 2373 dimidium

486 2406 773 2475 efﬁciunt),
816 2404 860 2461 si
901 2405 989 2477 qui
1032 2406 1308 2459 dimidiunt
1360 2405 1469 2469 dat,
1523 2406 1653 2460 nihil
1694 2409 1869 2477 magni
1911 2408 2071 2463 facit:

486 2498 575 2566 qui
609 2513 676 2552 ne
705 2497 967 2554 decimam
996 2496 1211 2567 quidem
1253 2508 1456 2566 partem
1485 2507 1689 2568 erogat,
1732 2499 1857 2570 quid
1894 2516 2073 2557 merc-

486 2586 660 2643 bitur?
693 2587 823 2644 iure
854 2602 980 2658 ergo
1006 2587 1165 2653 dixit,
1203 2587 1369 2641 Pauci
1393 2588 1519 2641 salvi
1547 2588 1695 2651 liunt.

555 2680 608 2736 5.
654 2679 729 2736 Ne
751 2680 928 2751 itaque
956 2679 1315 2750 despiciauttts
1343 2689 1642 2733 accuratam
1674 2679 1882 2735 vivendi
1911 2682 2066 2737 ratio-

487 2792 629 2831 nem.
683 2775 739 2829 Si
791 2775 934 2830 enim
984 2791 1106 2844 pars
1146 2773 1358 2827 virtutis
1402 2774 1639 2842 neglecta
1679 2782 1877 2827 tantam
1915 2774 2069 2829 all‘ert

485 2866 799 2936 perniciem,
846 2880 967 2918 cum
1019 2864 1251 2933 undique
1286 2863 1486 2934 judicio
1533 2872 1585 2917 et
1635 2862 2064 2918 condemnationi

485 2958 700 3013 obnoxii
759 2956 995 3021 erimus,
1044 2954 1313 3026 quomodo
1356 2955 1672 3024 supplicium
1713 2954 2066 3024 eil'ugictnus?

480 3065 615 3120 quas
642 3064 770 3106 vero
803 3064 988 3121 pmnas
1020 3065 1123 3102 non
1151 3046 1396 3101 dabimus
1417 3046 1526 3111 tet,
1544 3061 1810 3115 quaenam,
1834 3047 2061 3117 inquies,

480 3141 635 3195 nobis
661 3141 765 3195 erit
793 3155 916 3211 spes
943 3139 1150 3203 salutis,
1188 3138 1231 3192 si
1263 3138 1465 3208 singula
1491 3156 1608 3208 qua:
1636 3139 2065 3193 enutneravimus

478 3224 778 3301 gehennam
812 3232 966 3286 nobis
990 3231 1421 3285 comminantur?
1452 3231 1575 3287 lbec
1610 3232 1759 3287 vobis
1784 3232 1904 3288 dico
1936 3251 1949 3289 :
1977 3249 2065 3286 ve.-

481 3338 780 3379 rumtamen
820 3327 861 3379 si
903 3325 1267 3390 attemlamus,
1314 3322 1539 3378 salutem
1579 3326 1833 3395 consequi
1878 3341 2061 3395 posm—

481 3430 620 3475 tnus,
652 3416 695 3468 si
725 3416 1079 3487 elcemosynm
1112 3414 1407 3469 remedium
1436 3414 1804 3474 adhibeamus,
1857 3425 1909 3470 et
1942 3418 2056 3470 vul-

483 3522 609 3561 nera
650 3523 919 3561 curemus.
967 3507 1081 3561 Non
1110 3507 1251 3560 enim
1279 3507 1457 3561 oleum
1486 3506 1555 3560 ita
1586 3523 1779 3577 corpus
1806 3510 2020 3564 roborat
2047 3550 2060 3574 ,

479 3612 536 3655 ut
568 3601 933 3656 misericordia
972 3600 1202 3654 animam
1250 3608 1305 3654 et
1348 3600 1553 3653 {inuam
1585 3609 1637 3654 et
1666 3600 1916 3655 invictam
1948 3617 2061 3655 om-

479 3691 638 3748 nibus
681 3690 876 3755 reddit,
907 3690 1479 3760 inexpugnabilemque
1523 3690 1735 3745 diabolo
1773 3710 1785 3746 :
1816 3694 2059 3746 ubicum—

476 3803 581 3857 que
623 3789 765 3845 enim
811 3790 1033 3861 ceperit,
1077 3787 1254 3841 statim
1294 3787 1564 3852 ddabitur,
1599 3804 1718 3840 cum
1747 3789 1921 3841 oleum
1954 3802 2059 3841 non

474 3884 614 3941 sinat
638 3899 761 3939 eum
794 3882 1047 3937 humeros
1079 3882 1483 3951 apprehendere
1515 3881 1756 3937 manibus
1778 3892 1827 3935 et
1853 3891 2056 3936 tenere.

479 3976 592 4032 Hoc
617 3976 796 4046 itaque
819 3976 937 4029 oleo
966 3990 1061 4029 nos
1092 3974 1401 4044 frequenter
1433 3990 1716 4044 ungamus.
1764 3974 1895 4028 Nam
1932 3974 2058 4029 illttd

462 4076 558 4122 est
595 4068 839 4122 sanitatis
868 4078 1264 4137 argumentum,
1297 4066 1579 4135 lucemque
1614 4066 1983 4120 subministrat
2007 4075 2060 4120 et

462 4156 835 4231 splendorem.
865 4160 930 4210 At
959 4159 1067 4222 ille,
1104 4157 1333 4226 inquies,
1373 4165 1449 4211 tot
1475 4166 1530 4209 et
1562 4166 1637 4209 tot
1671 4156 1825 4209 habet
1862 4157 2057 4212 talenta

456 4248 612 4315 auri,
639 4256 693 4303 et
717 4246 844 4303 nihil
869 4256 1073 4317 erogat.
1108 4247 1164 4300 Et
1199 4246 1326 4316 quid
1351 4246 1451 4298 hoc
1479 4244 1543 4299 ad
1576 4246 1667 4299 te?
1704 4246 1793 4300 Sic
1821 4260 1871 4301 tu
1901 4248 2055 4302 mira-

457 4342 634 4397 ‘hilior
672 4340 801 4405 eris,
850 4340 893 4393 si
922 4354 989 4396 ex
1033 4346 1341 4409 paupertate
1381 4337 1654 4392 liberalior
1703 4339 1793 4391 illo
1833 4339 1927 4393 sis.
1971 4339 2060 4393 Sic

475 4431 791 4488 Macedonas
830 4430 1035 4486 ‘Pau'lus
1079 4428 1300 4482 miratus
1343 4438 1424 4482 est
1474 4427 1548 4498 (‘2.
1577 4426 1694 4481 Cor.
1723 4428 1773 4484 9.
1802 4430 1900 4496 2):
1953 4446 2057 4484 non

462 4526 613 4601 quod
641 4525 997 4598 lat-simulae,
1034 4522 1134 4578 sed
1172 4522 1309 4596 quod
1349 4536 1413 4578 ex
1456 4531 1767 4593 paupertate
1804 4538 1895 4577 sua
1948 4522 2056 4577 lar-

439 4683 445 4689 .
464 4620 729 4692 girentnr.

534 4711 626 4765 ὀε
656 4709 773 4765 aliis
804 4726 905 4763 non
932 4707 1290 4780 judicandum.
1322 4737 1393 4749 -—-
1418 4706 1493 4761 Ne
1536 4706 1695 4776 igitur
1721 4706 1785 4761 ad
1819 4706 1939 4762 illos
1968 4723 2056 4762 rc-

472 4802 689 4872 Sp'icias,
717 4800 812 4857 sed
842 4800 907 4855 ad
936 4815 1274 4855 communem
1303 4798 1540 4856 omnium
1562 4800 1846 4857 doctorem
1876 4802 1895 4831 ²
1914 4841 1928 4865 ,
1964 4800 2052 4871 qui

478 4911 584 4950 non
636 4894 871 4949 habebat
914 4893 1003 4947 ubi
1046 4902 1209 4962 caput
1247 4907 1405 4948 suum
1451 4891 1751 4947 reclinaret.
1810 4893 1873 4945 lit
1921 4908 2054 4957 cur,

452 4986 707 5057 inquies,
749 4985 835 5040 hic
862 4994 915 5039 et
947 4968 1035 5039 ilic
1060 4984 1161 5040 hoc
1191 5000 1294 5039 non
1334 4984 1575 5038 faciunt?
1610 4983 1695 5041 Ne
1734 4984 2058 5040 Condetttttes

479 5078 661 5135 alium,
690 5073 782 5129 sed
813 5073 1039 5140 teipsum
1068 5074 1388 5127 accusationi
1418 5073 1670 5127 subtrahe
1695 5092 1707 5125 :
1738 5090 1858 5126 nam
1889 5075 2058 5144 majus

478 5167 795 5237 supplicium
850 5167 973 5230 erit,
1019 5165 1061 5217 si
1107 5175 1330 5219 ea-teros
1380 5168 1741 5222 acwsaveris.
1782 5180 1900 5218 eum
1941 5165 2057 5231 ipse

456 5280 582 5317 .non
634 5261 836 5327 iacias;
883 5275 1002 5314 cum
1057 5257 1125 5311 de
1166 5256 1286 5311 aliis
1328 5257 1577 5329 judicans
1624 5257 1797 5312 eidem
1847 5257 2054 5312 crimini

541 5438 555 5469 ³
585 5442 709 5490 ttme,
738 5447 796 5484 ac
832 5447 1002 5484 rursus
1023 5430 1169 5482 aliaat
1205 5428 1475 5489 decimam,
1502 5430 1550 5478 in
1575 5429 1736 5477 ttorel.
1774 5430 2058 5478 omittuntur

459 5510 564 5560 ψει
587 5494 1018 5560 homoioteletuon.
1041 5494 1181 5560 Quod
1199 5499 1363 5560 autem
1390 5492 1468 5541 hic
1487 5491 1841 5560 _dicit,_nempe
1877 5492 2060 5539 scribas

477 5552 816 5608 ett'harisams
854 5552 1098 5606 dimidiam
1141 5552 1347 5611 sinmtlis
1388 5553 1529 5601 annis
1571 5553 1815 5600 rediluum
1860 5565 2057 5602 suorum

497 5627 664 5667 mrtem
691 5622 735 5666 in
752 5617 1032 5680 elei-.tuosyu
1051 5629 1111 5662 tm
1134 5615 1357 5671 dedisse,
1384 5615 1568 5680 nescio_
1587 5626 1646 5660 an
1671 5615 1862 5680 probari
1888 5615 2055 5674 possit.

506 5680 730 5743 Commio
755 5674 1071 5743 mttciona'nte
1089 5688 1183 5724 non
1208 5676 1603 5743 tantaaccuratio
1625 5674 1909 5743 postulatur.

532 5744 562 5775 ι
599 5742 704 5789 ΑΜ.
731 5740 813 5792 sed
831 5742 898 5789 ad
914 5749 1207 5789 commutem
1228 5738 1436 5787 nautium
1463 5736 1708 5786 nominum
1733 5744 1776 5787 ct
1796 5736 1884 5786 doc
1899 5748 2049 5789 orem.

1340 266 1393 316 S.
1435 262 1711 321 JO.\NNIS
1738 261 2212 318 CllR‘SOSTOMI
2255 265 2567 328 AliClilEP,
2613 269 3145 327 t0.\'S'l‘.\~N'I‘lNOP.

3684 277 3781 335 616

2203 382 2319 450 ipse
2367 384 2630 440 obnoxius
2653 388 2780 444 eris.
2835 388 2891 444 Si
2918 391 3060 446 enim
3092 408 3159 446 ne
3197 394 3391 463 probos
3419 395 3637 466 quidem
3665 414 3778 468 per-

2197 478 2358 530 mittit
2410 476 2476 532 de
2535 478 2655 534 aliis
2707 481 2980 551 judicare,
3036 486 3205 539 multo
3249 489 3425 542 minus
3476 502 3776 560 peccantes.

2196 565 2272 621 Ne
2303 568 2479 637 itaque
2506 569 2572 624 de
2601 570 2721 624 aliis
2743 571 3065 641 judicemus,
3115 592 3185 631 ne
3212 577 3279 631 ad
3310 593 3503 647 segnes
3534 581 3780 650 respicia-

2197 677 2350 727 mus,
2394 662 2488 716 sed
2537 664 2603 717 ad
2657 665 2940 721 Dominum
2991 667 3176 724 Jesum
3214 669 3511 738 Christum,
3566 681 3621 729 et
3663 675 3779 730 imle

2195 753 2496 821 exemplum
2521 769 2817 812 sumamus.
2849 757 2983 811 Num
3026 775 3124 829 ego
3170 768 3222 815 te
3252 760 3528 816 beneﬁciis
3553 767 3779 821 ornavi?

2194 862 2318 899 num
2342 862 2442 916 ego
2470 855 2521 902 te
2552 848 2774 916 redemi,
2805 860 2860 905 ιιι
2891 852 2956 906 ad
2983 869 3065 905 me
3090 854 3384 923 reSpicias?
3415 855 3563 911 Alius
3590 861 3776 926 estqui

2195 935 2308 990 ha-c
2339 937 2429 991 tibi
2460 939 2637 991 omnia
2668 939 2888 1010 largitus
2915 951 3017 995 est.
3066 943 3172 997 Cur
3202 944 3389 998 relicto
3428 945 3673 1012 Domino,
3714 948 3775 1002 ad

2191 1043 2510 1082 conservum
2564 1031 2725 1086 vertis
2774 1032 2998 1087 oculos?
3047 1032 3161 1088 Non
3207 1036 3398 1090 audisti
3445 1054 3564 1092 eum
3594 1037 3776 1093 dicen-

2194 1126 2297 1171 tettt
2354 1138 2367 1171 :
2414 1118 2606 1194 Discite
2644 1139 2676 1175 a
2725 1140 2805 1177 me
2850 1125 2969 1191 quia
3019 1126 3153 1180 mitis
3187 1142 3295 1180 sum
3326 1138 3371 1181 et
3398 1129 3605 1182 Immitis
3631 1132 3776 1184 corde

2191 1210 2402 1280 (.lluttlt.
2430 1212 2515 1266 11.
2540 1212 2673 1283 9.9)?
2703 1230 2764 1267 ac
2792 1230 3022 1281 rursum,
3058 1216 3158 1284 Qui
3195 1219 3296 1271 vult
3334 1218 3385 1271 in
3425 1220 3560 1274 vobis
3586 1222 3775 1291 primm

2190 1319 2313 1365 esse,
2356 1304 2420 1357 sit
2449 1306 2674 1358 omnium
2716 1306 2993 1361 minister?
3043 1319 3095 1363 et
3135 1325 3368 1373 rursum,
3423 1312 3567 1366 Sicut
3613 1311 3775 1367 Filius

2175 1393 2403 1447 ‘Itomiuis
2447 1412 2547 1449 non
2593 1397 2724 1450 venit
2768 1398 3065 1464 ministrari,
3107 1401 3197 1454 sed
3242 1402 3528 1456 ministrare
3559 1401 3771 1473 (Matth.

2186 1480 2276 1535 2t).
2306 1483 2395 1537 26.
2427 1484 2561 1554 ‘28)?
2604 1488 2679 1540 Ac
2716 1497 2899 1556 postea
2952 1504 3187 1553 rursum,
3233 1506 3299 1545 ne
3331 1492 3609 1547 oll'endcns
3640 1510 3772 1547 con-

2189 1587 2374 1628 servos
2422 1578 2619 1647 pigros,
2669 1578 2720 1632 itt
2764 1580 3082 1649 negligentia
3123 1582 3291 1646 vivas,
3332 1583 3398 1636 ab
3446 1584 3511 1639 iis
3548 1596 3599 1639 te
3646 1586 3772 1639 abs-

2194 1668 2411 1722 trahens
2454 1669 2525 1723 ait
2556 1685 2570 1725 :
2625 1669 2929 1739 Exemplum
2954 1671 3069 1725 dedi
3096 1673 3231 1728 vobis
3269 1678 3534 1741 ηις-ἔρδων,
3568 1687 3618 1731 ut
3644 1678 3773 1732 sicut

2185 1773 2276 1828 ego
2304 1758 2423 1828 feci,
2469 1769 2514 1812 et
2536 1775 2621 1813 vos
2644 1761 2844 1829 faciatis
2899 1760 3075 1833 (Joan.
3113 1764 3200 1819 15.
3236 1766 3345 1835 15).
3384 1766 3489 1822 Sed
3538 1785 3642 1822 nun
3692 1779 3775 1823 est

2186 1849 2278 1904 tibi
2310 1851 2564 1921 magister
2592 1852 2727 1906 ullus
2758 1852 2896 1908 inter
2924 1855 3199 1919 viventes,
3255 1859 3343 1928 qui
3391 1870 3441 1914 te
3487 1862 3654 1930 possit
3706 1863 3770 1917 ad

2185 1957 2303 1997 eam
2348 1958 2458 1999 rem
2490 1944 2793 2001 deducere?
2835 1947 2998 2017 Major
3024 1965 3152 2019 ergo
3184 1951 3275 2005 tibi
3306 1952 3423 2006 laus
3452 1954 3555 2007 erit
3576 1964 3630 2008 et
3654 1955 3771 2024 glo-

2181 2035 2281 2101 ria,
2329 2036 2468 2103 quod
2519 2037 2634 2091 sine
2673 2037 2897 2093 doctore
2943 2039 3203 2095 mirabilis
3255 2043 3491 2097 evaseris
3532 2061 3545 2097 :
3593 2055 3771 2113 potest

2181 2128 2322 2182 enim
2353 2128 2479 2183 illud
2510 2128 2647 2191 ﬁeri,
2678 2141 2732 2185 et
2757 2131 2969 2202 quidem
3002 2133 3175 2199 facile,
3206 2134 3248 2186 si
3276 2135 3520 2199 velimus,
3558 2145 3614 2189 ιιι
3642 2152 3771 2205 ιιι-ιι-

2181 2218 2337 2275 batur
2390 2236 2456 2277 ex
2498 2222 2562 2276 iis
2615 2222 2703 2292 qui
2755 2224 2912 2293 primi
2960 2224 3010 2277 id
3063 2227 3420 2294 perfecerunt.
3473 2238 3529 2281 ιιι
3574 2227 3769 2291 Noe‘,

2180 2310 2485 2376 Abraham,
2541 2312 2924 2382 Meleltisedec,
2981 2315 3112 2377 Joh,
3169 2317 3364 2388 aliique
3411 2319 3475 2373 iis
3525 2321 3769 2383 similes,

2184 2416 2318 2471 quos
2349 2418 2526 2473 oper-.12
2556 2407 2784 2473 pretium
2822 2417 2904 2461 est
2929 2409 3165 2477 quotidie
3191 2410 3494 2479 respicere;
3535 2412 3628 2466 sed
3660 2429 3770 2467 non

2177 2511 2272 2549 cos
2315 2513 2448 2565 quos
2482 2514 2702 2567 semper
2746 2500 3092 2561 :emulamini,
3141 2512 3196 2556 et
3233 2502 3284 2556 itt
3315 2503 3541 2559 cratibus
3575 2506 3771 2560 veStris

2176 2586 2556 2646 circutufertis.
2618 2590 2758 2644 Nihil
2790 2592 2935 2647 enim
2976 2590 3119 2647 aliud
3150 2592 3344 2664 ubique
3382 2594 3562 2663 audio,
3604 2611 3769 2665 quam

2177 2679 2291 2735 ha2c
2339 2681 2499 2734 verba
2535 2701 2549 2736 :
2582 2682 2675 2738 Ille
2723 2693 2800 2737 tot
2839 2694 2893 2737 et
2932 2692 3006 2738 tot
3050 2685 3238 2754 jugera
3286 2695 3443 2740 terra:
3486 2687 3767 2755 possidet,

2175 2771 2262 2827 ille
2290 2772 2439 2828 dives
2465 2782 2567 2838 est,
2602 2773 2690 2828 ille
2716 2774 2940 2829 nidificia
2971 2777 3253 2832 construit.
3300 2774 3411 2832 Cur
3439 2777 3505 2831 ad
3534 2788 3766 2835 externa

2176 2859 2376 2927 inhias,
2403 2875 2436 2913 o
2462 2861 2650 2914 homo?
2674 2878 2770 2915 cur
2792 2864 2928 2917 alios
2956 2866 3216 2934 respicis?
3242 2866 3297 2920 Si
3321 2869 3402 2924 vis
3426 2869 3563 2925 alios
3586 2873 3761 2943 respi-

2174 2966 2316 3018 cere,
2355 2953 2552 3023 probos
2585 2962 2638 3008 et
2669 2953 2908 3010 illustres
2938 2957 3083 3011 viros
3113 2958 3420 3025 considera,
3456 2962 3547 3031 qui
3589 2972 3757 3019 totam

2174 3043 2343 3114 legem
2366 3054 2620 3101 accurate
2641 3054 2883 3100 servant:
2910 3063 3014 3100 nott
3038 3059 3217 3103 autem
3243 3067 3335 3105 eos
3359 3052 3449 3121 qui
3480 3054 3628 3108 illam
3656 3057 3761 3112 vio-

2170 3138 2286 3193 lant
2307 3147 2503 3194 etcum
2525 3139 2788 3194 dedecore
2812 3140 3020 3196 vivunt:
3049 3158 3170 3196 nam
3192 3144 3236 3197 si
3259 3145 3324 3198 ad
3354 3146 3451 3198 bos
3472 3149 3757 3218 respicias,

2173 3234 2334 3287 tmtlta
2366 3231 2488 3287 hinc.
2516 3232 2729 3287 bauries
2756 3232 2917 3294 mala,
2944 3232 2995 3286 in
3020 3232 3287 3301 ignaviam
3316 3242 3369 3286 et
3397 3234 3758 3300 arrogantiam

2170 3325 2393 3389 inrides,
2436 3334 2763 3393 Cil'lCl‘tlSqlle
2809 3323 3107 3377 damnabis.
3167 3321 3221 3376 Si
3268 3338 3397 3376 vero
3439 3322 3637 3392 probos
3678 3338 3761 3377 re-

2168 3431 2413 3478 censeas,
2459 3416 2523 3469 ad
2560 3417 2936 3481 httmililalcm,
2986 3414 3340 3484 diligentiam,
3384 3416 3760 3482 cotttputtclio,

2168 3523 2287 3561 nent
2318 3515 2370 3560 et
2397 3516 2648 3560 sexcenta
2691 3506 2827 3560 bona
2861 3515 2913 3561 te
2938 3504 3238 3574 apparabis.
3292 3503 3426 3558 Attdi
3472 3504 3597 3573 quid
3644 3519 3760 3574 pas-

2165 3616 2260 3656 sus
2303 3600 2371 3654 sit
2417 3598 2736 3663 Phariszetts,
2769 3596 2908 3669 quod
2940 3598 3117 3651 missis
3145 3596 3325 3666 probis
3358 3596 3503 3661 viris,
3531 3597 3598 3650 ad
3636 3611 3763 3665 pec-

2166 3700 2372 3746 cantem
2404 3690 2737 3760 respexerit;
2784 3690 2985 3743 audiet
3018 3689 3165 3741 time.
3211 3688 3339 3741 Vide
3386 3702 3542 3757 quam
3594 3687 3764 3741 mira-

2166 3782 2288 3838 bilis
2335 3781 2495 3837 fuerit
2550 3782 2734 3850 David,
2786 3780 2926 3851 quod
2984 3780 3215 3847 majores
3259 3794 3387 3832 suos
3424 3780 3517 3849 qui
3562 3779 3766 3833 virtute

2168 3876 2427 3931 fulserunt
2455 3879 2764 3948 respiceret.
2796 3876 2999 3929 Adi-etut
3039 3892 3130 3945 rgo
3162 3891 3293 3938 sunt,
3344 3873 3535 3941 inquit,
3568 3883 3618 3925 et
3648 3889 3765 3943 per-

2163 3970 2385 4038 egrinus,
2418 3969 2546 4023 sicut
2572 3986 2743 4022 omnes
2785 3978 2953 4039 pure:
2998 3968 3093 4019 mei
3143 3964 3310 4035 (Psal.
3346 3964 3430 4019 58.
3467 3964 3581 4033 15).
3624 3964 3760 4018 Nam

2164 4069 2219 4114 et
2268 4061 2353 4115 ille
2380 4070 2435 4115 et
2460 4070 2714 4129 quotquot
2748 4060 2843 4124 ipsi
2874 4058 3072 4111 similes
3099 4066 3271 4118 erant,
3308 4054 3485 4108 missis
3512 4062 3762 4124 peccato-

2164 4151 2341 4212 ribus,
2404 4151 2601 4205 virtute,
2644 4149 2898 4218 conspicn
2928 4164 2964 4202 ts
3013 4147 3157 4201 viros
3198 4145 3525 4214 cogitabant.
3579 4142 3657 4197 Ita
3707 4152 3764 4196 et

2167 4253 2219 4296 ttt
2268 4242 2445 4296 facito.
2492 4240 2606 4296 Non
2639 4241 2781 4295 enim
2825 4239 3059 4309 tujudex
3100 4238 3257 4293 sedes
3298 4237 3598 4291 alienorum
3631 4235 3764 4289 faci-

2167 4349 2390 4394 norum,
2436 4348 2535 4387 nec
2580 4331 2865 4400 deputatus‘
2911 4348 2968 4385 es
3013 4330 3078 4383 ad
3134 4327 3480 4383 examinanda
3524 4327 3758 4381 aliorum

2166 4434 2382 4493 peccata
2435 4441 2448 4476 :
2495 4424 2560 4478 de
2599 4424 2763 4477 rebus
2817 4422 2920 4475 tuis
2963 4422 3227 4491 judicare,
3283 4435 3388 4474 non
3432 4419 3501 4474 de
3538 4419 3757 4481 alienis,

2158 4516 2340 4585 jussus
2370 4530 2449 4569 es.
2482 4512 2619 4567 Nam
2646 4515 2689 4567 si
2716 4530 2806 4567 nos
2835 4514 2973 4581 ipse:
3006 4516 3380 4583 judicnrcmus,
3408 4512 3482 4566 ait
3513 4512 3623 4575 ille,
3654 4529 3759 4566 non

2164 4609 2333 4677 utique
2361 4606 2714 4678 judicaremur
2741 4621 2759 4658 :
2779 4605 2999 4676 judicati
3027 4617 3195 4657 autem
3240 4620 3271 4656 ιι
3319 4602 3553 4661 Domino.
3577 4605 3760 4659 erudi-

2164 4715 2276 4752 mur
2302 4698 2378 4770 (1.
2408 4695 2526 4750 Cor.
2559 4697 2642 4750 11.
2669 4697 2757 4751 51.
2787 4695 2899 4767 3‘2).
2950 4696 3028 4749 Tu
3072 4711 3198 4749 vero
3221 4695 3462 4751 ordinem
3489 4697 3759 4764 perverti-

2163 4790 2265 4853 sti,
2320 4788 2445 4843 dum
2495 4788 2561 4842 de
2622 4786 2855 4857 peccatis
2900 4787 3003 4839 tuis
3053 4786 3346 4855 majoribus
3386 4787 3759 4842 minoribusvc

2164 4879 2365 4935 nullam
2410 4895 2440 4934 a
2488 4887 2537 4933 te
2589 4880 2853 4932 rationem
2887 4878 3076 4947 exigis,
3106 4878 3338 4932 aliorum
3380 4894 3505 4931 vero
3534 4889 3759 4949 peccata

2164 4981 2410 5029 accurate
2443 4972 2710 5040 exploras.
2742 4969 2940 5024 \‘erum
2989 4971 3039 5025 id
3081 4987 3147 5025 ne
3181 4970 3317 5027 ultra
3352 4969 3632 5033 faciamus,
3659 4970 3757 5024 sed

2164 5066 2324 5117 missa
2373 5063 2475 5117 hac
2519 5062 2721 5117 ordinis
2754 5062 3179 5132 perturbatione,
3216 5062 3445 5115 tribunal
3496 5062 3546 5115 in
3596 5060 3760 5114 nobis

2166 5156 2291 5224 ipsis
2317 5162 2632 5218 statuamus,
2667 5154 2763 5223 ipsi
2790 5154 3106 5208 delictorum
3146 5161 3450 5207 nostrorum
3481 5154 3621 5222 apud
3655 5167 3760 5206 nos

2160 5248 2328 5313 ipsos,
2356 5253 2715 5309 accusatores,
2757 5243 2987 5313 judiccs,
3020 5254 3074 5298 et
3104 5244 3325 5299 ultores.
3358 5243 3412 5297 Si
3461 5244 3538 5297 vis
3568 5254 3758 5297 autem

2156 5338 2390 5392 aliorum
2418 5345 2565 5407 gesta
2593 5336 2927 5402 examinare,
2972 5336 3113 5392 bona
3157 5352 3342 5406 opera,
3393 5354 3498 5391 non
3535 5346 3759 5405 peccata

2165 5428 2405 5497 explora.
2440 5436 2496 5479 ut
2520 5436 2574 5482 et
2600 5442 2667 5481 ex
2701 5428 2959 5481 memoria
3008 5427 3271 5481 scelermn
3320 5435 3651 5483 nostrorum.
3704 5436 3762 5480 et

2165 5533 2228 5572 ex
2260 5516 2597 5572 mutulatione
2630 5516 2937 5585 proborum,
2965 5527 3021 5570 et
3045 5532 3114 5571 ex
3148 5517 3441 5585 incorrupti
3468 5516 3756 5570 tribunalis

2228 5717 2247 5748 ⁴
2286 5714 2520 5769 Verbum,
2551 5722 2657 5773 Noe,
2685 5713 2826 5761 tlcest
2852 5714 2899 5763 in
2925 5711 3083 5763 Morel.
