4074 6144
385 290 484 343 fil?

383 402 686 474 praesentia,
733 401 971 472 quotidie
1003 401 1154 474 quasi
1196 401 1415 456 stimulo
1454 399 1794 456 conscientiae
1826 414 1958 469 pnn-

379 494 468 559 cti,
519 504 571 548 et
598 493 664 548 ad
697 492 951 562 majorem
993 508 1089 548 nos
1137 492 1487 547 humilitatem
1527 491 1959 561 diligentiamque

380 585 692 649 excitantes,
719 585 894 638 futura
920 598 1307 654 consequamur
1330 583 1490 651 bona,
1529 582 1696 653 gratia
1724 590 1779 636 et
1803 581 1955 636 beni-

1375 285 1439 339 ΙΝ
1472 281 1880 341 ΜΑΤΤΙΙΕΠΜ
1921 282 2150 337 1103111..
2195 282 2351 338 LXV.
2394 284 2468 337 al.
2511 283 2692 341 ιιγι.
2780 328 2792 332 -

3546 293 3644 348 618

2063 398 2262 467 gnitate
2290 398 2497 454 Domini
2532 401 2697 456 nostri
2720 399 2846 456 .lesu
2875 401 3096 468 Christi,
3126 403 3335 479 quicum
3370 405 3510 460 Patri
3543 423 3642 460 una

2064 506 2183 544 cum
2210 492 2406 560 Spiritu
2430 502 2615 546 sancto
2640 493 2832 562 gloria,
2867 494 3170 563 imperium,
3205 494 3396 562 honor,
3429 511 3569 553 nunc
3595 505 3647 552 et

2064 596 2295 652 semper,
2326 591 2380 636 et
2408 583 2459 635 in
2487 583 2679 638 sa-cnla
2705 583 3040 639 saeculorum.
3075 585 3266 642 Amen.

1503 792 1850 852 HOMILIA
1893 791 2086 852 LXV.
2132 791 2218 854 al.
2263 791 2488 854 LXVI.

375 918 504 973 Car.
534 917 625 974 90.
657 933 707 971 v.
742 917 826 973 17.
862 916 926 969 Et
963 916 1236 970 ascendens
1272 916 1422 968 Jesus
1449 913 1841 984 Jerosolymam,
1869 929 1955 966 as-

444 1003 657 1071 sumpsit
684 1001 945 1054 duodecim
984 999 1260 1065 discipulos
1286 1007 1473 1052 secreto
1497 999 1549 1052 in
1589 997 1672 1051 ria
1692 1037 1706 1061 ,
1747 1007 1795 1050 et
1827 997 1957 1050 dixit

450 1096 524 1146 eis
553 1091 686 1146 :18.
737 1091 867 1146 Ecce
909 1091 1226 1146 ascendimus
1251 1088 1620 1160 Jerosolymatu
1642 1130 1657 1153 ,
1703 1097 1746 1142 et
1790 1087 1956 1142 Filius

446 1184 662 1238 hominis
706 1183 934 1236 tradetur
969 1183 1178 1236 summis
1208 1182 1529 1254 pontiﬁcibus
1573 1191 1619 1234 et
1659 1180 1864 1243 scribis,
1908 1191 1955 1234 et

443 1275 846 1330 condcmnabuut
882 1291 994 1328 eum
1020 1283 1179 1328 morte
1208 1290 1226 1327 :
1259 1273 1350 1328 19.
1381 1282 1426 1326 et
1453 1273 1651 1327 tradent
1679 1289 1792 1325 eum
1833 1289 1956 1343 gen-

443 1370 574 1424 tibus
594 1369 662 1422 ad
680 1367 996 1422 illudendum
1015 1377 1064 1422 et
1077 1366 1441 1438 ﬁagellandum
1456 1376 1502 1421 et
1517 1365 1911 1436 cruciﬁgendum
1935 1380 1954 1418 :

442 1471 486 1514 et
514 1459 659 1514 tertia
683 1459 765 1513 die
791 1469 1032 1529 resurget.

442 1550 495 1606 1.
513 1551 626 1606 Non
641 1551 816 1606 statim
834 1565 900 1605 ex
925 1550 1144 1606 Galilaea
1165 1549 1550 1621 .lerosolymam
1573 1547 1834 1611 ascendit,
1857 1546 1950 1601 sed

369 1659 490 1699 cum
538 1646 682 1714 prius
712 1643 965 1698 miracula
993 1652 1258 1714 patrasset
1278 1685 1291 1708 ,
1321 1652 1377 1698 et
1416 1643 1712 1697 Pltarismos
1735 1657 1951 1710 repres-

370 1738 559 1800 sisset,
601 1736 994 1805 discipulosque
1020 1736 1087 1792 de
1117 1744 1426 1806 paupertate
1453 1736 1755 1804 alloquutus
1781 1742 1943 1789 esset.

369 1829 460 1881 Ait
484 1828 646 1890 enim,
681 1827 741 1882 Si
765 1827 837 1880 vis
868 1829 1117 1897 perfectus
1143 1844 1267 1893 esse,
1294 1827 1449 1881 vende
1468 1844 1524 1880 ea
1545 1843 1659 1896 qua:
1684 1828 1868 1881 habes:
1897 1836 1952 1881 ct

371 1919 438 1973 de
466 1919 762 1988 virginitate
786 1957 802 1981 ,
850 1918 946 1982 Qui
989 1928 1144 1987 potest
1173 1934 1353 1987 capere
1375 1961 1389 1984 ,
1423 1917 1590 1987 capiat
1617 1917 1828 1989 (Matth.
1865 1917 1946 1972 l9.

371 2009 458 2066 21.
495 2010 601 2083 12),
638 2011 776 2065 etde
806 2011 1124 2077 humilitate,
1159 2010 1276 2065 Nisi
1304 2011 1526 2064 conversi
1554 2011 1768 2080 fueritis,
1797 2020 1844 2064 et
1875 2014 1950 2081 ef-

364 2105 611 2173 ﬁciamini
629 2105 759 2158 sicut
775 2105 992 2174 paruuli,
1014 2121 1113 2158 non
1140 2104 1389 2157 intrabitis
1406 2104 1457 2156 in
1483 2120 1689 2174 regnum
1712 2101 1950 2156 caelorum

369 2199 595 2264 (Matth.
620 2198 702 2252 18.
721 2197 809 2267 '5),
833 2198 899 2253 de
927 2199 1272 2252 retributione
1295 2199 1345 2252 in
1387 2197 1483 2251 hac
1525 2199 1631 2250 vita
1665 2215 1676 2250 :
1714 2196 1950 2266 Quisquis

367 2291 609 2345 dimiserit
635 2291 831 2357 dantes,
861 2301 947 2344 aut
972 2293 1177 2362 fratres,
1205 2299 1290 2344 aut
1314 2307 1530 2354 sorores,
1557 2290 1840 2359 centuplum
1867 2303 1948 2341 re-

365 2383 516 2451 cipiet
537 2383 591 2436 in
616 2383 711 2437 hoc
750 2383 961 2448 steculo;
988 2391 1042 2436 et
1075 2383 1142 2437 de
1175 2382 1348 2436 futura
1378 2380 1624 2436 mercede
1655 2397 1669 2435 :
1699 2377 1766 2432 Et
1796 2380 1950 2432 vitam

363 2482 603 2527 (sternam
629 2473 896 2543 possidebit
925 2471 1136 2538 (Matth.
1166 2473 1253 2528 19.
1284 2472 1399 2541 ‘29).
1431 2471 1579 2525 Tunc
1613 2468 1826 2525 demum
1855 2484 1947 2523 ac-

363 2565 506 2620 cedit
532 2564 598 2618 ad
628 2564 812 2619 urbem
835 2607 848 2630 ,
876 2579 1106 2634 cumque
1135 2579 1452 2620 ascensurus
1474 2571 1618 2618 esset
1643 2602 1657 2628 ,
1708 2561 1776 2616 de
1823 2574 1945 2631 pas-

363 2655 517 2711 sione
566 2671 775 2710 rursum
836 2655 1086 2726 loquitur.
1129 2655 1262 2722 Quia
1303 2655 1444 2708 enim
1501 2653 1788 2708 verisimile
1832 2659 1948 2706 erat

363 2763 458 2804 eos
480 2789 494 2815 ,
525 2749 615 2818 qui
644 2748 848 2802 nollent
877 2748 974 2802 ista
1007 2747 1282 2811 accidere,
1335 2746 1525 2800 horum
1563 2745 1757 2800 oblitos
1787 2756 1904 2798 esse
1925 2782 1945 2808 ,

364 2840 668 2910 frequenter
729 2839 844 2894 haec
899 2840 951 2894 in
1009 2838 1322 2894 memoriam
1374 2844 1631 2900 revocat,
1683 2831 1948 2904 frequenti

363 2933 871 2986 commemoratione
907 2931 1142 2984 animum
1194 2929 1406 2984 illorum
1452 2942 1710 2984 exercens
1752 2941 1814 2980 ac
1852 2925 1950 2979 do-

361 3024 532 3080 lorem
580 3025 844 3078 minuens.
891 3022 1232 3093 Seorsimque
1278 3022 1398 3076 illos
1453 3020 1752 3075 necessario
1805 3017 1943 3072 allo-

363 3118 591 3188 quitur:
631 3132 806 3187 neque
848 3116 989 3170 enim
1032 3131 1128 3185 par
1171 3123 1286 3171 erat
1321 3114 1436 3169 ha'c
1480 3114 1531 3167 in
1575 3112 1760 3182 vulgus
1799 3110 1949 3166 ell’er-

361 3208 432 3272 ri,
453 3208 536 3262 vel
565 3207 710 3262 clare
737 3206 973 3272 narrari;
1010 3207 1138 3260 nihil
1167 3206 1360 3276 quippe
1386 3205 1510 3259 hinc
1535 3204 1658 3259 boni
1688 3203 1944 3259 emersis-

361 3310 465 3356 set.
513 3300 569 3356 Si
613 3300 762 3354 enim
804 3299 1050 3369 discipuli
1093 3300 1205 3353 luce
1232 3298 1510 3354 audientes
1563 3295 1754 3350 turbati
1785 3303 1941 3359 sunt,

360 3393 528 3446 multo
558 3392 725 3461 magis
752 3392 940 3462 vulgus
971 3391 1242 3445 turbatum
1274 3400 1436 3446 esset.
1481 3388 1616 3458 Quid
1640 3387 1834 3458 igitur?
1865 3388 1943 3440 in-

359 3485 512 3554 quies
537 3526 553 3550 ,
598 3499 773 3538 annon
816 3483 1013 3553 p0pulo
1054 3482 1106 3537 id
1144 3484 1444 3537 nuntiatum
1471 3480 1590 3536 est?
1634 3479 1942 3537 Nuntiatum

359 3575 576 3645 quidem
605 3575 678 3629 illi
708 3583 792 3630 est
814 3617 830 3643 ,
871 3575 963 3630 sed
1006 3591 1110 3629 non
1150 3574 1221 3628 ita
1250 3575 1411 3629 clare.
1443 3573 1574 3628 Nam
1602 3572 1676 3626 ait
1706 3590 1720 3625 :
1753 3570 1945 3626 Solvite

359 3666 601 3737 templum
640 3671 734 3722 hoc
754 3708 770 3733 ,
800 3677 846 3721 et
866 3668 918 3720 in
954 3667 1113 3721 tribus
1141 3667 1313 3721 diebus
1338 3667 1564 3721 excitabo
1601 3664 1732 3719 illud
1763 3663 1940 3736 (Joan.

357 3755 416 3810 2.
449 3755 562 3826 19);
585 3766 660 3824 ct,
681 3756 948 3812 Generatio
974 3759 1082 3811 hac
1100 3759 1296 3829 signum
1321 3758 1518 3825 quierit,
1547 3765 1597 3811 et
1623 3757 1822 3826 signant
1843 3771 1944 3809 non

358 3849 566 3903 dabitur
585 3849 651 3917 ei,
684 3851 782 3905 nisi
801 3851 1000 3921 signum
1025 3849 1175 3905 lance
1194 3851 1452 3921 propheta:
1477 3848 1689 3923 (Matth.
1715 3849 1802 3904 12.
1827 3848 1940 3919 '59);

358 3949 417 3995 et
435 3956 664 4007 rursum,
689 3942 870 3996 Adhuc
897 3950 1049 4011 par‘vo
1077 3951 1298 4012 tempore
1321 3943 1570 3995 vobiscum
1586 3957 1717 4003 sum,
1747 3949 1792 3993 et
1809 3953 1947 4009 qum-

361 4033 485 4087 retis
511 4048 608 4099 me,
642 4042 688 4088 et
711 4049 813 4088 non
842 4034 1100 4088 invenietis
1131 4032 1311 4105 (Joan.
1342 4034 1394 4090 7.
1423 4034 1510 4089 55.
1537 4033 1652 4104 54);
1676 4032 1946 4101 discipulis

362 4137 492 4177 vero
521 4139 628 4178 non
658 4124 754 4190 sic,
785 4123 878 4178 sed
897 4125 1033 4179 sicut
1060 4125 1159 4178 alia
1184 4125 1378 4180 clarius
1403 4123 1632 4189 dixerat,
1663 4125 1739 4178 sic
1766 4131 1824 4179 et
1846 4123 1944 4178 ista

362 4214 618 4270 narravit.
641 4213 747 4271 Sed
769 4229 867 4270 cur
892 4215 1098 4271 dicebat
1120 4257 1135 4282 ,
1177 4217 1220 4270 si
1247 4215 1526 4271 multitudo
1553 4217 1656 4271 vim
1678 4216 1943 4271 dictorum

361 4321 470 4362 non
516 4306 873 4377 intelligebat?
903 4307 970 4363 Ut
1016 4319 1196 4377 postea
1223 4308 1521 4374 discerent,
1553 4324 1674 4364 eum
1705 4317 1758 4364 et
1802 4324 1943 4379 prte-

360 4399 619 4453 scientem
642 4409 695 4454 et
722 4399 972 4456 libentem
1004 4401 1069 4454 ad
1096 4401 1391 4471 passionem
1415 4402 1640 4466 venisse,
1667 4419 1770 4457 non
1799 4404 1946 4472 igno-

362 4499 568 4544 rantem
604 4491 688 4545 vel
727 4500 992 4546 coactum.
1027 4492 1305 4561 Discipulis
1330 4507 1459 4548 vero
1492 4509 1596 4548 non
1627 4493 1745 4548 ideo
1771 4494 1942 4547 solum

362 4578 629 4648 praedixit,
653 4579 746 4635 sed
771 4623 787 4645 ,
819 4580 962 4651 quod
999 4582 1108 4651 jam
1137 4582 1279 4647 dixi,
1326 4591 1382 4636 ut
1420 4584 1814 4653 exspectatione
1855 4583 1942 4636 illa

359 4670 667 4736 exercitati,
719 4670 923 4726 facilius
969 4672 1270 4741 passionem
1317 4673 1556 4739 ferrent,
1604 4689 1668 4728 ne
1693 4675 1736 4726 si
1791 4673 1943 4727 inex-

361 4770 598 4832 spectata
625 4763 942 4830 accidisset,
972 4765 1089 4819 illos
1114 4764 1394 4819 admodum
1425 4765 1773 4834 perturbaret.
1805 4766 1947 4834 Qua-

364 4863 583 4922 pr0pter
630 4854 780 4908 initio
823 4868 1049 4910 mortem
1091 4867 1294 4911 tantum
1339 4857 1614 4925 pra-dixit;
1667 4868 1942 4928 postquam

365 4954 539 5000 autem
574 4945 676 5002 hoc
702 4947 940 5001 meditati
967 4958 1020 5002 et
1048 4949 1098 5003 in
1131 4949 1211 5002 his
1236 4950 1511 5003 exercitati
1535 4949 1758 5012 fuerant,
1787 4959 1946 5005 caete-

365 5051 422 5091 ra
453 5038 630 5092 omnia
660 5039 886 5108 adjecit;
920 5043 1146 5109 exempli
1173 5057 1328 5094 causa
1360 5059 1373 5094 :
1403 5042 1632 5097 ’l‘radent
1666 5057 1786 5096 eum
1818 5059 1946 5112 gen-

364 5129 523 5194 tibus,
553 5130 808 5196 illudcnt,
841 5130 1214 5201 ﬂagellabant:
1244 5143 1348 5186 tum
1393 5133 1488 5188 hac
1517 5134 1583 5188 de
1607 5148 1763 5187 causa
1786 5176 1799 5194 ,
1834 5144 1943 5189 tum

366 5223 524 5277 e1iam
548 5265 562 5288 ,
597 5231 656 5277 ut
686 5239 805 5278 eum
840 5225 952 5279 haec
993 5226 1159 5279 tristia
1188 5225 1463 5288 viderent,
1497 5227 1944 5280 resurrectionem

366 5323 762 5383 exspectarent.
790 5314 921 5368 Nam
948 5317 1033 5384 qui
1060 5315 1251 5380 tristia,
1283 5323 1337 5369 et
1362 5331 1477 5384 qua:
1509 5315 1765 5383 probrosa
1797 5313 1944 5370 vide-

366 5405 595 5472 bantur,
640 5407 1314 5477 non'occultaverat,jure
1339 5408 1478 5461 eirea
1525 5421 1776 5476 prospera
1829 5422 1946 5462 cre-

369 5495 577 5551 dendus
603 5503 740 5548 erat.
761 5491 1039 5559 Perpende
1061 5499 1258 5553 autem,
1274 5489 1540 5556 quomodo
1567 5487 1824 5556 temporis
1848 5501 1946 5556 op-

371 5588 753 5654 portunitatem
799 5583 1071 5638 observet.
1117 5580 1233 5636 Non
1273 5581 1418 5636 enim
1466 5581 1535 5635 ab
1574 5581 1728 5634 initio
1759 5579 1811 5636 id
1843 5579 1947 5635 illis

369 5679 499 5736 dixit
555 5695 623 5734 ne
675 5677 945 5735 turbaret;
985 5688 1158 5737 neque
1208 5673 1263 5728 in
1313 5672 1429 5738 ipso
1483 5683 1750 5743 tempore,
1785 5688 1852 5728 ne
1887 5673 1937 5725 in

2062 929 2346 969 maerorem
2376 914 2684 985 conjiceret;
2704 917 2794 971 sed
2819 927 3094 989 postquam
3127 921 3371 978 idoneam
3403 936 3638 994 potesta-

2062 1005 2130 1060 tis
2163 1006 2328 1076 ipsius
2357 1007 2737 1076 experientiam
2769 1021 3102 1078 acceperant,
3129 1027 3249 1067 cum
3277 1030 3496 1085 magnas
3524 1018 3643 1070 vitae

2060 1109 2273 1154 mterna'.
2298 1099 2679 1169 promissiones
2693 1098 2865 1165 daret,
2898 1110 3020 1156 tunc
3045 1104 3142 1158 hac
3167 1104 3234 1159 de
3258 1121 3315 1161 re
3343 1122 3640 1162 sermonem

2063 1189 2269 1256 inserit,
2300 1191 2465 1245 semel
2496 1199 2549 1245 et
2581 1191 2660 1246 bis
2685 1201 2740 1246 et
2768 1193 2983 1261 plttrics,
3019 1194 3118 1249 hoc
3145 1198 3282 1250 inter
3301 1199 3555 1255 miracula
3591 1211 3642 1254 et

2058 1281 2351 1336 doctrinam
2403 1282 2664 1336 intexens.
2713 1283 2862 1338 Alius
2900 1296 3077 1338 autem
3121 1288 3458 1356 evangelista“
3489 1289 3637 1357 (Luc.

2059 1374 2144 1428 18.
2176 1372 2384 1442 51-54)
2409 1374 2571 1440 dicit,
2603 1375 2773 1444 ipsum
2797 1377 3086 1446 prophetas
3117 1387 3279 1434 testes
3305 1381 3636 1450 produxisse.

2058 1465 2208 1519 Alius
2229 1464 2420 1535 (Marc.
2447 1467 2532 1522 10.
2557 1467 2646 1537 '52)
2671 1484 2798 1524 vero
2820 1471 2924 1536 ait,
2956 1471 3246 1540 discipulos
3272 1473 3409 1528 dicta
3439 1490 3541 1528 non
3567 1476 3642 1528 it:-

2059 1557 2345 1624 tellexisse,
2369 1559 2462 1614 sed
2492 1559 2756 1614 occultum
2806 1561 2969 1618 fuisse
2999 1564 3218 1618 verbum
3255 1565 3404 1634 ipsis,
3439 1577 3491 1621 et
3531 1577 3642 1621 stu-

2056 1646 2292 1717 pefactos
2341 1649 2511 1718 ipsum
2565 1665 2685 1706 esse
2708 1662 2984 1722 seqnntos.
3035 1653 3173 1724 Ergo
3211 1654 3450 1711 sublatus
3491 1667 3638 1722 erat,

2056 1739 2282 1810 inquies,
2315 1741 2672 1810 prdidictionis
2692 1743 2915 1799 fructus.
2942 1746 2998 1800 Si
3025 1748 3168 1801 enim
3197 1749 3527 1815 nesciebant,
3557 1750 3637 1804 in~

2054 1833 2188 1902 quit,
2223 1833 2271 1886 id
2288 1832 2427 1902 quod
2459 1833 2757 1897 audierant,
2783 1850 2880 1890 nec
2908 1845 3221 1905 exSpectare
3248 1849 3510 1907 poterant;
3532 1857 3636 1896 non

2053 1932 2425 1992 exspectantes
2467 1939 2630 1989 vero,
2678 1939 2778 1980 nec
2819 1926 2868 1979 in
2911 1942 3004 1996 spe
3044 1935 3291 1996 poterant
3333 1931 3634 1986 esercitari.

2055 2015 2197 2085 Ergo
2219 2030 2347 2071 vero
2382 2015 2523 2069 aliud
2558 2016 2824 2072 difficilius
2854 2018 3019 2072 allero
3054 2036 3068 2073 :
3096 2019 3139 2073 si
3172 2022 3508 2089 nesciebant,
3542 2040 3639 2079 cur

2055 2108 2378 2164 maerebant?
2396 2109 2545 2164 Alius
2570 2118 2746 2164 tamen
2773 2109 2923 2175 dicit,
2949 2111 3093 2180 ipsos
3114 2121 3337 2170 mrestos
3365 2115 3545 2171 fuisse.
3581 2117 3636 2172 Si

2054 2214 2180 2269 ergo
2220 2201 2564 2266 nesciebant,
2596 2217 2691 2256 cur
2733 2202 3118 2258 tristabantur?
3143 2203 3421 2272 Quomodo
3449 2207 3638 2264 Petrus

2053 2291 2185 2344 dixit
2216 2309 2229 2344 :
2267 2290 2527 2362 Pr0pitius
2554 2293 2642 2346 tibi
2671 2294 2740 2348 sis
2759 2336 2774 2356 .
2819 2311 2918 2348 non
2949 2296 3040 2348 erit
3069 2297 3156 2349 tibi
3182 2297 3276 2351 hoc
3305 2297 3520 2370 (Matth.
3547 2301 3636 2356 16.

2051 2383 2164 2454 29.).
2196 2384 2333 2450 Quid
2374 2399 2501 2455 ergo
2540 2384 2858 2440 dicendum?
2901 2386 3134 2443 Seivisse
3175 2389 3389 2458 quidem
3413 2431 3428 2456 ,
3461 2391 3632 2460 ipsum

2051 2487 2171 2530 esse
2197 2475 2530 2540 moriturum,
2562 2476 2659 2530 etsi
2686 2478 2998 2532 teconomiae
3028 2479 3338 2549 mysterium
3363 2495 3468 2536 non
3491 2481 3637 2540 clare

2051 2565 2244 2620 scirent
2272 2605 2286 2632 ,
2319 2581 2492 2637 neque
2517 2567 2674 2621 etiam
2720 2568 3167 2625 resurrectionem
3195 2571 3339 2628 clare
3371 2573 3595 2628 scivisse
3615 2613 3632 2638 ,

2057 2663 2158 2704 nec
2196 2661 2400 2718 quanta
2445 2651 2594 2705 illam
2622 2665 2803 2708 essent
2838 2668 3113 2713 secutura.
3137 2659 3203 2713 Et
3233 2660 3336 2715 hoc
3362 2674 3480 2716 erat
3506 2664 3635 2721 abs-

2062 2741 2343 2796 conditum
2373 2742 2474 2797 eis.
2497 2741 2613 2798 Hac
2638 2744 2706 2799 de
2737 2759 2902 2801 causa
2947 2747 3226 2806 dolebant.
3249 2753 3404 2809 Alios
3436 2757 3636 2826 quippe

2052 2837 2293 2892 viderant
2331 2845 2574 2894 mortuos
2617 2837 2686 2892 ab
2732 2839 2852 2894 aliis
2895 2841 3177 2909 suscitari;
3216 2857 3339 2898 eum
3381 2858 3508 2897 vero
3545 2845 3633 2912 qui

2050 2929 2283 2997 seipsum
2317 2929 2615 2990 suscitaret.
2645 2939 2804 3000 atque
2835 2931 2905 2985 ita
2931 2933 3233 3000 suscitaret,
3266 2944 3324 2988 ut
3345 2948 3632 3006 numquam

2049 3028 2234 3090 postea
2264 3028 2582 3086 moreretur,
2613 3021 2847 3076 nondum
2879 3022 3142 3079 viderant.
3170 3024 3284 3080 Hoc
3305 3025 3482 3096 igitur,
3533 3028 3632 3082 etsi

2049 3125 2193 3181 saepe
2214 3111 2435 3178 dictum,
2464 3127 2568 3166 non
2593 3112 2981 3184 intelligebant:
3000 3130 3173 3186 neque
3190 3126 3374 3186 aperte
3398 3117 3640 3173 sciebant

2049 3202 2189 3273 quod
2219 3217 2387 3272 genus
2417 3204 2604 3258 mortis
2628 3244 2643 3268 ,
2677 3219 2776 3259 nec
2823 3205 3092 3274 quomodo
3135 3215 3418 3262 venturum
3461 3218 3624 3264 esset.

2050 3294 2280 3365 Ideoque
2328 3295 2612 3365 stupefacti
2654 3303 2841 3363 erant,
2885 3297 3057 3366 ipsum
3105 3307 3430 3368 sequentes;
3463 3313 3634 3369 neque

2050 3385 2171 3441 ideo
2194 3395 2419 3455 tantum,
2451 3387 2577 3454 sed,
2603 3396 2660 3442 ut
2702 3387 2829 3443 mihi
2858 3388 3088 3455 videtur,
3118 3389 3240 3461 quia
3284 3389 3350 3446 de
3382 3391 3632 3461 passione

2049 3478 2294 3549 loquens,
2324 3479 2792 3547 perterrefaciebat
2817 3495 2933 3536 eos.

2120 3570 2175 3624 2.
2206 3571 2347 3626 Nihil
2377 3581 2553 3629 tamen
2573 3574 2758 3628 horum
2782 3573 3026 3630 fiduciam
3046 3575 3174 3647 ipsis
3195 3576 3429 3644 indebat,
3447 3577 3635 3635 etiam-

2050 3662 2092 3717 si
2125 3677 2266 3733 srepe
2296 3664 2365 3720 de
2410 3668 2799 3723 resurrectione
2822 3669 3087 3724 audirent.
3118 3669 3251 3726 Nam
3275 3679 3468 3740 prmter
3483 3687 3634 3727 utor-

2053 3764 2158 3811 tem
2186 3756 2287 3811 hoc
2313 3758 2432 3812 illos
2459 3759 2689 3816 maxime
2717 3761 2981 3828 turbabat,
3013 3762 3154 3832 quod
3179 3763 3430 3818 audirent
3455 3765 3629 3832 ipsum

2050 3845 2379 3902 illudendnm
2418 3858 2470 3902 et
2501 3848 2878 3918 ﬂagellandum
2906 3865 3025 3904 esse
3045 3891 3058 3913 ,
3098 3860 3153 3906 et
3176 3851 3277 3904 alia
3307 3850 3631 3920 hujustuodi,

2050 3937 2182 3993 Cum
2214 3939 2358 3993 enim
2379 3940 2679 4009 cegitabant
2709 3941 2980 4008 miracula,
3013 3942 3369 3999 daemoniacos
3398 3955 3631 4014 curatos,

2050 4039 2290 4085 mortuos
2316 4032 2616 4098 suscitatos,
2650 4041 2705 4088 et
2732 4033 2835 4086 alia
2863 4033 3184 4091 mirabiliter
3214 4035 3374 4102 facta,
3405 4036 3634 4093 deinde.

2049 4135 2154 4192 que
2183 4121 2299 4176 haee
2341 4121 2656 4190 audiebant,
2688 4122 3172 4194 obstupescebant,
3206 4127 3349 4197 quod
3387 4129 3477 4198 qui
3507 4130 3628 4184 talia

2050 4221 2312 4282 patraret,
2347 4214 2470 4269 talia
2511 4229 2762 4284 passurus
2798 4226 2975 4284 esset;
3009 4217 3237 4290 ideoque
3285 4221 3337 4275 in
3387 4237 3630 4293 magnam

2052 4307 2358 4363 incidebant
2391 4307 2795 4372 dubitationem,
2828 4324 2891 4364 ac
2919 4310 3077 4365 modo
3113 4312 3434 4378 credebant,
3475 4315 3637 4370 modo

2052 4415 2156 4453 non
2179 4399 2487 4465 credebant,
2518 4415 2615 4454 nec
2643 4401 2780 4454 dicta
2808 4401 2892 4454 illa
2919 4402 3215 4474 intelligere
3239 4415 3504 4477 poterant.
3531 4407 3632 4463 Us-

2049 4506 2153 4559 que
2179 4491 2312 4544 adeo
2345 4491 2484 4545 enim
2515 4493 2657 4547 clare
2689 4507 2791 4547 non
2822 4493 3184 4564 intelligebant
3207 4539 3223 4562 ,
3255 4506 3313 4552 ut
3339 4499 3431 4552 filii
3462 4499 3637 4555 Zebe-

2049 4579 2152 4635 dmi
2191 4583 2366 4634 statim
2397 4583 2711 4636 accederent
2733 4623 2746 4645 ,
2777 4593 2827 4638 et
2855 4584 2923 4638 de
2949 4586 3121 4654 primo
3146 4601 3400 4642 consessu
3443 4589 3627 4658 loque-

2050 4679 2236 4726 rentur
2265 4687 2279 4724 :
2319 4671 2557 4727 Volumus
2585 4676 2724 4726 enim
2742 4716 2756 4739 ,
2785 4676 2954 4738 aiunt,
2989 4688 3041 4729 ut
3065 4694 3192 4732 unus
3221 4693 3254 4732 a
3279 4679 3469 4734 dextris
3495 4684 3591 4737 tuis
3615 4726 3630 4747 ,

2049 4777 2181 4814 unus
2201 4778 2231 4813 a
2257 4762 2471 4815 sinistris
2495 4762 2667 4815 sedeat
2695 4761 2884 4831 (Marc.
2907 4764 2992 4819 10.
3018 4767 3130 4834 55).
3149 4767 3428 4833 Quomodo
3453 4770 3630 4839 igitur,

2053 4851 2258 4922 inquies
2282 4897 2294 4914 ,
2329 4851 2414 4907 hic
2459 4854 2782 4923 evangelista
2836 4855 3002 4923 dicit,
3043 4861 3334 4916 accessisse
3373 4867 3636 4918 matrem?

2054 4943 2347 5015 Utrumque
2391 4945 2583 5002 factum
2625 4961 2746 5000 esse
2773 4947 3062 5002 verisimile
3099 4961 3200 5004 est.
3243 4951 3462 5009 Matrem
3491 4957 3632 5012 enim

2051 5049 2228 5089 secum
2247 5051 2584 5104 assumpsere
2610 5036 2676 5090 ad
2699 5039 2954 5107 majorem
2978 5041 3418 5111 supplicationem
3441 5045 3635 5104 facien-

2052 5127 2172 5181 dam
2201 5170 2214 5192 ,
2247 5137 2303 5181 ut
2328 5127 2593 5182 Christum
2623 5129 2724 5185 hoc
2755 5130 2913 5186 modo
2941 5132 3237 5189 ﬂeetercnt.
3270 5135 3422 5204 Quod
3451 5151 3628 5196 autem

2052 5235 2175 5274 vere
2204 5220 2517 5289 supplicatio
2543 5236 2724 5276 eorum
2749 5223 2817 5277 sit
2841 5266 2856 5289 ,
2896 5233 2950 5279 et
2975 5225 3113 5294 quod
3155 5242 3263 5293 pne
3295 5228 3495 5298 pudore
3517 5248 3632 5286 ma-

2053 5320 2191 5365 trem
2220 5310 2582 5378 adhibuerint,
2612 5315 2884 5383 perpende
2909 5317 3176 5387 quomodo
3201 5318 3269 5371 ad
3291 5319 3411 5374 illos
3427 5335 3628 5376 sermo-

2051 5417 2190 5457 mcm
2219 5401 2465 5456 Christus
2493 5403 2704 5473 dirigat.

2128 5487 2265 5554 Quid
2296 5502 2406 5540 vere
2431 5495 2654 5556 peterent
2686 5486 2786 5555 ﬁlii
2825 5486 3072 5542 Zebedwi.
3099 5517 3170 5530 —
3191 5489 3302 5546 lmo
3321 5506 3451 5546 vero
3482 5493 3629 5562 prius

2053 5579 2325 5636 discamus
2351 5579 2475 5648 quid
2509 5587 2720 5647 petant;
2751 5595 2858 5644 quo
2886 5582 3050 5635 animi
3083 5585 3378 5652 proposito,
3403 5595 3454 5640 et
3485 5587 3626 5640 unde

2055 5674 2119 5727 ad
2149 5674 2248 5726 hnc
2279 5669 2493 5735 impulsi
2525 5672 2648 5724 sint.
2681 5671 2831 5726 Unde
2858 5687 2982 5741 ergo
3010 5673 3075 5724 ad
3105 5671 3203 5727 hoc
3227 5674 3438 5742 impulsi
3468 5688 3610 5730 sunt.
