4074 6144
425 282 529 337 619

427 397 685 459 Videbunt
714 410 772 452 se
799 412 909 468 prte
939 394 1055 449 aliis
1086 394 1136 448 in
1167 393 1370 447 honore
1396 408 1536 459 esse,
1562 401 1616 446 et
1646 392 1766 445 hinc
1791 407 1846 443 Se
1872 391 2006 460 peti-

425 492 622 545 tionem
655 499 1077 559 consequuturos
1105 502 1224 542 esse
1264 487 1571 555 sperabant.
1614 485 1717 541 Sed
1759 485 1883 551 quid
1916 501 2011 553 pe-

426 582 581 636 tunt?
609 581 742 635 Audi
765 576 924 634 alium
943 576 1325 648 evangelistam
1354 577 1452 630 hoc
1478 576 1621 632 clare
1636 577 2009 645 explicantem.

423 675 573 743 Quod
604 675 768 738 enim,
800 674 986 743 inquit,
1020 686 1183 740 prope
1204 669 1595 740 Jerosolyrnam
1627 677 1831 733 essent,
1861 676 2010 736 puta-

423 774 648 835 rentqne
688 780 908 833 regnum
959 762 1049 816 Dei
1086 762 1305 832 jamjatn
1338 759 1681 813 rerelandnm
1708 773 1830 814 esse
1852 799 1868 824 ,
1894 757 2011 813 inec

428 857 781 926 postulabant.
814 855 1207 908 Existimabam
1235 854 1401 920 enim,
1433 868 1653 921 regnum
1685 851 1811 906 illud
1846 866 2011 921 prope

421 964 538 1001 esse
566 956 621 1001 et
646 948 745 1001 sub
774 963 989 1001 sensum
1011 947 1222 1011 cadere,
1244 960 1381 998 aese
1412 943 1552 1013 quod
1578 944 1823 1012 petebant
1841 942 2009 996 semel

420 1049 779 1108 consequutus
802 1077 818 1102 ,
853 1037 983 1092 nihil
1014 1037 1166 1091 triste
1197 1050 1446 1105 passuros
1473 1050 1593 1089 esse
1619 1051 1631 1087 :
1666 1048 1838 1103 neque
1865 1033 2006 1086 enim

423 1131 548 1185 illud
592 1140 809 1201 propter
857 1131 959 1185 hoc
1003 1130 1173 1198 ipsum
1224 1140 1426 1184 tantum
1467 1129 1757 1199 petebant,
1800 1130 1893 1182 sed
1953 1139 2008 1184 ut

419 1238 687 1276 aerumnas
721 1223 971 1277 vitarent.
1017 1220 1143 1275 Ideo
1175 1220 1420 1276 Christus
1465 1219 1638 1291 primo
1668 1220 1782 1273 illos
1812 1220 1877 1272 ab
1907 1218 2007 1273 hac

424 1316 749 1384 cogitatione
780 1314 1013 1380 abducit,
1042 1313 1232 1381 jnbens
1253 1312 1448 1379 ca'des,
1493 1312 1725 1382 pericula
1752 1321 1806 1366 et
1830 1324 2008 1365 extre-

419 1420 505 1459 ma
551 1421 774 1476 qua-que
798 1416 1126 1474 exSpeCIare.
1158 1403 1247 1457 22.
1294 1401 1514 1457 Potestis
1538 1446 1557 1470 ,
1594 1402 1799 1473 inquit,
1846 1402 2010 1457 bibere

421 1498 653 1563 calicem,
680 1514 824 1568 quem
845 1513 938 1568 ego
963 1496 1207 1549 bibiturus
1237 1494 1393 1549 sum?
1430 1495 1498 1549 At
1528 1509 1687 1548 nemo
1726 1494 2002 1558 turbetur,

420 1590 694 1659 apostolos
719 1590 794 1643 sic
822 1586 1160 1659 imperfectos
1187 1587 1392 1643 videns-
1428 1585 1673 1641 Nondum
1706 1588 1847 1641 enim
1875 1602 2001 1642 crux

421 1684 732 1747 advenerat,
770 1686 1003 1735 nondum
1031 1680 1261 1750 Spiritus
1284 1679 1451 1751 gratia
1479 1679 1598 1734 data
1630 1690 1763 1735 erat.
1788 1680 1842 1735 Si
1874 1682 2006 1739 velis

419 1791 595 1829 autem
632 1776 863 1844 ipsorum
896 1773 1143 1827 virtutem
1174 1772 1434 1834 ediscere,
1458 1782 1578 1842 post
1600 1771 1716 1827 lucc
1743 1773 1859 1827 illos
1881 1788 2008 1827 cos:-

420 1866 615 1924 sidera.
650 1864 963 1933 videbisque
996 1865 1139 1933 ipsos
1169 1863 1314 1917 omni
1345 1864 1536 1918 inorbo
1566 1864 1729 1918 animi
1758 1864 2003 1931 superio-

420 1971 524 2009 res.
562 1956 788 2024 Ideoque
814 1954 956 2007 enim
990 1954 1201 2008 illorum
1230 1952 1663 2023 imperfectiones
1683 1954 1906 2021 revelat,
1951 1964 2009 2009 ut

423 2057 606 2117 postea
633 2049 771 2102 scias
814 2047 1001 2117 quales
1043 2062 1108 2103 ex
1158 2048 1324 2116 gratia
1364 2047 1483 2102 iacti
1514 2048 1642 2102 sint.
1663 2046 1814 2115 Quod
1847 2049 2005 2117 igitur

421 2140 551 2193 nihil
579 2140 859 2207 spirituale
880 2148 1203 2208 quasrerent,
1231 2154 1402 2207 neque
1434 2140 1590 2193 ullam
1620 2140 1833 2209 superni
1857 2140 2008 2210 regni

422 2234 661 2287 notitiam
708 2233 987 2299 haberent,
1034 2231 1158 2286 hinc
1211 2231 1383 2301 palam
1433 2242 1536 2286 est.
1587 2233 1692 2288 Sed
1735 2233 2008 2288 videamus

421 2324 691 2393 quomodo
708 2323 985 2386 accedant,
1010 2334 1061 2377 et
1083 2322 1207 2392 quid
1227 2322 1427 2377 dicant.
1458 2322 1717 2390 Volumus,
1742 2325 2005 2393 inquiunt,

421 2426 475 2468 ut
503 2415 851 2485 quodcumque
878 2414 1168 2484 petierimus
1198 2414 1357 2484 facias
1382 2413 1525 2467 nobis
1574 2414 1760 2483 (Marc.
1795 2417 1880 2470 10.
1910 2416 2002 2471 55.

430 2508 541 2580 '56).
611 2508 917 2577 Respondet
964 2506 1242 2573 Christus,
1293 2505 1428 2572 Quid
1468 2506 1657 2561 vultis?
1707 2507 1822 2561 Non
1865 2508 2005 2578 quod

429 2603 723 2668 ignoraret,
771 2598 863 2652 sed
899 2608 955 2652 ut
986 2607 1200 2667 cogeret
1232 2597 1351 2651 illos
1390 2597 1736 2666 respondere,
1776 2608 1830 2653 et
1861 2599 2009 2653 ulcus

423 2691 764 2761 patefaceret,
796 2702 844 2744 ut
873 2689 1164 2745 remedium
1196 2689 1270 2743 illi
1301 2688 1598 2744 adhiberet.
1632 2689 1708 2744 Illi
1734 2706 1861 2744 vero
1889 2705 2010 2745 eru-

421 2783 726 2849 bescentes,
775 2784 915 2852 quod
959 2799 1025 2837 ex
1077 2783 1310 2837 humano
1350 2782 1541 2837 allecto
1566 2799 1631 2837 eo
1656 2784 1890 2838 animum
1917 2798 2012 2853 ap-

423 2876 703 2945 pulissent,
736 2875 959 2929 seorsim
991 2875 1057 2927 ab
1083 2874 1203 2929 aliis
1230 2873 1505 2942 discipulis
1528 2873 1812 2929 abductum
1848 2875 2013 2931 inter-

422 2975 695 3037 rog:~ruat.
728 2966 1133 3021 Prmcesserunt
1162 2965 1327 3029 enim,
1376 2965 1562 3034 inquit,
1605 2982 1671 3021 ne
1708 2966 2011 3036 deprehen-

421 3058 678 3113 derentur
725 3059 792 3111 ab
841 3058 997 3123 aliis,
1049 3067 1101 3111 et
1146 3057 1225 3111 sic
1268 3072 1388 3124 qua:
1443 3057 1692 3112 volebant
1736 3058 2005 3114 dixerunt.

428 3148 687 3204 Volebam
735 3158 939 3213 autem,
990 3157 1046 3202 ut
1092 3163 1192 3218 ego
1245 3147 1495 3213 arbitror,
1542 3150 1665 3220 quia
1699 3150 2004 3217 amlierunt,

425 3242 676 3295 Sedebitt's
704 3257 855 3309 super
878 3242 1084 3294 thronos
1110 3242 1374 3296 duodecim
1399 3242 1613 3312 (Matth.
1636 3242 1721 3299 l9.
1753 3244 1869 3314 28),
1906 3245 2009 3315 pri-

432 3352 576 3390 nnnn
606 3350 917 3391 censessnm
945 3336 1252 3404 impetrare.
1300 3335 1550 3391 Sciebant
1590 3352 1750 3405 porro
1790 3353 1847 3391 se
1876 3338 2013 3392 alios

427 3428 778 3493 antecedere;
825 3428 1082 3481 timebant
1110 3442 1235 3481 vero
1262 3427 1503 3493 Petrum,
1550 3444 1612 3481 ac
1649 3428 1832 3483 dicunt
1864 3448 1877 3481 :
1910 3427 2009 3484 Dic

425 3535 480 3577 ut
524 3524 693 3577 sedeat
734 3539 863 3575 unus
899 3539 929 3573 η
978 3522 1166 3575 dextris
1193 3522 1312 3588 tuis,
1341 3532 1387 3575 et
1418 3539 1548 3575 untts
1573 3539 1604 3575 a
1632 3524 1850 3577 sinistris
1879 3540 1897 3576 :
1929 3524 2009 3589 ip-

426 3630 651 3686 sumque
678 3624 867 3683 urgent
899 3613 1001 3668 ltoc
1025 3615 1207 3676 Verbo,
1240 3612 1358 3665 Dic.
1388 3612 1521 3681 Quid
1572 3614 1727 3683 igitur
1774 3614 1903 3668 ille?
1939 3612 2009 3669 Ut

424 3711 671 3763 ostendat
703 3707 824 3760 illos
856 3722 953 3760 nec
985 3706 1262 3775 spirituale
1289 3705 1561 3775 quidpiam
1596 3715 1795 3774 petere,
1840 3720 2010 3775 neque

428 3800 473 3855 si
518 3801 717 3854 scirent
761 3798 884 3867 quid
932 3796 1033 3850 hoc
1076 3805 1239 3861 esset,
1286 3810 1536 3865 umquam
1578 3807 1757 3864 petere
1786 3808 2010 3850 ausuros

430 3891 615 3952 fuisse,
644 3889 716 3944 ait
751 3906 766 3946 :
794 3887 883 3942 9.2.
921 3885 1139 3941 Nescitis
1164 3888 1286 3955 quid
1315 3888 1533 3957 petatis;
1569 3902 1725 3956 quam
1760 3902 2008 3956 magnum

424 3996 620 4050 nempe
660 3980 749 4043 sit,
779 3994 937 4047 quam
972 3978 1235 4041 mirabile,
1279 3995 1437 4047 quam
1481 3991 1696 4047 superet
1729 3978 1871 4048 ipsas
1919 3994 2009 4032 su—

426 4087 619 4141 pernas
662 4078 971 4140 potestates.
1008 4069 1205 4123 Deinde
1235 4069 1505 4138 subjungit
1540 4087 1551 4121 :
1591 4068 1807 4123 Potestis
1846 4070 2010 4124 bibere

422 4162 651 4227 calicem,
678 4178 824 4230 quem
851 4178 941 4231 ego
967 4160 1211 4213 bibiturus
1243 4176 1353 4213 sum
1372 4200 1386 4223 ,
1421 4170 1463 4212 et
1494 4160 1761 4228 baptismo,
1790 4178 1889 4229 quo
1918 4178 2008 4231 ego

422 4254 669 4324 baptizor,
710 4249 1189 4321 baptizariiblarc.
1220 4249 1305 4304 l0.
1350 4250 1485 4317 58)?
1519 4250 1702 4304 Viden’
1741 4252 2009 4320 quomodo

424 4348 603 4403 statim
644 4346 713 4400 ab
752 4347 851 4398 Irae
896 4332 1144 4413 Opinione
1198 4343 1319 4397 illos
1357 4343 1604 4405 abducat,
1657 4359 1686 4396 a
1727 4346 2009 4401 centrariis

424 4442 569 4510 ipsos
598 4437 916 4507 alloquens?
949 4434 1056 4489 Vos
1078 4434 1289 4505 quidem
1319 4435 1387 4487 de
1418 4433 1620 4488 honore
1650 4436 1820 4505 deque
1847 4451 2007 4489 coro-

425 4533 509 4587 nis
553 4546 761 4586 mecutn
800 4527 1099 4597 loquimini,
1152 4525 1355 4595 inquit;
1405 4541 1505 4596 ego
1554 4542 1679 4580 vero
1726 4526 1792 4580 de
1832 4536 2007 4582 09:13-

426 4627 658 4680 Iniuibus
684 4622 831 4678 etde
859 4621 1147 4677 sudoribus
1177 4619 1385 4689 loquor.
1432 4619 1547 4673 Non
1597 4631 1676 4675 est
1716 4620 1860 4674 enim
1908 4619 2008 4673 hoc

422 4717 765 4787 pra-miorum
804 4725 1031 4784 tempus,
1066 4727 1240 4781 neque
1284 4726 1424 4765 nunc
1447 4712 1613 4781 gloria
1647 4712 1728 4764 illa
1764 4727 1880 4767 mea
1910 4727 2007 4781 ap-

428 4809 636 4881 parebit
661 4825 676 4874 ;
726 4806 820 4863 sed
854 4820 1090 4877 pra-scus
1116 4805 1219 4857 vita
1249 4814 1329 4858 est
1360 4803 1606 4867 etodium,
1629 4802 1750 4856 belli
1774 4815 1836 4857 ac
1863 4804 1973 4873 peri
1992 4834 2004 4841 -

420 4900 685 4954 cnlorurn.
733 4898 797 4951 Et
839 4898 957 4951 vide
1006 4911 1113 4965 quo
1164 4905 1317 4964 pacto
1355 4910 1421 4950 ex
1454 4894 1615 4949 modo
1647 4896 2004 4963 interrogandi

419 5001 477 5046 et
521 4990 763 5044 hortetur
808 4999 864 5041 et
908 4987 1099 5042 trahat.
1145 4985 1328 5056 Neque
1372 4987 1515 5041 enim
1560 4986 1729 5050 dixit,
1777 4986 2006 5041 Potestis

420 5081 622 5135 caulem
657 5078 870 5132 ferre“!
895 5078 1119 5147 potestis
1148 5077 1458 5146 sanguinem
1487 5086 1719 5133 vestrum
1754 5076 2009 5132 fundere?

420 5173 515 5229 sed
559 5170 869 5243 quomodo?
918 5167 1134 5222 Potestis
1179 5167 1342 5222 bibere
1383 5168 1638 5222 calicem?
1666 5169 1865 5224 Deinde
1893 5169 2008 5222 alli-

418 5268 568 5322 ciens
596 5281 691 5321 eos
717 5264 792 5318 ait
821 5280 837 5318 :
869 5261 1029 5330 Quem
1059 5277 1149 5330 ego
1175 5259 1421 5314 bibiturus
1448 5277 1562 5314 sum
1609 5276 1628 5315 :
1672 5271 1729 5315 ut
1767 5278 1832 5317 ex
1877 5278 2005 5317 con-

422 5360 587 5412 sortio
615 5374 712 5412 suo
740 5356 1095 5429 promptiores
1125 5353 1332 5409 tierent.
1388 5353 1654 5423 Baptisms
1694 5366 1869 5409 autem
1908 5372 2002 5409 vo-

418 5461 497 5503 rat
544 5451 693 5515 illud,
742 5449 1031 5505 ostendens
1077 5463 1321 5518 magnam
1350 5446 1474 5502 inde
1516 5448 1882 5517 purgationem
1911 5449 2005 5503 toti

419 5542 532 5596 orbi
582 5542 714 5595 lore.
760 5540 948 5595 Postea
990 5540 1174 5595 dicunt
1219 5539 1316 5603 illi,
1359 5537 1662 5594 Possumus.
1716 5539 1793 5594 Ex
1839 5539 2002 5594 animi

481 5719 495 5749 ¹
526 5724 649 5770 Hier.
682 5716 874 5767 t'utcstis
897 5715 1080 5765 ardent
1106 5714 1252 5775 ferre,
1276 5713 1454 5762 desunt
1478 5717 1524 5761 in
1554 5713 1712 5762 \torel.

1115 281 1170 334 S.
1213 276 1490 334 .IU.\;\'.\'IS
1526 276 1991 333 CllltYSt)STO\li
2036 277 2351 333 ARCIIIEP.
2395 244 2930 337 CONSTANTINOP.

3596 288 3706 349 6‘30

2120 390 2329 446 fervore
2356 394 2530 445 statim
2564 394 2899 463 promittunt,
2947 398 3243 453 nescientis
3275 398 3395 468 quid
3426 399 3698 467 dicerent,

2118 481 2211 534 sed
2274 493 2678 549 exsitectantes,
2748 500 2806 539 se
2848 486 2989 555 quod
3033 487 3277 555 petebant
3325 490 3701 558 impetraturos

2116 588 2254 626 essm
2282 573 2417 642 Quid
2449 576 2605 645 igitur
2634 577 2765 631 ille?
2807 578 2895 631 95.
2926 577 3143 633 Calicem
3187 580 3386 647 quidem
3430 598 3594 635 meum
3628 581 3698 635 bi-

2116 664 2269 731 betis,
2316 677 2360 720 et
2400 668 2719 738 baptismate,
2761 688 2858 741 quo
2900 687 2990 742 ego
3034 673 3280 742 bapttzor,
3323 674 3700 741 baptizabimini

2119 756 2308 827 (Marc.
2342 758 2429 813 l0.
2459 760 2572 830 ⁸59).
2616 761 2799 830 Magna
2848 762 2955 816 illis
2996 763 3330 832 prophetarit
3375 763 3546 830 bona;
3600 766 3701 820 hoc

2115 856 2217 912 est,
2249 848 2503 920 Martyrio
2533 851 2901 921 dignabiniini,
2931 864 2983 908 et
3014 854 3125 908 lucc
3157 855 3428 924 patiemini
3454 872 3573 925 qua:
3600 872 3702 923 ego

2120 941 2311 1008 patiar,
2341 942 2573 998 violenta
2606 957 2779 1000 morte
2821 949 2979 999 vitam
3031 949 3403 1014 terminabitis,
3433 950 3484 1003 in
3513 949 3701 1020 hiSque

2121 1034 2248 1087 mihi
2311 1050 2588 1092 consortes
2655 1042 2823 1094 eritis.
2882 1042 3072 1096 Sedere
3111 1052 3277 1097 autem
3318 1044 3387 1096 ad
3444 1044 3699 1098 dexteram

2115 1143 2275 1178 meum
2321 1138 2367 1181 et
2411 1128 2478 1180 ad
2520 1132 2778 1185 sinistram
2824 1150 2922 1186 non
2964 1145 3034 1187 est
3080 1151 3244 1188 meum
3291 1134 3433 1201 dare,
3466 1137 3556 1189 sed
3582 1136 3698 1207 qui-

2111 1216 2202 1269 bus
2253 1230 2484 1286 paratum
2526 1232 2597 1275 est
2634 1240 2664 1274 a
2710 1222 2860 1277 I’atre
2905 1242 3032 1281 meo.

2188 1312 2222 1363 5
2287 1313 2571 1382 Pestquam
2606 1315 2815 1369 illorum
2857 1318 3063 1369 anitnos
3087 1318 3285 1382 erexit,
3333 1318 3697 1372 subliuriores-

2114 1419 2217 1471 que
2257 1404 2399 1469 fecit,
2448 1408 2669 1477 illosque
2697 1425 2928 1466 nttBrore
2957 1414 3263 1476 superiores
3293 1412 3542 1473 reddidit,
3576 1423 3699 1467 tunc

2112 1497 2318 1552 illorum
2351 1501 2655 1568 petitionem
2681 1504 2918 1572 corrigit.
2967 1505 3069 1559 Sed
3107 1503 3231 1574 quid
3258 1513 3341 1558 est
3380 1504 3519 1574 quod
3560 1521 3697 1557 nunc

2109 1587 2344 1643 dicitur?
2372 1589 2503 1645 Nam
2537 1592 2643 1647 duo
2672 1605 2981 1662 quaeruntur
3010 1613 3038 1649 a
3072 1595 3289 1659 multis;
3339 1598 3531 1664 primo,
3568 1612 3693 1649 num

2113 1689 2353 1750 paratum
2384 1683 2612 1753 cuipiam
2649 1687 2718 1739 sit
2759 1687 2947 1740 sedere
2974 1704 3000 1737 a
3031 1687 3233 1741 dextris
3254 1687 3408 1754 ejus;
3439 1688 3692 1753 secnmlo,

2112 1786 2239 1824 num
2283 1773 2518 1827 omnium
2552 1774 2804 1830 Dominus
2833 1792 2937 1830 nim
2964 1779 3124 1845 possit
3152 1778 3254 1832 illis
3287 1778 3546 1846 prtebere,
3583 1780 3703 1847 qui-

2111 1862 2208 1915 bus
2230 1874 2468 1930 paratum
2493 1876 2595 1922 est.
2614 1866 2749 1935 Quid
2776 1883 2902 1937 ergo
2925 1880 3005 1924 est
3038 1869 3199 1924 illud?
3224 1869 3276 1925 Si
3302 1870 3528 1942 primam
3555 1887 3685 1939 qna:-

2110 1954 2337 2009 stionem
2383 1957 2719 2024 solverimus,
2766 1960 2997 2013 secunda
3025 1962 3163 2014 clara
3193 1961 3695 2030 eritqmerentibns.

2110 2046 2248 2110 Quid
2290 2062 2417 2117 ergo
2460 2048 2587 2103 illttd
2632 2050 2757 2104 est?
2802 2050 2968 2105 Nemo
3000 2051 3064 2105 ad
3092 2051 3363 2106 dexteram
3395 2053 3510 2122 ejus
3544 2054 3675 2109 sede

2114 2138 2208 2198 bit.
2257 2154 2428 2209 neque
2462 2138 2528 2194 ad
2572 2141 2861 2195 sinistram.
2911 2141 3216 2197 lnaceessus
3242 2144 3382 2199 enim
3411 2155 3492 2200 est
3521 2149 3694 2201 omni-

2114 2230 2213 2283 bus
2264 2230 2487 2286 thronus
2534 2230 2625 2286 ille
2676 2249 2690 2285 :
2741 2248 2848 2286 non
2890 2232 3194 2288 horninibus
3225 2245 3428 2291 tantum
3459 2238 3600 2305 dico,
3646 2249 3700 2294 et

2113 2326 2312 2378 sanctis
2341 2336 2394 2378 et
2424 2326 2698 2394 apostolis,
2746 2326 2839 2380 sed
2880 2328 3039 2380 etiam
3070 2328 3296 2397 angelis,
3338 2331 3696 2400 archangelis,

2114 2425 2168 2469 et
2206 2414 2455 2469 omnibus
2493 2417 2737 2484 supernis
2785 2418 3157 2485 potestatibus.
3186 2418 3337 2487 Quod
3378 2422 3525 2490 quasi
3564 2437 3700 2490 pra:-

2113 2506 2402 2575 rogativam
2454 2506 2720 2577 Unigeniti
2763 2510 2909 2576 ponit
2956 2508 3151 2563 Paulus
3191 2510 3378 2565 dicens
3406 2528 3420 2565 :
3450 2512 3530 2564 Ad
3552 2529 3702 2582 quem

2111 2608 2275 2652 autem
2304 2599 2595 2668 angelorum
2637 2600 2764 2652 dixit
2804 2616 3039 2669 umquam
3069 2616 3087 2654 :
3119 2601 3253 2656 Sede
3279 2619 3311 2655 a
3338 2602 3526 2657 dextris
3554 2606 3695 2669 meis,

2114 2689 2271 2743 donec
2314 2706 2497 2758 ponam
2525 2690 2754 2744 inimicos
2790 2701 2900 2745 tuos
2936 2692 3205 2746 scabellum
3248 2694 3429 2762 pedum
3458 2702 3701 2756 tuorum?

2115 2781 2181 2835 Et
2234 2784 2301 2835 ad
2349 2782 2555 2853 angelos
2607 2784 2807 2853 quidem
2856 2785 2968 2838 ait:
3011 2784 3110 2850 Qui
3161 2786 3283 2857 facit
3333 2787 3538 2857 angelos
3583 2804 3700 2843 suos

2111 2876 2356 2946 spiritus;
2406 2878 2473 2929 ad
2520 2875 2711 2930 Filium
2758 2886 2958 2942 autem,
2985 2876 3218 2932 Tltronus
3251 2888 3400 2942 tuus,
3431 2877 3605 2945 Deus,
3644 2880 3697 2934 in

2120 2968 2365 3023 stvt‘ulnm
2418 2969 2592 3023 δανειάὶ
2638 2968 2823 3037 (llebr.
2868 2969 2920 3022 l.
2969 2969 3056 3024 l5.
3104 2968 3159 3025 7.
3200 2969 3265 3034 8;
3304 2968 3450 3025 Psal.
3496 2971 3614 3028 109.
3648 2973 3694 3040 l;

2120 3060 2241 3114 103.
2269 3062 2323 3125 tl;
2352 3060 2441 3114 44.
2467 3058 2541 3131 7).
2583 3059 2861 3126 Quomodo
2888 3061 3044 3127 igitur
3074 3060 3218 3123 dicit,
3254 3060 3445 3116 Sedere
3471 3072 3637 3116 autem
3666 3081 3695 3117 a

2113 3151 2303 3205 dextris
2346 3161 2391 3205 et
2432 3151 2649 3204 sinistris
2676 3168 2776 3204 nou
2819 3161 2891 3204 est
2929 3168 3093 3206 meum
3122 3152 3290 3207 dare?
3316 3169 3381 3207 an
3405 3153 3544 3222 quod
3577 3156 3696 3225 qni-

2112 3243 2231 3297 dam
2259 3242 2367 3297 sint
2389 3245 2479 3313 qui
2507 3244 2703 3298 sessuri
2748 3245 2909 3299 sunt?
2947 3245 3181 3310 Minime,
3228 3246 3366 3305 absit
3412 3265 3426 3301 :
3471 3248 3564 3302 sed
3610 3264 3697 3302 re-

2112 3336 2328 3404 spondit
2356 3335 2648 3390 secundum
2676 3336 2983 3405 Opinionem
3014 3337 3480 3406 interrogantium,
3509 3354 3697 3393 eorum

2113 3427 2404 3480 intirrnitati
2437 3442 2494 3481 se
2536 3436 2916 3496 attetnperans.
2946 3426 3129 3498 Neque
3152 3430 3295 3483 enim
3327 3430 3525 3499 aliquid
3554 3430 3697 3484 scie-

2113 3518 2240 3571 bant
2282 3516 2349 3572 de
2388 3517 2603 3571 sublimi
2654 3519 2741 3573 illo
2792 3521 3018 3584 throno,
3060 3535 3233 3590 neque
3263 3519 3328 3574 de
3358 3521 3485 3575 sede
3515 3521 3601 3574 illa
3629 3521 3696 3576 ad

2111 3608 2384 3663 dexteram
2418 3608 2611 3674 Patris,
2662 3610 2875 3679 quando
2903 3612 3064 3666 etiam
3098 3611 3179 3666 his
3218 3612 3373 3681 longe
3406 3613 3692 3676 inferiora,

2112 3715 2231 3768 qua:
2270 3699 2507 3767 quotidie
2551 3699 2659 3755 illis
2707 3700 3129 3769 incuICabantur,
3175 3704 3492 3773 ignorabant
3538 3721 3554 3759 :
3602 3705 3695 3759 sed

2113 3805 2274 3844 unum
2305 3798 2509 3844 tantum
2540 3792 2868 3860 quaarebant,
2903 3802 2959 3845 ut
3000 3792 3201 3862 primos
3230 3809 3514 3849 consessus
3543 3804 3696 3850 terre-

2113 3890 2252 3947 rent,
2294 3890 2349 3936 et
2390 3894 2515 3936 ante
2540 3882 2675 3936 alios
2709 3884 2978 3949 sederent,
3008 3894 3166 3953 atque
3191 3885 3330 3954 apud
3366 3886 3513 3939 illum
3540 3902 3569 3939 a
3598 3902 3697 3940 ne-

2112 3975 2256 4030 mine
2302 3975 2771 4045 prmccderentur;
2824 3977 2967 4045 quia,
3018 3986 3076 4030 ut
3101 3977 3208 4046 jam
3240 3978 3372 4042 dixi,
3416 3976 3697 4034 Duodecim

2111 4067 2318 4121 thronos
2340 4066 2636 4131 audierant,
2674 4068 2976 4137 ignorantes
3001 4068 3124 4136 quid
3155 4068 3256 4123 hoc
3282 4079 3445 4132 esset,
3468 4070 3695 4138 primum

2112 4172 2422 4211 consessum
2472 4159 2817 4228 qnazsierunt.
2880 4158 2991 4212 Hoc
3035 4160 3213 4229 itaque
3248 4160 3377 4213 dicit
3406 4160 3649 4213 Christus
3681 4178 3695 4213 :

2114 4247 2339 4318 Propter
2368 4264 2454 4303 me
2485 4248 2698 4318 quidem
2728 4249 3046 4313 moriemini,
3090 4258 3144 4303 et
3181 4264 3276 4319 pro
3316 4250 3698 4320 pra‘dicatione

2117 4338 2554 4407 inunolabitnini,
2610 4351 2996 4409 consortesque
3043 4341 3173 4395 mihi
3225 4342 3487 4411 passionis
3526 4343 3694 4395 eritis.

2112 4430 2293 4498 Neque
2339 4441 2515 4487 tamen
2566 4432 2666 4487 hoc
2710 4432 2839 4487 satis
2883 4442 2985 4499 est,
3031 4442 3086 4486 ut
3123 4433 3349 4502 primum
3385 4447 3694 4487 consessmn

2112 4527 2263 4579 vobis
2298 4526 2566 4592 conciliet,
2603 4535 2764 4596 utque
2814 4527 3041 4596 primum
3074 4526 3317 4581 ordinem
3348 4528 3591 4581 teneatis.
3639 4527 3694 4579 Si

2110 4619 2228 4688 quis
2275 4634 2403 4673 vero
2431 4618 2565 4673 alius
2594 4619 2800 4673 venerit
2839 4619 3153 4690 martyrium
3198 4633 3407 4688 passus,
3447 4620 3698 4673 virtutes-

2109 4728 2212 4779 que
2253 4713 2385 4766 alias
2410 4727 2597 4767 omnes
2627 4713 2866 4767 obtineat
2903 4712 3190 4781 perfectius
3216 4728 3371 4781 quant
3401 4726 3495 4766 vos
3526 4729 3540 4764 :
3571 4711 3692 4767 licet

2111 4822 2204 4858 vos
2226 4820 2325 4874 ego
2348 4805 2586 4875 diligam,
2619 4816 2674 4859 et
2701 4804 2821 4859 aliis
2851 4820 3179 4874 przeponam,
3200 4819 3305 4858 non
3337 4803 3457 4858 ideo
3478 4805 3697 4872 repulso

2111 4898 2224 4964 illo,
2259 4900 2347 4969 qui
2378 4915 2440 4954 ex
2471 4900 2722 4969 operibus
2762 4898 3101 4968 praedicatur,
3131 4896 3283 4951 vobis
3311 4897 3509 4965 primas
3533 4896 3692 4949 dabo.

2111 4990 2306 5045 Verum
2337 4989 2450 5043 Iuec
2482 4991 2549 5043 ita
2583 5006 2686 5043 non
2718 4988 2871 5052 dixit,
2916 5003 2984 5043 ne
3008 4987 3250 5043 dolorem
3285 4987 3544 5051 inferret;
3599 4986 3692 5041 sed

2109 5081 2441 5151 aurigmatice
2483 5080 2533 5135 id
2580 5080 2881 5134 subindicat
2922 5080 3107 5135 dicens
3158 5096 3173 5132 :
3220 5077 3441 5134 Calicem
3494 5077 3694 5145 quidem

2110 5189 2272 5225 nteant
2300 5173 2493 5237 bibatis,
2526 5182 2572 5227 et
2601 5172 2916 5243 baptismate,
2954 5187 3051 5241 quo
3076 5186 3167 5241 ego
3188 5170 3435 5241 baptisor,
3466 5170 3694 5239 baptiza-

2108 5262 2285 5316 bimini
2314 5279 2332 5316 :
2360 5264 2531 5317 sedere
2558 5274 2724 5316 autem
2763 5263 2830 5315 ad
2858 5262 3088 5316 dextram
3138 5270 3185 5314 et
3229 5261 3487 5315 sinistram
3534 5277 3693 5313 meum

2109 5363 2304 5408 nonest
2333 5370 2495 5407 meum
2525 5355 2665 5419 dare,
2706 5354 2795 5407 sed
2836 5354 3013 5423 quibus
3058 5362 3296 5419 paratum
3346 5364 3421 5406 est
3459 5371 3491 5405 a
3543 5351 3694 5406 Putre

2110 5462 2241 5498 meo.
2290 5444 2617 5513 Quibusnam
2668 5456 2905 5515 paratum
2954 5449 3075 5499 est?
3121 5445 3187 5498 lis
3227 5443 3411 5513 quiab
3439 5444 3693 5512 operibus

2114 5547 2334 5605 pes-sunt
2376 5538 2647 5606 conspicui
2688 5538 2977 5592 evadere'.
3034 5537 3156 5593 Ideo
3204 5551 3308 5591 non
3352 5534 3525 5598 dixit,
3578 5534 3690 5589 Non

2175 5721 2189 5745 ‘
2222 5717 2328 5774 Alii,
2357 5720 2547 5779 possunt
2571 5713 2851 5777 insigniores
2876 5717 3092 5766 eradere.
