4074 6144
401 323 498 380 891

399 453 476 494 est
523 455 700 495 meum
746 439 896 507 dare,
947 440 1043 496 sed
1093 441 1263 496 Patris
1309 442 1434 508 mei,
1474 458 1541 498 ne
1566 443 1684 513 quis
1710 439 1978 497 infirmum

399 530 618 598 diceret,
656 533 806 601 quasi
850 547 957 587 non
1003 543 1182 602 posset
1221 534 1310 588 ille
1349 538 1651 589 mercedem
1682 533 1827 588 dare.
1871 533 1979 588 Sed

400 621 708 690 quomodo?
738 621 858 676 Non
887 633 956 678 est
993 640 1179 691 meum,
1213 625 1302 678 sed
1329 626 1392 678 iis
1418 627 1595 695 quibus
1624 633 1856 696 paratum
1885 633 1978 679 est.

401 711 465 767 lit
495 722 675 765 autem
706 712 757 766 id
790 713 929 782 quod
958 714 1078 769 dico
1104 715 1301 769 clarius
1327 717 1416 781 sit,
1444 717 1691 786 exemplo
1722 716 1850 770 illud
1881 731 1978 772 cx-

397 802 679 874 plicemus,
722 811 780 859 et
823 819 1081 874 ponanms
1119 821 1240 860 esse
1269 807 1548 876 quemdam
1579 806 1975 872 agonothetam,

394 894 588 949 deinde
639 896 834 950 multos
891 897 1119 953 athletas
1176 899 1407 968 Optimos
1461 901 1512 954 in
1557 901 1658 955 hoc
1705 909 1975 956 certamen

394 985 746 1052 descendere,
779 997 833 1042 et
877 993 1190 1045 accedentes
1242 991 1376 1046 duos
1428 992 1656 1047 athletas
1681 995 1976 1062 agninitbe-

395 1077 500 1132 tha:
531 1079 764 1134 maxime
808 1079 1098 1135 f'amiliores
1140 1082 1342 1144 dicere.
1389 1083 1494 1138 Fac
1543 1094 1600 1137 ut
1655 1098 1977 1138 cereuemur

394 1184 448 1228 et
515 1177 943 1246 promulgemur,
1007 1176 1122 1247 ejus
1189 1177 1434 1232 amicitia
1487 1187 1542 1232 et
1589 1179 1975 1234 benevolentia:

394 1265 615 1320 fidentes
641 1282 656 1330 ;
689 1267 838 1322 illum
871 1283 998 1322 vero
1027 1270 1355 1339 respondere
1378 1312 1394 1337 ,
1418 1270 1533 1324 Non
1561 1279 1642 1324 est
1669 1288 1844 1326 meum
1873 1271 1975 1326 hoc

392 1359 521 1410 dare
565 1357 741 1421 vobis,
790 1358 882 1413 sed
928 1358 1120 1428 quibus
1146 1361 1214 1414 ob
1243 1361 1452 1416 labores
1477 1372 1529 1416 et
1557 1363 1781 1417 sudores
1816 1379 1974 1434 para-

393 1458 498 1501 lmn
520 1458 602 1502 est
631 1465 644 1500 :
679 1464 801 1502 num
830 1465 957 1520 ergo
990 1451 1137 1504 illum
1181 1452 1379 1505 nullius
1406 1467 1526 1507 esse
1556 1457 1808 1522 potentire
1828 1453 1971 1522 judi-

389 1540 666 1595 cabimus?
725 1541 1066 1611 Nequaquam
1099 1561 1110 1596 :
1142 1542 1234 1597 sed
1261 1545 1330 1598 ob
1355 1544 1611 1613 justitiam
1638 1545 1971 1614 a’qnitalcnto

387 1645 492 1700 que
519 1630 872 1686 laudabimus.
905 1631 972 1688 Ut
1009 1633 1166 1704 igitur
1195 1634 1343 1688 illum
1378 1650 1482 1689 non
1511 1635 1836 1702 diceremus,
1881 1651 1970 1690 co-

386 1734 571 1773 ronam
617 1721 738 1777 ideo
780 1739 885 1777 non
930 1723 1079 1786 dare,
1132 1725 1270 1793 quod
1315 1739 1416 1779 non
1462 1734 1662 1794 posset,
1706 1725 1799 1780 sed
1829 1725 1970 1795 quod

386 1814 551 1868 nollet
580 1814 748 1885 legem
791 1817 1141 1870 certamimnn
1183 1818 1394 1882 violare,
1446 1834 1617 1888 neque
1653 1819 1788 1889 juris
1823 1820 1968 1873 ordi-

387 1920 507 1958 nem
539 1906 789 1962 turbare:
819 1908 896 1962 sic
941 1917 996 1962 et
1033 1907 1302 1963 Christum
1337 1909 1449 1965 hsce
1482 1909 1685 1966 dixisse
1723 1911 1968 1966 credide-

385 1997 508 2060 rim,
539 1998 774 2068 undique
805 1999 925 2053 illos
959 2002 1335 2067 concitantem,
1380 2012 1434 2056 ut
1469 2014 1586 2073 post
1615 2004 1710 2059 Dei
1742 2005 1966 2074 gratiam

386 2087 440 2140 in
491 2087 630 2141 bona
665 2104 826 2158 opera
876 2103 970 2144 sua
1018 2106 1165 2160 spem
1210 2092 1395 2147 salutis
1420 2103 1474 2147 et
1503 2093 1684 2163 gloria:
1714 2095 1962 2152 referant.

383 2177 508 2233 Ideo
554 2179 702 2245 dicit,
753 2179 946 2246 Quibus
983 2192 1217 2251 paratam
1254 2195 1351 2238 est.
1406 2185 1542 2252 Quid
1572 2186 1738 2252 enim,
1785 2188 1878 2252 ait,
1923 2188 1968 2242 si

382 2272 471 2326 alii
493 2272 644 2327 vobis
666 2275 914 2329 meliores
945 2277 1274 2345 appareant?
1317 2275 1442 2346 quid
1492 2277 1537 2332 si
1584 2279 1804 2333 meliora
1840 2294 1971 2348 ope-

381 2365 610 2420 rentur?
661 2365 797 2421 Num
821 2368 940 2438 quia
968 2369 1212 2437 discipuli
1242 2368 1349 2424 mei
1379 2369 1571 2434 fuistis,
1617 2370 1738 2425 ideo
1769 2373 1968 2440 primos

381 2471 668 2512 euuscssus
693 2459 1041 2528 occupabitis,
1072 2461 1172 2513 nisi
1204 2460 1465 2515 electione
1504 2460 1648 2532 digiti
1672 2461 1962 2532 judicemi-

382 2549 477 2601 ni?
525 2547 674 2616 Quod
708 2549 850 2603 enim
883 2550 995 2620 ipse
1020 2552 1089 2605 sit
1128 2551 1383 2606 Dominus
1431 2553 1686 2619 universi,
1713 2554 1743 2607 h
1769 2571 1832 2607 nc
1869 2571 1964 2625 pa-

383 2638 486 2692 lam
534 2649 638 2703 est,
688 2640 827 2710 quod
861 2640 974 2711 ipse
1007 2651 1171 2695 totum
1200 2641 1390 2697 haheat
1429 2643 1706 2712 judicium.
1759 2645 1963 2699 l-Ztcnim

382 2731 539 2785 Petro
589 2733 667 2786 sic
712 2733 840 2787 dicit
883 2753 895 2786 :
951 2726 1059 2803 Ego
1084 2735 1170 2787 tibi
1210 2734 1338 2787 dabo
1364 2734 1528 2788 claves
1555 2737 1697 2805 regni
1723 2739 1963 2789 ca’fornm

381 2823 593 2894 (Matth.
628 2825 713 2880 16.
749 2826 856 2895 19).
890 2827 954 2880 Et
998 2827 1193 2882 Paulus
1225 2828 1326 2881 hoc
1352 2829 1656 2898 significans
1695 2829 1912 2885 dicebat
1947 2849 1960 2884 :

377 2919 443 2979 In
473 2921 661 2996 reliquo
691 2933 909 2997 repOStla
939 2931 1010 2981 est
1034 2921 1157 2980 mihi
1187 2937 1373 2980 corona
1390 2922 1631 2998 justitite,
1664 2941 1813 2990 quam
1847 2925 1963 2978 red-

377 3017 459 3070 det
497 3017 621 3070 mihi
665 3017 906 3071 Dominus
925 3020 1095 3087 justas
1112 3021 1278 3089 judex
1305 3020 1356 3072 in
1385 3021 1473 3072 illa
1504 3021 1585 3073 die
1616 3031 1634 3073 .'
1663 3033 1761 3069 non
1802 3017 1962 3070 solum

379 3116 547 3179 autem
575 3107 720 3173 mihi,
752 3107 839 3161 scd
867 3119 910 3160 et
939 3108 1000 3162 iis
1040 3109 1266 3162 euntibus
1305 3110 1388 3178 qui
1433 3109 1648 3180 diligunt
1695 3108 1960 3166 adventum

377 3195 484 3264 ejus
530 3197 607 3267 (2.
639 3195 773 3251 Tim.
803 3199 854 3253 4.
891 3199 965 3268 8).
1017 3200 1291 3254 Adventus
1322 3217 1448 3256 vero
1479 3202 1696 3266 Christi,
1741 3203 1828 3258 ille
1873 3207 1958 3272 qui

373 3287 476 3358 jam
513 3287 610 3342 fuit
642 3289 725 3342 hic
753 3288 967 3344 dicitur.
1005 3290 1155 3358 Quod
1184 3301 1359 3345 autem
1391 3292 1611 3346 Paulum
1641 3309 1798 3349 nemo
1829 3312 1963 3364 pm:-

374 3395 626 3435 cessurus
676 3379 783 3446 sit,
827 3381 1074 3436 omnibus
1125 3383 1298 3451 palam
1348 3392 1452 3438 est.
1511 3384 1564 3438 Si
1614 3396 1791 3439 autem
1846 3385 1962 3440 lucc

374 3469 614 3526 Christus
664 3472 940 3527 obSt-urius
989 3473 1201 3537 dixerit,
1252 3490 1318 3528 ne
1363 3476 1617 3529 mireris:
1652 3477 1770 3530 illos
1815 3478 1957 3531 enim

374 3556 612 3624 dimittit.
645 3580 732 3618 res
764 3565 830 3617 ita
864 3564 1174 3633 disponens,
1211 3574 1358 3619 utne
1392 3582 1450 3620 se
1503 3565 1569 3620 de
1611 3568 1782 3636 primo
1830 3584 1961 3622 con-

374 3668 524 3707 sessu
556 3662 754 3708 temere
798 3655 879 3709 vel
927 3656 1120 3709 fruSIra
1173 3657 1491 3712 turbarent:
1539 3673 1660 3710 nam
1713 3659 1840 3712 illud
1892 3674 1956 3714 ex

375 3744 610 3799 humano
637 3746 828 3801 affectu
857 3749 1095 3817 perpessi
1139 3757 1282 3815 sunt,
1335 3764 1433 3804 nec
1461 3750 1581 3804 illos
1606 3751 1816 3805 tristitia
1843 3751 1957 3804 affi-

373 3851 496 3892 cere
539 3838 745 3902 volcns,
785 3838 1110 3893 obscuritate
1150 3838 1262 3892 hmc
1291 3840 1448 3893 ambo
1478 3841 1834 3909 consequitur.
1865 3841 1955 3894 2L

377 3927 517 3981 Tunc
561 3929 811 3999 indignati
851 3939 965 3982 sunt
1005 3929 1171 3983 decem
1195 3930 1258 3984 de
1285 3931 1475 3985 duobus
1501 3932 1760 4000 fratribus.
1794 3932 1955 3996 Tunc,

373 4019 708 4086 quandonam
729 4020 754 4072 ?
779 4018 825 4088 Q
847 4021 1002 4073 tando
1036 4020 1241 4075 scilicet
1269 4021 1388 4076 illos
1416 4022 1724 4091 increpavit.
1780 4024 1958 4079 Donec

374 4112 515 4166 enim
544 4127 603 4166 ea
646 4109 841 4165 Christi
892 4115 1153 4166 Sententia
1183 4123 1318 4178 erat,
1354 4128 1458 4169 u0u
1506 4115 1953 4185 indignabantur;

375 4202 467 4257 sed
499 4202 742 4256 videntes
772 4203 891 4257 illos
922 4204 1180 4274 pra-ferri,
1237 4221 1299 4259 ex
1335 4206 1536 4260 honore
1578 4216 1631 4260 ct
1660 4209 1956 4262 reverentia

373 4293 611 4364 magistri
667 4295 944 4361 tacebant,
994 4297 1206 4350 etiamsi
1250 4298 1429 4350 animo
1475 4299 1732 4360 dolerent,
1763 4302 1856 4353 sed
1906 4301 1954 4353 in

374 4385 609 4439 medium
665 4386 777 4439 luce
829 4385 1020 4439 efferre
1078 4402 1181 4439 non
1250 4388 1532 4441 audebant.
1597 4388 1956 4459 Similiterque

373 4491 494 4545 erga
552 4475 764 4530 Petrum
816 4475 1104 4530 hmnauum
1156 4478 1278 4547 quid
1322 4479 1483 4548 passi,
1527 4480 1743 4550 quando
1783 4481 1956 4535 didm-

372 4567 530 4620 chma
579 4566 745 4630 dedit,
785 4583 889 4620 non
930 4567 1142 4637 indigne
1179 4569 1433 4632 tulerunt,
1489 4571 1583 4623 sed
1627 4579 1830 4626 tantum
1878 4572 1953 4624 in-

375 4667 802 4728 terrogaverunt,
852 4658 976 4723 Quis
1016 4660 1181 4732 major
1227 4670 1299 4712 est
1345 4659 1554 4729 (Matth.
1597 4661 1676 4715 l8.
1727 4660 1819 4733 l)?
1863 4663 1957 4717 llic

371 4763 547 4807 autem
597 4752 688 4807 ubi
731 4752 978 4806 viderunt
1022 4753 1311 4820 discipulos
1347 4753 1397 4806 id
1431 4765 1628 4821 petere,
1673 4755 1954 4824 indignan-

376 4854 475 4898 tur.
508 4843 691 4912 Neque
718 4843 895 4897 statim
923 4843 1182 4913 indignati
1226 4855 1370 4908 sunt,
1417 4859 1536 4898 cum
1569 4854 1825 4913 peterent,
1859 4846 1954 4900 sed

373 4952 489 4990 cum
541 4936 833 5006 increpavit
878 4951 970 4990 eos
1013 4936 1275 5000 Christus,
1301 4935 1551 5006 dixitque
1596 4937 1795 5005 primos
1829 4952 1956 4990 cono

339 5041 553 5090 ,srs~us
585 5042 688 5080 non
720 5037 1077 5098 occupaturos
1104 5027 1221 5081 illos
1243 5041 1383 5094 esse,
1429 5027 1527 5080 nisi
1551 5043 1610 5081 se
1637 5027 1741 5081 illis
1769 5027 1954 5098 dignos

372 5117 701 5171 cxhiberent.

449 5209 501 5263 ι.
533 5208 644 5263 Sibi
684 5208 807 5276 ipsis
836 5217 1191 5276 comparantur
1220 5207 1458 5278 apostoli,
1502 5216 1619 5262 ante
1642 5219 1686 5262 et
1712 5217 1824 5277 post
1854 5209 1951 5262 ad-

375 5311 573 5354 ventum
605 5299 832 5369 Spiritus
881 5301 1062 5352 sancti.
1101 5298 1374 5352 Iluntilitas
1402 5301 1794 5370 magnitudinem
1822 5302 1954 5370 parit

371 5393 682 5463 gloriamque
726 5401 892 5462 auget.
921 5421 991 5431 ——
1032 5391 1212 5445 Videu'
1237 5402 1492 5462 quantum
1523 5392 1814 5461 imperfecti
1841 5409 1956 5446 om-

373 5501 465 5540 nes
493 5495 695 5546 essent,
726 5495 837 5538 tum
868 5482 920 5537 hi
953 5484 1040 5551 qui
1072 5483 1257 5536 decem
1290 5483 1407 5536 illos
1441 5483 1744 5552 praecedere
1779 5494 1952 5538 tenta-

372 5578 516 5641 bant,
551 5584 662 5628 tum
693 5572 876 5628 decem
905 5573 976 5627 illi
1008 5574 1095 5643 qui
1123 5573 1330 5627 duobus
1363 5574 1706 5629 invidebant?
1734 5575 1861 5639 Sed,
1896 5585 1952 5632 ut

369 5668 498 5730 dixi,
527 5676 646 5736 post
677 5665 791 5719 ha-c
816 5664 1038 5720 ostende
1065 5665 1185 5719 illos
1205 5665 1356 5732 mihi,
1389 5677 1440 5721 et
1471 5666 1675 5722 videbis
1705 5666 1951 5721 omnibus

371 5758 515 5816 hisce
541 5755 820 5813 affectibus
847 5771 1060 5812 vacuos.
1089 5755 1222 5813 Audi
1245 5758 1511 5828 quomodo
1543 5759 1626 5815 hic
1654 5764 1766 5832 ipsc
1784 5760 1947 5816 Joan-

1409 326 1473 382 IN
1514 326 1914 383 ΜᾹἹἹῚΙᾸΞΙῙΜ
1959 327 2186 385 ΠΟΜΞΙ..
2230 328 2389 384 LXV.
2431 331 2501 385 al.
2543 330 2721 386 LXVI.

3568 342 3671 398 6‘23

2090 457 2206 506 nes,
2233 446 2322 514 qui
2352 459 2494 500 nunc
2525 445 2622 502 hac
2653 446 2722 501 de
2750 463 2906 502 causa
2936 450 3182 516 accessit,
3215 452 3415 521 primas
3454 468 3668 524 semper

2088 532 2246 588 Petro
2263 536 2437 600 cedat,
2462 548 2516 592 et
2535 539 2871 593 concionanti
2893 550 2947 594 et
2972 543 3222 598 miracula
3245 545 3422 600 edenti
3447 547 3500 602 in
3519 550 3667 603 Acti-

2087 623 2184 678 bus
2209 627 2592 694 apostolorum.
2637 629 2822 699 Neque
2868 633 2985 700 ejus
3035 634 3283 702 prarclara
3329 647 3474 705 gesta
3505 639 3664 706 celat,

2086 717 2177 770 sed
2223 727 2278 771 et
2321 717 2716 776 confessionem
2750 735 2964 787 narrat,
2996 743 3153 796 quam
3195 727 3282 784 ille
3310 731 3556 784 onmihus
3581 741 3665 786 ta-

2084 809 2330 862 centibus
2368 810 2571 876 emisit,
2613 819 2670 866 et
2697 813 2992 882 ingressum
3043 817 3094 870 in
3124 820 3449 887 sepulcrum,
3484 821 3662 875 illum-

2083 913 2187 966 que
2219 899 2236 930 ⁸
2263 899 2362 954 sibi
2397 903 2657 971 pra'ponit
2689 904 2820 974 (Act.
2849 905 2941 975 5).
2971 906 3102 974 Quia
3131 909 3271 962 enim
3300 911 3457 963 ambo
3482 915 3657 966 crtici-

2085 990 2296 1058 figendo
2343 992 2559 1046 Christo
2613 994 2878 1060 aderant,
2940 997 3146 1052 laudem
3196 1016 3343 1055 suam
3384 1004 3661 1058 succidens

2080 1079 2313 1134 Joannes
2340 1083 2412 1135 ait
2447 1101 2460 1136 :
2494 1082 2660 1138 Notas
2680 1095 2784 1137 erat
2801 1086 3078 1155 discipulus
3101 1089 3184 1142 ille
3199 1092 3447 1146 sacerdoti
3463 1094 3480 1165 (
3502 1093 3658 1147 Joan.

2084 1171 2168 1226 18.
2206 1171 2322 1246 16).
2369 1173 2600 1230 .laeohus
2655 1192 2781 1231 vero
2835 1195 2938 1231 non
2984 1180 3148 1233 n‘mlto
3197 1193 3377 1251 postea
3425 1195 3661 1255 tempore

2080 1264 2258 1320 vixit:
2306 1265 2375 1319 ab
2425 1267 2575 1320 initio
2621 1269 2761 1320 enim
2813 1286 3004 1340 magn-0
3053 1274 3318 1328 ferebatur
3351 1276 3564 1342 ardore,
3609 1290 3660 1333 et

2082 1355 2259 1408 missis
2297 1354 2543 1410 humanis
2591 1360 2862 1424 Omnibus,
2912 1361 2977 1414 ad
3022 1372 3126 1415 tam
3156 1364 3421 1420 ineffabile
3447 1370 3658 1423 culmen

2079 1447 2338 1510 ascendit,
2383 1460 2438 1500 ut
2483 1451 2660 1502 statim
2694 1451 3050 1506 oceideretur.
3096 1453 3186 1508 Sic
3239 1468 3420 1524 postea
3465 1461 3658 1515 summi

2081 1536 2279 1590 virtute
2309 1554 2495 1592 onmcs
2525 1541 2696 1594 effecti
2728 1553 2870 1595 sunt.
2903 1543 3006 1598 Sed
3059 1555 3182 1602 tunc
3213 1547 3466 1618 indignati
3510 1562 3654 1606 sunt.

2077 1627 2213 1692 Quid
2246 1645 2372 1698 ergo
2408 1631 2694 1686 Christus?
2717 1634 2806 1688 25.
2843 1634 2967 1689 Cum
3004 1636 3293 1693 adrorasset
3319 1657 3436 1705 eos,
3485 1644 3610 1696 dixit
3641 1661 3655 1699 :

2082 1715 2346 1786 Principes
2374 1723 2598 1790 gentium
2625 1724 2951 1780 dominantur
2979 1745 3170 1782 eorum.
3217 1731 3346 1799 Quia
3379 1733 3521 1788 enim
3551 1744 3664 1789 tur-

2078 1810 2182 1863 bati
2233 1823 2405 1874 erant,
2456 1816 2768 1870 advocando
2820 1819 2940 1872 illos
2984 1829 3269 1891 antequam
3330 1826 3652 1896 loqueretur,

2077 1909 2185 1956 tum
2208 1904 2553 1961 advocatione
2581 1908 2688 1974 illa,
2722 1919 2830 1964 tum
2851 1913 2990 1980 quod
3015 1915 3230 1982 propius
3259 1932 3316 1970 se
3341 1919 3657 1985 attraheret,

2076 1997 2195 2052 illos
2226 1997 2502 2066 mitigavit.
2537 1999 2667 2054 Nam
2695 2001 2799 2057 duo
2827 2004 2923 2064 illi.
2955 2021 3022 2058 ex
3051 2017 3190 2062 caatu
3219 2007 3403 2064 decem
3434 2021 3657 2066 cadere-

2073 2102 2191 2141 rmn
2246 2088 2518 2158 disjuncti,
2577 2107 2741 2162 prope
2791 2096 3003 2149 stabant
3055 2100 3295 2167 privatim
3356 2102 3654 2170 loquentes.

2072 2172 2196 2227 Ideo
2229 2174 2350 2228 illos
2379 2190 2588 2244 quoque
2616 2193 2781 2246 prope
2814 2179 3080 2247 advocat,
3113 2191 3169 2237 et
3205 2184 3303 2239 hoc
3329 2188 3510 2252 modo,
3544 2197 3654 2242 tum

2071 2265 2235 2320 etiam
2264 2274 2320 2319 ut
2345 2267 2484 2336 quod
2511 2269 2597 2322 alii
2619 2269 2863 2324 dixerant
2891 2271 3124 2341 efferret,
3149 2284 3201 2328 et
3226 2277 3435 2331 caeteris
3459 2293 3654 2334 remm-

2075 2356 2233 2410 tiarct
2260 2398 2274 2420 ,
2305 2370 2602 2414 commotos
2635 2361 2822 2416 horum
2857 2364 3177 2435 illorumque
3217 2369 3426 2423 animos
3451 2371 3654 2425 solatus

2070 2456 2172 2500 est.
2202 2447 2387 2517 Neque
2411 2466 2550 2503 nunc
2583 2461 2636 2505 ut
2658 2461 2811 2506 antea
2841 2453 3032 2508 sedat:
3066 2459 3210 2525 prius
3235 2458 3376 2513 enim
3406 2463 3654 2530 parvulos

2069 2537 2284 2592 adduxit
2315 2541 2639 2607 inmedium,
2675 2544 2992 2614 illorumque
3015 2546 3406 2616 simplicitatem
3436 2551 3652 2606 humili-

2070 2637 2338 2700 tatemque
2367 2633 2558 2687 imitari
2581 2634 2739 2703 jussit
2763 2652 2776 2699 ;
2805 2635 2890 2690 hic
2917 2649 3093 2693 autem
3117 2641 3294 2694 acrius
3322 2643 3439 2697 illos
3463 2659 3491 2697 a
3519 2660 3650 2698 eon-

2071 2723 2237 2802 trario
2271 2726 2440 2791 carpit
2470 2725 2655 2780 dicens
2688 2745 2702 2780 :
2739 2725 3006 2798 Principes
3054 2733 3274 2800 gentiam
3302 2734 3648 2802 dominantur,

2067 2825 2111 2866 et
2136 2799 2224 2884 qui
2251 2816 2420 2886 magni
2441 2827 2582 2883 sunt,
2609 2828 2900 2887 potestatem
2922 2799 3150 2874 exercent
3180 2823 3230 2876 in
3253 2839 3371 2889 eos;
3393 2824 3482 2878 26.
3511 2827 3652 2896 apud

2066 2921 2152 2959 vos
2172 2916 2337 2960 autem
2373 2925 2474 2962 non
2502 2909 2574 2961 ita
2613 2911 2706 2963 erit
2738 2929 2756 2962 :
2790 2913 2878 2964 sed
2905 2913 2991 2979 qui
3031 2915 3134 2966 vult
3166 2932 3376 2986 magnus
3416 2919 3545 2971 inter
3565 2936 3650 2973 vos

2065 3013 2192 3065 esse,
2220 2999 2300 3051 hic
2328 2999 2392 3052 sit
2421 3001 2645 3055 omnium
2671 3003 2895 3057 minister
2926 3006 3052 3058 :27.
3081 3016 3126 3059 et
3147 3009 3230 3075 qui
3267 3010 3369 3062 uult
3395 3027 3498 3064 esse
3537 3012 3646 3081 pri-

2067 3104 2197 3155 mas,
2228 3089 2289 3146 sit
2317 3090 2538 3147 omnium
2568 3092 2774 3150 ultimus
2801 3110 2819 3146 :
2849 3095 3137 3150 ostendens
3168 3097 3293 3152 illud
3319 3099 3382 3152 ad
3411 3101 3644 3168 gentium

2065 3199 2267 3238 morem
2291 3186 2582 3252 accedere,
2607 3203 2726 3241 cum
2759 3185 2912 3256 primi
2933 3186 3124 3258 gradus
3145 3199 3486 3262 appetuntur.
3517 3190 3646 3248 Nam

2067 3276 2337 3347 tyrannica
2367 3277 2481 3333 hzec
2511 3279 2686 3347 passio
2717 3289 2795 3334 est
2824 3321 2839 3347 ,
2867 3297 2969 3348 qua
3002 3282 3306 3352 frequenter
3340 3285 3513 3354 magni
3550 3286 3646 3339 viri

2064 3371 2432 3440 exagitantur;
2464 3373 2690 3444 ideoque
2721 3374 3114 3432 vehementiore
3139 3380 3482 3449 castigatione
3507 3381 3646 3434 indic

2062 3475 2170 3534 get.
2203 3465 2536 3535 Quapropter
2563 3468 2676 3536 ipse
2722 3469 2928 3523 acriore
2977 3471 3127 3540 plaga
3179 3473 3372 3536 utitur,
3402 3472 3527 3526 dum
3579 3489 3643 3528 ex

2063 3557 2301 3625 gentium
2343 3559 2742 3625 con'iparatione
2770 3569 3061 3615 tumentem
3089 3562 3326 3617 animum
3357 3563 3641 3632 pudefacit,

2063 3657 2118 3702 et
2146 3647 2334 3702 horum
2360 3650 2634 3716 invidiam,
2668 3651 2874 3705 illorum
2905 3657 3260 3723 arrogantiam
3288 3655 3508 3709 succidit
3535 3672 3549 3720 ;
3582 3672 3644 3711 ac

2063 3739 2107 3794 si
2130 3739 2372 3795 diceret:
2404 3740 2480 3796 Ne
2507 3741 2854 3812 indignemini
2897 3746 3047 3812 quasi
3080 3748 3399 3800 contumelia
3445 3747 3640 3801 aﬂ'ecti.

2063 3831 2280 3900 Seipsns
2309 3834 2539 3887 maxime
2573 3834 2766 3888 larduut
2787 3876 2802 3900 ,
2825 3845 2874 3890 et
2902 3836 3164 3891 dedecore
3193 3837 3428 3890 afficiunt
3474 3838 3530 3900 ii,
3556 3839 3644 3908 qui

2063 3925 2346 3992 primatmn
2378 3924 2647 3990 ambiunt;
2690 3942 2812 3980 nam
2858 3930 3096 3981 ultimum
3147 3929 3321 3984 locum
3361 3941 3642 3999 occupant.

2063 4015 2176 4069 Non
2203 4017 2344 4070 enim
2387 4032 2476 4070 res
2502 4017 2642 4086 apud
2697 4034 2795 4074 nos
2839 4033 2898 4074 se
2927 4019 3084 4073 habet
3129 4032 3185 4074 ut
3227 4021 3364 4089 apml
3409 4032 3642 4077 exteros.

2061 4107 2192 4162 Nam
2227 4107 2490 4178 Principes
2524 4109 2746 4179 gentium
2776 4111 3102 4164 dominantur
3136 4129 3350 4173 eorum;
3397 4113 3532 4181 apud
3562 4131 3647 4170 me

2061 4209 2236 4252 autem
2264 4199 2478 4252 ultimus
2501 4201 2702 4267 primus
2723 4209 2821 4253 est.
2845 4200 2922 4255 Nc
2941 4217 3064 4255 vero
3097 4211 3250 4271 putes
3271 4202 3386 4258 Iree
3413 4220 3497 4257 me
3527 4205 3643 4260 sine

2061 4304 2216 4343 enisa
2246 4289 2452 4351 dicere,
2485 4290 2635 4344 factis
2675 4291 2806 4346 meis
2834 4293 3134 4361 exemplum
3162 4308 3332 4348 sume.
3367 4295 3475 4363 Ego
3499 4313 3638 4348 enim

2063 4385 2179 4452 plus
2203 4382 2471 4450 quidpiam
2489 4381 2606 4435 feci.
2640 4381 2753 4436 Rex
2783 4383 2977 4452 quippe
3008 4400 3357 4452 supernarum
3389 4386 3641 4440 virtutmn

2060 4490 2180 4528 cum
2208 4490 2402 4536 essem,
2431 4473 2593 4528 homo
2626 4475 2736 4528 fieri
2771 4475 2944 4539 volui,
2973 4484 3027 4528 et
3048 4477 3226 4544 sperni
3254 4486 3414 4546 atque
3444 4489 3640 4531 eotttu-

2062 4567 2234 4619 meliis
2283 4565 2443 4619 aflici.
2494 4565 2677 4634 Neque
2733 4565 2814 4618 his
2853 4576 3157 4631 coetentus,
3209 4579 3433 4622 mortem
3479 4568 3642 4620 adivi.

2061 4657 2184 4710 hleo
2205 4659 2276 4709 ait
2306 4675 2319 4711 :
2349 4657 2437 4710 ‘28.
2472 4656 2636 4709 Filias
2663 4657 2878 4708 hominis
2908 4675 3008 4710 non
3047 4659 3178 4710 venit
3223 4669 3274 4710 nt
3303 4659 3633 4725 ministretur,

2058 4749 2146 4803 scd
2181 4760 2230 4801 ut
2260 4749 2522 4811 ministret,
2569 4758 2614 4800 et
2645 4747 2725 4799 det
2753 4749 2973 4799 animam
3000 4765 3144 4800 suam
3169 4749 3219 4801 in
3248 4748 3638 4818 redemptionem

2061 4860 2153 4910 pro
2183 4841 2373 4893 multis.
2400 4839 2581 4907 Neque
2621 4840 2760 4893 enim
2794 4840 2876 4893 hic
2907 4841 3113 4892 substiti
3140 4842 3160 4872 ⁸
3189 4881 3204 4905 ,
3234 4841 3435 4910 inquit;
3464 4842 3556 4896 sed
3589 4853 3641 4896 et

2059 4935 2288 4986 animam
2314 4948 2483 4986 meam
2509 4931 2628 4984 dedi
2653 4931 2704 4983 in
2737 4930 3156 5000 redemptionem
3188 4949 3201 4984 :
3226 4942 3273 4984 ct
3301 4948 3396 5001 pro
3413 4933 3641 5002 quibus?

2063 5027 2165 5080 Pro
2197 5025 2445 5078 inimicis.
2479 5023 2557 5075 'l'u
2587 5039 2712 5077 vero
2741 5022 2783 5076 si
2815 5022 3120 5075 humiliatus
3142 5022 3323 5086 fueris,
3356 5040 3450 5093 pro
3473 5026 3643 5094 teipso

2061 5120 2174 5188 agis
2207 5137 2219 5171 :
2245 5135 2342 5186 ego
2372 5127 2547 5171 autem
2578 5133 2671 5185 pro
2703 5127 2773 5170 te.
2804 5116 2879 5170 Ne
2908 5117 3081 5186 itaque
3127 5118 3333 5182 timeas,
3363 5120 3512 5188 quasi
3543 5118 3638 5172 ho-

2061 5225 2244 5263 norem
2275 5221 2418 5260 tuum
2450 5209 2718 5261 :uniltens.
2755 5206 3253 5276 Quantumcumque
3275 5208 3414 5260 enim
3448 5218 3496 5260 te
3529 5208 3629 5261 hu-

2062 5301 2349 5356 miliaveris
2369 5340 2384 5364 ,
2416 5315 2518 5352 non
2547 5309 2699 5369 potes
2739 5307 2942 5352 tantmn
2985 5298 3309 5353 descendere
3333 5339 3348 5362 ,
3378 5309 3633 5367 quantum

2094 5438 2109 5469 ι
2124 5443 2262 5483 Juxta
2277 5441 2489 5482 Graecum
2505 5431 2770 5492 legendum
2786 5438 2876 5486 est,
2889 5428 3265 5492 apostolumque.
3279 5438 3420 5481 Porro
3431 5438 3577 5480 Joann
3585 5445 3638 5482 es

2059 5497 2139 5546 hic
2163 5495 2396 5554 intelligit
2420 5503 2637 5547 Petrum.
2663 5506 2812 5555 quem
2849 5493 2942 5540 sibi
2984 5494 3251 5555 praeponit,
3277 5508 3372 5543 non
3413 5508 3472 5555 eo
3508 5496 3637 5555 quot

2061 5559 2146 5608 ille
2171 5565 2233 5606 snt
2257 5553 2522 5620 apestolus,
2567 5555 2654 5603 sed
2681 5553 2742 5602 eo
2766 5556 2892 5620 quod
2936 5553 2999 5620 sit
3024 5553 3253 5620 princeps
3290 5553 3630 5617 apostolorum.

2061 5615 2381 5682 Principatum
2407 5619 2531 5668 Petri
2559 5630 2647 5667 vox
2674 5615 2936 5680 apostolum
2960 5615 3224 5679 deSigtiat-e
3249 5615 3408 5680 potest
3440 5631 3527 5681 per
3547 5631 3636 5668 atr-

2058 5683 2383 5733 touomasiam.

2121 5768 2140 5799 ⁹
2159 5764 2274 5826 Alii,
2288 5763 2425 5826 quasi
2448 5763 2646 5825 diceret,
2663 5763 2821 5825 Neque
2843 5762 2968 5813 enim
2991 5760 3067 5811 hic
3091 5759 3294 5812 substiti.
