4074 6144
449 313 554 367 ΜΞ

453 427 709 482 Dominus
733 432 875 477 tuus.
901 417 1148 473 Attamen
1169 414 1255 469 hic
1283 411 1576 465 descensus
1592 405 1827 459 omnium
1849 415 2036 457 ascen-

452 533 545 574 sus
570 517 739 571 factus
778 523 856 567 est
883 552 898 577 ,
940 518 993 565 et
1021 508 1242 578 gloriam
1286 505 1402 572 ejus
1448 498 1823 553 manifestavit.
1870 496 2033 547 Ante-

450 623 611 678 quatn
658 605 799 658 cnim
850 603 1001 654 fieret
1045 600 1224 660 homo,
1267 595 1333 647 ab
1357 590 1563 660 angelis
1613 597 1813 642 tantum
1843 597 2035 653 cogno-

454 699 700 755 scebatur
746 713 759 750 :
817 702 1088 763 postquam
1134 698 1310 739 autem
1365 686 1521 736 homo
1564 680 1731 734 factus
1773 685 1826 731 et
1867 674 2040 729 cruci-

458 796 592 845 fixus
619 803 719 850 est,
749 802 853 840 non
877 782 1035 836 modo
1079 781 1217 832 illam
1267 793 1369 830 nun
1404 774 1594 828 minuit
1632 770 1878 841 gloriam,
1942 763 2035 820 sed

457 896 507 939 et
555 883 710 936 aliam
751 878 957 945 accepit
1007 891 1035 927 a
1093 871 1396 942 cognitione
1442 868 1607 919 orbis.
1663 863 1739 918 Ne
1789 873 1917 929 ergo
1971 856 2037 911 ti-

458 988 645 1037 meas,
701 985 764 1024 ac
836 969 879 1021 si
938 966 1106 1018 honor
1178 963 1269 1016 tibi
1333 958 1643 1019 auferatur,
1692 953 1738 1007 si
1809 953 2033 1019 teipsmn

460 1066 710 1121 humilics
760 1080 772 1115 :
831 1061 929 1113 hoc
1009 1058 1149 1110 enim
1207 1053 1364 1107 modo
1435 1048 1601 1118 magis
1655 1053 1877 1114 augetur
1946 1038 2037 1092 tibi

458 1159 622 1228 gloria
674 1155 776 1208 hoc
815 1150 973 1205 modo
1012 1147 1180 1216 major
1220 1145 1464 1199 efficitur.
1520 1141 1642 1193 lla‘c
1686 1133 1829 1203 regni
1880 1132 2039 1201 janua

462 1252 561 1295 est.
607 1239 685 1293 Ne
726 1235 1046 1291 contrariam
1096 1214 1337 1284 ineamus
1382 1227 1541 1287 viam,
1599 1238 1666 1276 ne
1713 1220 1866 1274 nobis
1912 1214 2043 1285 ipsis

464 1336 662 1389 bellum
713 1332 1019 1385 inferamus.
1074 1324 1205 1379 Nam
1251 1322 1295 1376 si
1347 1320 1569 1374 velimus
1617 1314 1790 1379 magni
1839 1310 2039 1373 videri,

468 1442 570 1481 non
600 1421 775 1492 magni
814 1422 1013 1476 erimus
1040 1459 1053 1480 ,
1084 1417 1189 1468 imo
1219 1410 1454 1465 omnium
1506 1402 1867 1477 abjectissimi.
1901 1398 2045 1454 Vidi-

463 1518 584 1573 stin‘
609 1512 876 1586 qnomodo
907 1511 1099 1581 ubique
1126 1508 1242 1561 illos
1265 1522 1293 1558 a
1318 1502 1601 1560 contrariis
1624 1501 1884 1561 hortetur,
1911 1494 2045 1549 dans

466 1621 643 1663 tamen
687 1606 816 1677 ipsis
871 1603 921 1656 id
972 1599 1111 1669 quod
1169 1595 1505 1651 desiderant?
1555 1590 1767 1645 Etenim
1806 1587 2047 1658 pluribus

467 1701 519 1754 id
550 1713 708 1769 supra
740 1693 1110 1755 ostendimus;
1157 1698 1211 1743 et
1262 1688 1337 1741 sic
1376 1697 1588 1753 quoque
1636 1679 1781 1743 fecit,
1828 1692 1948 1730 cum
1979 1678 2045 1728 dc

465 1790 639 1843 avaris
664 1786 794 1842 etde
820 1800 967 1836 vana:
991 1780 1171 1850 gloria:
1197 1775 1404 1845 cupidis
1427 1783 1693 1842 ageretur.
1726 1769 1831 1821 (Zur
1875 1765 2042 1827 enim,

471 1880 659 1949 inquit,
688 1891 870 1930 coram
901 1870 1206 1926 hominibus
1242 1866 1339 1921 das
1364 1857 1804 1932 eleemosynatn?
1847 1865 1901 1910 ut
1927 1856 2042 1924 glo—

470 1974 545 2026 ria
577 1968 807 2025 fruaris?
850 1965 926 2019 Ne
952 1965 1021 2017 ita
1069 1961 1253 2022 facias,
1309 1966 1363 2011 et
1407 1955 1628 2025 gloriam
1679 1947 2044 2017 consequeris.

467 2063 575 2118 Cur
606 2060 881 2130 pecuniam
911 2049 1254 2108 accnmulas?
1275 2056 1333 2101 ut
1368 2043 1641 2100 ditescas?
1666 2040 1745 2096 Ne
1772 2038 2046 2108 pecuniam

471 2166 749 2222 congeras,
778 2157 832 2201 et
856 2147 1105 2199 ditesces.
1134 2141 1223 2193 Sic
1246 2139 1405 2192 etiam
1439 2149 1579 2188 nunc
1612 2149 1624 2184 :
1648 2128 1822 2196 Quare
1852 2127 2049 2198 primas

472 2217 681 2298 ambis?
713 2250 769 2293 ut
808 2238 942 2291 alios
971 2230 1284 2304 prarcedas?
1316 2228 1567 2284 Ultimum
1599 2238 1727 2292 ergo
1756 2222 1928 2274 locum
1954 2217 2048 2271 de-

474 2341 597 2407 lige,
625 2347 678 2390 et
707 2334 904 2403 primas
946 2316 1193 2382 tenebis:
1241 2320 1368 2376 illud
1413 2319 1554 2372 enim
1595 2314 1800 2370 ambire
1848 2308 2051 2365 minimi

475 2439 577 2486 est.
610 2429 791 2497 Itaque
821 2424 862 2478 si
896 2422 975 2476 vis
1006 2431 1227 2488 magnus
1265 2428 1418 2475 esse,
1450 2426 1517 2464 ne
1546 2420 1755 2478 quaeras
1776 2419 1894 2459 esse
1940 2417 2052 2456 ma-

477 2535 630 2592 gnus,
659 2494 717 2574 et
742 2527 868 2570 tunc
892 2525 1114 2582 magnus
1154 2507 1283 2563 eris.
1317 2501 1446 2558 Illud
1486 2500 1631 2556 enim
1655 2506 1737 2552 est
1775 2494 2052 2549 minimum

475 2628 615 2669 esse.

549 2728 602 2784 5.
631 2723 774 2779 Nihil
788 2719 1069 2775 qunililate
1090 2711 1374 2774 sublimius,
1397 2706 1525 2761 nihil
1536 2703 1769 2771 superbia
1795 2698 2053 2770 abjectius.

478 2816 801 2887 Comparatio
845 2808 1045 2881 superbi
1074 2822 1185 2859 cum
1218 2801 1416 2854 humili.
1443 2828 1515 2838 —
1559 2794 1741 2849 Videu’
1765 2807 1873 2862 qtto
1903 2798 2057 2858 pacto

477 2913 597 2967 illos
644 2908 711 2961 ab
741 2908 839 2959 hoc
880 2899 1066 2956 Illorlif)
1101 2895 1364 2955 abducat,
1398 2899 1449 2944 ut
1478 2886 1747 2947 ostendat,
1798 2884 1915 2934 illos
1956 2879 2056 2931 hoc

478 3002 638 3059 modo
664 2997 932 3058 excidere,
958 2991 1048 3045 illo
1087 2998 1262 3041 autem
1290 2998 1404 3037 rem
1431 2976 1718 3045 consequi;
1758 2983 1813 3026 ut
1842 2974 1942 3025 hoc
1976 2973 2057 3022 fu-

479 3096 643 3166 giant,
679 3088 803 3144 illud
828 3091 1136 3155 sequantur.
1168 3078 1367 3132 Gentes
1386 3079 1564 3125 autem
1587 3068 1708 3121 ideo
1729 3078 2059 3119 commemo-

480 3186 638 3250 ravit,
668 3193 723 3235 ut
753 3196 863 3234 rem
888 3176 1151 3231 dedecore
1184 3168 1391 3239 plenam
1420 3173 1477 3217 ut
1500 3157 1910 3216 abominabilem
1941 3167 2063 3208 esse

481 3281 890 3334 demonstraret.
924 3267 1053 3322 Nam
1082 3267 1420 3330 arrogantem
1450 3266 1670 3309 necesse
1698 3258 1780 3303 est
1802 3246 2053 3299 humilem

482 3370 655 3433 effici,
682 3375 737 3420 et
776 3361 1005 3416 vicissim
1034 3355 1288 3411 humilem
1331 3348 1614 3404 sublimem
1654 3341 1902 3397 evadere.
1936 3338 2062 3392 Hzcc

483 3462 624 3518 enim
651 3472 775 3511 vera
800 3466 881 3509 est
908 3461 1263 3521 germanaque
1283 3440 1602 3502 sublimitas,
1628 3450 1745 3505 quae
1772 3447 1871 3487 nec
1899 3433 1950 3484 in
1969 3445 2068 3483 uo-

483 3555 645 3617 mine,
671 3563 772 3603 nec
796 3548 848 3600 in
866 3540 1219 3612 appellatione
1240 3532 1501 3589 consistit.
1527 3529 1594 3583 Et
1615 3536 1831 3582 externa
1850 3522 2061 3593 quidem

481 3642 747 3702 celsitudo
774 3632 1106 3692 necessitatis
1132 3639 1291 3698 atque
1313 3622 1518 3678 timoris
1541 3628 1623 3673 est
1653 3637 1665 3672 :
1692 3617 1806 3672 ha‘c
1822 3630 1948 3669 vero
1969 3614 2062 3667 Dei

484 3733 779 3796 celsitudini
808 3726 997 3783 similis
1043 3732 1144 3777 est.
1186 3719 1285 3786 Qui
1319 3718 1418 3770 hoc
1459 3712 1617 3768 modo
1661 3706 1901 3764 sublimis
1943 3715 2062 3772 est,

482 3831 688 3886 etiamsi
719 3820 857 3891 apud
889 3817 1158 3873 neminem
1187 3804 1525 3865 admirationi
1556 3803 1643 3863 sit,
1678 3799 1923 3854 excelsus
1945 3812 2060 3850 ma-

483 3931 574 3977 net
602 3939 614 3973 :
647 3927 705 3971 ut
728 3890 912 3969 contra
946 3906 1226 3978 superbus,
1250 3897 1455 3955 etiamsi
1478 3895 1545 3949 ab
1564 3893 1811 3948 omnibus
1833 3890 2063 3951 colatur.

486 4013 720 4071 omnium
749 4015 830 4062 est
873 3999 1216 4057 humillimus.
1251 3996 1315 4048 Et
1344 3993 1430 4045 ille
1458 3988 1672 4058 quidem
1724 3984 1892 4036 honor
1926 3981 1977 4035 vi
2012 3988 2067 4035 et

489 4101 810 4159 necessitate
855 4100 1000 4154 stat,
1030 4090 1254 4155 ideoque
1288 4083 1439 4136 facile
1477 4076 1699 4139 defluit;
1730 4074 1816 4128 hic
1849 4086 1977 4125 vero
2000 4086 2083 4125 ex

486 4190 761 4265 proposito
783 4181 1089 4243 voluntatis,
1124 4177 1263 4230 unde
1291 4175 1345 4227 fit
1375 4181 1437 4225 ut
1464 4171 1649 4223 firmus
1679 4173 1907 4219 maneat.
1937 4163 2067 4216 Nam

486 4297 540 4340 et
569 4290 783 4338 sanctos
813 4275 933 4329 ideo
960 4272 1216 4324 miramur
1237 4306 1250 4326 ,
1277 4262 1415 4332 quod
1442 4274 1559 4313 cum
1588 4258 1824 4310 omnium
1855 4254 2069 4307 maximi

487 4385 705 4436 essent,
755 4385 813 4423 se
850 4365 1084 4420 omnium
1128 4357 1359 4413 maxime
1405 4350 1633 4406 humiles
1692 4347 2070 4405 cxhihuerunt.

490 4470 721 4536 Ideoque
742 4463 805 4515 ad
836 4460 971 4512 hanc
995 4466 1163 4522 usque
1190 4448 1331 4503 diem
1356 4443 1612 4499 sublimes
1640 4448 1876 4502 manent,
1911 4436 2069 4489 nihil.

486 4578 590 4633 que
618 4570 762 4611 mors
784 4568 848 4607 ex
881 4550 965 4603 illa
995 4540 1307 4601 celsitudine
1333 4534 1581 4604 dempsit.
1614 4531 1670 4586 Si
1702 4530 1870 4600 placet
1896 4538 2071 4581 autem

489 4619 856 4708 ratiocinando
895 4641 995 4694 huc
1039 4638 1211 4706 ip<um
1256 4630 1614 4700 exploremus.
1662 4623 1813 4676 Altus
1857 4619 2068 4690 quidam

490 4747 614 4800 hinc
643 4741 856 4798 dicitur,
892 4748 1012 4787 cum
1041 4727 1361 4800 proceritate
1400 4719 1645 4790 corporis
1679 4717 1798 4769 talis
1837 4723 1942 4776 est,
1985 4713 2069 4765 vel

486 4852 608 4893 cum
648 4835 700 4886 iu
733 4830 841 4883 alto
871 4828 988 4879 loco
1030 4830 1155 4884 stat,
1185 4815 1400 4870 humilis
1441 4826 1568 4866 vero
1595 4828 1625 4863 c
1652 4806 1940 4861 contrario.
1975 4803 2067 4856 Vt-

488 4927 710 4981 deamus
739 4922 897 4991 igitur
923 4916 1041 4984 quis
1072 4914 1208 4965 altus
1234 4911 1322 4969 sit,
1352 4904 1634 4974 superbus,
1661 4915 1728 4953 an
1758 4897 2027 4951 modestus
2056 4912 2069 4948 :

492 5026 552 5072 ut
573 4989 785 5078 discas,
828 5007 961 5063 nihil
991 5020 1110 5057 esse
1141 4998 1441 5054 humilitate
1490 4991 1768 5047 sublimius
1789 5031 1803 5054 ,
1834 4989 1960 5041 nihil
1993 5004 2071 5040 su-

495 5104 677 5177 perbia
703 5099 980 5169 abiectius.
1009 5094 1141 5150 Nam
1173 5100 1427 5157 arrogans
1452 5094 1505 5139 et
1543 5081 1805 5151 superbus
1834 5079 2068 5133 omnium

493 5197 606 5251 vult
632 5208 752 5249 esse
788 5189 1080 5251 maximus,
1113 5182 1486 5247 neminemque
1512 5190 1570 5229 se
1602 5174 1818 5243 dignum
1846 5185 1966 5225 esse
1991 5169 2071 5220 ui-

492 5292 586 5355 cit,
618 5297 670 5343 et
696 5289 1184 5355 (piantumcnmque
1232 5269 1449 5325 honoris
1478 5272 1861 5333 consequatur,
1895 5260 2067 5328 majo-

496 5395 610 5436 rem
640 5390 854 5442 semper
880 5367 1101 5440 rcquirit
1125 5373 1179 5420 et
1223 5361 1407 5421 ambit.
1432 5374 1493 5412 ac
1523 5356 1650 5411 nihil
1681 5370 1741 5409 se
1770 5365 2073 5417 consequu-

496 5481 605 5526 tum
645 5467 964 5525 arbitratur;
993 5457 1087 5513 sed
1116 5455 1317 5525 spernit
1341 5450 1602 5510 homines,
1628 5446 1946 5512 illorumque
1975 5440 2073 5492 ho-

497 5573 681 5615 norem
703 5554 953 5624 reqnirit;
985 5563 1089 5618 quo
1116 5543 1240 5615 quid
1266 5536 1680 5597 irrationabilius
1704 5548 1825 5588 esse
1854 5534 2023 5602 possit
2048 5528 2070 5580 ?

500 5650 705 5708 Etenim
738 5646 864 5701 illud
894 5638 1157 5709 :enigmati
1195 5635 1370 5689 simile
1393 5640 1495 5687 cst.
1543 5631 1687 5695 Quos
1728 5627 1868 5679 enim
1899 5622 2075 5691 despi-

497 5745 604 5811 cit,
646 5744 711 5797 ab
744 5741 846 5796 illis
876 5736 1097 5808 gloriam
1124 5728 1332 5798 quatrit.
1365 5726 1546 5780 Vidcn‘
1574 5737 1679 5792 quo
1712 5734 1863 5791 paczo
1896 5718 1960 5781 is,
1983 5714 2072 5784 qui

1172 303 1230 355 S.
1269 296 1545 352 JOANNIS
1582 284 2053 346 CllliYSOSTUMI
2097 282 2416 337 AliCllll‘Il’.
2453 277 2989 335 CONS'I‘AN'I‘INOP.
3622 283 3713 335 σει

2144 411 2204 451 se
2252 397 2409 450 altius
2457 394 2685 458 extollit,
2727 393 2947 456 decidit,
2985 402 3145 461 atque
3192 389 3338 444 humi
3377 391 3704 460 jacet?Nam

2142 488 2283 559 quod
2312 498 2533 542 caeteros
2560 486 2803 543 homines
2832 486 2929 540 sibi
2970 495 3309 553 comparatos
3330 483 3459 538 nihil
3486 499 3599 539 esse
3620 503 3706 555 pu-

2145 588 2240 642 ttt,
2296 594 2360 631 ex
2394 578 2507 645 ipso
2537 576 2856 646 arrogantia:
2900 576 3115 627 nomine
3157 573 3415 641 arguitur.
3456 573 3560 627 Cur
3586 590 3707 645 ergo

2142 670 2313 724 curris
2341 668 2405 721 ad
2448 682 2569 722 eum
2605 668 2691 736 qui
2730 667 2804 720 nil
2831 664 2954 720 est?
2978 680 3073 720 cur
3113 664 3180 717 ab
3203 664 3299 718 illo
3328 663 3520 733 quarris
3544 663 3707 721 hono-

2145 762 2297 816 rem?
2346 777 2441 815 cur
2482 769 2559 814 tot
2598 760 2779 814 turbas
2823 757 3179 827 circumagis?
3235 754 3425 810 Viden'
3464 755 3706 814 humilem

2144 869 2305 922 super
2336 850 2521 906 humili
2559 850 2827 907 stantem?
2879 851 3011 918 Age.
3062 863 3185 901 cum
3233 845 3324 914 qui
3363 844 3601 899 sublimis
3638 860 3710 900 est

2145 945 2529 999 examincmus.
2560 942 2654 997 Hic
2677 941 2823 995 novit
2842 948 3094 1008 quantmu
3131 939 3199 990 sit
3226 936 3386 991 homo
3411 954 3424 989 :
3451 937 3591 989 novit
3611 954 3714 989 ma-

2146 1054 2306 1102 gnum
2333 1050 2453 1090 esse
2481 1034 2751 1088 hominem
2780 1074 2795 1098 ,
2823 1047 2986 1101 seque
3007 1030 3243 1082 omnium
3278 1037 3598 1097 postremum
3628 1044 3716 1097 pu-

2149 1130 2255 1185 tat;
2281 1119 2400 1175 ideo
2417 1120 2899 1188 quantulocumque
2921 1115 3125 1168 fruatur
3151 1117 3372 1174 honore,
3402 1111 3452 1165 id
3476 1125 3715 1179 magnum

2146 1228 2268 1268 esse
2313 1219 2477 1281 putat.
2511 1209 2691 1279 Itaque
2722 1207 2807 1261 hic
2852 1207 2949 1261 sibi
2981 1215 3211 1267 constat,
3241 1213 3429 1273 estque
3463 1202 3716 1260 sublimis.

2148 1320 2211 1359 ac
2237 1302 2557 1359 sententiam
2587 1317 2691 1355 non
2726 1309 2895 1353 mutat
2927 1315 2940 1350 :
2974 1312 3107 1367 quos
3135 1296 3276 1349 enim
3298 1306 3521 1363 magnos
3548 1302 3687 1361 putat
3706 1334 3719 1351 ,

2151 1396 2340 1452 horum
2367 1395 2601 1449 honores
2641 1404 2861 1461 magnos
2904 1404 3023 1443 esse
3051 1387 3353 1449 existimat,
3381 1384 3588 1439 etiamsi
3619 1384 3725 1436 cxi-

2149 1492 2235 1561 gui
2260 1504 2377 1545 esse
2402 1487 2697 1548 videantur,
2725 1484 2845 1547 quia
2867 1481 3073 1535 scilicet
3114 1491 3334 1555 magnos
3366 1476 3484 1533 illos
3505 1475 3726 1529 arbitra-

2152 1593 2257 1635 tur.
2285 1582 2553 1647 Arrogans
2579 1585 2787 1637 contra,
2811 1588 2903 1627 eos
2927 1570 3016 1641 qui
3046 1585 3106 1623 se
3135 1550 3418 1632 honorant,
3450 1566 3581 1621 nihil
3611 1581 3728 1621 esse

2152 1679 2320 1741 putat,
2350 1668 2443 1725 sed
2470 1668 2701 1743 honores
2730 1664 2798 1718 ab
2822 1664 2924 1717 illis
2953 1661 3222 1715 exhibitas
3252 1672 3475 1728 magnos
3498 1657 3728 1711 arbitra-

2156 1774 2260 1817 tur.
2293 1763 2521 1816 Rursum
2554 1758 2769 1812 bumilis
2802 1772 2834 1811 a
2879 1755 3023 1808 nullo
3069 1753 3275 1822 capitur
3298 1751 3464 1805 animi
3497 1750 3681 1805 morbo
3712 1768 3725 1800 :

2156 1871 2261 1910 non
2305 1854 2381 1908 ira
2425 1853 2596 1922 ipsum
2639 1848 2907 1919 exagitare
2941 1846 3155 1915 poterit,
3189 1860 3292 1898 non
3324 1844 3512 1915 gloria:
3558 1858 3726 1904 amor.

2156 1965 2263 2005 non
2294 1947 2489 2002 invidia
2513 1986 2528 2011 ,
2560 1959 2663 1998 non
2701 1943 2868 2006 livor;
2908 1940 3082 1993 anima
3129 1952 3256 1992 vero
3294 1938 3377 1991 his
3407 1935 3609 1990 morbis
3639 1936 3730 1989 im-

2155 2040 2300 2095 muni
2345 2038 2471 2107 quid
2502 2031 2809 2091 excelsius?
2854 2031 3125 2099 Arrogans
3170 2037 3347 2081 autem
3379 2026 3466 2079 his
3495 2025 3733 2079 omnibus

2156 2138 2451 2199 occupatur
2479 2125 2699 2188 morbis,
2727 2122 2875 2192 quasi
2896 2121 3089 2176 vermis
3119 2120 3170 2173 in
3191 2133 3347 2173 emno
3369 2132 3430 2172 se
3454 2117 3692 2173 Vulutans
3718 2132 3730 2168 :

2156 2240 2276 2278 nam
2310 2222 2463 2283 livor,
2498 2218 2732 2280 invidia,
2767 2215 2842 2269 ira
2873 2229 3083 2281 semper
3124 2211 3239 2278 ejus
3267 2209 3508 2264 animum
3558 2209 3734 2277 exagi-

2157 2323 2288 2369 tant.
2323 2312 2454 2380 Quis
2497 2324 2625 2379 ergo
2674 2306 2918 2361 sublimis
2943 2305 3062 2358 est?
3090 2318 3157 2356 an
3191 2301 3280 2371 qui
3328 2298 3534 2355 morbis
3579 2300 3733 2350 anitui

2159 2405 2402 2469 superior
2421 2412 2523 2468 εει,
2554 2417 2620 2454 an
2647 2400 2734 2470 qui
2763 2413 2947 2452 eorum
2978 2394 3205 2450 servus?
3227 2410 3294 2447 an
3318 2393 3407 2462 qui
3443 2393 3528 2447 illa
3565 2391 3733 2444 tremit

2157 2507 2212 2551 ct
2242 2493 2509 2557 formidat,
2539 2508 2605 2545 an
2628 2491 2714 2560 qui
2749 2491 2974 2544 invictus
2996 2495 3101 2554 est,
3128 2498 3179 2540 et
3212 2500 3505 2554 numquam
3546 2483 3613 2536 ab
3641 2483 3740 2535 illis

2158 2586 2403 2654 capitur?
2431 2588 2597 2651 Quam
2628 2598 2777 2636 avem
2806 2580 3098 2634 dixerimus
3115 2578 3276 2631 altius
3298 2578 3504 2639 volare,
3534 2592 3597 2629 au
3624 2591 3739 2645 qua:

2162 2679 2407 2734 manibus
2439 2686 2491 2731 et
2520 2673 2866 2729 arundinibus
2897 2670 3163 2726 venatoris
3193 2668 3349 2724 altior
3390 2677 3506 2734 est,
3530 2684 3593 2720 an
3625 2681 3739 2721 eam

2161 2772 2247 2828 cui
2272 2768 2543 2838 capienda:
2577 2776 2794 2821 venator
2815 2763 3075 2817 arundine
3098 2777 3199 2816 non
3230 2770 3371 2831 eget,
3403 2759 3549 2830 quod
3576 2758 3740 2812 humi-

2167 2865 2266 2918 lius
2288 2862 2452 2924 volet,
2484 2874 2581 2913 nec
2614 2858 2781 2927 possit
2806 2854 2910 2908 aha
2940 2853 3158 2923 petere?
3184 2852 3327 2905 Talis
3350 2862 3441 2906 est
3461 2863 3743 2918 arrogans;

2167 2970 2288 3010 nam
2319 2950 2490 3023 quivis
2522 2950 2741 3019 laqueus
2784 2948 2956 3015 ipsum
2985 2944 3139 2999 facile
3177 2943 3338 3012 capit,
3373 2951 3565 3011 utpote
3607 2938 3745 2992 humi

2164 3063 2221 3101 re
2228 3061 2324 3115 pen
2332 3054 2435 3098 tem
2446 3082 2459 3097 .

2235 3138 2287 3192 6.
2318 3136 2374 3191 Si
2405 3135 2483 3189 vis
2522 3142 2699 3186 autem
2728 3172 2742 3197 ,
2770 3145 2833 3183 ex
2864 3127 3093 3198 maligno
3120 3140 3329 3195 quoque
3360 3124 3610 3178 d.rmone
3651 3122 3747 3175 hoc

2166 3229 2337 3300 ipsum
2366 3224 2606 3295 explora.
2636 3220 2771 3290 Quid
2802 3219 3014 3275 diabolo
3041 3217 3324 3272 demissius
3352 3225 3458 3283 est,
3482 3214 3603 3283 quia
3632 3227 3750 3267 sese

2165 3319 2390 3374 extulit?
2419 3317 2543 3388 quid
2567 3317 2779 3370 homine
2805 3312 3084 3373 excelsius,
3118 3312 3161 3365 si
3188 3308 3409 3363 humilis
3438 3323 3559 3362 esse
3589 3304 3752 3360 velit?

2168 3412 2263 3467 Ille
2284 3411 2426 3465 enim
2454 3407 2596 3462 humi
2623 3406 2761 3473 repit
2781 3405 2881 3459 sub
2905 3404 3161 3459 calcaneo
3190 3409 3375 3455 nostro
3396 3398 3605 3470 positus
3638 3415 3650 3450 :
3681 3395 3753 3449 ait

2169 3504 2335 3568 enim,
2360 3501 2563 3557 Calcate
2608 3515 2759 3569 super
2794 3507 3046 3568 serpentes
3075 3505 3121 3548 et
3146 3494 3438 3562 scorpiones
3466 3492 3485 3561 (
3510 3490 3636 3544 Luc.
3670 3486 3752 3541 ιο.

2172 3597 2276 3669 l9)
2303 3614 2317 3661 ;
2351 3596 2436 3650 hic
2458 3609 2583 3648 vero
2612 3607 2733 3647 cum
2763 3591 2965 3660 angelis
2994 3603 3225 3657 superne
3273 3594 3401 3639 stat.
3437 3584 3494 3639 Si
3529 3581 3753 3651 idipsum

2172 3710 2237 3749 ex
2260 3690 2503 3761 superbis
2527 3686 2830 3742 hominibus
2851 3684 3056 3737 discere
3074 3682 3206 3735 velis
3225 3722 3240 3747 ,
3265 3680 3449 3748 cogita
3473 3676 3755 3732 barbarum

2175 3789 2321 3843 illutn
2344 3826 2359 3851 ,
2393 3784 2478 3854 qui
2512 3789 2714 3836 tantmn
2746 3778 2933 3848 agebat
2957 3774 3248 3829 exercitum
3271 3812 3286 3837 ,
3332 3772 3425 3840 qui
3460 3785 3528 3824 ne
3560 3782 3621 3821 ea
3646 3763 3759 3835 qui-

2174 3880 2294 3935 dem
2345 3877 2508 3931 sciret
2550 3888 2669 3942 qua:
2708 3868 2955 3923 oumibus
3005 3864 3215 3933 cognita
3259 3871 3480 3925 essent;
3531 3854 3759 3925 exempli

2175 3986 2334 4028 causa
2360 3967 2500 4038 quod
2531 3966 2663 4032 lapis
2691 3970 2833 4016 esset
2862 3959 3013 4028 lapis,
3036 3956 3174 4026 quod
3198 3954 3335 4008 idola
3368 3960 3554 4008 essent
3580 3948 3716 4003 idola
3744 3962 3759 3998 :

2178 4065 2401 4132 ideoque
2432 4060 2514 4112 his
2540 4055 2759 4111 inferior
2788 4061 2923 4107 erat.
2955 4049 3030 4103 Pii
3064 4063 3190 4102 vero
3216 4056 3269 4099 et
3296 4044 3492 4099 fideles
3523 4041 3658 4095 ultra
3678 4051 3764 4090 so-

2178 4158 2281 4211 lem
2311 4149 2709 4212 eonscendunt;
2739 4145 2804 4199 iis
2825 4143 2948 4213 quid
2972 4138 3252 4195 sublimius
3274 4152 3397 4190 esse
3426 4131 3640 4205 possit?
3664 4126 3764 4195 Qui

2178 4249 2319 4318 ipsas
2349 4244 2509 4299 etiam
2540 4241 2653 4295 cadi
2701 4238 2935 4292 fornices
2983 4229 3390 4293 transcendunt,
3449 4237 3504 4281 et
3545 4221 3767 4293 angelos

2180 4317 2543 4408 prmtergressi
2573 4374 2587 4395 ,
2637 4331 2735 4399 ipsi
2786 4329 2919 4381 solio
2974 4326 3120 4392 regio
3173 4322 3411 4376 adstant.
3475 4317 3543 4374 Ut
3590 4323 3765 4368 autem

2178 4427 2389 4483 aliunde
2429 4423 2789 4491 arrogantium
2822 4419 3077 4471 vilitatem
3106 4426 3364 4484 agnoscas
3397 4451 3412 4468 .
3444 4409 3566 4479 quis
3597 4404 3769 4458 humi-

2180 4519 2396 4573 liabitnr
2420 4531 2481 4570 ac
2508 4514 2808 4582 dejicietur,
2841 4510 2954 4561 isne
2980 4508 3066 4574 qui
3094 4521 3123 4557 a
3164 4504 3272 4557 Deo
3309 4501 3551 4569 juvatur,
3583 4512 3651 4550 an
3685 4493 3769 4563 qui

2179 4626 2207 4662 a
2238 4611 2347 4662 Deo
2374 4601 2752 4677 impugnatur?
2801 4601 2847 4653 ls
2876 4596 3055 4666 procul
3088 4594 3251 4648 dubio
3278 4591 3367 4661 qui
3395 4591 3768 4659 intpuguatur.

2182 4703 2316 4758 Audi
2369 4702 2525 4771 igitur
2566 4695 2689 4767 quid
2736 4694 2802 4747 de
2844 4692 2927 4745 his
2970 4688 3227 4742 ambobus
3275 4685 3422 4739 dicat
3457 4682 3769 4748 Scriptum:

2185 4796 2321 4849 Deus
2364 4767 2590 4862 superbis
2637 4785 2841 4849 resistit,
2896 4780 3165 4835 humilibus
3203 4785 3375 4829 autent
3418 4772 3509 4825 dat
3557 4767 3775 4840 gratiam

2185 4885 2323 4952 (Jac.
2356 4884 2409 4937 4.
2444 4881 2532 4950 6).
2566 4878 2734 4932 Aliam
2765 4876 2953 4929 iterum
2991 4870 3207 4923 afferam
3270 4861 3777 4930 interrogatiom-m.

2181 4977 2308 5046 Quis
2349 4947 2663 5034 sublimior,
2700 4966 2788 5037 qui
2831 4977 2980 5018 sacra
3015 4961 3123 5014 Deo
3153 4957 3297 5017 facit.
3352 4963 3408 5007 et
3450 4947 3777 5006 sacrificium

2183 5038 2357 5131 offert,
2386 5072 2479 5119 aut
2511 5063 2599 5133 qui
2627 5058 2813 5130 procul
2842 5072 2872 5110 a
2903 5057 3011 5108 Deo
3040 5051 3241 5105 nullam
3284 5047 3335 5101 in
3356 5059 3486 5099 eum
3529 5038 3777 5095 fiduciam

2184 5158 2384 5216 habet?
2416 5157 2479 5211 Et
2504 5127 2641 5225 quod
2667 5148 3010 5211 sacrificium,
3032 5141 3258 5211 inquies,
3283 5135 3505 5190 ιιιιιιιίιίε
3536 5133 3626 5187 ille
3655 5127 3779 5181 ufTe-

2184 5253 2305 5308 ret?
2337 5249 2473 5305 Audi
2522 5217 2779 5300 bavidetn
2806 5240 3070 5295 dicentem
3116 5250 3129 5284 :
3160 5228 3494 5298 Sacriﬁcium
3546 5223 3653 5276 Deo
3678 5217 3782 5288 spi-

2184 5346 2309 5398 ritus
2329 5337 2690 5396 contribulalus
2713 5350 2729 5397 ;
2755 5348 2843 5385 cor
2886 5326 3152 5381 contritum
3181 5330 3227 5375 et
3266 5317 3601 5373 humiliatum
3651 5309 3782 5362 Deus

2185 5454 2284 5490 non
2306 5422 2545 5502 despiciet
2573 5426 2741 5492 (l’sul.
2769 5424 2856 5479 50.
2890 5420 3000 5492 l9).
3026 5414 3271 5472 Vidistin’
3292 5411 3412 5479 ejus
3443 5402 3776 5479 puritatem?

2188 5521 2721 5593 llliusimpuritatem
2776 5512 2982 5580 respice
3027 5526 3040 5561 :
3084 5522 3206 5562 nam
3238 5504 3308 5558 ait
3358 5518 3372 5557 :
3408 5499 3661 5567 lmpurus
3715 5498 3784 5543 est

2186 5618 2324 5686 apud
2356 5580 2515 5669 Deum
2542 5608 2701 5664 omnis
2725 5605 2809 5674 qui
2837 5613 2908 5658 cst
2937 5602 3039 5655 alto
3078 5598 3229 5652 corde
3252 5593 3444 5663 (Prov.
3480 5589 3570 5644 16.
3604 5588 3679 5652 5).
3706 5580 3783 5637 Ad

2195 5711 2306 5765 hasc
2335 5709 2385 5762 in
2414 5706 2580 5759 altero
2631 5701 2769 5756 Deus
2797 5693 3084 5767 requiescit
3113 5710 3124 5747 :
3163 5689 3327 5756 Sttpt‘t'
3359 5698 3510 5751 quem
3540 5677 3675 5734 enim
3701 5686 3780 5725 re-
