4074 6144
360 277 475 351 1325

370 414 602 484 spiciam,
626 410 726 465 nisi
746 425 900 480 super
921 417 1233 463 mansuetum
1252 416 1302 462 et
1325 406 1570 477 quietum,
1589 414 1633 459 et
1658 412 1955 457 trementem

371 501 517 558 verba
543 499 814 569 meallsai.
838 499 927 555 66.
950 498 1060 571 2)?
1089 499 1236 554 Alter
1258 512 1385 553 vero
1407 512 1527 552 eum
1556 496 1770 551 diabolo
1792 494 1956 550 trahi-

348 590 459 652 'tur
494 613 507 649 :
539 594 754 649 inﬂatus
783 593 927 649 enim
958 592 1155 648 diaboli
1182 590 1443 661 supplicia
1474 590 1629 646 feret.
1660 587 1785 644 Ideo
1815 589 1952 643 Pau-

372 688 457 744 lus
485 686 697 742 dicebat
730 703 743 740 :
772 684 856 740 Ne
884 689 1014 756 forte
1041 685 1092 739 in
1109 683 1397 752 superbiam
1425 681 1610 748 elatus,
1630 683 1682 735 in
1697 679 1954 754 judicium

371 779 566 833 incidat
593 778 784 832 diaboli
814 778 890 851 (l.
920 776 1053 831 Tim.
1081 778 1135 834 5.
1174 777 1252 849 6).
1284 776 1361 831 Ac
1385 785 1570 831 contra
1610 788 1825 845 semper
1853 772 1952 842 ipsi

372 873 569 939 evenit,
590 887 748 942 quam
778 871 924 925 velit.
959 869 1083 924 Vult
1111 871 1251 923 enim
1279 869 1392 938 ipse
1418 867 1730 938 superbire,
1764 874 1821 921 ut
1850 865 1950 920 ho-

371 972 628 1028 noretur;
685 964 903 1032 ipseque
950 960 1187 1016 omnium
1233 961 1463 1015 maxime
1514 959 1828 1029 despicitur.
1888 957 1949 1012 lli

372 1070 599 1125 namque
621 1066 745 1109 sunt
772 1055 1002 1109 maxime
1030 1054 1268 1109 omnium
1311 1052 1543 1117 ridiculi,
1569 1052 1817 1105 omnibus
1851 1050 1953 1103 ini-

371 1149 518 1216 mici,
569 1148 800 1204 inimicis
834 1157 990 1216 captu
1035 1149 1235 1211 faciles,
1286 1147 1352 1202 ad
1402 1147 1532 1200 iram
1588 1145 1760 1216 proni.
1810 1143 1949 1214 apud

371 1240 539 1294 Deum
571 1240 782 1309 impuri.
833 1239 970 1308 Quid
994 1254 1120 1309 ergo
1164 1238 1266 1293 hoc
1308 1237 1546 1293 deterius
1590 1251 1710 1292 esse
1740 1232 1963 1305 possit?

372 1330 482 1386 lloc
510 1331 707 1401 quippe
732 1331 944 1386 culmen
970 1341 1051 1386 est
1086 1331 1346 1384 malorum
1373 1329 1632 1384 omnium.
1663 1327 1800 1395 Quid
1823 1342 1951 1382 vero

368 1420 579 1477 dulcius
635 1421 961 1478 humilibus?
1000 1421 1124 1492 quid
1155 1418 1411 1477 beatius?
1431 1422 1493 1476 l-li
1516 1420 1773 1475 amabiles
1802 1419 1950 1474 desi-

367 1512 745 1583 derabilesque
794 1513 906 1568 Deo
956 1522 1119 1579 sunt,
1164 1521 1219 1568 et
1266 1511 1407 1583 apud
1444 1511 1688 1567 homines
1739 1525 1950 1582 quoque

368 1604 596 1658 maxima
623 1604 790 1675 gloria
822 1604 1068 1659 fruuntur
1097 1622 1110 1659 :
1139 1619 1327 1659 omnes
1358 1605 1620 1659 honorant
1649 1605 1792 1673 ipsos
1814 1612 1949 1658 tam-

365 1711 526 1766 quam
571 1710 771 1766 patres,
814 1705 872 1751 ut
917 1696 1111 1752 fratres
1163 1697 1578 1766 amplectuntur,
1633 1704 1691 1749 ut
1735 1696 1945 1766 propria

366 1786 608 1841 membra
634 1785 941 1842 admittunt.
974 1788 1153 1844 Simus
1171 1803 1299 1857 ergo
1322 1787 1571 1851 humiles,
1600 1795 1657 1842 ut
1683 1786 1943 1842 sublimes

363 1875 683 1933 efficiamur.
716 1878 847 1934 Nam
875 1879 1174 1950 arrogantia
1200 1878 1484 1935 admodum
1525 1878 1798 1950 deprimit.
1826 1879 1951 1935 llaec

332 1966 701 2023 'Pharaonem
747 1970 1052 2040 prostravit.
1089 1968 1210 2026 Non
1249 1970 1365 2025 navi
1385 2012 1400 2035 ,
1434 1971 1641 2040 inquit,
1675 1968 1947 2025 Dominum

366 2059 561 2127 (Exod.
591 2062 645 2118 5.
673 2061 780 2133 2),
808 2078 870 2118 ac
912 2063 1145 2129 muscis,
1183 2063 1328 2118 ranis
1354 2070 1411 2118 et
1454 2062 1674 2117 locustis
1716 2061 1950 2118 deterior

362 2146 680 2207 factus'est:
719 2165 1006 2226 posteaque
1027 2170 1146 2210 cum
1181 2154 1344 2209 armis
1373 2164 1425 2208 et
1461 2156 1613 2224 equis
1637 2153 1948 2209 submersus

324 2231 333 2239 ’
364 2240 485 2295 fuit.
535 2243 734 2297 Contra
766 2260 894 2299 vero
940 2245 1206 2301 Abraham
1237 2244 1381 2308 dicit,
1422 2242 1533 2316 Ego
1576 2262 1685 2299 sum
1716 2245 1877 2314 pulvis
1901 2254 1947 2298 et

359 2331 491 2384 riuis
524 2330 676 2400 (Gen.
704 2333 791 2389 18.
822 2332 967 2406 27),
997 2344 1051 2389 et
1079 2335 1242 2390 multa
1273 2336 1620 2392 barbarorum
1668 2336 1831 2391 millia
1864 2336 1945 2389 vi-

1324 289 1385 345 ΙΝ
1424 284 1831 344 διλττιιμευιι
1875 283 2100 338 1101111..
2140 283 2324 343 LXVI.
2363 287 2436 344 al.
2476 287 2682 346 LXVII.

3535 288 3639 345 626

2064 401 2157 466 cit,
2186 416 2250 456 ac.
2275 419 2395 460 cum
2427 405 2478 460 in
2508 408 2736 463 mediam
2784 404 3069 481 )Egypmm
3114 402 3410 472 incidisset,
3460 419 3643 460 rever-

2060 507 2152 552 sus
2195 507 2300 563 est,
2341 498 2674 568 Splendidius
2720 515 2880 571 quam
2923 508 3049 556 ante
3089 509 3348 569 tropaeum
3377 492 3638 565 referens,

2061 598 2224 658 atque
2251 589 2375 645 huic
2418 591 2596 645 virtuti
2637 592 2926 658 inhtereus,
2964 605 3178 662 semper
3202 589 3483 645 sublimior
3509 606 3638 645 eva-

2060 682 2152 737 sit.
2179 681 2306 737 ldeo
2358 681 2553 753 ubique
2591 683 2930 750 celebratur,
2960 682 3082 738 ideo
3123 681 3321 753 ubique
3349 691 3641 737 coronatur

2020 834 2035 841 ,
2060 782 2114 830 et
2139 772 2458 846 praedicatur
2484 790 2499 839 ;
2529 774 2737 829 Pharao
2760 783 3033 831 autemest
3057 785 3200 832 terra
3218 784 3273 831 et
3295 775 3453 840 cinis,
3481 774 3567 831 vel
3589 777 3633 830 si

2059 865 2185 936 quid
2214 864 2385 920 vilius.
2420 864 2561 920 Nihil
2585 866 2729 920 enim
2774 866 2842 920 ita
2868 876 3142 922 aversatur
3173 867 3311 923 Deus
3360 878 3417 922 ut
3443 882 3639 937 super.

2060 958 2223 1015 biam.
2253 957 2376 1015 Ideo
2402 957 2468 1011 ab
2494 959 2644 1014 initio
2672 959 2803 1014 nihil
2827 974 2932 1012 non
2955 959 3098 1024 fecit,
3134 969 3192 1015 ut
3221 961 3361 1016 hunc
3389 961 3635 1016 morbum

2060 1054 2333 1109 avelleret.
2367 1053 2568 1108 Idcirco
2599 1054 2854 1108 mortales
2885 1052 3010 1108 facti
3044 1067 3261 1119 smnus,
3290 1064 3341 1109 et
3371 1054 3423 1109 in
3451 1054 3639 1111 dolore

2058 1160 2120 1200 ac
2137 1148 2337 1215 gemitu
2377 1145 2637 1200 vivimus:
2672 1144 2793 1200 ideo
2819 1145 2871 1200 in
2900 1143 3103 1207 labore,
3129 1144 3344 1212 sudore,
3369 1157 3421 1200 ct
3447 1148 3631 1217 operi.

2060 1238 2156 1292 bus
2187 1236 2460 1307 perpetuis
2500 1236 2854 1307 miseriisque.
2885 1236 2958 1291 Ex
2999 1235 3301 1305 arrogantia
3345 1252 3390 1292 e.
3420 1238 3487 1291 im
3527 1237 3636 1304 pri-

2061 1342 2178 1381 mus
2200 1327 2360 1381 homo
2387 1327 2645 1396 peccavit,
2668 1325 2810 1397 quod
2861 1340 2922 1380 se
2947 1333 3190 1396 speraret
3218 1326 3478 1395 {aqualem
3526 1327 3640 1381 fore

2061 1419 2190 1472 Deo.
2220 1417 2553 1488 Quapropter
2569 1433 2635 1473 ne
2653 1417 2705 1471 id
2727 1416 2944 1488 quidem
2963 1417 3103 1487 quod
3134 1416 3363 1472 habebat
3388 1418 3626 1483 retinnit,

2057 1511 2149 1565 sed
2180 1510 2248 1564 ab
2271 1510 2521 1566 omnibus
2553 1509 2771 1567 excidit.
2795 1510 3109 1579 Huiusmodi
3142 1527 3228 1566 res
3271 1521 3355 1566 est
3381 1528 3641 1582 arrogan-

2060 1601 2127 1655 tia
2153 1622 2164 1653 :
2197 1616 2302 1655 non
2332 1600 2491 1656 modo
2522 1600 2652 1655 nihil
2676 1601 2829 1656 nobis
2851 1601 2973 1655 boni
2995 1600 3204 1657 confert
3231 1601 3296 1657 ad
3330 1602 3512 1667 vitam,
3545 1602 3641 1657 sed

2057 1693 2219 1746 etiam
2272 1707 2391 1761 qua:
2438 1691 2696 1747 habemus
2734 1692 2959 1748 Succidit
3008 1710 3022 1745 :
3064 1701 3253 1749 contra
3303 1702 3433 1748 vero
3464 1694 3640 1748 Immi-

2056 1781 2176 1836 lilas
2224 1782 2353 1835 nihil
2403 1781 2576 1837 aufert
2626 1783 2922 1850 bonorum,
2955 1783 3051 1839 sed
3099 1800 3218 1854 qua:
3266 1801 3370 1841 non
3415 1786 3641 1841 aderant

2054 1872 2254 1941 adjicit.
2312 1873 2458 1927 lianc
2508 1873 2670 1944 igitur
2717 1875 3064 1941 aemulemur,
3114 1874 3254 1931 hanc
3308 1891 3634 1945 sequamur.

2054 1975 2190 2021 utet
2214 1967 2319 2020 vita
2355 1967 2600 2036 prarsenti
2639 1964 2899 2033 fruamur,
2925 1976 2981 2022 et
3010 1966 3236 2022 futuram
3257 1968 3479 2038 gloriam
3501 1984 3634 2023 con-

2053 2073 2384 2126 sequamur,
2432 2056 2603 2128 gratia
2659 2065 2715 2113 et
2765 2056 3130 2113 misericordia
3190 2057 3398 2114 Do:t.ini
3471 2059 3639 2113 nttsll'i

2052 2148 2177 2204 Jcsu
2210 2147 2431 2213 Christi,
2464 2148 2788 2218 quicumque
2813 2147 2957 2201 Patri
2979 2155 3034 2203 et
3061 2146 3279 2217 Spiritui
3310 2156 3497 2201 sancto
3525 2147 3644 2218 glo-

2052 2241 2127 2295 ria
2154 2251 2207 2294 et
2231 2240 2536 2309 imperium,
2571 2254 2713 2294 nunc
2741 2249 2796 2296 et
2821 2254 3036 2311 semper
3060 2281 3075 2308 ,
3099 2249 3153 2296 et
3174 2239 3227 2296 in
3250 2240 3440 2296 saecula
3470 2254 3643 2296 sa-cu-

2053 2333 2248 2388 lorum.
2280 2336 2473 2388 Amen.

1475 2602 1821 2664 HOMILIA
1864 2601 2088 2666 LXVI.
2134 2599 2220 2661 al.
2266 2597 2521 2659 LXVII.

339 2755 489 2820 Δ(ἶν’.
520 2765 609 2819 20.
659 2782 709 2819 v.
754 2765 845 2820 2‘).
882 2763 946 2818 Et
997 2764 1359 2835 egredientibus
1386 2765 1487 2819 illis
1531 2782 1562 2819 (ι
1589 2764 1816 2833 Iericho,
1861 2781 1941 2820 se-

424 2866 591 2923 quam
635 2865 705 2909 est
747 2871 859 2908 eum
905 2854 1050 2908 turba
1079 2856 1255 2909 multa.
1289 2855 1376 2909 50.
1410 2854 1475 2907 Et
1517 2870 1631 2908 ecce
1672 2854 1774 2909 duo
1824 2854 1942 2910 τιτςὶ

423 2946 659 2999 sedentes
683 2961 825 2998 secus
852 2945 1001 3004 viam.
1025 2961 1138 2997 cum
1163 2945 1416 2999 audissent
1440 2945 1577 3014 quod
1600 2944 1752 3000 Iesus
1778 2955 1945 2998 trans-

423 3038 557 3098 iret,
598 3037 942 3089 clamauerunt
990 3036 1212 3091 dicentes
1256 3050 1275 3088 :
1321 3035 1561 3090 Miserere
1610 3037 1789 3102 nostri,
1835 3034 1944 3091 Do-

422 3129 587 3194 mine,
613 3126 692 3196 ﬁli
719 3124 906 3180 David.

430 3288 482 3341 1.
517 3284 810 3353 ραωεήοιιε
836 3283 900 3338 de
925 3283 1102 3338 itinere
1138 3282 1323 3338 Christi
1362 3283 1413 3338 in
1460 3287 1678 3340 medium
1706 3286 1945 3353 adducta,

353 3377 583 3431 duorum
612 3391 862 3430 ueterum
885 3375 1097 3428 historia
1127 3384 1508 3432 commentatur.
1540 3378 1948 3430 commendatur-

350 3486 451 3540 que
478 3467 875 3539 perseverantia.
892 3496 963 3505 —-
980 3466 1111 3520 Vide.
1138 3465 1277 3520 unde
1293 3465 1678 3537 .lemsolymam
1696 3482 1754 3521 se
1769 3467 1951 3543 confe-

352 3569 456 3624 rat,
498 3568 557 3613 et
606 3573 711 3627 quo
743 3559 860 3610 loco
898 3564 1052 3610 antea
1083 3567 1385 3611 versaretur
1421 3573 1434 3607 :
1471 3558 1608 3628 quod
1639 3567 1782 3613 certe
1821 3558 1949 3613 mihi

351 3650 597 3705 maxime
616 3647 988 3717 inquirendum
1010 3647 1234 3703 videtur.
1264 3649 1373 3703 Cur
1386 3659 1562 3705 autem
1578 3665 1681 3704 non
1716 3659 1870 3705 antea
1898 3652 1949 3705 in

348 3739 642 3796 Galilaeam
660 3739 771 3803 ivit,
792 3738 885 3794 sed
905 3754 999 3810 per
1014 3738 1307 3795 Samariam
1323 3739 1346 3793 ?
1363 3740 1554 3795 Verqu
1570 3740 1684 3796 haec
1699 3741 1952 3796 studiosis

350 3834 752 3905 relinquemus.
785 3833 918 3889 Nam
970 3834 1015 3888 si
1068 3832 1188 3903 quis
1224 3830 1527 3887 accuratius
1577 3837 1690 3887 haec
1727 3835 1951 3888 scrutari

348 3924 617 3988 voluerit,
667 3921 927 3977 Joannem
971 3923 1204 3977 inveniet
1242 3923 1344 3977 hoc
1392 3922 1555 3992 probe
1595 3923 1949 3989 snbindieare,

349 4028 694 4083 causamque
725 4029 926 4083 ponere
953 4013 1131 4084 (Joan.
1161 4017 1213 4068 4.
1239 4014 1418 4083 1-5).
1460 4013 1569 4067 Nos
1611 4022 1787 4068 autem
1830 4030 1953 4083 pro-

348 4105 534 4174 posito
563 4116 756 4158 nostro
782 4104 1097 4169 haereamus,
1134 4113 1187 4159 et
1215 4105 1311 4159 llus
1332 4119 1503 4159 caecos
1531 4105 1826 4167 audiamus,
1863 4104 1952 4174 qui

350 4195 542 4249 multis
581 4193 878 4248 videntium
908 4195 1154 4249 meliores
1184 4205 1355 4249 erant.
1390 4193 1521 4249 Nam
1565 4212 1737 4266 neque
1763 4195 1950 4250 ducem

349 4282 649 4348 habentes,
700 4299 873 4352 neque
918 4284 1065 4339 illum
1106 4284 1475 4339 adventantem
1526 4285 1789 4347 videntes.
1832 4301 1951 4339 cum

347 4377 717 4430 contentione
755 4375 819 4428 ad
853 4376 1001 4429 illum
1030 4376 1284 4431 accedere
1324 4376 1619 4443 tentabant,
1660 4392 1955 4447 magnaque

348 4484 485 4525 voce
522 4470 771 4524 clamare
796 4477 1108 4538 coeperunt;
1138 4479 1192 4524 et
1215 4467 1346 4537 jussi
1404 4479 1599 4536 tacere,
1644 4472 1812 4541 magis
1848 4472 1956 4524 cla-

349 4562 604 4615 mabant.
657 4558 802 4614 Talis
848 4561 1043 4631 quippe
1080 4568 1162 4615 est
1212 4574 1557 4629 perseverans
1610 4561 1785 4614 anima
1813 4577 1829 4617 :
1861 4575 1958 4630 per

346 4665 445 4705 eos
472 4653 573 4721 qui
630 4649 888 4719 impedire
915 4660 1161 4719 satagunt
1201 4651 1527 4719 provehitur.
1557 4648 1801 4705 Christus
1827 4667 1956 4706 vero

350 4745 629 4813 permittit
681 4752 740 4797 ut
769 4740 1039 4796 silentium
1088 4742 1217 4811 ipsis
1263 4742 1572 4812 imperetur,
1627 4758 1734 4811 quo
1782 4741 1958 4797 fervor

344 4849 545 4891 eorum
590 4842 873 4904 appareat,
905 4841 958 4887 et
986 4833 1181 4896 discas,
1218 4832 1338 4887 illos
1377 4842 1523 4887 certe
1566 4832 1758 4903 dignos
1800 4833 1959 4887 fuisse

344 4928 438 4998 qui
466 4936 820 4985 curarentur.
851 4925 974 4982 Ideo
1011 4941 1183 4995 neque
1221 4927 1507 4995 interrogat
1540 4942 1605 4979 an
1633 4927 1873 4990 credant,
1903 4934 1958 4980 nt

345 5020 567 5075 solebat
590 5035 609 5073 :
645 5032 771 5070 nam
797 5025 850 5070 et
874 5016 1077 5071 clamor
1104 5025 1158 5070 et
1177 5016 1459 5073 accedendi
1500 5027 1720 5070 conatus
1749 5016 1958 5069 illorum

346 5109 517 5167 ﬁdem
545 5109 689 5164 satis
737 5107 1174 5162 testificabantur.
1215 5108 1346 5162 llinc
1384 5108 1547 5171 disce,
1589 5108 1798 5170 dilecte,
1841 5107 1961 5162 licet

343 5199 658 5256 admodum
715 5199 845 5253 viles
874 5207 929 5253 et
970 5198 1160 5267 ahjecti
1213 5204 1398 5261 simus,
1424 5199 1466 5250 si
1512 5214 1631 5252 eum
1681 5199 1855 5254 studio
1892 5198 1958 5252 ad

348 5294 521 5347 Deum
552 5290 908 5352 accedamus,
945 5305 1038 5357 per
1065 5302 1162 5343 nos
1200 5289 1340 5358 ipsos
1377 5302 1532 5357 posse
1570 5303 1687 5357 qua:
1722 5288 1958 5356 postula-

343 5402 469 5443 mus
499 5387 827 5454 impetrare.
864 5383 993 5438 Vide
1013 5383 1153 5437 enim
1185 5380 1451 5451 quomodo
1479 5380 1562 5435 isti
1587 5380 1786 5434 nullum
1827 5394 1960 5449 apo—

341 5479 624 5534 stolorum
661 5474 922 5529 habentes
947 5482 1251 5544 pauonum,
1283 5471 1376 5527 sed
1409 5472 1600 5526 multos
1625 5470 1714 5540 qui
1737 5486 1795 5526 se
1811 5485 1963 5526 coer-

341 5580 562 5637 cerent,
593 5559 893 5639 patuerunt
920 5578 1107 5619 omnes
1134 5564 1312 5619 obices
1342 5562 1625 5627 transilire,
1670 5571 1724 5617 et
1758 5561 1824 5616 ad
1864 5561 1958 5617 Je-

340 5677 465 5717 sum
496 5662 691 5732 ipsum
727 5656 987 5712 accedere
1022 5672 1035 5710 :
1067 5656 1165 5710 etsi
1206 5669 1308 5710 non
1341 5654 1650 5710 testificetur
1692 5654 1960 5724 evangeli-

2058 2775 2137 2820 sta
2168 2764 2309 2834 ipsos
2333 2763 2560 2832 aliquam
2587 2779 2652 2818 cx
2680 2765 2797 2817 vitm
2826 2778 3022 2832 genere
3059 2763 3302 2820 fiduciam
3346 2766 3593 2823 habuisse
3626 2785 3641 2823 :

2050 2859 2142 2912 sed
2167 2858 2329 2912 animi
2358 2856 2534 2913 fervor
2563 2859 2678 2912 vice
2718 2857 2956 2912 onurlum
2997 2858 3126 2927 ipsis
3160 2856 3278 2913 fuit.
3313 2858 3420 2914 llos
3448 2867 3504 2914 et
3543 2875 3642 2915 nos

2051 2950 2210 3005 etiam
2261 2950 2592 3005 :emulemur.
2654 2948 2872 3003 Etiamsi
2941 2948 3080 3003 Deus
3138 2948 3336 3003 donum
3394 2949 3639 3016 differat,

2051 3044 2256 3097 etiamsi
2287 3042 2436 3096 multi
2480 3043 2762 3108 abducant,
2805 3056 2871 3095 ne
2914 3041 3121 3109 petendi
3161 3041 3321 3096 linem
3358 3041 3634 3097 faciamus.

2054 3134 2142 3190 Sic
2167 3134 2309 3189 enim
2347 3134 2577 3187 maxime
2615 3133 2777 3186 Deum
2812 3131 3157 3185 attrahvmus.
3194 3130 3289 3186 llic
3331 3132 3489 3201 igitur
3522 3132 3644 3189 vide

2054 3226 2320 3295 quomodo
2349 3225 2557 3279 illorum
2586 3222 2849 3279 fervorem
2890 3239 2987 3278 nec
3017 3234 3319 3293 paupertas,
3349 3240 3446 3279 nec
3485 3226 3643 3281 etaci-

2057 3326 2153 3375 tas.
2191 3333 2287 3372 nec
2315 3316 2453 3387 quod
2482 3330 2585 3370 non
2611 3315 2912 3373 audiantur.
2940 3331 3036 3370 nec
3057 3314 3196 3385 quod
3226 3316 3451 3371 a-turbis
3471 3315 3644 3372 incre-

2059 3424 2266 3479 p:-ntur,
2299 3409 2558 3479 impedire
2595 3409 2821 3479 possint.
2854 3408 2999 3463 Talis
3034 3419 3117 3462 est
3142 3409 3314 3463 anima
3345 3408 3557 3465 fervens
3591 3418 3645 3464 et

2057 3502 2107 3555 in
2140 3502 2319 3556 labore
2362 3515 2601 3556 versans.
2640 3499 2776 3569 Quid
2817 3515 2944 3566 ergo
2985 3497 3273 3554 Christus?
3304 3500 3390 3553 52.
3443 3499 3646 3553 Vocuvit

2054 3592 2170 3648 illos
2197 3602 2242 3647 et
2271 3592 2400 3647 dixit
2425 3608 2445 3647 :
2477 3591 2612 3657 Quid
2645 3592 2796 3646 vultis
2827 3601 2879 3643 ut
2903 3590 3036 3644 robis
3066 3592 3250 3662 faciant
3272 3591 3298 3645 .’
3340 3590 3428 3646 53.
3459 3589 3645 3644 Dicunt

2054 3687 2100 3741 ei
2130 3703 2149 3740 :
2183 3686 2413 3751 Domine,
2444 3695 2499 3739 ut
2531 3685 2825 3754 aperiantur
2856 3682 2992 3737 oculi
3044 3684 3220 3737 nostri.
3254 3683 3361 3735 Cur
3400 3683 3519 3736 illos
3563 3683 3644 3736 in-

2014 3802 2017 3805 -
2058 3776 2328 3847 terrogat?
2357 3775 2432 3829 Ne
2458 3774 2580 3844 quis
2609 3781 2838 3843 putaret,
2868 3774 3040 3842 ipsum
3077 3772 3177 3824 alia
3213 3770 3515 3841 prtentihus
3540 3771 3645 3825 alia

2055 3869 2201 3924 dare.
2230 3868 2437 3923 Etenim
2464 3868 2600 3921 solet
2623 3880 2838 3935 semper
2870 3865 3038 3934 primo
3070 3865 3313 3918 virtutem
3344 3875 3527 3917 eorum
3554 3862 3643 3932 qui

2056 3968 2311 4013 curantur
2342 3957 2590 4012 omnibus
2626 3957 2944 4026 patefacere,
2983 3962 3039 4010 et
3078 3963 3202 4010 tunc
3246 3954 3538 4008 remedium
3569 3954 3641 4008 af-

2058 4048 2234 4105 ferre:
2265 4058 2374 4103 tum
2404 4057 2459 4102 ut
2487 4048 2622 4102 alios
2644 4047 2706 4101 ad
2737 4046 2983 4102 eumdem
3010 4048 3182 4100 zelum
3209 4045 3401 4111 ducat;
3450 4056 3558 4101 tum
3590 4054 3647 4101 ut

2057 4140 2304 4196 Ostendat
2332 4141 2453 4194 illos
2485 4139 2606 4209 jure
2642 4140 2837 4193 merito
2864 4137 3021 4192 donis
3053 4137 3172 4192 frui.
3205 4137 3314 4193 lloe
3341 4149 3394 4192 et
3425 4138 3475 4191 in
3504 4130 3644 4192 Cha-

2058 4250 2240 4288 namea
2271 4233 2411 4296 fecit,
2443 4232 2543 4287 hoc
2577 4233 2629 4288 in
2662 4233 2994 4298 centurione,
3038 4232 3138 4286 hoc
3179 4232 3229 4286 in
3267 4231 3490 4286 innliere
3517 4247 3641 4287 San-

2057 4327 2229 4400 guinis
2251 4326 2447 4381 ﬂuxum
2479 4326 2745 4396 patiente;
2777 4325 2883 4377 imo
2906 4339 3031 4378 vero
3056 4323 3313 4377 mirabilis
3338 4323 3424 4376 illa
3453 4324 3649 4378 mulier

2060 4419 2315 4489 pra-venit
2341 4417 2806 4487 interrogationem
2835 4415 3038 4469 Dotnini
3068 4431 3082 4467 :
3110 4425 3341 4469 attamen
3372 4430 3478 4468 non
3502 4415 3645 4469 illam

2059 4510 2427 4580 prmtcrmisit;
2461 4509 2553 4562 sed
2591 4519 2643 4562 et
2686 4517 2801 4574 post
2848 4506 3104 4560 redditam
3145 4506 3450 4570 sanitatem,
3498 4504 3643 4558 illam

2059 4603 2326 4658 celebrem
2353 4601 2543 4655 reddit.
2573 4600 2661 4654 Sic
2688 4614 2815 4667 ergo
2850 4600 3065 4651 rtnahat
3098 4598 3464 4653 accedentium
3491 4598 3557 4651 ad
3587 4613 3646 4653 se

2056 4702 2197 4756 bona
2238 4713 2400 4767 opera
2447 4695 2743 4766 prcedicare
2782 4703 2834 4747 ct
2875 4694 3045 4746 multo
3092 4693 3300 4762 majora
3345 4695 3646 4762 praedicare

2059 4807 2221 4864 quam
2265 4798 2422 4844 erant
2449 4788 2462 4818 '
2491 4828 2506 4854 ,
2541 4786 2683 4856 quod
2718 4784 2805 4839 hic
2844 4784 3010 4838 etiam
3046 4782 3192 4838 facit.
3241 4782 3461 4848 Deinde,
3493 4794 3645 4853 post-

2059 4898 2224 4955 quam
2260 4896 2379 4950 qua:
2419 4879 2673 4932 volebant
2714 4875 2987 4937 dixerunt,
3025 4875 3402 4930 misericordia
3437 4885 3640 4942 motus,

2060 4976 2181 5031 illos
2207 4972 2398 5043 tetigit.
2428 4970 2552 5024 llaec
2575 4970 2774 5039 quippe
2796 4968 2908 5022 sola
2936 4982 3098 5021 causa
3121 4976 3207 5021 est
3231 4966 3548 5028 cura:ionis.
3573 4967 3644 5021 ob

2060 5079 2219 5134 quam
2249 5064 2394 5116 venit
2439 5063 2490 5115 in
2522 5061 2804 5114 mundum.
2835 5059 3106 5125 Attamen,
3134 5059 3232 5113 etsi
3265 5059 3638 5114 misericordia

2060 5162 2115 5208 et
2140 5155 2314 5224 gratia
2338 5162 2503 5216 esset,
2526 5151 2719 5222 dignos
2746 5150 3042 5221 qttaarebat.
3070 5148 3230 5216 Quod
3253 5165 3382 5204 vero
3406 5150 3460 5204 hi
3492 5149 3639 5219 digni

2061 5257 2262 5312 essent,
2291 5257 2435 5317 patet
2464 5257 2575 5302 tum
2607 5262 2669 5302 ex
2708 5247 2965 5311 clamore,
2992 5256 3104 5300 tum
3135 5261 3200 5299 ex
3243 5259 3310 5298 eo
3345 5245 3486 5311 quod
3517 5258 3640 5297 cum

2063 5339 2403 5408 accepissent
2425 5354 2529 5392 non
2557 5346 2921 5403 recesserunt,
2946 5336 3087 5407 quod
3108 5335 3260 5389 multi
3294 5334 3520 5400 faciunt,
3546 5334 3640 5404 qui

2123 5527 2139 5556 ³
2166 5523 2284 5572 Htrc
2303 5520 2472 5587 verba,
2506 5526 2551 5570 et
2570 5517 2721 5569 multo
2760 5515 3273 5587 nmjoraprajdicare
3315 5525 3639 5587 quanto-rant,

2062 5600 2120 5635 se
2145 5579 2465 5646 expunxisse'
2480 5579 3250 5646 manueratlilontefalconins,_ttt
3267 5579 3375 5646 pote
3385 5585 3428 5646 et
3452 5579 3642 5646 Christo

2063 5655 2107 5698 et
2141 5638 2475 5709 Clti‘ysostcmo
2501 5639 2718 5706 indigna.
2746 5639 2940 5689 Videsis
2975 5642 3146 5689 Adnot.
3185 5638 3324 5690 field
3347 5639 3405 5689 ad
3438 5655 3487 5705 p.
3526 5640 3638 5689 εει.
