4074 6144
474 269 577 320 627

480 400 596 455 post
626 387 877 443 benelicia
924 397 1047 441 sunt
1090 385 1300 455 ingrati.
1337 386 1404 438 At
1450 382 1521 436 illi
1555 396 1657 435 non
1698 378 1830 435 talea
1871 384 2057 441 erant;

480 478 573 532 sed
622 488 678 533 et
719 487 843 533 ante
885 478 1084 533 donum
1122 475 1551 547 perseverabant,
1596 480 1649 527 et
1699 481 1817 542 post
1866 470 2064 523 donum

482 569 617 638 grati
656 569 818 625 animi
854 569 1068 625 fuerunt
1100 585 1113 622 :
1146 584 1265 622 nam
1316 566 1524 636 sequuti
1571 570 1697 617 sunt
1736 578 1878 617 eum.
1912 560 2065 630 (Cap.

490 662 635 731 XXI)
670 663 719 717 1.
752 662 813 715 Et
840 679 951 716 cum
978 663 1405 733 appmpinquaret
1433 656 1738 721 Jerusalem,
1762 664 1807 708 et
1833 657 2070 706 venerunt

486 754 554 806 ad
585 752 876 823 Bethphoge
914 753 982 806 ad
1031 762 1247 805 montem
1280 749 1560 812 Oliuarum,
1592 757 1710 800 tunc
1754 743 1903 801 Iesus
1942 739 2073 795 misit

490 846 616 898 duos
645 862 707 900 ex
729 846 990 917 discipulis
1015 846 1140 911 suis,
1166 845 1219 897 2.
1242 844 1413 896 dicens
1434 856 1453 894 :
1475 838 1504 892 Ι
1509 850 1554 893 te
1578 841 1629 891 in
1657 836 1914 891 castellum
1942 831 2075 900 quod

492 948 666 992 contra
688 955 770 993 uos
796 947 884 1002 est,
918 950 962 991 et
985 936 1241 991 invenietis
1268 937 1463 988 asinam
1487 931 1770 1002 alligatam,
1812 937 1855 980 et
1884 925 2078 997 pullum

492 1048 604 1085 cum
636 1047 695 1086 ea
718 1047 737 1086 :
765 1032 1007 1085 solrentt's
1043 1028 1288 1082 adducite
1327 1026 1470 1079 mihi.
1510 1025 1564 1078 3.
1595 1022 1660 1076 Et
1703 1021 1745 1075 si
1787 1019 1897 1089 quis
1948 1016 2080 1069 vobis

493 1124 677 1176 dixerit
703 1122 915 1193 aliquid,
949 1122 1139 1182 dicetis,
1171 1137 1289 1191 quin
1316 1116 1564 1172 Dominus
1593 1115 1667 1168 his
1694 1128 1821 1183 opus
1845 1109 2009 1173 habet,
2036 1114 2083 1159 et

496 1214 761 1284 confestim
777 1214 988 1267 dimittet
1011 1228 1110 1265 cos.
1132 1213 1185 1266 4.
1217 1210 1328 1263 Hoc
1348 1219 1515 1262 autem
1535 1215 1693 1259 totum
1717 1207 1905 1275 factum
1932 1209 2002 1253 est
2031 1204 2084 1249 ut

499 1305 859 1375 adimpleretur
873 1305 1011 1373 quod
1031 1303 1219 1356 dictant
1238 1310 1308 1354 est
1339 1316 1427 1369 per
1453 1296 1760 1353 Zachariam
1790 1291 2087 1365 proiihetam

501 1396 744 1449 dicentem
772 1409 792 1448 :
818 1394 871 1450 5.
907 1392 1067 1447 Dicite
1094 1392 1218 1461 ﬁlice
1242 1391 1375 1446 Sion
1393 1407 1413 1445 :
1437 1389 1565 1444 Ecce
1589 1402 1677 1441 res:
1710 1394 1823 1438 tuus
1844 1381 1973 1436 venit
2000 1378 2089 1433 tibi

505 1496 809 1552 mansuetus,
839 1487 1017 1541 sedens
1041 1500 1193 1555 super
1220 1484 1416 1539 asinam
1459 1490 1505 1537 et
1552 1480 1754 1547 pullum
1776 1474 1938 1546 [ilium
1972 1472 2090 1525 sub-

501 1577 692 1648 iugatis
721 1574 903 1648 (Zach.
945 1576 999 1632 9.
1029 1576 1107 1645 9).
1156 1574 1314 1646 Atqui
1361 1588 1505 1643 smpe
1550 1580 1769 1626 venerat
1816 1565 2089 1636 ierosoly-

509 1685 683 1733 niam;
716 1668 810 1723 sed
837 1684 1125 1737 numquam
1147 1684 1266 1723 cum
1298 1675 1443 1721 tanto
1464 1676 1736 1735 apparatu.
1765 1662 1894 1729 Qua:
1936 1660 2093 1730 igitur

507 1775 665 1815 causa
691 1758 827 1814 fuit?
853 1760 943 1814 illa
972 1760 1147 1829 priora
1177 1766 1327 1815 erant
1351 1757 1573 1812 exordia
1613 1751 1963 1815 (economize;
2001 1762 2094 1802 ne-

508 1868 613 1923 que
652 1853 765 1923 ipse
786 1852 1072 1907 admodum
1114 1861 1269 1905 notus
1296 1858 1431 1914 erat,
1461 1863 1632 1918 neque
1670 1846 1932 1915 passionis
1963 1850 2097 1896 lem-

512 1960 611 2014 pus
634 1952 747 1997 erat
773 1943 1073 2013 proximum
1105 1958 1117 1994 :
1141 1949 1464 2012 quapropter
1490 1934 1946 1993 indiscriminatim
1974 1947 2094 1986 cum

514 2035 620 2089 illis
671 2044 797 2089 tunc
846 2034 1188 2099 miscebatur,
1237 2034 1343 2085 imo
1384 2045 1504 2086 sese
1549 2027 1890 2084 occultabat:
1924 2038 2099 2094 neque

515 2125 657 2178 enim
695 2124 1029 2178 admirationi
1080 2123 1283 2187 fuisset,
1312 2122 1355 2174 si
1391 2120 1460 2175 ita
1504 2134 1624 2175 sese
1667 2115 2012 2177 exhibuisset,
2045 2122 2101 2166 et

519 2215 591 2271 illi
623 2216 672 2269 in
711 2215 967 2283 majorem
1023 2214 1153 2269 iram
1193 2212 1545 2267 exarsisscnt.
1597 2208 1881 2276 Postquam
1923 2216 2098 2258 autem

520 2306 769 2377 potentia:
798 2320 908 2359 sum
945 2304 1133 2358 idonea
1160 2292 1790 2370 dedcratexperimcnta,
1819 2310 1938 2351 cum
1972 2309 2100 2349 crux

520 2399 571 2451 in
591 2398 767 2466 januis
800 2405 963 2460 esset,
993 2394 1186 2450 clarius
1223 2394 1456 2463 seipsmn
1497 2391 1718 2454 revelat,
1758 2398 1812 2443 et
1844 2403 1965 2442 cum
1994 2400 2105 2443 ma-

515 2489 620 2558 jori
646 2488 953 2542 celebritate
981 2484 1109 2540 l'acit
1133 2483 1333 2548 omnia,
1362 2497 1481 2553 qua:
1512 2488 1726 2550 possent
1770 2478 1889 2532 illos
1923 2486 2104 2546 postea

523 2597 698 2634 urere.
726 2579 975 2633 Poterant
1008 2576 1149 2631 enim
1179 2576 1292 2630 haec
1334 2574 1387 2628 in
1415 2573 1677 2643 principio
1709 2569 1843 2637 ﬁeri,
1869 2567 1960 2622 sed
2001 2583 2104 2620 non

522 2671 669 2725 utilia
700 2669 942 2725 fuissent.
970 2667 1046 2722 Tu
1079 2683 1207 2722 vero
1232 2665 1361 2719 mihi
1388 2663 1667 2719 considera
1695 2669 1823 2730 quot
1853 2658 2104 2713 miracula

524 2766 653 2817 liant
675 2773 725 2817 et
765 2770 891 2831 quot
932 2758 1223 2829 prophetia:
1263 2756 1598 2825 impleantur.
1646 2752 1804 2817 Dixit,
1842 2748 2109 2803 Inrenietis

523 2855 750 2918 asinam;
802 2851 1041 2920 praedicit
1088 2849 1353 2904 neminem
1409 2861 1529 2901 esse
1570 2845 1967 2913 impediturum,
2012 2841 2107 2894 sed

524 2945 614 3015 qui
644 2943 885 2999 audirent
919 2944 1173 2997 tacituros
1197 2954 1335 2994 esse.
1371 2937 1482 2991 lloc
1499 2946 1677 2990 autem
1709 2950 1812 2988 non
1838 2948 1997 3005 parva
2019 2931 2113 2986 in-

526 3037 763 3092 dzeorum
790 3033 1165 3091 condemnatio
1197 3040 1297 3093 est,
1328 3030 1371 3083 si
1414 3027 1716 3083 hominibus
1748 3041 1851 3079 non
1881 3024 1980 3079 sibi
2013 3039 2110 3077 no-

529 3130 616 3189 tis,
645 3142 885 3196 quosque
932 3140 1038 3179 non
1088 3122 1313 3187 viderat,
1364 3118 1605 3182 suadeat,
1661 3125 1718 3170 ut
1758 3131 1852 3170 sua
1881 3115 2107 3176 tradant,

530 3232 630 3272 nec
654 3215 1043 3271 contradicunt.
1086 3212 1253 3268 .ludwi
1306 3225 1455 3275 vero,
1498 3206 1711 3279 quando
1754 3206 1866 3277 ipse
1908 3220 2006 3277 per
2030 3204 2112 3258 tli—

530 3307 767 3378 scipulos
818 3320 943 3360 suos
986 3305 1237 3359 miracula
1279 3302 1490 3368 edebat,
1546 3308 1839 3372 praesentes
1880 3312 1986 3353 non
2016 3297 2114 3351 ob-

532 3408 913 3469 temperarunt.

602 3490 655 3546 2.
690 3490 932 3543 Abductio
975 3488 1133 3542 asinre
1170 3498 1213 3542 et
1256 3487 1421 3555 aselli,
1454 3486 1647 3540 nemine
1690 3492 1970 3548 recusante,
1999 3481 2119 3552 quid

536 3584 726 3653 probet.
750 3582 938 3636 Christi
953 3581 1052 3635 vita
1077 3581 1217 3635 nobis
1236 3582 1540 3650 exemplum.
1555 3578 1715 3634 —-—l\‘e
1734 3585 1886 3648 putes
1910 3575 1960 3631 id
1978 3574 2116 3647 quod

537 3676 729 3731 factum
760 3686 843 3731 est
873 3691 1088 3744 parvum
1112 3673 1235 3744 qttid
1264 3689 1402 3729 esse.
1439 3672 1568 3741 Quis
1595 3672 1738 3727 enim
1770 3670 1872 3725 illis
1899 3684 2119 3739 persua-

536 3769 623 3830 sit,
657 3765 781 3820 dutn
820 3781 912 3821 sua
957 3765 1317 3829 aulerrentur,
1350 3777 1609 3834 pauperes
1657 3777 1779 3818 eum
1827 3769 2026 3826 essent,
2069 3767 2124 3814 et

539 3858 777 3913 fortassis
806 3857 1073 3925 agricolas,
1115 3873 1219 3911 non
1250 3858 1585 3928 repugnare?
1622 3864 1676 3910 et
1712 3854 1837 3926 quid
1867 3854 1988 3908 dico
2017 3869 2121 3908 non

540 3950 872 4019 repugnare?
901 3965 966 4003 ne
993 3949 1319 4019 respondere
1361 3948 1596 4016 quidem,
1628 3947 1709 4003 vel
1742 3956 1861 4017 post
1904 3960 2126 4016 reSpon-

541 4040 745 4094 sionem
776 4049 953 4095 tacere
979 4057 1042 4094 ac
1088 4040 1371 4095 recedere?
1410 4038 1541 4095 Nam
1584 4049 1866 4108 utrumque
1907 4036 2127 4107 perinde

545 4130 783 4185 mirabile
831 4141 965 4198 erat,
996 4131 1136 4201 quod
1178 4131 1306 4185 nihil
1356 4130 1609 4195 dixerint,
1653 4129 1780 4183 dum
1825 4130 2128 4198 subiugales

544 4225 958 4288 abducerentur,
981 4231 1036 4277 et
1062 4222 1202 4291 quod
1222 4222 1517 4287 audientes,
1553 4221 1831 4275 Dominum
1849 4221 1977 4289 ipsis
1996 4234 2129 4288 Opus

546 4314 765 4382 habere,
786 4316 1128 4379 recesserint,
1152 4329 1249 4368 nec
1276 4313 1713 4379 contradixerunt,
1745 4313 1975 4367 maxime
2007 4326 2128 4365 cum

547 4420 655 4460 non
683 4406 855 4477 ipsum
888 4406 1194 4471 Dominum,
1246 4404 1340 4460 sed
1374 4404 1663 4475 discipulos
1707 4406 1823 4474 ejus
1870 4404 2128 4458 viderent.

550 4497 683 4553 llinc
726 4497 885 4553 docet
913 4514 1028 4564 cos,
1057 4513 1117 4553 se
1153 4498 1389 4567 potuisse
1418 4495 1630 4551 Judaeos
1668 4495 1751 4549 vel
1792 4495 1984 4549 Invitos
2013 4510 2130 4547 om-

550 4592 676 4644 nino
700 4589 974 4655 cohibere,
1014 4588 1229 4658 quando
1272 4602 1329 4642 se
1369 4585 1601 4642 invasuri
1640 4594 1843 4652 essent,
1886 4585 2134 4655 ipsosque

552 4690 729 4736 tnutos
751 4681 995 4743 reddere,
1028 4680 1120 4735 scd
1152 4680 1407 4735 noluisse.
1439 4678 1572 4733 Hinc
1601 4679 1762 4734 etiam
1789 4677 1947 4733 docet
1978 4676 2136 4732 disci-

553 4773 748 4842 pulos,
791 4772 1046 4843 quidquid
1107 4772 1220 4842 ipse
1280 4780 1489 4843 peteret
1541 4770 1773 4826 dandum
1844 4778 2133 4841 op-irtere,

552 4862 759 4919 etiamsi
779 4861 992 4933 juberet
1018 4863 1184 4934 ipsam
1212 4864 1441 4919 animam
1475 4862 1707 4926 Eradcre,
1731 4876 1829 4916 nec
1864 4859 2136 4916 contradi-

555 4956 781 5010 cendum
810 4970 950 5011 esse.
980 4956 1110 5011 Nam
1155 4956 1200 5012 si
1246 4952 1406 5027 ignoti
1438 4963 1748 5026 paruerunt,
1778 4954 1944 5009 multo
1972 4955 2139 5023 magis

559 5047 701 5113 ipsos
725 5048 901 5101 omnia
946 5047 1247 5117 relinquere
1275 5048 1574 5116 oportebat.
1604 5046 1683 5101 Ad
1716 5045 1828 5099 lucc
1855 5044 2009 5098 aliam
2042 5044 2140 5098 du-

472 5146 486 5157 ⁹
562 5139 856 5211 plicemque
906 5140 1239 5212 prophetiam
1287 5140 1568 5209 implebat;
1614 5139 1772 5193 aliam
1825 5154 1917 5208 per
1954 5152 2137 5206 opera,

559 5235 716 5290 aliam
744 5248 839 5307 per
861 5234 1043 5301 verba,
1085 5250 1274 5305 nempe
1300 5234 1570 5289 Zachariae
1613 5232 1905 5303 prophetm,
1947 5230 2033 5299 qui
2064 5229 2143 5283 di-

561 5328 657 5391 xit,
688 5341 867 5399 regem
897 5342 1172 5385 scssurum
1198 5342 1318 5382 esse
1347 5342 1505 5397 super
1528 5327 1730 5381 asinam
1763 5322 1947 5393 (Zach.
1974 5323 2026 5377 9.
2051 5323 2140 5391 9);

563 5433 684 5473 nam
708 5417 901 5474 sedens
927 5418 1039 5489 ipse
1078 5420 1408 5490 prophetiam
1438 5417 1693 5486 implevit.
1741 5417 1898 5470 Aliud
1947 5416 2141 5468 iterum

564 5511 859 5582 prephetia:
890 5511 1095 5567 initium
1122 5512 1299 5575 dabat,
1328 5512 1491 5582 gestis
1529 5509 1641 5563 suis
1669 5509 1836 5563 l'utura
1871 5503 2145 5577 praesigni-

567 5606 751 5659 licans.
797 5605 914 5672 Quo
958 5602 1154 5675 pacto?
1178 5603 1507 5675 lmpurarnm
1547 5603 1782 5674 gentimn
1812 5600 2146 5655 vocationem

571 5697 959 5769 pra‘nuntiabat
991 5713 1003 5751 :
1035 5694 1146 5751 fore
1185 5712 1375 5767 nempe
1417 5706 1470 5750 ut
1502 5698 1553 5751 in
1584 5697 1710 5766 ipsis
1739 5697 2054 5765 requie-cat,
2092 5703 2147 5747 ut

1269 266 1325 322 S.
1365 262 1645 320 JOANNIS
1677 255 2155 316 CHRYSOSTOMI
2198 255 2513 315 AltCIIIEP.
2543 255 3076 314 CONSTARTINOP.

3647 248 3742 301 6‘28

2177 374 2391 431 veniant
2417 374 2482 428 ad
2512 389 2658 439 eum,
2687 375 2962 442 ipsumque
3006 378 3334 439 sequantur;
3372 364 3448 419 sic
3477 365 3746 434 prophetia

2174 464 2510 537 prophetiam
2535 466 2766 536 excepit.
2802 463 2925 517 Mihi
2948 478 3074 515 vero
3103 477 3206 514 non
3234 473 3294 511 ea
3317 457 3488 512 solum
3510 454 3577 509 de
3599 468 3752 507 caiisa

2177 558 2385 613 videtur
2422 572 2585 627 super
2609 558 2812 610 asinam
2843 555 3067 621 sedisse,
3099 552 3192 607 sed
3229 560 3286 605 ut
3326 549 3481 604 nobis
3527 546 3755 617 philoso-

2178 651 2315 720 phia:
2354 650 2569 704 modum
2614 648 2867 704 traderet.
2917 645 3031 702 Non
3080 643 3239 699 modo
3278 642 3420 698 enim
3461 637 3759 710 prophetias

2181 741 2455 811 implebat,
2484 755 2658 811 neque
2702 750 2902 794 tantum
2933 740 3177 809 dogmata
3206 732 3446 789 veritatis
3474 728 3756 786 inserebat.

2181 831 2277 888 sed
2308 848 2403 903 per
2432 832 2547 887 haec
2585 834 2740 887 nobis
2781 838 2984 886 rectum
3016 830 3137 883 vita:
3166 826 3464 882 institutum
3504 821 3757 885 tradebat,

2185 927 2380 996 ubique
2410 926 2563 980 nobis
2585 925 2794 996 regulas
2820 924 3097 993 assignans
3123 920 3188 975 ad
3214 916 3570 974 necessarium
3589 929 3757 980 usum,

2185 1027 2239 1072 et
2288 1018 2354 1072 ad
2400 1018 2559 1071 vitam
2592 1017 2756 1087 probe
2806 1010 3020 1085 semper
3048 1010 3328 1084 agendam.
3370 1006 3599 1076 Ideoque
3645 1020 3762 1061 cum

2188 1110 2484 1164 nasciturus
2532 1119 2691 1174 esset,
2723 1122 2827 1161 non
2869 1103 3200 1176 splendidam
3247 1101 3463 1156 domum
3504 1096 3759 1168 quaesivit.

2190 1219 2294 1257 non
2321 1214 2542 1257 matrem
2573 1200 2789 1256 divitem
2819 1209 2873 1254 et
2915 1198 3197 1260 illustrem,
3241 1190 3337 1247 sed
3385 1203 3672 1261 pauperem
3714 1196 3766 1242 et

2190 1309 2444 1366 sponsum
2491 1293 2694 1348 labrum
2725 1291 3028 1355 habentem,
3076 1295 3235 1357 atque
3264 1284 3316 1339 in
3364 1279 3576 1353 tugurio
3602 1280 3768 1334 nasci-

2194 1395 2279 1440 tur
2299 1396 2348 1440 et
2377 1387 2427 1440 in
2458 1386 2719 1454 prarsepio
2757 1382 3060 1437 reclinatur.
3110 1377 3243 1432 Cum
3274 1371 3566 1443 discipulos
3592 1369 3766 1439 elegit.

2195 1493 2299 1533 non
2329 1479 2572 1531 rhetoras
2611 1485 2667 1530 et
2701 1473 2899 1544 sepltos
2924 1469 3184 1541 quaesivit,
3216 1480 3389 1535 neque
3413 1462 3697 1534 opulentos
3721 1471 3770 1515 et

2196 1567 2424 1631 nobiles,
2455 1564 2550 1620 sed
2579 1578 2859 1634 pauperes,
2895 1573 3189 1631 pauperum
3217 1557 3373 1619 filios,
3405 1563 3460 1609 et
3499 1550 3770 1623 ignobiles.

2199 1658 2269 1714 Et
2291 1672 2408 1713 cum
2454 1671 2692 1710 mensam
2731 1661 3041 1723 apponeret,
3081 1648 3240 1704 modo
3262 1661 3428 1718 panes
3456 1643 3774 1699 bordeaccos

2199 1748 2421 1811 inducit,
2450 1745 2611 1805 modo
2634 1743 2923 1815 discipulos
2953 1744 3004 1796 in
3032 1740 3147 1795 foro
3166 1738 3318 1808 jubet
3341 1750 3556 1799 enitere;
3588 1744 3773 1787 etcum

2200 1840 2367 1894 lectos
2385 1837 2450 1891 ad
2475 1851 2712 1893 mensam
2733 1842 2907 1908 parat,
2931 1834 3074 1888 {meo
3102 1829 3166 1883 ad
3195 1828 3244 1883 id
3270 1828 3452 1882 utitur.
3482 1823 3774 1878 Vestinoru-

2203 1931 2271 1985 tis
2299 1930 2535 1986 induitur
2570 1929 2763 1983 vilibus
2790 1935 2849 1984 et
2880 1925 2947 1982 ad
2981 1924 3123 1994 vulgi
3165 1937 3316 1976 usum
3347 1918 3775 1991 pertinentibus:

2143 2088 2157 2098 δ
2203 2022 2420 2076 domum
2453 2036 2519 2075 ne
2551 2018 2731 2074 habuit
2763 2017 3001 2089 quidem.
3029 2016 3084 2072 Si
3114 2028 3241 2069 vero
3271 2028 3333 2067 ex
3377 2012 3493 2065 loco
3522 2010 3575 2063 in
3612 2008 3779 2061 locum

2203 2114 2353 2168 abire
2380 2129 2515 2183 opus
2544 2122 2707 2179 esset,
2737 2112 2788 2166 id
2828 2109 3052 2182 pedibus
3083 2107 3230 2171 facit.
3256 2115 3416 2175 atque
3446 2104 3515 2157 ita
3548 2111 3605 2156 ut
3636 2100 3781 2154 defa-

2207 2208 2419 2277 tigetur.
2449 2204 2656 2261 Sedens
2685 2218 2790 2257 non
2818 2201 2957 2257 solio
2995 2212 3129 2269 opus
3175 2197 3353 2259 habet,
3406 2208 3580 2261 neque
3623 2190 3785 2260 pulvi-

2209 2298 2343 2364 nari,
2372 2296 2466 2352 scd
2490 2298 2540 2350 in
2566 2296 2682 2351 solo
2707 2295 2823 2364 ipso
2845 2292 3015 2356 sedet,
3042 2286 3331 2359 aliquando
3371 2287 3422 2340 in
3462 2294 3662 2345 meme,
3696 2280 3785 2334 ali-

2208 2388 2424 2459 quando
2451 2386 2518 2442 ad
2546 2386 2744 2441 l'ontem
2771 2402 2787 2452 ;
2814 2399 2915 2439 nec
2941 2382 3006 2436 ad
3035 2380 3234 2436 fontem
3264 2386 3487 2438 tantum,
3516 2374 3613 2428 sed
3648 2373 3788 2429 solus

2208 2495 2329 2536 cum
2356 2476 2689 2535 Samaritana
2721 2474 2952 2543 loquitur
2978 2472 3155 2542 (Joan.
3188 2470 3266 2538 4).
3314 2466 3443 2522 Item
3486 2465 3576 2535 qui
3624 2460 3788 2517 dolori

2212 2572 2428 2627 modum
2454 2570 2660 2636 statuit,
2690 2583 2812 2624 cum
2844 2568 3023 2637 lugere
3049 2572 3280 2636 oportet,
3314 2559 3590 2630 paululum
3622 2557 3788 2626 lacry-

2213 2672 2407 2729 matur,
2439 2663 2653 2733 ubique,
2693 2670 2749 2715 ut
2771 2659 2901 2726 dixi,
2932 2646 3139 2727 regulas
3167 2654 3527 2721 terminosque
3563 2661 3787 2720 ponens,

2212 2770 2488 2826 quousque
2516 2751 2730 2824 procedi
2758 2748 2972 2812 debeat,
3025 2756 3079 2802 et
3104 2746 3188 2800 ubi
3235 2746 3423 2799 sistere
3449 2741 3672 2812 gradum
3703 2751 3792 2807 par

2214 2851 2301 2904 sit.
2350 2845 2475 2901 Ideo
2525 2860 2666 2900 nunc
2703 2843 2887 2907 etiam,
2930 2840 3053 2910 quia
3092 2836 3309 2906 contigit
3332 2832 3594 2905 quosdam
3647 2831 3791 2885 inlir-

2216 2941 2410 2994 tniores
2435 2952 2570 3007 opus
2593 2935 2789 2990 habere
2813 2930 3193 3002 subjugalibus,
3226 2927 3311 2981 hic
3337 2938 3546 2997 quoque
3583 2923 3795 2978 modum

2217 3032 2411 3102 posuit,
2444 3028 2730 3085 ostendens
2749 3042 2854 3081 non
2876 3025 3046 3095 equis,
3079 3037 3183 3076 non
3213 3019 3476 3074 mulorum
3501 3017 3647 3086 jugis
3667 3028 3797 3083 opus

2217 3139 2370 3189 esse;
2402 3123 2494 3177 sed
2543 3121 2694 3176 asino
2743 3116 3017 3182 utendum,
3072 3128 3173 3169 nec
3213 3112 3353 3167 ultra
3400 3105 3796 3181 procedendum

2217 3230 2358 3280 esse,
2391 3213 2549 3283 idque
2594 3212 2658 3265 ad
2714 3225 2864 3264 nsum
2918 3208 3047 3262 satis
3084 3219 3223 3261 esse.
3258 3202 3545 3258 Videamus
3594 3210 3800 3269 quoque

2220 3306 2549 3376 prephetiam
2578 3303 2757 3358 verbis
2782 3312 2835 3356 et
2860 3298 3011 3355 factis
3035 3300 3048 3330 ¹
3074 3310 3400 3365 eXpressam.
3420 3292 3549 3359 Qua:
3571 3299 3657 3346 est
3679 3302 3801 3357 ergo

2220 3399 2307 3454 illa
2338 3395 2655 3470 prOphetia?
2681 3393 2812 3448 Ecce
2829 3408 2919 3447 rex
2946 3403 3061 3444 tuus
3090 3389 3219 3443 venit
3241 3388 3326 3440 tibi
3350 3393 3663 3449 mansuetus,
3687 3397 3805 3436 con-

2221 3490 2459 3546 scendens
2496 3486 2809 3557 subjugalem
2854 3494 2900 3538 et
2939 3482 3134 3551 pullum
3167 3482 3405 3549 juvenem
3432 3494 3451 3531 :
3482 3492 3592 3531 non
3625 3488 3807 3529 currus

2223 3596 2405 3651 agens,
2431 3590 2487 3634 ut
2513 3580 2692 3633 ca-teri
2731 3591 2918 3647 reges;
2951 3591 3056 3628 non
3097 3570 3370 3641 vectigalia
3415 3568 3662 3638 exigens,
3704 3579 3808 3619 non

2225 3682 2484 3727 terrorem
2532 3669 2813 3732 incutit-ns,
2861 3676 2914 3721 et
2942 3664 3203 3720 satellites
3238 3662 3614 3729 circumagens
3661 3674 3675 3710 :
3716 3652 3809 3710 sed

2230 3763 2543 3818 modestiam
2575 3760 2697 3815 hinc
2723 3774 2933 3828 quoque
2952 3769 3196 3825 magnam
3220 3752 3497 3808 exhibens.
3538 3748 3811 3815 Interrrga

2228 3855 2405 3926 itaque
2427 3853 2669 3909 Judaeum
2698 3869 2711 3906 :
2739 3852 2867 3919 Quis
2897 3865 2986 3903 rex
3030 3848 3179 3901 asino
3211 3853 3394 3898 vectus
3424 3842 3701 3912 ingressus
3733 3846 3813 3891 est

2227 3945 2650 4015 JcrOSolymam?
2678 3944 2780 3998 Sed
2813 3958 2915 3997 non
2938 3940 3096 3995 alium
3126 3955 3281 4008 quam
3314 3937 3453 3990 hunc
3477 3935 3663 3990 dicere
3690 3947 3812 4002 pos—

2229 4040 2352 4093 sint.
2385 4037 2473 4090 illa
2497 4050 2656 4105 porro
2682 4034 2926 4098 faciebat,
2966 4044 3019 4085 ut
3056 4030 3184 4095 dixi,
3218 4027 3387 4082 futura
3421 4025 3811 4097 praenuntians.

2232 4130 2328 4186 llic
2366 4128 2507 4184 enim
2552 4143 2647 4198 per
2692 4127 2891 4196 pullum
2945 4124 3178 4178 Ecclesia
3225 4118 3574 4189 signiﬁcatur,
3610 4127 3817 4170 necnon

2232 4222 2459 4291 populus
2479 4233 2670 4285 novus,
2696 4219 2821 4272 olim
2849 4217 3104 4284 itttpurtls,
3135 4220 3408 4281 postquam
3439 4219 3621 4263 autem
3666 4204 3819 4259 Jesus

2234 4312 2447 4378 insedit,
2473 4326 2635 4379 purus
2661 4308 2899 4364 effectus.
2930 4306 2996 4360 Et
3022 4304 3136 4357 vide
3162 4302 3442 4371 imaginem
3471 4298 3673 4369 ubique
3702 4310 3819 4350 ser-

2235 4414 2430 4457 vatam.
2452 4399 2584 4454 Nam
2606 4398 2852 4468 discipuli
2876 4396 3086 4449 solvunt
3123 4389 3434 4461 subjugalia.
3471 4388 3581 4443 Per
3601 4393 3821 4456 aposto-

2236 4493 2319 4548 los
2344 4492 2484 4547 enim
2514 4498 2570 4547 et
2596 4489 2695 4560 ipsi
2727 4500 2781 4544 et
2822 4502 2920 4542 nos
2949 4484 3117 4540 vocati
3159 4496 3364 4547 sumus,
3414 4494 3509 4550 per
3548 4474 3824 4547 apostolos

2245 4586 2466 4644 adducti
2490 4604 2503 4640 :
2528 4558 2657 4654 quia
2678 4594 2807 4635 vero
2829 4577 3002 4649 gloria
3025 4569 3331 4628 vocationis
3366 4574 3571 4621 nostrae
3594 4558 3817 4618 aemula-

2239 4680 2439 4735 tionem
2456 4688 2643 4731 eorum
2661 4670 2927 4733 accendit,
2950 4667 3070 4721 ideo
3091 4666 3300 4718 videtur
3330 4660 3485 4715 asina
3500 4654 3713 4727 pullum
3731 4664 3817 4704 se—

2241 4769 2356 4841 qui.
2381 4770 2676 4836 Postquam
2702 4762 2847 4818 enim
2867 4759 3120 4815 Christus
3137 4752 3401 4811 insederit
3418 4762 3584 4819 ~upcr
3600 4752 3811 4815 gentes,

2238 4833 2369 4917 tunc
2386 4833 2672 4914 venientct
2688 4854 2764 4909 illi
2781 4851 2926 4909 malo
2938 4849 3119 4907 studio
3133 4843 3375 4910 incensi;
3399 4842 3450 4896 id
3468 4837 3619 4911 quod
3634 4833 3821 4890 decla-

2239 4962 2324 5009 rat
2339 4948 2541 5005 Paulus
2553 4946 2638 5002 bis
2656 4944 2865 5001 verbis:
2892 4939 3255 5012 Quiactccitas
3273 4944 3497 5005 exparte
3516 4928 3545 4983 1
3554 4926 3717 4982 sraeli
3732 4937 3822 4975 ac-

2252 5032 2582 5105 cidit,donec
2615 5035 2887 5105 plenitudo
2913 5033 3140 5105 gentium
3162 5031 3380 5083 intraret
3404 5041 3421 5079 :
3447 5022 3590 5078 etsic
3619 5021 3639 5050 ⁸
3658 5013 3826 5105 omnis

2246 5094 2411 5190 lsrael
2462 5094 2735 5187 minabitur
2759 5094 2937 5199 (liam:
2984 5118 3071 5176 Η.
3117 5115 3208 5170 25.
3237 5113 3352 5181 ‘26).
3381 5105 3532 5175 Quod
3585 5100 3731 5199 enim
3765 5094 3835 5196 .id

2248 5225 2522 5300 prophetia
2553 5228 2713 5282 esset,
2746 5186 2960 5287 planum
2991 5218 3075 5266 est
3106 5222 3172 5261 ex
3191 5218 3300 5275 1am
3330 5199 3520 5259 dictis;
3558 5191 3662 5247 nisi
3692 5186 3835 5289 enim

2250 5290 2319 5375 ita
2347 5290 2506 5379 esset,
2541 5331 2644 5370 non
2674 5318 2917 5367 curasset
2941 5303 3194 5374 prepheta
3228 5306 3334 5350 tam
3360 5290 3647 5359 diligenter
3672 5294 3835 5379 asina:

2249 5423 2458 5469 wtazem
2488 5408 2684 5463 dicere.
2719 5402 2835 5459 Non
2873 5403 2986 5452 lucc
3014 5403 3217 5451 tantum
3250 5403 3347 5460 per
3383 5396 3541 5453 supra
3586 5376 3732 5432 dicta
3761 5376 3835 5423 si-

2317 5587 2332 5617 ⁸
2361 5581 2524 5633 Morel.
2550 5579 2744 5634 omittit.
2770 5580 2814 5625 et
2837 5569 2993 5633 factis.

2318 5673 2337 5704 ι
2364 5665 2521 5716 Morel.
2552 5670 2603 5711 et
2624 5660 2817 5723 quidam
2843 5656 2922 5705 alii
2951 5655 3147 5715 legunt,
3172 5656 3217 5700 et
3240 5655 3369 5698 tunc.
