4074 6144
314 330 419 385 629

315 446 654 517 gnillcantur,
677 442 769 498 sed
800 442 959 499 etiam
990 443 1128 514 quod
1157 444 1384 514 apostoli
1408 442 1563 499 facile
1590 442 1712 497 illos
1729 438 1896 495 addu-

328 538 471 595 cturi
497 539 628 593 sint.
664 526 977 591 Sicutenim
996 535 1087 589 hic
1103 533 1283 588 nullus
1296 532 1653 593 contradixit,
1678 542 1730 584 ut
1766 543 1896 583 rett-

325 629 727 693 neretasinam,
768 627 849 683 sic
887 628 940 681 in
976 626 1333 682 conversione
1349 624 1898 696 gentiutuuulluseo-

317 738 438 778 rum
456 722 550 793 qui
577 722 699 776 illos
720 730 848 775 ante
870 727 1294 790 occupaverant,
1332 720 1481 789 ipsos
1500 718 1769 787 impedire
1794 733 1879 770 va-

318 814 440 870 luit.
482 811 602 867 Non
649 812 806 868 sedet
846 819 1031 867 autem
1078 826 1245 881 supra
1303 807 1512 863 nudum
1542 809 1775 879 pullum,
1804 806 1900 863 sed

321 913 481 968 supra
510 898 825 954 vestimenta
852 896 1234 969 aposmlorum.
1261 896 1393 964 Quia
1413 896 1554 950 enim
1585 895 1785 964 pullum
1814 908 1903 948 ac-

322 999 595 1059 ceperam,
644 989 818 1042 omnia
845 989 955 1057 jam
992 990 1252 1058 prtebent,
1309 995 1367 1040 ut
1405 986 1612 1042 diccbat
1662 984 1901 1039 Paulus:

326 1078 434 1149 Ego
462 1087 628 1132 autem
656 1078 975 1132 libentissime
992 1079 1279 1148 impendam
1310 1086 1352 1131 et
1377 1076 1642 1146 impendar
1670 1092 1762 1146 pro
1786 1074 1901 1127 aui—

323 1170 498 1223 mabus
527 1170 699 1224 vestris
727 1167 800 1240 (2.
832 1167 951 1224 Cor.
980 1171 1064 1223 l2.
1099 1167 1210 1239 15).
1242 1168 1316 1223 Tu
1342 1183 1467 1223 vero
1495 1168 1621 1239 pulli
1658 1180 1904 1223 mansne.

325 1260 562 1315 tudinem
611 1260 907 1325 coosidera,
950 1261 1217 1330 quomodo
1252 1261 1540 1316 indomitus
1583 1276 1704 1314 cum
1742 1269 1905 1324 esset,

325 1362 381 1406 et
432 1351 566 1406 freni
596 1367 806 1420 exlers,
855 1367 959 1405 non
1010 1352 1216 1415 rcsiliit,
1269 1352 1362 1407 sed
1408 1353 1585 1421 quiete
1630 1351 1903 1419 agebatur.

327 1443 477 1511 Quod
507 1453 561 1498 et
590 1444 756 1512 ipsum
784 1442 1061 1513 prophetia
1103 1443 1176 1496 rei
1221 1442 1410 1497 futura:
1454 1452 1589 1507 erat,
1619 1442 1910 1511 morigerus

327 1543 515 1604 gentes
545 1534 870 1604 significans,
896 1542 949 1589 et
973 1544 1269 1604 promptam
1301 1533 1503 1588 ordinis
1539 1536 1906 1589 mutationem.

326 1625 460 1681 Nam
486 1626 662 1681 omnia
702 1624 866 1679 efﬁcit
909 1626 1125 1679 verbum
1175 1626 1344 1680 illud:
1378 1626 1636 1681 Solventes
1674 1626 1913 1679 adducite

326 1717 486 1781 mihi;
516 1716 587 1770 ita
627 1724 684 1770 ut
729 1715 1029 1770 inordinata
1068 1717 1118 1770 in
1151 1716 1393 1771 ordinem
1435 1718 1821 1786 redigerentur,
1859 1724 1914 1772 et

328 1808 604 1863 immunda
632 1807 844 1862 demum
875 1807 1068 1861 munda
1102 1806 1312 1862 ﬁerent.

403 1901 455 1955 5.
494 1898 791 1954 Judtearum
833 1899 1056 1968 abiectus
1099 1901 1319 1953 animus.
1370 1898 1599 1953 Christus
1651 1916 1801 1967 quam
1851 1900 1912 1954 ob

326 2011 536 2050 causam
562 1995 633 2047 sic
657 1992 968 2063 triumphare
992 1992 1218 2046 voluerit.
1244 1991 1575 2064 Elecmosyna
1595 1992 1918 2046 continenda-

327 2097 434 2140 tur.
480 2084 897 2139 Antiocheam-um
940 2084 1267 2153 eleemosynw
1310 2083 1541 2152 ipsorum
1588 2081 1914 2152 facultatibus

326 2181 680 2248 conferuntur.
722 2174 923 2230 "Sed
965 2173 1086 2230 vide
1128 2173 1256 2228 mibi
1298 2172 1604 2228 Iudaeorum
1647 2172 1912 2243 abjectum

325 2271 589 2325 animum.
604 2269 704 2324 Tot
722 2268 971 2324 miracula
999 2268 1243 2339 patravit,
1266 2277 1317 2324 et
1334 2283 1620 2338 numquam
1643 2268 1720 2323 sic
1743 2268 1914 2339 ipsum

324 2361 578 2417 admirati
619 2368 742 2416 sunt
771 2360 926 2430 :quia
955 2369 1131 2415 autem
1162 2359 1410 2415 viderunt
1444 2360 1652 2414 turbam
1689 2374 1918 2414 ceucur-

324 2465 560 2521 rentem,
584 2463 708 2508 tunc
735 2453 909 2507 mirati
939 2463 1081 2507 sunt.
1113 2451 1196 2508 10.
1223 2451 1481 2506 Commota
1499 2452 1687 2521 quippe
1711 2460 1782 2506 est
1807 2453 1918 2505 uui-

325 2565 475 2603 eersa
499 2548 673 2601 civitas
713 2547 925 2600 dicens:
950 2545 1074 2610 Quis
1103 2554 1175 2599 est
1205 2545 1284 2598 hic
1304 2546 1329 2598 .’
1354 2542 1539 2598 Turst
1567 2555 1731 2596 autem
1776 2543 1915 2596 dice-

327 2639 450 2693 bant
473 2653 494 2693 .·
514 2637 616 2692 Hic
642 2646 714 2692 est
752 2636 901 2693 Iesus
938 2637 1183 2707 praplteta
1207 2653 1238 2688 a
1268 2633 1528 2688 Nazaretlt
1572 2633 1817 2688 Galiltew.
1852 2633 1918 2687 Et

325 2744 452 2786 cum
498 2729 598 2785 sibi
651 2728 964 2784 videbantur
999 2728 1198 2797 aliquid
1248 2741 1496 2796 magnum
1541 2724 1720 2779 dicere
1746 2766 1760 2790 ,
1792 2733 1919 2780 tunc

327 2822 480 2879 humi
512 2837 702 2891 repens
730 2831 785 2876 et
826 2820 1042 2875 humilis
1087 2830 1141 2874 et
1178 2818 1380 2888 abjecta
1414 2819 1623 2874 illorum
1651 2818 1917 2873 sententia

323 2924 469 2971 erat.
496 2912 623 2968 Ηωο
642 2920 818 2967 autem
848 2914 935 2967 ille
965 2911 1209 2975 faciebat,
1238 2927 1342 2965 non
1375 2911 1439 2964 ad
1462 2912 1873 2966 ostentationem
1899 2951 1915 2977 ,

321 3007 423 3064 sed
454 3006 650 3072 simul,
677 3004 817 3076 quod
847 3005 960 3060 dixi
988 3047 1002 3070 ,
1035 3004 1365 3074 prepheliam
1408 3004 1665 3073 impleas,
1701 3013 1752 3058 et
1798 3003 1919 3072 phi-

322 3100 630 3170 losopbiam
658 3098 857 3154 docens
877 3140 892 3162 ,
916 3097 1176 3167 simulque
1211 3096 1499 3166 discipulos
1537 3095 1821 3149 consolans
1850 3094 1920 3147 ob

322 3204 564 3249 mortem
593 3208 743 3247 suam
762 3191 1024 3252 dolentes,
1043 3189 1435 3258 ostendensque
1459 3203 1517 3243 se
1539 3189 1722 3242 istbazc
1742 3186 1918 3240 ιιιιιιιὶιι

325 3288 565 3341 libenter
596 3300 874 3354 passurum
901 3298 1041 3338 esse.
1070 3283 1148 3337 Tu
1180 3296 1307 3336 vero
1335 3282 1461 3334 mihi
1499 3281 1765 3334 admirare
1794 3294 1917 3349 pro-

323 3384 512 3448 pheta:
542 3378 931 3432 accurationem
959 3418 973 3441 ,
997 3374 1265 3444 quoniodo
1290 3374 1466 3427 omnia
1499 3372 1824 3443 pra'dixerit.
1853 3371 1922 3426 Et

317 3474 428 3526 alia
458 3470 673 3540 quidem
702 3469 883 3533 David,
914 3467 1015 3521 alia
1037 3466 1319 3522 Zacharias
1342 3466 1733 3536 prmntttttiavit.
1769 3466 1838 3519 Ita
1868 3475 1921 3520 et

319 3577 429 3616 nos
468 3561 727 3615 faciamus
751 3602 767 3624 ,
795 3568 846 3614 et
875 3560 1084 3630 hymnis
1112 3559 1443 3613 celebrenms
1467 3600 1481 3623 ,
1511 3567 1565 3612 et
1607 3558 1921 3615 vestimenta

317 3652 611 3709 tradamus
640 3651 703 3704 iis
730 3650 817 3720 qui
858 3651 1026 3720 ipsum
1053 3648 1300 3703 afferunt.
1330 3649 1442 3717 Qua
1481 3651 1622 3702 enim
1655 3650 1806 3702 vouia
1842 3649 1922 3701 di-

315 3748 413 3816 gni
449 3745 656 3800 erimus
680 3786 696 3809 ,
731 3743 774 3797 si
803 3758 921 3796 cum
950 3743 1038 3795 alii
1081 3743 1285 3795 asinam
1334 3743 1416 3795 cui
1467 3741 1728 3795 insidebat
1759 3742 1923 3793 vcsti-

313 3838 535 3894 mentis
560 3837 823 3907 operiunt,
853 3835 938 3887 alii
965 3833 1083 3901 ejus
1108 3834 1332 3903 pedibus
1356 3834 1666 3888 vestimenta
1688 3834 1922 3887 subster-

312 3940 489 3995 nunt,
517 3946 615 3984 nos
645 3929 840 3983 nudum
873 3927 1016 3981 illum
1041 3926 1296 3986 videntes.
1314 3942 1409 3980 nec
1425 3927 1558 3995 jussi
1588 3940 1684 3980 nos
1705 3942 1919 3990 exuere,

310 4025 418 4081 sed
449 4022 655 4092 aliquid
685 4020 1019 4091 impendere,
1053 4035 1117 4073 ne
1147 4020 1281 4073 hattc
1315 4020 1527 4090 quidem
1557 4019 1921 4073 libet-alituum

308 4112 724 4171 exhibeatnus?
753 4113 826 4166 illi
852 4121 1147 4178 sequuntur
1186 4121 1309 4165 ante
1336 4120 1384 4163 et
1419 4120 1559 4180 post,
1592 4126 1688 4163 nos
1720 4128 1844 4164 vero
1870 4121 1923 4163 ιιι

308 4207 684 4261 accedentem
739 4203 1088 4272 repellimus,
1139 4213 1191 4256 et
1242 4201 1574 4256 contumeliis
1622 4202 1924 4257 allicimus?

304 4302 550 4366 Quanto
581 4296 692 4348 lure
716 4294 974 4363 supplicio
999 4335 1012 4357 ,
1037 4301 1229 4362 quanta
1254 4293 1451 4346 ultione
1477 4293 1631 4361 digna
1659 4292 1819 4345 sunt?
1846 4292 1923 4344 Ad

307 4397 365 4440 te
417 4383 641 4439 accedit
683 4383 936 4436 Dominus
981 4397 1338 4451 egenusutec
1376 4381 1815 4451 supplicationem
1846 4397 1924 4434 vis

303 4476 559 4540 audire;
584 4474 675 4528 sed
708 4475 935 4539 incusas,
975 4475 1246 4542 inerepas,
1277 4485 1329 4527 et
1357 4476 1470 4527 lucc
1501 4475 1691 4528 talibus
1729 4475 1924 4530 auditis

300 4569 539 4624 verbis.
575 4565 630 4621 Si
658 4581 785 4620 vero
821 4566 898 4620 vel
934 4580 1122 4634 panem
1154 4565 1366 4619 unicum
1409 4565 1638 4635 largiens
1668 4576 1721 4620 et
1750 4567 1926 4620 tantil-

298 4661 424 4715 lum
484 4658 768 4729 pecuniae,
798 4657 868 4710 ita
919 4667 1076 4711 tenax
1121 4671 1178 4710 es
1205 4698 1220 4723 ,
1252 4672 1443 4710 avarus
1470 4667 1522 4711 et
1561 4658 1737 4728 segnis
1762 4698 1777 4723 ,
1805 4659 1924 4729 quis

296 4752 548 4806 futurus
575 4762 752 4813 esses,
776 4747 817 4801 si
848 4749 1024 4801 omnia
1051 4757 1232 4801 essent
1270 4748 1612 4803 evacuanda?
1633 4749 1745 4803 Non
1770 4750 1923 4805 vides

296 4842 437 4897 illos
470 4840 536 4895 in
570 4838 776 4893 theatro
803 4838 1042 4893 liberales
1070 4838 1310 4891 homines
1338 4848 1530 4907 quanta
1558 4842 1925 4897 meretricibus

293 4928 706 5000 profundunt?
737 4927 815 4981 Tu
858 4922 1099 4982 vcro‘tte
1137 4927 1408 4982 dimidiam
1455 4929 1665 4999 quidem
1712 4931 1922 4986 illorum

294 5031 564 5091 partem,
599 5018 706 5070 imo
735 5032 878 5085 sa‘pe
909 5033 976 5072 ne
1003 5033 1160 5088 quant
1190 5019 1458 5072 minimam
1486 5030 1684 5087 partem
1712 5036 1922 5089 erogas.

289 5120 368 5169 At
396 5111 670 5167 diabolus
696 5112 1115 5181 quibuscumque
1136 5111 1261 5164 dare
1282 5112 1452 5180 jubet;
1481 5111 1603 5165 dum
1626 5113 1921 5182 gehennam

290 5208 476 5263 ιιιὼέε
506 5203 805 5269 conciliat,
833 5213 886 5257 ct
915 5214 1090 5258 tamen
1124 5204 1219 5256 das
1247 5223 1258 5258 :
1284 5204 1525 5258 Christus
1573 5222 1703 5258 vero
1738 5209 1919 5275 egenis

286 5304 442 5357 dare
488 5297 678 5368 jubet,
708 5309 763 5352 et
809 5314 1030 5369 regnum
1077 5301 1372 5369 promittit,
1420 5309 1476 5354 ct
1506 5313 1559 5352 tu
1610 5317 1712 5354 non
1763 5301 1922 5353 modo

283 5410 409 5450 non
472 5391 630 5451 das,
674 5389 768 5444 sed
827 5393 985 5443 etiam
1041 5394 1461 5446 contumeliosus
1508 5408 1602 5455 es;
1649 5394 1923 5462 marisque

281 5483 553 5539 obedire
585 5480 816 5543 diabolo,
850 5492 903 5534 ut
930 5483 1184 5536 crucieris
1208 5524 1222 5546 ,
1249 5499 1405 5552 quam
1429 5483 1661 5547 Christo,
1694 5493 1750 5536 ut
1778 5485 1922 5538 salu-

281 5590 408 5635 tem
442 5573 837 5642 consequaris.
861 5572 996 5641 Quid
1016 5574 1113 5628 hac
1143 5576 1360 5630 stultitia
1388 5575 1658 5630 deterius?
1685 5576 1778 5631 Ille
1825 5592 1921 5646 ge-

277 5669 563 5727 hennam
600 5662 689 5715 tibi
720 5662 902 5728 affert,
930 5663 1015 5716 hic
1041 5679 1258 5732 regnum
1287 5683 1299 5718 :
1324 5675 1376 5719 et
1406 5677 1578 5721 tamen
1607 5666 1709 5722 hoc
1737 5668 1921 5723 relicto

277 5761 355 5818 ad
393 5759 581 5815 illum
614 5753 909 5807 accurritis.
941 5754 1008 5809 Et
1055 5756 1192 5809 hunc
1238 5757 1574 5811 accedentem
1623 5759 1914 5829 repellitis,

661 5869 938 5929 Parnm"
985 5869 1099 5930 Gn.
1155 5867 1375 5928 LVIII.

1236 327 1298 385 tN
1337 327 1746 385 MATTIUEUM
1787 327 1915 384 11οΜ

2057 324 2244 383 LXVI.
2286 324 2358 379 al.
2400 320 2487 377 LX
2499 319 2602 375 γη.
2870 308 2873 310 i
3481 318 3585 371 630

2004 437 2156 493 illum
2201 435 2382 505 procul
2426 435 2658 505 positum
2682 432 2971 488 advocatis.
3014 431 3195 501 Neque
3233 431 3386 486 aliter
3416 446 3502 485 res
3534 448 3589 484 se

2005 524 2184 587 habet.
2202 541 2357 596 quam
2386 526 2443 597 si
2461 540 2554 579 rex
2583 537 2811 595 purpura
2839 523 3061 578 vestitus
3090 531 3144 577 et
3172 520 3470 576 diademate
3496 537 3587 573 or-

2004 631 2159 673 natus
2206 634 2311 673 non
2360 618 2871 688 persuadeat:latro
2914 623 3088 671 autem
3125 630 3312 671 ensem
3349 614 3588 674 vibrans,

2005 723 2339 780 mortemque
2365 709 2719 766 comminatus
2742 709 2892 763 facile
2914 706 3243 778 persuadeat.
3272 704 3394 761 lltnc
3416 706 3593 775 itaque

2005 805 2296 873 cogitantes
2313 845 2330 871 ,
2357 803 2534 858 dilecti
2560 843 2576 865 .
2607 801 2818 857 tandem
2844 800 3133 871 aliquando
3168 799 3354 854 oculos
3382 812 3588 868 aperia-

2007 912 2144 959 mus,
2163 906 2218 951 et
2231 896 2530 967 vigilemus.
2555 895 2684 950 Nam
2701 903 2845 951 certe
2865 894 3029 965 pudet
3053 909 3138 948 me
3160 892 3229 948 de
3253 892 3594 960 eleemosyoa

2008 990 2150 1059 loqui
2175 1030 2189 1051 ,
2219 1003 2340 1043 cum
2373 997 2478 1042 tam
2506 1002 2650 1056 sarpe
2695 988 2797 1042 hoc
2838 995 3213 1056 argumentum
3260 982 3592 1038 tractaverim

2010 1095 2125 1137 sine
2148 1096 2338 1149 magno
2357 1079 2773 1135 admonitionum
2798 1078 2987 1135 fructu.
3013 1078 3137 1133 Plus
3162 1086 3309 1132 certe
3327 1074 3593 1146 quidpiam

2012 1174 2276 1241 przcstatis
2299 1212 2313 1231 .
2343 1171 2437 1226 sed
2467 1188 2571 1226 non
2608 1180 2862 1242 quantum
2892 1170 3105 1225 vellem.
3136 1168 3245 1223 Vos
3271 1167 3597 1224 seminantcs

2012 1266 2206 1331 video,
2237 1266 2330 1320 sed
2377 1282 2482 1319 non
2530 1266 2672 1336 larga
2714 1280 2895 1319 manu.
2923 1262 3281 1332 Quamobrem
3327 1263 3487 1315 timeo
3532 1275 3598 1312 ue

2013 1372 2171 1427 p‘trce
2200 1357 2427 1412 metatis.
2456 1355 2608 1425 Quod
2652 1355 2794 1410 enim
2826 1369 2982 1424 parce
3023 1351 3380 1414 seminemns,
3414 1349 3458 1404 si
3491 1349 3599 1419 pla-

2014 1458 2131 1502 ceat
2152 1488 2166 1510 ,
2194 1448 2533 1518 exploremus
2555 1489 2570 1515 ,
2603 1457 2777 1503 utrum
2810 1446 2991 1516 plures
3016 1445 3122 1499 sint
3149 1444 3200 1498 in
3227 1445 3444 1497 civitate
3473 1456 3600 1509 pau-

2015 1555 2171 1610 peres
2201 1555 2360 1608 quam
2388 1539 2579 1593 divites
2600 1580 2613 1601 ,
2645 1547 2699 1594 et
2724 1537 2937 1608 quinam
2980 1551 3077 1591 nec
3110 1548 3368 1605 pauperes
3396 1548 3495 1588 nec
3524 1531 3604 1586 di-

2014 1632 2151 1685 vites
2175 1631 2282 1684 sint
2304 1670 2320 1692 ,
2347 1630 2440 1686 sed
2472 1631 2701 1686 medium
2732 1630 2904 1685 locum
2938 1636 3202 1682 tenentes.
3240 1626 3449 1681 Decima
3481 1638 3608 1694 pars

2017 1723 2209 1775 civium
2241 1722 2434 1776 divites
2456 1763 2470 1784 ,
2498 1721 2703 1776 decima
2738 1735 2860 1790 pars
2899 1734 3159 1789 pauperes
3198 1717 3288 1787 qui
3334 1717 3462 1771 nihil
3506 1714 3594 1769 ba-

2019 1814 2145 1868 bcnt
2169 1830 2181 1865 :
2208 1813 2393 1883 reliqui
2427 1828 2555 1867 vero
2592 1821 2712 1866 sunt
2752 1814 2803 1866 in
2835 1812 3011 1867 medio
3036 1812 3155 1866 loco
3183 1808 3360 1878 positi.
3396 1807 3607 1861 Divida-

2022 1922 2140 1959 mus-
2170 1905 2344 1974 itaque
2368 1920 2463 1975 per
2487 1918 2774 1975 egenorum
2803 1918 3079 1957 numerum
3104 1911 3267 1955 totam
3296 1899 3442 1955 urbis
3468 1898 3605 1952 mul-

2021 1999 2412 2062 titudinem,et
2452 2008 2707 2062 quantum
2757 1997 2828 2051 sit
2875 1996 3109 2052 dedecus
3158 1992 3424 2048 videbitis.
3472 1990 3606 2045 Nam

2018 2091 2303 2146 admodum
2329 2091 2520 2145 divites
2545 2090 2692 2159 pauci
2715 2097 2870 2154 sunt;
2898 2089 2988 2158 qui
3028 2087 3124 2141 bos
3149 2092 3446 2155 sequuntur
3477 2082 3599 2152 plu-

2020 2184 2177 2248 rimi;
2207 2197 2417 2237 rursum
2450 2195 2710 2251 pauperes
2739 2180 2898 2249 louge
2925 2179 3007 2233 bis
3034 2177 3309 2246 pauciores
3334 2183 3475 2230 sunt.
3507 2175 3606 2227 At-

2023 2288 2199 2332 tamen
2220 2290 2341 2330 cum
2364 2281 2444 2328 tot
2462 2274 2565 2328 sint
2595 2273 2685 2342 qui
2709 2271 3007 2327 esurientes
3034 2270 3181 2323 alere
3206 2267 3433 2338 possint,
3455 2265 3605 2321 nmlti

2020 2379 2141 2424 sunt
2156 2366 2551 2438 quiesurientes
2565 2365 2760 2420 lectum
2779 2372 2980 2432 petant,
2996 2377 3101 2417 non
3116 2360 3255 2430 quod
3273 2376 3378 2414 non
3395 2358 3603 2413 valeant

2019 2460 2257 2531 opulenti
2289 2461 2391 2515 illis
2414 2458 2571 2515 facile
2597 2458 2893 2514 necessaria
2916 2455 3340 2521 subministrare,
3364 2452 3458 2508 sed
3485 2452 3606 2522 quia

2020 2551 2307 2606 admodum
2336 2550 2455 2605 duri
2485 2548 2867 2616 inhunianique
2903 2554 3045 2600 sunt.
3078 2545 3206 2599 Nam
3238 2544 3281 2597 si
3327 2542 3517 2597 divites
3553 2552 3610 2595 et

2023 2643 2057 2697 ii
2077 2643 2166 2713 qui
2192 2641 2525 2697 facultatibus
2546 2638 2888 2695 mediocriter
2909 2637 3107 2706 pollent
3130 2637 3266 2690 inter
3291 2649 3349 2690 se
3370 2634 3610 2689 dividant

2023 2751 2115 2790 eos
2142 2736 2231 2806 qui
2264 2749 2398 2804 pane
2426 2743 2482 2789 ct
2506 2732 2739 2788 vestibus
2768 2741 2945 2802 egent,
2976 2730 3059 2783 vix
3089 2729 3488 2798 quinquaginbi,
3518 2728 3602 2780 \‘ci

2024 2828 2158 2881 forte
2203 2834 2414 2880 centum
2447 2825 2572 2878 viris
2611 2838 2810 2893 pauper
2837 2836 2976 2877 unus
3019 2820 3241 2876 alendus
3286 2820 3601 2887 reperietur.

2026 2921 2270 2973 Attamen
2302 2915 2355 2970 in
2386 2924 2529 2969 tanta
2559 2917 2710 2984 copia
2740 2928 2924 2969 eorum
2951 2912 3039 2983 qui
3070 2912 3369 2966 necessaria
3403 2909 3607 2964 suluni—

2025 3011 2251 3064 nistrare
2281 3018 2502 3078 possunt
2523 3049 2537 3070 ,
2566 3006 2804 3076 quotidie
2840 3019 3102 3076 pauperes
3126 3012 3415 3073 egestatem
3460 3018 3608 3056 suam

2024 3101 2320 3171 deplorant.
2344 3100 2408 3154 Et
2435 3109 2491 3153 ut
2510 3099 2685 3154 discas
2706 3098 2914 3153 illorum
2938 3082 3343 3161 immanitatem,
3374 3094 3609 3148 Ecclesia

2023 3194 2181 3247 unius
2226 3192 2511 3245 admodum
2553 3190 2731 3245 divitis
2768 3198 2824 3244 et
2863 3190 3017 3243 unius
3063 3188 3344 3241 mediocris
3389 3187 3611 3241 fortuna:

2024 3286 2250 3340 reditum
2292 3284 2486 3349 habet,
2516 3292 2570 3337 ct
2619 3282 2819 3352 cogites
2858 3281 3016 3335 velim
3057 3289 3188 3350 quot
3232 3277 3413 3332 viduas
3437 3319 3451 3341 ,
3485 3292 3609 3348 quot

2025 3379 2256 3448 virgines
2284 3378 2388 3431 alat
2425 3376 2660 3447 quotidie
2688 3393 2700 3429 :
2725 3390 2904 3430 earum
2950 3383 3093 3428 certe
3138 3372 3408 3439 catalogus
3438 3371 3499 3424 ad
3535 3380 3612 3423 ter

2027 3472 2169 3526 mille
2217 3470 2487 3540 pertingit.
2520 3467 2599 3522 Ad
2631 3467 2745 3522 lucc
2775 3467 2931 3521 etiam
2963 3465 3012 3519 ia
3046 3479 3259 3519 carcere
3290 3464 3492 3517 vinctus
3516 3505 3529 3529 ,
3562 3463 3611 3514 iu

2025 3560 2358 3617 xenodocbio
2385 3574 2555 3627 aegros
2580 3600 2593 3622 ,
2620 3558 2753 3613 alios
2798 3557 2933 3611 bene
2964 3558 3198 3611 valentes
3221 3599 3231 3610 .
3262 3556 3571 3625 peregrinos
3597 3594 3611 3613 .

2026 3653 2280 3707 membris
2304 3651 2536 3713 mutilos,
2560 3649 2710 3703 altari
2741 3648 3055 3711 assidentes,
3082 3646 3318 3702 alimenti
3347 3646 3612 3714 vestisque

2027 3761 2209 3810 causa,
2233 3745 2471 3813 aliosque
2492 3757 2616 3795 casu
2639 3741 2953 3794 accedentes
2979 3739 3119 3791 foret
3140 3736 3374 3805 quotidie
3403 3755 3413 3786 :
3444 3751 3613 3804 neque

2029 3847 2201 3891 tamen
2234 3836 2350 3901 ejus
2373 3835 2645 3889 facultates
2669 3831 2959 3885 imminuta:
2987 3839 3127 3882 sunt.
3157 3829 3334 3897 Itaque
3360 3828 3399 3881 si
3429 3825 3613 3878 dueum

2031 3930 2129 3983 viri
2158 3940 2358 3981 tantum
2396 3926 2536 3995 paria
2564 3908 2970 3978 Sttbtniuistrare
3001 3922 3190 3974 vellent
3216 3961 3230 3984 ,
3266 3920 3439 3973 nullus
3478 3916 3614 3971 fori-t

2031 4035 2249 4090 pauper.

2101 4115 2153 4168 4.
2190 4095 2427 4182 Ecquid,
2460 4108 2664 4179 inquies
2684 4151 2697 4172 ,
2733 4107 2913 4162 liberis
2942 4106 3136 4161 nostris
3162 4104 3456 4175 supererit?
3485 4103 3614 4155 Sors

2029 4223 2241 4275 semper
2270 4214 2479 4270 manet,
2512 4212 2562 4258 et
2591 4203 2791 4257 reditus
2816 4209 3040 4270 augetur
3065 4240 3078 4263 ,
3109 4199 3151 4251 si
3187 4199 3235 4251 in
3268 4197 3413 4251 erlis
3443 4196 3611 4249 facul-

2033 4307 2165 4352 tates
2195 4312 2380 4351 eorum
2402 4304 2744 4364 reponantur.
2764 4292 2913 4360 Quod
2933 4292 2975 4347 si
3001 4294 3066 4345 ita
3093 4307 3196 4345 non
3222 4290 3398 4353 vultis,
3427 4290 3612 4341 saitent

2029 4387 2341 4453 dimidiam,
2372 4387 2454 4440 vel
2505 4385 2710 4439 tertiam
2738 4425 2752 4448 ,
2787 4385 2865 4439 vel
2910 4394 3149 4453 quartam
3177 4426 3191 4447 ,
3221 4385 3457 4451 quintam
3482 4421 3494 4440 ,
3525 4390 3616 4431 aut

2029 4480 2290 4535 decimam
2320 4488 2612 4533 numerate.
2640 4477 2738 4531 l’er
2767 4476 2856 4530 Dei
2885 4475 3110 4545 gratiam
3133 4475 3273 4528 enim
3304 4481 3481 4542 [)OSrCi.
3503 4471 3616 4524 lure

2029 4573 2213 4628 civitas
2257 4581 2434 4625 nostra
2462 4570 2645 4623 decem
2678 4568 2946 4622 civitatum
2976 4580 3235 4635 pauperes
3274 4564 3436 4617 alere.
3469 4563 3532 4615 Et
3570 4563 3614 4614 si

2030 4667 2227 4736 placet,
2258 4664 2374 4719 haec
2399 4672 2799 4731 computemus;
2829 4660 2935 4712 imo
2975 4658 3116 4712 nulla
3146 4655 3484 4725 computandi
3519 4670 3614 4708 ne-

2029 4758 2251 4813 cessitas
2282 4772 2295 4808 :
2326 4752 2662 4808 mattifestnm
2695 4751 2891 4819 quippe
2921 4758 3001 4803 est
3027 4763 3182 4815 quam
3215 4747 3383 4802 facilis
3415 4760 3500 4799 res
3529 4746 3609 4801 illa

2027 4851 2117 4904 sit.
2150 4848 2337 4902 Videte
2382 4846 2540 4914 igitur
2583 4852 2710 4912 quot
2752 4852 3050 4912 quantaque
3080 4855 3180 4893 una
3212 4839 3402 4893 domus
3430 4839 3494 4890 ad
3525 4853 3615 4892 ur-

2031 4940 2163 4993 hana
2195 4955 2354 4993 onera
2379 4953 2520 5004 smpe
2542 4935 2943 4989 sulnninistrare
2975 4949 3078 4985 non
3107 4939 3353 4999 gravetur
3376 4975 3390 4996 ,
3423 4936 3616 5000 vixque

2029 5042 2204 5084 tamen
2236 5031 2378 5083 hunc
2402 5039 2670 5096 Sumptum
2697 5027 2924 5080 sentiat:
2950 5025 2991 5076 si
3022 5025 3118 5077 hoc
3141 5027 3362 5094 quisque
3390 5023 3612 5077 divitum

2029 5122 2375 5176 ministerium
2402 5120 2451 5172 in
2481 5133 2738 5189 pauperes
2759 5131 3009 5172 exercere
3032 5116 3207 5179 vellet,
3232 5130 3336 5168 uno
3361 5116 3615 5184 temporis

2029 5223 2299 5268 momento
2337 5213 2523 5266 uelum
2570 5211 2856 5279 abriperet.
2889 5210 3016 5275 Qua!
3066 5212 3213 5262 venia
3261 5208 3420 5276 igitur
3449 5248 3464 5272 ,
3497 5225 3614 5276 (ιιιειι

2028 5304 2382 5359 excusationis
2412 5303 2594 5355 umbra
2620 5342 2635 5367 ,
2666 5300 2880 5370 quando
2912 5316 2976 5353 ne
3002 5316 3060 5353 ea
3102 5298 3350 5368 quidem,
3383 5314 3499 5365 qua:
3533 5297 3617 5349 hic

2030 5397 2315 5464 migrantes
2343 5394 2573 5448 relicturi
2605 5408 2807 5456 sumus,
2844 5402 2948 5444 tam
2980 5391 3194 5459 largiter
3219 5391 3401 5459 egenis
3423 5404 3615 5457 suppe-

2028 5487 2274 5548 ditatutts,
2295 5500 2451 5555 quam
2482 5485 2567 5537 alii
2592 5485 2817 5538 scenicis
2843 5490 3082 5551 crogaut,
3108 5497 3228 5534 cum
3261 5490 3460 5534 tantum
3492 5479 3614 5532 inde

2028 5580 2253 5632 fructum
2282 5590 2502 5645 carpere
2530 5573 2853 5631 debeamus?
2876 5574 3092 5626 Etiamsi
3123 5574 3262 5627 enim
3290 5571 3374 5623 hic
3404 5581 3615 5636 semper

2029 5672 2264 5727 mansuri
2290 5684 2549 5731 essemus,
2576 5666 2661 5720 hic
2685 5666 2918 5736 pulchris
2939 5663 3235 5730 sumptibus
3262 5674 3479 5732 parcere
3507 5671 3610 5709 non

2028 5772 2338 5837 oporteret;
2365 5777 2485 5816 cum
2517 5769 2692 5813 autem
2726 5765 2845 5828 p~st
2887 5754 3145 5808 tantillum
3191 5749 3442 5813 temporis
3489 5748 3609 5796 lunc

3220 5856 3287 5912 11
