4074 6144
447 309 541 365 «3|

447 429 744 500 migraturi,
775 426 1004 496 nudique
1027 423 1264 493 rapiendi
1288 423 1473 484 simus,
1493 434 1648 490 quant
1671 419 2035 474 defensionem

449 523 781 581 habebimus,
808 521 894 590 qui
923 534 987 572 ex
1019 515 1363 586 proventibus
1400 511 1658 566 famelicis
1686 520 1740 565 et
1767 512 2037 581 oppressis

446 630 552 666 non
587 610 876 683 largimur?
905 609 1019 664 Non
1059 615 1112 663 te
1141 621 1274 674 cogo
1302 617 1356 658 ut
1389 605 1756 673 possessiones
1784 604 1992 658 minuas
2019 645 2032 664 .

449 723 550 759 non
576 703 720 776 quod
763 702 960 766 nolim,
987 698 1083 754 sed
1109 697 1249 768 quod
1301 707 1350 750 te
1394 695 1678 748 admodum
1715 710 1932 764 segnem
1962 695 2032 748 vi-

445 801 621 854 deam.
650 797 763 853 Non
793 796 894 850 hoc
921 810 1050 865 ergo
1078 793 1198 848 dico
1221 811 1232 846 :
1258 790 1350 844 sed
1379 806 1442 844 ex
1475 789 1731 843 fructilms
1757 787 1996 857 expende
2018 829 2035 853 ,

447 905 618 960 neque
651 889 736 942 hic
759 887 1014 958 pecunias
1039 884 1248 954 collige.
1279 880 1418 936 Satis
1448 890 1526 934 est
1555 879 1644 933 tibi
1663 921 1677 941 ,
1708 880 1751 933 si
1782 879 2039 948 peconia-

445 999 562 1036 rum
594 990 906 1052 proventum
938 978 1090 1048 quasi
1131 992 1194 1030 ex
1235 975 1379 1029 fonte
1403 974 1653 1027 fluentem
1687 972 1881 1028 habeas
1911 989 1923 1024 :
1955 972 2036 1028 fac

445 1090 627 1129 earum
655 1081 935 1130 consortes
975 1083 1235 1140 pauperes
1257 1108 1270 1131 ,
1305 1077 1356 1120 et
1387 1075 1504 1120 crto
1531 1064 1700 1118 bonus
1728 1079 2038 1119 ceconomus

444 1185 629 1224 eorum
659 1183 777 1238 quae
806 1166 897 1219 tibi
925 1180 952 1217 a
987 1164 1096 1218 Deo
1124 1160 1244 1215 data
1272 1170 1414 1214 sunt.
1446 1157 1572 1221 Sed,
1603 1157 1839 1226 inquies,
1869 1158 2036 1210 vecti-

443 1260 580 1329 galia
613 1258 809 1330 pendo.
841 1256 1032 1311 ldeone
1058 1253 1143 1307 hic
1163 1249 1480 1314 contemnis,
1505 1248 1622 1317 quia
1653 1261 1809 1300 nemo
1838 1246 2038 1315 exigit?

445 1353 510 1407 Et
541 1352 616 1406 illi
643 1350 859 1421 quidem
890 1347 1000 1418 qui,
1034 1347 1146 1399 sive
1179 1353 1317 1397 terra
1350 1349 1662 1410 proventum
1697 1339 1893 1398 tulerit,
1927 1337 2038 1392 sive

445 1459 602 1498 secus
629 1484 640 1503 ,
671 1451 722 1496 te
768 1440 909 1511 c0git
950 1446 1004 1492 ct
1031 1444 1216 1499 vexat,
1244 1447 1540 1503 repugnare
1581 1447 1685 1484 non
1728 1429 1892 1484 audes
1923 1446 1935 1482 :
1963 1429 2036 1484 illi

444 1551 593 1600 vero,
616 1533 704 1604 qui
737 1534 804 1586 ita
833 1540 1139 1584 tnansuetus
1159 1535 1261 1590 est,
1290 1533 1342 1579 et
1363 1533 1488 1578 tunc
1511 1523 1682 1576 solum
1706 1520 1886 1588 exigit,
1915 1533 2037 1573 cum

448 1637 585 1679 terra
610 1623 907 1694 protulerit,
932 1636 999 1675 ne
1016 1619 1234 1673 verbmn
1257 1615 1467 1685 quidem
1492 1611 1817 1682 respondes?
1846 1609 2038 1678 Ecquis

450 1724 502 1769 te
539 1713 788 1769 liberabit
815 1713 883 1767 ab
915 1708 1334 1767 intolerabilibus
1379 1705 1487 1759 illis
1515 1702 1829 1773 suppliciis?
1855 1701 2038 1755 Nullus

449 1807 620 1873 plane.
643 1804 698 1859 Si
725 1804 866 1858 enim
896 1802 980 1855 hic
1007 1800 1126 1854 ideo
1145 1797 1385 1851 studiose
1409 1795 1594 1861 solvis,
1617 1792 1738 1864 quia
1766 1808 1870 1846 non
1893 1791 2038 1845 danti

444 1897 775 1967 gravissimae
803 1909 975 1963 pennae
1006 1900 1202 1963 parata:
1231 1898 1374 1955 sunt,
1402 1886 1604 1958 cogites
1625 1885 1781 1938 velim
1810 1883 1895 1938 hic
1916 1899 2038 1954 gra-

447 1994 620 2044 viores
652 1988 825 2059 parari
851 2027 866 2052 ,
893 2001 1002 2040 non
1045 1981 1186 2054 quod
1217 1980 1446 2035 vinculis
1491 1977 1872 2048 constringaris
1892 2017 1906 2040 ,
1931 1990 2036 2029 non

447 2082 587 2153 quod
642 2082 695 2135 in
751 2092 1022 2134 carcerem
1071 2072 1417 2142 conjiciaris,
1446 2069 1540 2124 sed
1585 2067 1730 2139 quod
1779 2072 1830 2120 in
1862 2067 2037 2136 ignem

447 2177 608 2231 abeas
651 2183 929 2228 :etcrnum.
973 2167 1330 2237 Quamobrem
1381 2163 1497 2217 huic
1551 2163 1718 2231 prima
1766 2158 2038 2229 vectigalia

448 2268 737 2337 solvamus.
767 2263 951 2332 Magna
983 2259 1180 2330 quippe
1207 2255 1452 2318 facilitas,
1481 2253 1652 2321 major
1681 2266 1887 2306 merces
1909 2291 1922 2313 ,
1949 2265 2041 2304 co-

450 2358 649 2428 piosior
694 2353 1022 2424 negotiatio,
1056 2349 1270 2421 gravior
1315 2347 1471 2401 nobis
1517 2344 1680 2408 ultio,
1709 2343 1752 2396 si
1802 2342 2041 2412 improbe

449 2463 690 2520 agamus.
720 2446 857 2501 Nam
896 2441 1215 2512 supplicium
1260 2453 1357 2493 nos
1383 2435 1613 2505 excipiet
1642 2433 1846 2487 nullum
1880 2433 2040 2485 linem

451 2540 775 2593 habiturum.
811 2533 962 2602 Quod
991 2534 1034 2588 si
1079 2531 1206 2585 mihi
1252 2529 1446 2582 milites
1487 2525 1684 2594 alleges
1705 2564 1719 2589 ,
1748 2523 1834 2592 qui
1867 2538 1961 2591 pro
1991 2532 2041 2577 te

449 2643 634 2686 contra
666 2628 919 2683 barbaros
951 2630 1219 2694 pugnant,
1243 2629 1322 2674 est
1363 2631 1574 2688 quoque
1618 2614 1702 2668 hic
1751 2627 2042 2683 pauperum

451 2722 738 2786 exercitus,
766 2718 854 2789 qui
886 2731 982 2788 pro
1014 2724 1065 2769 te
1091 2712 1287 2768 bellum
1315 2717 1505 2780 gerunt
1535 2716 1588 2762 et
1621 2715 1874 2776 pugnant.
1906 2703 2038 2758 Cum

450 2815 591 2870 enim
645 2810 953 2880 accipiunt,
982 2806 1230 2878 precibus
1285 2803 1451 2858 Deum
1496 2799 1589 2855 tibi
1647 2795 2040 2868 placantzpla-

450 2915 634 2961 rantes
659 2913 837 2959 autem
861 2943 873 2964 ,
907 2917 1010 2954 non
1039 2897 1294 2953 barbaros
1318 2936 1333 2960 ,
1367 2893 1460 2949 sed
1491 2891 1792 2946 daemonum
1824 2887 2043 2942 insidias

453 2999 713 3070 repellunt
742 3013 755 3048 :
791 3010 895 3048 non
928 2991 1242 3060 permittunt
1267 2995 1322 3041 ut
1350 2994 1401 3040 te
1431 2983 1694 3052 malignus
1723 2980 1810 3034 ille
1839 2977 2045 3032 fortiter

453 3091 684 3155 invadat,
714 3072 812 3145 nec
838 3097 894 3142 ut
916 3086 1224 3155 frequenter
1253 3081 1508 3149 insurgat,
1538 3074 1630 3131 sed
1658 3073 1772 3144 ejus
1795 3071 1934 3126 vires
1961 3085 2046 3124 re-

454 3186 687 3239 solvunt.

607 3318 740 3372 Cum
787 3330 914 3385 ergo
963 3313 1061 3368 hos
1107 3310 1301 3365 milites
1350 3305 1534 3360 videas
1575 3299 1812 3372 quotidie
1863 3305 2047 3351 contra

455 3410 721 3465 diabolum
762 3415 978 3476 propter
1009 3413 1060 3458 te
1092 3407 1387 3473 pugnantes
1426 3393 1670 3465 precibus
1696 3386 2050 3443 orationibus-

459 3516 580 3570 qne,
608 3515 636 3552 a
666 3475 834 3568 teipso
857 3496 960 3548 hoc
986 3490 1401 3563 pulcherrimum
1432 3485 1688 3539 tributmn
1720 3487 1919 3549 repete,
1946 3475 2046 3529 ali-

458 3602 634 3650 menta
659 3605 850 3660 nempe
875 3590 1130 3658 ipsormn.
1157 3583 1289 3639 Cum
1319 3579 1462 3634 enim
1491 3581 1792 3630 mansuetus
1822 3570 1909 3624 hic
1935 3569 2047 3623 Rex

457 3686 545 3751 sit,
581 3698 687 3739 non
720 3678 972 3750 imposuit
1003 3676 1092 3732 tibi
1142 3681 1420 3728 exactores
1442 3708 1460 3735 ,
1491 3666 1585 3722 sed
1613 3665 1724 3719 vult
1769 3671 1818 3717 te
1858 3671 2050 3731 sponte

457 3778 731 3848 deponere
757 3792 769 3828 :
798 3771 1002 3828 etiamsi
1037 3783 1220 3838 parum
1249 3764 1484 3834 deponas
1504 3802 1518 3827 ,
1542 3757 1732 3827 accipit
1763 3766 1974 3816 tamen;
2003 3753 2048 3806 si

459 3843 564 3924 non
597 3869 667 3921 ita
708 3863 943 3934 locuples
975 3868 1094 3931 post
1137 3856 1359 3913 tnultum
1409 3850 1661 3922 temporis
1707 3843 2007 3916 reposueris
2031 3883 2046 3908 ,

460 3976 565 4014 non
593 3957 735 4027 cogit
759 3971 862 4011 non
896 3953 1198 4007 habentem.
1219 3947 1294 4002 Ne
1317 3946 1475 4017 igitur
1497 3941 1749 4014 patientia
1778 3937 1892 4006 ejus
1921 3936 2052 3988 abu-

462 4065 633 4105 tamur
659 4089 674 4114 ,
707 4047 798 4102 scd
825 4045 1243 4100 thesaurizcmus
1271 4041 1424 4094 nobis
1451 4053 1555 4092 non
1585 4035 1715 4088 iram
1738 4073 1751 4096 ,
1780 4029 1874 4085 sed
1903 4028 2049 4081 salu-

463 4153 590 4205 tem;
620 4155 723 4193 non
751 4147 999 4199 mortem,
1026 4133 1119 4188 sed
1147 4134 1326 4194 vitam;
1352 4143 1455 4182 non
1485 4123 1800 4194 supplicium
1820 4128 1873 4174 et
1895 4118 2051 4170 ultio-

464 4251 606 4296 nem,
640 4233 732 4286 sed
758 4232 992 4284 honores
1022 4237 1076 4281 et
1102 4238 1349 4282 coronas.
1387 4221 1504 4276 Non
1535 4225 1619 4273 est
1648 4218 1735 4270 hic
1762 4213 1886 4283 quid
1917 4227 2048 4279 pen-

464 4325 695 4380 dcndum
721 4323 787 4377 ad
819 4331 1088 4375 vecturam
1115 4318 1452 4378 oblatorum;
1482 4326 1586 4366 non
1613 4305 1957 4362 laborandum
1985 4301 2048 4356 ad

464 4426 742 4489 argentum
771 4411 1178 4470 corradendum.
1207 4408 1264 4465 Si
1293 4407 1529 4476 deponas
1569 4403 1656 4456 illa
1683 4442 1697 4465 ,
1730 4399 1844 4468 ipse
1872 4394 2054 4449 Domi-

467 4531 565 4566 nus
591 4513 640 4564 in
668 4508 856 4564 exulum
884 4503 1163 4560 transfert:
1189 4500 1302 4572 ipse
1333 4498 1423 4553 tibi
1462 4492 1871 4563 negotiationem
1902 4493 2051 4554 parat

1190 303 1247 360 S.
1281 301 1553 357 ,ΙΟᾹΝΝΙΞ
1591 298 2062 356 (IllltYSOS'l'OMf
2105 301 2426 357 ARCIIIEP.
2456 301 2989 363 CONSTANTINOP.

3627 310 3725 366 67.9

2144 421 2366 474 multum
2386 419 2514 474 lucri
2537 420 2868 477 afferentem.
2887 422 3000 478 Non
3023 431 3104 479 est
3127 423 3211 480 hic
3231 423 3550 496 qumrcndus
3574 425 3728 480 homo

2141 519 2230 588 qui
2257 517 2498 589 deposita
2529 521 2849 577 transferat:
2877 529 3080 576 tantum
3110 520 3335 589 depone,
3365 519 3540 573 statim
3568 517 3738 588 depo.

2142 609 2303 663 situm
2331 610 2593 676 ascendit;
2622 627 2725 665 non
2755 621 2811 665 ut
2835 612 2922 665 alii
2953 612 3150 666 milites
3179 611 3408 675 alantur,
3438 609 3532 664 sed
3560 617 3617 663 ut
3638 611 3731 663 tibi

2143 711 2389 757 maneant
2413 719 2530 758 cum
2560 719 2752 774 magno
2783 707 3002 762 foenore.
3038 705 3131 760 llic
3161 705 3302 759 enim
3329 719 3448 758 cum
3473 704 3587 768 das,
3611 703 3733 758 data

2146 802 2388 860 repetere
2419 810 2523 848 non
2551 795 2674 850 licet
2705 813 2716 848 :
2751 797 2859 851 illic
2890 812 3016 852 vero
3045 811 3238 868 magno
3268 811 3388 851 cum
3418 798 3621 852 honore
3649 797 3733 849 illa

2141 897 2351 938 rursum
2386 885 2645 955 recipies,
2671 887 2979 959 maioraque
3025 901 3087 942 ac
3125 887 3418 957 spiritualia
3457 887 3601 942 lucra
3643 901 3727 941 rc-

2145 977 2303 1031 feres.
2332 977 2428 1033 llic
2445 995 2561 1050 qua:
2583 979 2777 1034 dantur
2797 991 2917 1035 sunt
2939 980 3167 1048 exactio,
3198 980 3304 1034 illic
3330 996 3510 1045 usura,
3537 979 3726 1042 faenus.

2142 1067 2400 1123 dehitmn.
2428 1069 2558 1124 Nam
2590 1071 2941 1143 chirographa
2977 1073 3068 1126 tibi
3105 1072 3243 1126 Deus
3270 1071 3391 1126 fecit
3411 1088 3424 1126 :
3447 1071 3520 1125 ait
3549 1074 3692 1126 enim
3719 1089 3730 1122 :

2145 1161 2244 1226 Qui
2281 1163 2541 1218 miseretur
2565 1165 2822 1236 pauperis,
2851 1163 2960 1218 Deo
2985 1165 3261 1234 [teneretur
3291 1163 3310 1235 (
3319 1163 3470 1217 Prov.
3502 1163 3590 1218 f9.
3624 1163 3736 1232 l7).

2146 1256 2295 1310 Dedit
2323 1254 2414 1308 tibi
2445 1254 2658 1308 arrham
2681 1263 2735 1309 et
2759 1254 2942 1321 vades,
2972 1256 3069 1309 etsi
3102 1255 3241 1309 Deus
3267 1256 3354 1308 sit.
3387 1254 3517 1324 Quae
3549 1254 3732 1315 arrha,

2143 1348 2228 1417 qui
2248 1346 2452 1434 Ivades?
2469 1345 2596 1412 Qn:e
2617 1354 2741 1400 sunt
2764 1347 2814 1400 in
2837 1347 3084 1416 praesenti
3109 1347 3234 1412 vita,
3257 1347 3548 1407 sensibilia,
3573 1347 3730 1414 Spiri-

2145 1439 2323 1504 tualia,
2339 1439 2556 1492 exordia
2574 1436 2894 1492 futurorum.
2911 1437 3045 1504 Quid
3066 1437 3222 1508 igitur
3241 1437 3417 1491 tardas
3436 1446 3489 1491 et
3502 1437 3733 1503 dubitas,

2141 1547 2261 1585 cum
2302 1539 2377 1584 tot
2406 1537 2658 1601 tantaque
2689 1530 2799 1600 jam
2831 1528 3132 1600 receperis,
3157 1537 3233 1583 tot
3267 1529 3576 1598 exspectes?
3604 1529 3734 1584 Ντιιιι

2143 1639 2260 1693 (ιυτρ
2278 1622 2522 1692 recepisti
2540 1623 2652 1677 hzec
2671 1631 2793 1677 sunt
2814 1641 2826 1676 :
2845 1636 3036 1692 corpus
3053 1621 3144 1676 tibi
3163 1620 3480 1686 ell'ormavit,
3503 1622 3734 1676 animam

2146 1715 2235 1770 tibi
2266 1715 2487 1781 indidit;
2520 1724 2569 1769 te
2599 1715 2768 1769 solum
2803 1715 2854 1768 in
2885 1723 3023 1769 terra
3047 1713 3253 1767 ratione
3278 1713 3516 1776 ornavit;
3549 1729 3735 1768 eorum

2143 1825 2260 1879 qua:
2277 1808 2376 1863 sub
2392 1817 2660 1876 aspectum
2676 1807 2868 1862 cadunt
2884 1806 3118 1863 omnium
3139 1821 3289 1860 usum
3307 1805 3473 1876 dedit;
3488 1807 3739 1876 cognitio-

2145 1917 2265 1955 nem
2293 1901 2372 1955 sui
2401 1900 2490 1954 tibi
2511 1899 2728 1970 largitus
2749 1907 2830 1954 est
2854 1915 2868 1964 ;
2895 1897 3088 1952 Filium
3116 1911 3268 1951 suum
3290 1911 3386 1967 pro
3407 1905 3458 1952 te
3486 1895 3697 1951 tradidit
3720 1913 3736 1962 ;

2145 1993 2404 2064 baptisma
2437 1999 2514 2047 tot
2537 1991 2789 2046 refertum
2807 1988 2963 2045 donis
2983 1988 3270 2054 concessit,
3292 2002 3500 2043 necnon
3529 2002 3738 2042 sacram

2145 2100 2418 2151 mensam;
2459 2083 2706 2156 promisit
2751 2097 2971 2154 regnum
3021 2091 3076 2137 et
3120 2079 3404 2135 ineﬂ‘abilia
3449 2081 3608 2135 bona.
3637 2079 3741 2135 Tot

2143 2194 2272 2250 ergo
2287 2177 2519 2248 acceptis
2537 2185 2590 2231 et
2610 2185 2684 2231 tot
2702 2184 3014 2245 accepturus
3031 2172 3105 2243 (id
3127 2172 3267 2228 enim
3287 2187 3496 2227 rursum
3516 2165 3737 2243 dicam),

2144 2274 2283 2328 circa
2314 2273 2575 2342 perituras
2613 2269 2864 2341 pecunias
2891 2282 3083 2338 parcus
3128 2267 3228 2323 es?
3255 2282 3476 2338 ecquam
3518 2265 3741 2320 habebis

2144 2362 2399 2418 veniam?
2427 2361 2530 2417 Sed
2561 2360 2758 2416 liberos
2787 2357 3013 2428 respicis
3041 2399 3054 2423 ,
3085 2365 3137 2412 et
3166 2357 3378 2411 illorum
3405 2371 3564 2410 causa
3611 2355 3743 2410 dare

2143 2453 2379 2524 refugis?
2402 2451 2470 2506 Et
2491 2452 2589 2506 hos
2615 2464 2826 2521 quoque
2866 2449 3082 2504 institue
3118 2447 3183 2502 ad
3213 2446 3512 2517 hujusmodi
3545 2444 3743 2500 facien-

2146 2545 2212 2600 da
2245 2545 2413 2598 lucra.
2443 2543 2572 2599 Nam
2603 2544 2646 2596 si
2674 2551 2951 2612 argentum
2999 2538 3222 2595 haberes
3264 2538 3363 2594 sub
3393 2537 3597 2593 fmnorc
3625 2536 3741 2591 col-

2149 2636 2398 2702 locatum,
2423 2644 2476 2690 et
2505 2634 2713 2689 debitor
2735 2633 2929 2702 probus
2952 2639 3113 2694 esset,
3140 2629 3326 2684 malles
3351 2636 3499 2684 certe
3520 2642 3741 2699 syngra-

2149 2727 2306 2796 pham
2336 2741 2492 2797 quam
2523 2741 2710 2780 aurum
2741 2724 2851 2778 filio
2872 2722 3194 2792 relinquere,
3218 2727 3276 2775 ut
3303 2720 3425 2775 inde
3453 2729 3743 2791 proventus

2149 2819 2249 2888 ipsi
2293 2826 2438 2873 esset
2480 2831 2704 2888 magnus
2724 2857 2739 2882 ,
2765 2830 2865 2869 nec
2901 2823 3183 2884 cogeretur
3211 2813 3346 2868 alios
3375 2827 3618 2883 qumrere
3645 2811 3736 2864 ubi

2152 2921 2334 2982 posset
2360 2911 2644 2965 collocare.
2673 2908 2824 2964 Nunc
2845 2906 3255 2977 chirographum
3288 2903 3588 2974 hujusmodi
3622 2903 3744 2958 filiis

2150 3003 2278 3057 dato
2302 3045 2315 3065 ,
2345 3011 2399 3057 et
2444 3003 2610 3056 Deum
2639 3001 2768 3070 ipsis
2807 3000 3044 3068 relinque
3069 2997 3385 3052 debitorem.
3417 2997 3586 3068 Agros
3635 3010 3742 3050 non

2153 3096 2343 3150 vendis
2368 3137 2383 3158 ,
2408 3094 2498 3150 sed
2530 3094 2654 3146 filiis
2681 3091 2937 3161 relinquis
2959 3131 2974 3156 ,
3001 3099 3058 3143 ut
3091 3098 3378 3158 proventus
3410 3095 3622 3141 maneat
3644 3126 3658 3149 ,
3689 3095 3744 3141 ut

2151 3187 2389 3241 accessio
2432 3185 2535 3239 illis
2567 3185 2910 3254 pecuniarum
2950 3183 3042 3236 fiat
3069 3199 3082 3235 :
3113 3181 3215 3236 hoc
3259 3194 3418 3250 porro
3468 3179 3742 3249 chirogra-

2158 3277 2338 3347 ριιιιηι,
2363 3276 2550 3345 quovis
2570 3289 2720 3345 agro,
2745 3273 3016 3344 quibusvis
3038 3270 3380 3342 proventibus
3399 3268 3743 3332 fructuosius.

2154 3376 2209 3422 ct
2241 3376 2317 3421 tot
2343 3368 2517 3421 ferens
2547 3365 2784 3428 fruetus,
2818 3364 3122 3433 relinquere
3152 3362 3348 3417 times?
3375 3375 3543 3431 ecqua
3567 3359 3747 3414 stulti-

2158 3463 2262 3526 tia,
2304 3475 2422 3530 quxe
2464 3459 2666 3512 insania
2718 3456 2832 3511 hcec
2879 3456 3092 3510 est?Et
3137 3455 3238 3510 hoc
3293 3469 3413 3508 cum
3468 3452 3608 3508 scias
3657 3460 3744 3516 te,

2155 3552 2362 3608 etiamsi
2393 3551 2520 3606 illttd
2563 3550 2686 3604 filiis
2730 3548 3035 3617 relinquas,
3062 3546 3189 3601 illud
3234 3555 3408 3600 tamen
3458 3545 3746 3598 abeuntem

2159 3655 2329 3700 tecum
2360 3658 2478 3698 esse
2509 3650 2859 3713 portaturum.
2893 3639 3040 3694 Talia
3061 3621 3255 3709 quippe
3280 3647 3403 3692 sunt
3428 3636 3740 3707 spiritualia,

2158 3750 2455 3807 magnaque
2491 3735 2733 3805 largitate
2763 3732 3027 3786 fruuntur.
3059 3728 3137 3785 Ne
3165 3730 3342 3798 itaque
3371 3727 3446 3782 ita
3484 3742 3744 3798 pauperes

2158 3831 2336 3885 animo
2364 3830 2561 3893 simus,
2590 3841 2761 3896 neque
2792 3840 2916 3894 erga
2947 3838 3043 3878 nos
3070 3823 3213 3893 ipsos
3243 3821 3515 3877 inhumani
3551 3819 3746 3875 evada-

2160 3937 2297 3984 mus,
2318 3919 2412 3975 sed
2441 3918 2576 3972 hanc
2603 3927 2958 3988 qumstuosam
2987 3922 3341 3968 mercaturam
3370 3911 3743 3982 suscipiamus,

2161 4022 2218 4066 nt
2243 4023 2295 4067 et
2326 4012 2424 4082 ipsi
2454 4010 2580 4064 hinc
2607 4009 2894 4078 migrantes
2927 4005 3070 4059 illam
3108 4003 3410 4059 auferamus
3431 4043 3448 4070 ,
3470 4011 3526 4056 et
3567 4011 3744 4056 tamen

2162 4103 2283 4157 ﬁliis
2336 4101 2730 4169 relinquamus,
2779 4094 3062 4165 futuraque
3115 4108 3508 4164 consequamur
3568 4091 3745 4156 bona,

2160 4197 2326 4267 gratia
2378 4204 2434 4248 et
2474 4189 2838 4248 misericordia
2885 4188 3088 4243 Domini
3134 4187 3301 4242 nostri
3345 4185 3469 4241 Jesu
3511 4183 3746 4249 Christi,

2159 4289 2372 4359 quicum
2423 4283 2563 4340 Patri
2607 4291 2663 4337 et
2701 4279 2920 4351 Spiritui
2949 4287 3132 4334 sancto
3176 4278 3341 4348 gloria
3368 4318 3382 4341 ,
3425 4276 3706 4345 imperium
3731 4316 3748 4340 ,

2163 4379 2370 4444 honor,
2405 4390 2546 4430 nunc
2595 4382 2650 4428 et
2695 4387 2945 4442 semper,
2970 4379 3023 4425 et
3063 4369 3114 4424 in
3157 4370 3350 4424 smcula
3407 4368 3746 4423 sa'culorum.

2163 4474 2355 4527 Amen.

478 4592 3749 4667 *ἄμμε-Μ

1581 4697 1929 4765 HOMILIA
1971 4686 2223 4752 LXVII.
2260 4681 2344 4744 al.
2391 4675 2674 4740 LXVIII.

466 4870 593 4922 Car.
617 4867 707 4920 ἂι.
737 4879 787 4919 v.
826 4861 913 4917 η.
946 4860 1009 4914 Et
1038 4861 1290 4930 ingressus
1315 4853 1466 4908 Jesus
1505 4851 1558 4902 in
1603 4845 1877 4914 templum,
1912 4835 2055 4909 ejecit

539 4973 711 5011 omnes
731 4955 999 5009 uendentes
1025 4959 1070 5004 et
1097 4956 1328 5009 ementes,
1354 4955 1400 4997 et
1431 4955 1628 4996 mensas
1652 4933 2054 4992 nuntulariorum

546 5046 740 5108 evertit,
767 5053 812 5096 et
841 5041 1106 5094 cathedras
1127 5036 1444 5092 vendentium
1468 5030 1746 5092 columbas,
1777 5027 1862 5080 15.
1897 5033 1942 5076 et
1974 5022 2054 5075 di-

543 5138 609 5189 cit
638 5135 708 5188 cis
737 5149 754 5186 :
785 5130 1043 5199 Scriptum
1071 5137 1141 5182 est
1164 5129 1203 5192 ί,
1241 5125 1430 5179 Domus
1458 5139 1566 5175 mea
1601 5122 1780 5174 domus
1816 5114 2058 5170 orationis

545 5225 801 5280 vocabitur
831 5219 981 5292 (Isai.
1011 5218 1099 5274 56.
1127 5215 1182 5290 7)
1209 5235 1222 5271 :
1255 5232 1340 5269 vos
1367 5224 1533 5268 autem
1557 5211 1745 5282 fecistis
1776 5209 1919 5263 illam
1947 5221 2058 5275 spe-

548 5322 746 5371 luncam
775 5316 1047 5370 latronum.

724 5463 743 5480 τ
781 5459 836 5503 et
873 5448 1105 5503 Joannes
1137 5444 1300 5516 (Cap.
1332 5441 1386 5496 2.
1419 5437 1623 5512 14-16)
1662 5438 1820 5504 dicit;
1852 5435 1944 5491 sed
1976 5434 2063 5489 ille

903 5539 1097 5606 '"cipio
1145 5536 1439 5606 Evangelii,
1485 5533 1571 5587 hic
1609 5540 1786 5587 autent
1832 5531 1885 5585 in
1936 5528 2062 5584 fine.

1095 5628 1196 5681 “ne
1222 5627 1302 5680 bis
1329 5628 1522 5680 factum
1553 5623 1739 5690 fuisse,
1762 5633 1814 5680 et
1837 5622 2064 5678 diversis

1177 5798 1188 5816 .
1217 5760 1444 5822 scriptum
1468 5767 1554 5810 est.

2164 4823 2491 4894 temporibus
2519 4837 2532 4872 :
2563 4817 2702 4888 quod
2735 4817 2906 4888 palam
2930 4829 3050 4869 esse
3070 4813 3281 4904 gidetur
3304 4821 3412 4868 tum
3435 4828 3462 4865 a
3487 4821 3752 4881 tempore,

2165 4926 2274 4970 tum
2306 4915 2464 4968 etiam
2493 4926 2522 4964 a
2551 4908 2917 4979 responsione.
2971 4902 3085 4960 Illic
3127 4906 3269 4959 enim
3317 4905 3432 4973 ipso
3477 4902 3755 4958 Paschatis

2176 5017 2415 5075 tempore
2435 5001 2648 5057 advenit
2671 5018 2682 5052 :
2705 4999 2791 5054 hic
2813 5014 2940 5052 vero
2961 4997 3049 5050 diu
3072 5005 3196 5051 ante
3224 4995 3444 5050 Pascha.
3471 4993 3544 5049 lbi
3572 4995 3758 5049 dicunt

2167 5099 2357 5162 Judtei,
2393 5095 2542 5162 Quod
2571 5096 2768 5166 signum
2793 5093 3012 5147 ostendis
3043 5091 3184 5144 nobis
3215 5089 3385 5162 (Ibid.
3414 5105 3463 5142 υ.
3497 5088 3563 5143 18
3583 5085 3644 5159 )?
3674 5087 3759 5142 hic

2167 5207 2296 5249 vero
2343 5199 2559 5257 tacent,
2601 5189 2806 5244 etiamsi
2849 5188 3190 5256 increpentur
3220 5202 3232 5238 :
3261 5199 3326 5239 eo
3367 5182 3509 5253 quod
3554 5181 3760 5236 scilicet

2169 5286 2308 5358 apud
2335 5298 2522 5339 omnes
2555 5283 2609 5337 in
2634 5281 2985 5337 admiratione
3021 5288 3186 5333 esset.
3232 5276 3356 5330 llzec
3389 5285 3568 5330 autem
3599 5288 3760 5328 accu-

2173 5381 2310 5434 satio
2335 5379 2548 5448 gravior
2575 5384 2758 5430 contra
2781 5371 2995 5428 Judreos
3023 5381 3163 5435 erat,
3190 5367 3352 5440 quod,
3382 5367 3485 5422 etsi
3515 5365 3685 5421 semel
3710 5375 3763 5418 et

2175 5473 2256 5526 bis
2298 5471 2351 5526 id
2395 5470 2624 5531 fecisset,
2668 5468 2720 5522 in
2767 5465 3066 5534 hujusmodi
3099 5459 3423 5518 commercio
3450 5473 3764 5529 persevera-

2174 5573 2292 5620 rent
2314 5581 2328 5618 :
2351 5565 2638 5634 ipsumque
2654 5561 2767 5617 Deo
2790 5559 3153 5614 adversarium
3173 5555 3442 5616 dicebant,
3463 5567 3584 5606 eum
3607 5566 3764 5622 opor-

2177 5656 2366 5711 tuisset
2386 5653 2628 5710 ediscere
2650 5653 2819 5722 ipsum
2843 5651 3099 5706 honorem
3126 5647 3265 5704 Patri
3286 5646 3522 5701 debitum
3549 5659 3765 5706 curare,

2178 5761 2230 5804 et
2255 5763 2498 5820 magnam
2531 5747 2818 5819 potentiam
2851 5743 3066 5800 habere.
3115 5741 3326 5797 Etenim
3363 5740 3472 5810 jam
3507 5739 3658 5807 signa
3691 5735 3765 5792 fe-
