4074 6144
479 222 579 277 655

476 348 613 395 serat
637 379 652 403 ,
683 345 736 392 et
767 335 1015 390 videbant
1041 348 1201 403 opera
1235 346 1355 387 cum
1385 328 1561 384 verbis
1587 337 1884 382 consonare
1913 339 1928 376 :
1955 318 2049 375 sed

478 446 650 501 neque
674 430 752 485 sic
778 430 1231 497 obtemperarunt,
1255 425 1363 477 imo
1390 418 1818 490 indignabantur,
1842 410 2052 469 etiamsi

478 526 590 578 haec
636 522 869 577 clamare
912 520 1223 591 prophetam
1265 515 1544 576 audirent,
1590 526 1653 565 ac
1698 521 1890 578 pueros
1934 505 2053 574 plus

480 625 641 682 quam
658 617 789 664 tetas
811 610 972 662 l'erret
1001 604 1362 675 praedicantes
1379 614 1525 656 eum.
1542 598 1882 666 Quapropter
1900 592 2056 647 incu-

481 710 688 757 santem
708 700 832 753 illos
848 697 1042 751 Isaiam
1067 693 1276 749 inducit
1296 692 1484 746 dicens
1498 706 1510 740 :
1524 688 1721 741 Domus
1740 701 1855 738 mea
1872 685 2058 736 «toruus

477 788 718 843 orationis
730 786 1004 840 vocabitur.
1021 785 1201 856 Neque
1219 786 1317 839 hoc
1334 781 1697 838 tantummodo
1712 795 1860 834 suam
1876 787 2055 849 poten-

477 881 600 933 tiam
622 878 873 944 ostendit,
897 879 991 934 sed
1016 877 1157 949 quod
1179 886 1326 933 curet
1346 877 1519 931 varias
1539 874 1872 930 inﬁrmitates
1896 889 1909 926 :
1931 888 2052 927 nam

479 970 564 1025 14.
599 969 922 1023 Accesserant
958 969 1026 1023 ad
1062 984 1175 1021 eum
1214 967 1384 1022 claudi
1407 977 1451 1022 et
1480 966 1620 1033 caeci,
1645 975 1691 1018 et
1715 963 1910 1018 curavit
1933 977 2054 1026 eos;

475 1072 525 1117 et
549 1061 626 1116 sic
641 1063 887 1115 virtutem
908 1068 1331 1131 potestatemque
1350 1073 1499 1114 suam
1523 1065 1802 1113 monstrat.
1829 1054 1905 1110 Illi
1928 1070 2054 1110 vero

480 1156 651 1222 neque
674 1153 752 1206 sic
775 1152 1231 1220 obtemperarunt,
1254 1149 1348 1205 sed
1369 1165 1487 1204 cum
1516 1149 1770 1203 miracula
1792 1148 2050 1214 viderent,

483 1257 782 1312 puerosque
802 1242 1048 1297 audirent
1073 1245 1243 1313 ipsum
1269 1228 1639 1308 praedicantes,
1661 1240 2055 1295 suﬂ'oeabantur

480 1343 534 1386 et
562 1331 809 1387 dicebant
841 1348 856 1387 :
891 1331 977 1387 16.
1012 1330 1135 1385 Νοη
1161 1331 1305 1385 audis
1326 1331 1446 1401 quid
1470 1332 1553 1385 isti
1579 1331 1790 1384 dicunt?
1814 1331 1970 1400 Atqui
2001 1330 2052 1384 id

474 1422 713 1477 Christus
733 1424 859 1492 ipsis
877 1422 1054 1478 dicere
1073 1424 1324 1492 potuisset
1341 1439 1355 1475 :
1370 1422 1483 1477 Non
1498 1422 1693 1477 auditis
1717 1421 1842 1492 quid
1875 1422 1957 1476 isti
1974 1422 2053 1476 di-

477 1513 642 1566 cunt?
682 1512 813 1567 Nam
844 1512 915 1567 illi
941 1515 1091 1583 quasi
1130 1514 1236 1568 Deo
1261 1514 1541 1569 canebant.
1573 1512 1711 1579 Quid
1743 1513 1900 1583 igitur
1923 1512 2053 1567 ille?

476 1606 606 1672 Quia
657 1607 815 1660 rebus
857 1606 1154 1661 manifestis
1196 1606 1663 1671 contradicebant,
1713 1609 1890 1660 acrius
1933 1606 2052 1661 illos

474 1699 643 1768 carpit
665 1699 849 1753 dicens
876 1716 890 1751 :
922 1697 1214 1767 Numquam
1244 1697 1432 1768 [egistis
1461 1711 1481 1748 :
1503 1697 1585 1752 Ea:
1603 1714 1689 1751 ore
1711 1697 1983 1767 infantium
2004 1706 2053 1750 et

475 1789 762 1842 lactcntt'um
809 1790 1062 1860 perfecisti
1110 1790 1309 1843 laudem
1352 1787 1541 1857 (Psal.
1565 1790 1617 1845 8.
1653 1790 1764 1858 δη
1804 1789 1869 1844 Et
1904 1801 2052 1845 recte

473 1879 641 1945 dixit,
676 1879 756 1933 Ea:
783 1896 886 1934 ore.
918 1880 1030 1935 Non
1063 1880 1203 1935 enim
1232 1880 1519 1934 secundum
1551 1892 1781 1936 mentem
1814 1883 2050 1951 ipsorum

475 1971 559 2023 illa
589 1973 746 2025 verba
778 1983 949 2038 erant,
972 1972 1064 2027 sed
1097 1974 1285 2026 virtute
1318 1974 1482 2042 ipsius
1508 1974 1783 2028 immatura
1815 1974 2049 2043 ipsorum

475 2061 648 2131 lingua
682 2063 1023 2132 dirigebatur.
1055 2064 1166 2117 lloc
1195 2080 1323 2117 vero
1349 2063 1516 2133 ﬁgura
1543 2074 1658 2119 crat
1676 2065 1909 2133 gentium
1934 2066 2050 2119 hal-

472 2153 808 2219 luttientium,
834 2171 952 2222 qua:
972 2155 1253 2209 eonI’eStim
1277 2170 1465 2225 magna
1488 2157 1834 2210 insonuerunt
1859 2164 1911 2210 et
1938 2159 2051 2211 ani-

470 2261 560 2299 mo
597 2255 652 2300 et
697 2246 820 2311 ﬁde,
846 2256 899 2301 et
935 2248 1191 2317 apostolis
1232 2246 1357 2301 hinc
1395 2262 1499 2301 non
1542 2262 1703 2317 parva
1731 2250 2047 2305 consolatio.

468 2322 545 2392 Ne
571 2338 711 2393 enim
736 2337 1083 2409 ambigerem,
1107 2337 1374 2408 quomodo
1400 2337 1561 2393 rudes
1589 2337 1832 2393 homines
1859 2340 2052 2408 prcedi-

467 2431 730 2484 cationem
766 2431 1082 2485 annuntiare
1111 2440 1393 2501 poterunt,
1423 2442 1858 2502 praeoccupantes
1900 2432 2049 2502 pueri

470 2522 609 2576 illam
641 2524 800 2576 animi
831 2523 1129 2591 angustiam
1166 2522 1456 2592 ejecerunt,
1488 2532 1544 2578 et
1581 2538 1730 2593 spem
1772 2523 2046 2590 fecerunt,

469 2613 770 2666 facultatem
798 2611 1005 2666 dicendi
1031 2611 1278 2666 daturum
1308 2612 1409 2666 sibi
1437 2627 1555 2667 esse
1583 2628 1705 2668 eum
1735 2614 1821 2683 qui
1854 2629 2048 2683 pueros

470 2703 723 2773 hymnum
771 2712 988 2757 cantare
1038 2703 1251 2768 docuit;
1301 2718 1477 2773 neque
1526 2703 1626 2759 hoc
1666 2712 1908 2769 tantum,
1950 2705 2046 2760 sed

462 2797 623 2849 etiam
666 2810 784 2850 esse
823 2797 968 2849 illum
1012 2804 1215 2850 natura:
1257 2796 1608 2861 conditorem,
1642 2797 1742 2852 hoc
1790 2799 2046 2855 miraculo

466 2898 737 2942 ostensum
766 2898 866 2942 est.
893 2887 1048 2942 Pueri
1076 2887 1233 2959 igitur
1258 2888 1356 2942 etsi
1389 2889 1685 2943 immaturae
1713 2891 1903 2956 artatis,
1930 2891 2045 2945 fau-

462 2991 545 3035 sta
575 2991 628 3035 et
653 2982 899 3049 supernis
927 2996 1159 3035 consona
1200 2980 1550 3051 loquebantur
1581 2999 1595 3035 :
1627 2982 1729 3037 viri
1757 2994 1932 3039 autem
1963 2986 2045 3038 in-

463 3072 610 3126 sauia
654 3080 709 3125 et
749 3074 930 3126 lurore
977 3073 1155 3142 plena.
1200 3072 1344 3127 Talis
1382 3087 1472 3127 res
1508 3083 1589 3127 est
1620 3074 1875 3143 nequitia.
1907 3075 2040 3142 Quia

463 3165 622 3232 igitur
651 3162 813 3218 multa
839 3172 993 3218 erant
1018 3179 1137 3234 quae
1166 3166 1282 3219 illos
1307 3174 1706 3219 commoverent
1726 3206 1740 3228 ,
1769 3165 1937 3220 turba:
1966 3166 2044 3220 vi-

458 3257 671 3319 delicet,
695 3256 886 3325 ejectio
910 3254 1270 3319 vendentium,
1294 3255 1570 3321 miracula,
1593 3256 1740 3324 pueri
1763 3266 2037 3323 canentes,

461 3364 646 3404 rursus
681 3364 775 3403 eos
811 3348 1079 3418 relinquit,
1129 3358 1187 3403 ut
1227 3349 1438 3404 illorum
1487 3349 1637 3403 sedet
1685 3357 1946 3405 tumorem
1988 3359 2042 3405 et

459 3440 617 3505 iram,
645 3439 918 3510 noluitque
932 3440 1152 3508 docere,
1174 3455 1240 3495 ne
1269 3440 1464 3496 invidia
1489 3440 1755 3497 ferventes
1784 3442 1921 3498 dicta
1943 3458 2039 3499 sua

459 3526 601 3601 {egre
628 3531 847 3587 ferrent.

535 3622 763 3677 Historia
784 3626 910 3694 ﬁcus
936 3641 969 3678 a
992 3625 1191 3681 Christo
1215 3626 1495 3682 maledicta
1522 3636 1903 3683 commentatur.
1936 3627 2040 3684 Cur

456 3714 689 3769 Christus
718 3716 837 3783 ﬁcui
864 3716 1143 3771 maledixit.
1164 3748 1235 3757 —-
1251 3718 1337 3773 18.
1365 3718 1520 3772 Mane
1538 3729 1702 3772 autem
1722 3729 1968 3775 revertens
1987 3722 2040 3775 in

456 3806 648 3871 urbem,
696 3808 891 3861 esuriit.
931 3807 1209 3873 Quomodo
1254 3824 1411 3865 mane
1452 3809 1671 3864 esuriit?
1712 3810 1938 3879 Quando
1986 3810 2038 3866 id

459 3902 606 3955 carni
634 3901 919 3964 concessit,
952 3912 1077 3956 tunc
1114 3903 1255 3956 illius
1286 3917 1476 3958 sensus
1500 3902 1821 3958 ostenditur.
1850 3904 1937 3959 I9.
1973 3904 2041 3958 Et

459 3994 631 4046 uidens
658 3993 810 4061 ﬁcum
838 3994 889 4045 in
919 3994 1018 4058 aia,
1047 3995 1179 4046 venit
1203 3994 1271 4046 ad
1299 4010 1439 4059 eam,
1475 4004 1521 4047 et
1561 3993 1691 4048 nihil
1726 3995 1910 4049 invenit
1943 3997 2040 4050 nisi

461 4085 605 4155 folia.
636 4084 787 4139 Alius
814 4086 1132 4155 evangelista
1158 4085 1347 4154 (Marc.
1380 4087 1464 4141 11.
1494 4087 1585 4158 15)
1611 4088 1774 4155 dicit,
1805 4088 2036 4143 nondum

461 4188 668 4247 tempus
697 4176 891 4242 fuisse;
919 4178 1010 4233 sed
1039 4179 1084 4233 si
1114 4179 1346 4234 nondum
1374 4190 1580 4249 tempus
1606 4189 1742 4247 erat,
1770 4183 2039 4252 quomodo

457 4270 593 4324 alter
620 4270 941 4340 evangelista
966 4274 979 4302 ⁸
1011 4271 1082 4324 ait
1102 4312 1118 4338 ,
1152 4270 1327 4335 Venit,
1360 4282 1412 4325 ut
1439 4273 1483 4326 si
1507 4278 1638 4344 forte
1664 4278 1882 4344 fructum
1902 4276 2039 4328 iuve-

458 4360 583 4413 niret
612 4361 665 4414 ia
687 4362 787 4414 ea?
828 4359 980 4416 Unde
1008 4362 1347 4416 manifestum
1379 4371 1481 4427 est,
1517 4364 1644 4418 illud
1680 4381 1747 4419 ex
1784 4366 2037 4435 opinione

456 4450 836 4519 discipulorum
879 4450 1059 4513 fuisse,
1093 4455 1180 4521 qui
1214 4454 1387 4508 adhuc
1419 4454 1836 4523 imperfecdores
1863 4469 2035 4512 erant.

456 4540 588 4594 Nam
609 4542 887 4610 opiniones
915 4542 1296 4612 discipulorum
1318 4560 1459 4614 saepe
1477 4546 1790 4602 describunt
1812 4563 2037 4618 evange-

458 4637 614 4691 listm.
652 4634 799 4690 Sicut
834 4634 994 4705 igitur
1020 4636 1147 4691 illud
1176 4640 1467 4693 secundum
1495 4640 1704 4695 illorum
1730 4642 2033 4712 opinionem

456 4735 591 4794 erat,
622 4726 701 4782 sic
724 4742 934 4798 quoque
960 4743 1081 4783 cum
1110 4729 1382 4797 putabant,
1412 4729 1583 4799 ipsum
1612 4731 1947 4786 maledixisse
1972 4733 2034 4785 Ii-

455 4820 560 4881 cui,
593 4820 735 4890 quod
770 4822 996 4877 fructum
1025 4837 1130 4876 non
1160 4821 1398 4877 haberet.
1442 4823 1551 4878 Cur
1589 4839 1719 4895 ergo
1759 4826 2033 4881 maledicta

455 4908 589 4964 fuit?
638 4910 863 4982 Propter
899 4912 1211 4982 discipulos,
1243 4922 1301 4967 ut
1341 4929 1533 4983 nempe
1572 4915 1644 4969 illi
1683 4916 2032 4972 conﬁderent.

453 5000 587 5065 Quia
611 5003 754 5057 enim
777 5002 969 5073 ubique
989 5002 1244 5058 beneficia
1269 5005 1571 5074 praestabat,
1601 5007 1911 5077 nullumque
1940 5024 2033 5077 pn-

456 5091 637 5146 niebat
678 5110 693 5147 :
734 5102 788 5148 et
828 5103 1003 5151 tamen
1045 5096 1326 5165 Oportebat
1365 5096 1567 5151 ultricis
1608 5113 1717 5151 sum
1761 5104 2036 5169 potestatis

454 5183 755 5252 exemplum
779 5184 1034 5252 praebere,
1057 5196 1112 5239 ut
1133 5185 1401 5240 discerent
1417 5195 1471 5240 et
1491 5186 1732 5257 discipuli
1764 5197 1820 5244 et
1844 5189 2034 5258 Judari,

455 5274 625 5339 ipsum
644 5289 763 5328 cum
788 5286 967 5344 posset
987 5292 1080 5331 eos
1100 5279 1186 5345 qui
1209 5293 1267 5332 sc
1283 5276 1660 5334 eruciﬁxerunt
1675 5285 2032 5351 exstinguere,

454 5364 682 5420 libenter
710 5376 882 5422 tamen
917 5370 965 5421 id
991 5370 1336 5434 concessisse,
1362 5386 1535 5440 neque
1564 5373 1902 5429 exstinxisse.
1931 5375 2038 5430 Ne-

456 5456 550 5510 luit
589 5473 748 5528 porro
794 5458 845 5513 id
890 5460 944 5514 in
989 5459 1290 5517 hominibus
1321 5460 1516 5520 factum
1546 5464 1828 5534 exhibere,
1855 5466 1951 5522 sed
1982 5467 2032 5520 in

518 5594 723 5669 iulius,
745 5597 979 5669 quomodo
1016 5596 1145 5669 idem
1184 5598 1513 5667 Erangelista;
1536 5606 1707 5655 recte:
1730 5604 1876 5655 verba
1903 5618 2031 5655 enim

454 5662 565 5709 sunt
590 5659 745 5718 ttarci,
770 5671 874 5718 cap.
898 5658 971 5707 II.
1000 5672 1045 5709 v.
1078 5660 1150 5708 15.

1398 214 1463 270 IN
1502 205 1908 268 ΜᾹΤΤΗιΕυΜ
1951 204 2179 262 IIOMIL.
2224 202 2429 259 LXVII.
2472 204 2542 260 al.
2590 203 2816 260 LXVIII.

3640 209 3741 262 υτςι

2164 319 2355 374 arbore
2394 319 2598 374 ultricis
2627 335 2738 374 suae
2770 320 3048 389 potestatis
3075 322 3376 391 exmiplum
3405 322 3567 378 dedit.
3608 326 3739 380 Cum

2161 420 2337 467 autem
2366 413 2417 466 in
2446 413 2559 466 loca
2586 454 2599 474 ,
2631 412 2713 466 vel
2741 413 2792 466 in
2819 412 3057 477 arbores,
3080 412 3164 468 vel
3197 414 3248 468 in
3274 414 3428 470 bruta
3454 415 3740 471 animantia

2160 505 2268 559 tale
2308 504 2577 573 quidpiam
2622 506 2944 571 immittitur,
2979 522 3046 560 ne
3089 506 3298 562 curiose
3342 507 3597 576 inquiras,
3641 524 3739 564 nee

2161 596 2307 651 dicas
2337 613 2350 649 :
2382 596 2659 665 Quomodo
2687 597 2831 665 juste
2858 598 3123 654 exsiccata
3151 599 3281 653 ﬁcus
3306 609 3390 654 est
3410 640 3424 661 ,
3455 600 3499 655 si
3532 608 3740 670 tempus

2161 690 2200 744 l:
2214 700 2425 745 actuum
2445 705 2550 743 non
2572 689 2723 744 erat?
2744 691 2827 745 illa
2850 691 2991 745 enim
3014 692 3238 760 quarstio
3254 692 3604 760 nugacissima
3622 702 3702 745 est
3723 711 3736 746 :

2160 781 2254 836 sed
2282 781 2594 836 miraculum
2615 782 2837 849 respice,
2862 782 3076 847 mimre,
3095 792 3148 836 et
3169 782 3542 836 miraculorum
3567 792 3740 852 patra.

2161 871 2263 926 tori
2298 871 2518 942 gloriam
2563 870 2725 927 refer.
2770 871 2902 927 Nam
2942 881 2997 927 et
3030 872 3098 928 de
3136 873 3426 929 submersis
3457 874 3633 942 porcis
3663 873 3743 927 id-

2160 965 2333 1035 ipsum
2362 963 2510 1019 multi
2533 962 2815 1031 dixerunt,
2842 962 3066 1033 justitite
3090 964 3347 1018 rationem
3375 963 3738 1035 inquirentes;

2159 1055 2251 1111 sed
2275 1056 2381 1110 illis
2396 1070 2500 1110 non
2517 1053 2793 1110 attendere
2809 1064 3017 1124 oportet
3038 1073 3051 1109 :
3070 1069 3192 1109 nam
3215 1055 3329 1109 haec
3359 1054 3740 1122 irrationabilia

2159 1156 2314 1201 erant
2331 1188 2348 1213 ,
2381 1155 2438 1201 ut
2464 1146 2626 1201 arbor
2651 1145 2829 1200 anima
2854 1144 3089 1201 carebat.
3121 1145 3229 1200 Cur
3254 1162 3381 1216 ergo
3408 1145 3507 1201 hac
3531 1147 3743 1202 ratione

2159 1253 2245 1293 res
2278 1246 2397 1293 aeta
2422 1247 2504 1293 est
2525 1279 2541 1300 ,
2575 1247 2632 1294 et
2663 1254 2761 1294 cur
2789 1237 2903 1292 haec
2930 1248 3012 1293 est
3037 1238 3422 1293 maledictionis
3448 1240 3646 1295 causa?
3675 1240 3743 1293 [ι

2154 1328 2266 1398 jam
2306 1328 2435 1394 dixi,
2465 1329 2569 1383 hoc
2609 1329 2674 1383 ad
2719 1329 3098 1398 discipulorum
3142 1331 3446 1400 opinionem
3487 1332 3736 1401 pertinet.

2157 1423 2309 1490 Quod
2336 1423 2378 1477 si
2409 1422 2641 1477 nondum
2676 1434 2882 1492 tempus
2907 1432 3021 1477 erat
3039 1463 3054 1489 ,
3084 1433 3285 1477 temere
3313 1424 3526 1492 quidam
3553 1425 3641 1479 hic
3667 1427 3740 1478 le-

2158 1532 2278 1584 gem
2311 1514 2593 1585 signiﬁcari
2629 1514 2831 1569 dicunt.
2859 1514 2989 1569 Nam
3022 1515 3178 1585 hujus
3205 1514 3408 1571 fructus
3433 1515 3563 1571 Iides
3588 1527 3733 1581 erat,

2160 1605 2388 1675 ﬁdeique
2432 1615 2639 1674 tempus
2681 1614 2805 1659 tunc
2845 1604 3171 1670 advenerat,
3202 1622 3362 1676 quem
3391 1607 3618 1662 fructum
3650 1608 3735 1662 ille

2157 1696 2349 1751 attulit.
2380 1695 2500 1750 Jam
2526 1697 2655 1749 enim
2678 1697 2904 1767 regiones
2929 1696 3058 1751 albae
3074 1708 3192 1752 sunt
3212 1698 3279 1751 ad
3300 1714 3525 1761 vitassem,
3547 1700 3731 1769 inquit,

2157 1799 2231 1851 et,
2256 1788 2372 1841 Misi
2392 1803 2477 1840 vos
2495 1797 2673 1840 metere
2687 1803 2799 1856 qua!
2813 1804 2912 1840 non
2928 1787 3194 1842 laborastis
3226 1788 3403 1862 (Joan.
3431 1790 3483 1845 4.
3508 1791 3595 1846 55.
3624 1790 3724 1861 58).

2227 1878 2282 1932 2.
2314 1877 2451 1932 Nihil
2481 1892 2607 1946 ergo
2638 1877 2938 1947 hujusmodi
2967 1877 3055 1932 hic
3083 1878 3478 1945 subindicatur,
3520 1881 3614 1936 sed
3635 1924 3649 1948 ,
3685 1894 3739 1937 ut

2157 1967 2287 2034 dixi,
2321 1976 2637 2038 potestatem
2662 1967 2908 2021 ultricem
2934 1966 3132 2022 indicat
3154 2010 3170 2034 ,
3197 1978 3253 2022 et
3281 1968 3380 2022 hoc
3402 1970 3633 2025 ostendit
3659 1972 3738 2024 di-

2155 2075 2319 2125 cens,
2356 2059 2600 2113 Nondum
2633 2059 2767 2114 enim
2802 2069 2910 2113 erat
2949 2070 3166 2130 tempus,
3195 2060 3500 2130 signiﬁcans
3527 2078 3586 2117 se
3618 2062 3737 2117 ideo

2160 2152 2425 2221 prmcipne
2458 2150 2688 2215 venisse,
2718 2166 2825 2204 nun
2861 2150 3002 2221 quod
3030 2152 3278 2216 esuriret,
3301 2152 3395 2206 sed
3424 2162 3638 2224 propter
3650 2134 3736 2207 ἀἱς

2155 2243 2407 2312 seipnlns,
2428 2242 2518 2312 qui
2544 2241 2829 2297 admodum
2850 2242 3025 2297 mirati
3052 2252 3196 2306 sunt,
3215 2244 3314 2298 etsi
3342 2244 3508 2299 multa
3533 2245 3735 2316 majora

2154 2337 2304 2405 signa
2336 2335 2445 2405 jam
2479 2335 2611 2390 facta
2641 2335 2876 2402 Inerant;
2908 2334 3001 2389 sed
3026 2375 3040 2400 ,
3071 2344 3127 2389 ut
3152 2335 3261 2390 dixi
3287 2377 3301 2399 ,
3335 2338 3435 2390 hoc
3464 2337 3735 2392 insolitum

2153 2438 2291 2492 erat,
2322 2444 2463 2482 nunc
2487 2429 2628 2483 enim
2659 2429 2834 2498 primo
2863 2439 3179 2499 potestatem
3211 2431 3451 2485 ultricem
3479 2431 3732 2486 ostendit.

2156 2519 2356 2575 Idcirco
2382 2535 2488 2573 non
2515 2519 2565 2573 in
2596 2520 2698 2573 alia
2727 2520 2919 2574 arbore
2942 2560 2958 2584 ,
2989 2520 3081 2575 sed
3115 2521 3166 2574 in
3195 2522 3433 2575 omnimn
3475 2520 3734 2577 humidis-

2153 2612 2286 2665 sima
2327 2611 2536 2681 signum
2580 2609 2705 2665 fecit
2726 2649 2744 2676 ,
2776 2611 2845 2663 ita
2875 2619 2931 2663 ut
2960 2610 3082 2665 inde
3109 2610 3282 2679 majus
3307 2612 3577 2667 videretur
3612 2628 3735 2669 esse

2153 2703 2485 2757 miraculum.
2534 2702 2603 2757 Et
2646 2711 2701 2755 nt
2738 2701 2935 2770 discas,
2972 2701 3073 2757 hoc
3117 2713 3331 2773 propter
3376 2704 3495 2760 illos
3536 2705 3732 2761 factum

2152 2809 2291 2857 esse,
2318 2802 2375 2847 nt
2398 2792 2501 2847 illis
2532 2792 2776 2848 tidnciam
2808 2793 3036 2859 inderet,
3058 2793 3181 2849 audi
3212 2810 3273 2849 ea
3300 2811 3419 2866 quae
3445 2806 3628 2867 postea
3653 2798 3733 2852 di-

2150 2886 2241 2941 cit.
2286 2886 2423 2954 Quid
2450 2886 2606 2955 igitur
2632 2886 2798 2939 dicit?
2841 2885 2911 2940 Et
2935 2900 3030 2940 vos
3059 2886 3259 2955 majora
3292 2888 3514 2952 facietis,
3538 2890 3584 2943 si
3611 2906 3730 2943 crc-

2147 2976 2278 3033 dere
2302 2979 2596 3043 volueritis,
2621 2988 2676 3033 et
2696 2979 2747 3033 in
2768 2977 3012 3033 oratione
3037 2979 3322 3033 conlidere.
3353 2980 3538 3035 Viden'
3564 2989 3729 3036 totum

2147 3079 2364 3139 propter
2403 3070 2523 3125 illos
2561 3070 2754 3126 factum
2782 3086 2935 3136 esse,
2975 3086 3044 3127 ne
3081 3071 3299 3127 insidias
3341 3057 3731 3128 formidarent?

2148 3163 2271 3218 Ideo
2301 3163 2430 3217 illud
2456 3164 2644 3218 iterum
2681 3166 2895 3235 repetit,
2926 3173 2979 3218 ut
3006 3164 3255 3235 precibus
3279 3174 3335 3219 et
3357 3165 3477 3222 ﬁdei
3508 3165 3731 3221 ﬁrmiter

2147 3253 2350 3310 hmrere
2370 3255 2610 3310 suadeat.
2634 3254 2751 3310 Non
2776 3257 2918 3311 enim
2940 3256 3042 3312 hoc
3066 3265 3268 3312 tantum
3289 3256 3515 3323 facietis,
3535 3249 3727 3327 inquit,

2144 3346 2237 3402 sed
2267 3347 2429 3401 etiam
2458 3356 2669 3403 montes
2695 3347 3043 3413 transferetis,
3071 3359 3126 3403 et
3153 3349 3377 3417 plurima
3406 3350 3505 3406 alia
3534 3365 3727 3422 opera-

2143 3437 2327 3493 bimini
2352 3480 2368 3503 ,
2396 3441 2438 3492 si
2473 3439 2591 3494 ﬁdei
2623 3448 2679 3495 et
2705 3440 2932 3495 orationi
2957 3456 3076 3494 cum
3107 3440 3295 3498 tiducia
3328 3441 3595 3497 laureatis.
3626 3442 3728 3498 Vc-

2144 3544 2261 3583 rum
2290 3530 2456 3585 Judtei
2483 3540 2792 3601 arrogantes
2814 3539 2867 3586 et
2887 3531 3073 3599 inﬂati,
3101 3541 3158 3586 ut
3178 3530 3479 3587 doctrinam
3506 3533 3621 3604 ejus
3643 3534 3727 3587 in-

2145 3624 2492 3693 terpellarent
2515 3665 2531 3690 ,
2575 3624 2892 3679 accedentes
2926 3623 3340 3689 sciscitabantur
3371 3642 3385 3679 :
3412 3626 3503 3681 ‘25.
3534 3623 3603 3680 In
3630 3642 3727 3697 qna

2145 3723 2386 3784 potestate
2411 3714 2518 3769 haec
2557 3715 2725 3783 facis?
2766 3715 2898 3782 Quia
2938 3716 3080 3771 enim
3125 3717 3399 3771 miraculis
3443 3717 3726 3773 detrahere

2146 3821 2250 3860 non
2274 3814 2519 3876 poterant
2545 3807 2848 3860 venditores
2871 3821 2934 3860 ex
2964 3806 3161 3877 templo
3189 3807 3370 3877 pulsos
3400 3814 3456 3861 et
3476 3809 3727 3864 emenda-

2146 3906 2229 3952 tos
2256 3898 2328 3951 illi
2355 3897 2629 3965 objiciunt.
2662 3897 2857 3952 Eadem
2885 3898 3090 3953 ratione
3115 3900 3253 3968 apud
3276 3899 3536 3955 Joannem
3563 3902 3727 3957 inter-

2147 3998 2352 4059 rogant,
2376 3990 2497 4043 licet
2523 4004 2626 4042 non
2654 3989 2837 4043 iisdem
2867 3988 3062 4055 verbis,
3086 4004 3270 4044 verum
3293 3991 3480 4047 eadem
3511 4002 3727 4048 senten-

2146 4086 2245 4147 tia;
2294 4098 2412 4136 natn
2454 4084 2638 4137 tliClllll
2670 4101 2682 4136 :
2716 4082 2864 4147 Quod
2902 4083 3102 4153 signum
3148 4085 3370 4140 ostendis
3412 4088 3576 4154 nobis,
3608 4091 3725 4159 quia

2144 4178 2251 4232 Ita’c
2274 4180 2397 4248 facis
2420 4176 2609 4246 (Joatt.
2638 4177 2690 4230 2.
2727 4178 2810 4230 18.
2845 4175 2991 4244 19)?
3020 4175 3123 4231 Sed
3156 4177 3226 4231 ibi
3257 4177 3545 4247 respondet
3576 4181 3677 4235 illis
3711 4200 3722 4235 :

2146 4268 2337 4322 Soluite
2366 4267 2603 4333 templum
2629 4270 2743 4333 Itoc,
2773 4277 2817 4320 et
2844 4268 2898 4320 in
2926 4267 3083 4320 tribus
3112 4267 3288 4322 diebus
3312 4270 3537 4325 excitabo
3563 4272 3724 4335 illud;

2145 4360 2228 4414 hic
2256 4370 2431 4415 autem
2462 4360 2512 4413 in
2541 4360 2926 4415 dubitationem
2956 4360 3075 4415 illos
3104 4360 3343 4431 conjicit.
3375 4361 3526 4419 Unde
3554 4365 3725 4417 mani-

2144 4451 2333 4506 festum
2376 4462 2491 4515 est,
2537 4450 2661 4505 illud
2703 4452 2914 4521 quidem
2957 4452 3007 4506 in
3051 4454 3312 4524 principio
3350 4454 3543 4509 factum
3582 4469 3738 4514 esse.

2140 4543 2355 4599 cuando
2409 4542 2663 4598 miracula
2712 4547 2873 4598 edere
2924 4546 3251 4613 incipiebat,
3302 4545 3404 4601 hoc
3446 4555 3623 4601 autem
3668 4548 3719 4601 in

2144 4638 2246 4690 line
2272 4633 2370 4707 (α).
2404 4634 2553 4702 Quod
2581 4642 2757 4688 autem
2786 4635 2992 4698 dicunt,
3025 4635 3329 4703 lmjnsmodi
3356 4646 3440 4690 est
3468 4654 3481 4690 :
3512 4636 3593 4691 An
3621 4636 3724 4690 do-

2140 4732 2329 4784 ctrina:
2366 4730 2548 4784 sedem
2589 4729 2855 4795 occupas?
2901 4744 3025 4780 nnm
3056 4729 3306 4783 sacerdos
3335 4729 3611 4785 ordinatus
3641 4748 3721 4796 es,

2142 4824 2261 4891 quia
2296 4829 2494 4874 tantam
2523 4828 2837 4889 potestatem
2869 4819 3191 4874 exhibuisti?
3220 4821 3380 4889 Atqui
3413 4821 3541 4875 nihil
3568 4837 3722 4877 arro-

2141 4925 2328 4983 ganter
2352 4914 2479 4983 egit,
2508 4913 2600 4967 sed
2639 4911 2817 4981 templi
2862 4912 3048 4967 honori
3092 4928 3154 4968 ac
3191 4912 3373 4969 decori
3401 4916 3674 4985 prospexit
3709 4935 3724 4972 :

2142 5015 2373 5058 attamen
2400 5019 2520 5057 cum
2552 5003 2682 5058 nihil
2724 5001 2864 5057 aliud
2904 5003 3082 5057 dicere
3126 5013 3361 5073 possent,
3406 5005 3544 5061 hanc
3571 5021 3725 5063 accu-

2142 5098 2292 5153 sandi
2337 5112 2518 5151 ansam
2564 5098 2844 5167 arripiunt.
2878 5099 2953 5152 Ac
2982 5113 3104 5153 cum
3136 5099 3428 5155 vendentes
3465 5101 3722 5169 ejiceret.

2143 5190 2272 5244 nihil
2316 5189 2431 5243 ausi
2477 5200 2597 5243 sunt
2640 5190 2839 5256 dicere,
2868 5191 2988 5261 quia
3030 5190 3120 5245 ille
3159 5191 3413 5245 miracula
3443 5192 3722 5246 ediderat:

2145 5292 2323 5352 postea
2353 5282 2438 5335 ubi
2469 5282 2717 5335 viderunt
2741 5298 2859 5335 eum
2882 5324 2897 5347 ,
2928 5284 3207 5349 increpare
3233 5289 3528 5349 coeperunt.
3586 5284 3722 5350 Quid

2141 5389 2269 5443 ergo
2300 5373 2420 5427 ille?
2460 5373 2572 5425 Non
2610 5372 2674 5425 ad
2720 5374 3000 5441 qua-situm
3041 5371 3242 5425 directe
3290 5371 3597 5441 respondet,
3625 5388 3718 5427 net.

2141 5465 2393 5532 ostendit,
2439 5480 2593 5532 posse
2644 5464 2781 5527 illos,
2811 5464 2852 5516 si
2885 5462 3079 5517 Vellent
3116 5477 3265 5516 suam
3300 5472 3615 5533 potestatem
3650 5464 3714 5518 νίς

2202 5602 2290 5711 (α’)ῐ
2316 5598 2404 5649 His
2441 5599 2657 5648 inanitur
2703 5595 2945 5647 Christum
2999 5603 3070 5646 bis
3115 5597 3389 5647 vcndentes
3438 5600 3644 5663 ejeclsse
3679 5614 3704 5656 tt

2202 5679 2272 5711 lllll
2295 5678 2339 5711 0.

2144 5674 2339 5726 lclllltIO.
