4074 6144
296 153 398 207 635

292 266 453 327 dere;
483 265 576 319 sed
606 266 763 319 aliam
796 264 1011 335 Opponit
1048 264 1517 330 interrogationem
1540 260 1663 314 :25.
1695 258 1875 328 Bapti-

295 373 403 409 sma
426 354 645 410 Joannis
676 357 809 409 unde
834 356 981 409 erat?
1009 371 1072 407 ea:
1100 354 1244 415 ctelo,
1273 370 1338 406 an
1368 369 1429 406 ea:
1458 351 1773 407 hominibus?
1813 349 1881 405 Et

297 446 423 516 quid
456 446 590 514 luce,
622 447 849 515 inquies,
882 445 948 499 ad
979 460 1088 499 rem
1117 444 1473 512 prwscntem?
1499 442 1625 497 Ha‘c
1653 443 1883 497 maxime

297 544 560 612 quadram
584 561 595 596 :
622 558 744 596 nam
766 542 809 596 si
832 541 1112 604 dixissent,
1137 539 1178 593 Ε
1199 540 1351 604 (κε-ιο,
1377 538 1737 607 respondisset
1761 537 1840 591 eis
1864 553 1877 589 :

296 638 473 699 Quare
502 650 630 704 ergo
658 649 760 687 non
792 633 1094 688 credidistis
1122 632 1206 686 ei?
1230 632 1284 685 Si
1316 631 1457 685 enim
1488 632 1838 689 credidissent
1863 672 1876 696 ,

298 741 402 777 non
434 726 502 779 ita
534 726 971 794 interrogassent.
1000 723 1129 777 Nam
1154 722 1220 776 tle
1245 723 1357 791 ipso
1379 721 1611 776 Joannes
1634 726 1877 780 dixerat:

300 820 418 871 Non
464 836 574 872 sum
624 819 807 888 dignus
852 817 1042 871 solvere
1086 819 1354 886 corrigiam
1403 815 1726 869 calceameuti
1771 814 1879 883 ejus

303 911 319 979 (
343 909 469 962 Luc.
499 909 552 963 5.
588 909 654 963 ili
681 912 729 978 );
774 918 863 974 et,
892 906 1024 961 Ecce
1053 925 1212 977 agnus
1240 905 1336 960 Dei
1360 907 1442 976 qui
1470 906 1598 959 tollit
1626 916 1883 974 peccatum

299 1000 508 1062 mundi;
536 1008 589 1052 et
612 1041 627 1065 ,
661 997 781 1068 Ipse
805 1009 873 1053 est
898 998 1063 1052 Filius
1095 999 1217 1061 Dei;
1246 1007 1319 1061 et,
1342 998 1442 1061 Qui
1466 998 1527 1050 de
1562 1014 1759 1050 sursum
1797 1012 1882 1048 ve-

296 1094 389 1159 nit,
414 1109 568 1163 supra
590 1108 760 1145 omnes
784 1101 857 1145 est
879 1094 896 1162 (
912 1091 1062 1145 Joan.
1090 1091 1139 1144 1.
1156 1090 1243 1144 9.9.
1266 1091 1353 1144 δαί.
1381 1099 1425 1142 et
1451 1090 1619 1154 5.5l);
1650 1098 1724 1152 et,
1765 1087 1889 1140 Ven-

296 1185 532 1237 tilubt'um
559 1185 611 1236 in
637 1200 789 1236 manu
815 1185 941 1251 ejus,
968 1194 1013 1237 et
1044 1184 1274 1252 purgabit
1300 1199 1469 1235 aream
1500 1198 1643 1234 suam
1671 1180 1879 1250 (Matth.

298 1277 350 1330 ὅ.
383 1274 492 1346 12).
522 1276 699 1341 Quare
742 1275 785 1327 si
814 1274 1004 1329 Joauni
1044 1274 1414 1337 credidissent,
1453 1272 1585 1326 nihil
1626 1271 1884 1340 impedire

302 1374 507 1435 poterat
532 1369 816 1435 quominus
846 1365 1089 1419 viderent
1119 1366 1168 1418 in
1196 1380 1295 1433 qua
1325 1373 1584 1433 potestate
1607 1364 1718 1416 lucc
1748 1362 1888 1416 lace-

303 1466 403 1512 ret.
435 1456 633 1511 Deinde
654 1458 774 1526 quia
804 1457 1034 1526 maligne
1053 1456 1123 1509 illi
1146 1456 1555 1525 responderunt,
1580 1454 1670 1508 27.
1696 1452 1882 1506 Nesci~

299 1566 435 1615 mus,
466 1564 571 1603 non
599 1549 730 1603 dixit
758 1550 866 1615 ille,
898 1549 1078 1619 Neque
1106 1565 1203 1618 ego
1225 1549 1373 1603 scio:
1402 1548 1492 1602 sed
1520 1546 1680 1617 quid?
1711 1544 1887 1615 Neque

302 1660 392 1712 ego
418 1643 532 1697 dico
556 1643 713 1698 vobis.
748 1642 875 1696 Nam
909 1644 953 1697 si
983 1644 1297 1713 ignorabant
1322 1683 1335 1706 ,
1368 1641 1547 1695 doceri
1576 1640 1696 1694 illos
1724 1653 1885 1708 opor-

301 1736 465 1790 tebat.
496 1736 627 1801 Quia
665 1752 791 1791 vero
824 1738 1050 1805 maligne
1075 1736 1320 1805 agebant,
1341 1734 1465 1804 jure
1498 1734 1625 1787 nihil
1655 1732 1781 1802 ipsis
1804 1749 1888 1785 re-

301 1827 546 1895 spondet.
575 1828 681 1881 Cur
706 1836 882 1881 autem
916 1844 1020 1880 non
1049 1827 1333 1889 dixerunt,
1364 1826 1445 1878 Ex
1474 1824 1776 1877 heminibus
1806 1832 1887 1876 est

303 1920 605 1989 baptisma?
651 1920 932 1974 Timebant
976 1920 1177 1985 turbas,
1207 1918 1397 1988 inquit.
1436 1917 1616 1971 Viden‘
1644 1931 1736 1970 cor
1772 1930 1890 1984 per-

302 2008 557 2064 versum?
592 2009 795 2078 Ubique
825 2010 988 2064 Deum
1019 2008 1339 2077 despiciunt,
1370 2018 1422 2061 et
1452 2016 1640 2061 cuncta
1674 2014 1889 2075 promer

306 2100 548 2155 homines
570 2100 795 2165 faciunt;
826 2116 947 2154 nam
973 2111 1028 2156 et
1054 2100 1314 2155 Joannem
1338 2108 1558 2169 propter
1584 2098 1703 2152 illos
1732 2099 1889 2151 time-

305 2194 467 2258 haut;
498 2208 602 2246 non
628 2193 799 2246 virum
832 2193 1002 2262 ipsum
1036 2193 1269 2256 reveriti,
1299 2192 1400 2246 nisi
1429 2192 1701 2247 hominum
1730 2205 1891 2244 causa

304 2294 544 2349 tantum;
586 2281 798 2338 Christo
836 2284 998 2338 etiam
1037 2283 1259 2339 credere
1298 2282 1571 2336 hominum
1608 2295 1765 2336 causa
1796 2296 1893 2334 no-

305 2374 486 2427 lehant
518 2390 530 2425 :
559 2382 613 2427 et
664 2375 779 2428 haec
828 2388 985 2428 causa
1038 2373 1143 2428 illis
1186 2374 1444 2427 malorum
1485 2374 1742 2427 omnium.
1787 2371 1889 2425 De-

310 2462 432 2517 inde
456 2462 583 2518 dicit
608 2482 619 2517 :
643 2462 734 2518 28.
779 2464 913 2529 Quid
949 2463 1083 2517 vobis
1110 2465 1344 2519 videtur?
1374 2463 1539 2517 Homo
1564 2462 1770 2533 quidam
1797 2462 1892 2514 lia-

310 2552 446 2607 bebat
490 2553 618 2606 duos
662 2554 815 2621 ﬁlios,
849 2564 895 2608 et
919 2554 1047 2608 dixit
1085 2557 1246 2624 primo
1281 2570 1299 2609 :
1334 2553 1490 2620 Vade,
1515 2554 1663 2607 hodie
1685 2568 1894 2620 operare

309 2648 361 2699 in
382 2647 544 2700 vinea.
571 2644 661 2700 29.
690 2644 791 2699 Ille
816 2656 982 2699 autem
1004 2647 1310 2715 respondens
1334 2646 1461 2700 dixit
1485 2662 1503 2699 :
1526 2645 1682 2699 Nolo.
1712 2643 1895 2697 Postea

306 2747 491 2792 autem.
506 2739 795 2807 pmnﬂentia
821 2748 986 2792 motus
1010 2740 1149 2792 abiit.
1173 2737 1261 2793 50.
1288 2736 1355 2791 Et
1374 2738 1612 2791 accedens
1634 2737 1701 2789 ad
1720 2753 1895 2789 secun-

309 2833 450 2899 dum,
471 2832 597 2886 dixit
618 2834 864 2886 similiter.
891 2831 989 2887 Ille
1013 2842 1179 2886 autem
1201 2832 1479 2902 respondit,
1505 2831 1637 2884 Abeo
1662 2831 1701 2897 ί,
1728 2839 1895 2883 etnon

308 2922 452 2976 abiit.
490 2924 579 2977 51.
619 2922 744 2990 Quis
775 2938 892 2993 ergo
922 2940 983 2977 ex
1010 2922 1202 2976 duobus
1228 2923 1343 2991 fecit
1371 2922 1676 2976 voluntatem
1704 2919 1898 2988 patris?

310 3012 503 3069 Dicunt
527 3016 595 3077 ei,
624 3014 847 3068 Primus.
878 3015 1081 3069 Rursus
1106 3031 1198 3083 per
1218 3013 1496 3083 parabolas
1519 3013 1663 3082 ipsos
1691 3010 1896 3081 arguit;

311 3114 423 3159 tum
442 3105 650 3159 illorum
669 3105 1081 3173 improbitatem,
1107 3115 1216 3158 tum
1240 3104 1640 3173 reprobatarum
1664 3102 1899 3173 gentium

314 3195 719 3264 obsequentiani
749 3195 1107 3250 subindicans.
1156 3195 1288 3248 Nam
1325 3195 1411 3249 hic
1436 3197 1543 3249 duo
1574 3194 1668 3248 lilii
1698 3194 1899 3263 signiti-

315 3295 439 3340 cant
462 3285 511 3339 id
533 3284 672 3354 quod
694 3286 833 3354 apud
864 3295 1048 3356 gentes
1073 3296 1126 3341 et
1150 3285 1290 3355 quod
1311 3286 1448 3353 apud
1469 3285 1684 3340 Judaeos
1704 3283 1900 3338 factum

317 3386 419 3432 est.
454 3376 655 3433 Gentes
675 3380 815 3432 enim
843 3393 965 3433 eum
1000 3395 1105 3433 non
1134 3378 1899 3448 promisissentobedientiam,

321 3485 419 3524 nec
459 3469 734 3523 audissent
782 3470 948 3539 legem
972 3513 987 3537 ,
1030 3472 1282 3541 operibus
1316 3472 1716 3539 obsequentiam
1749 3470 1904 3525 exhi-

321 3560 551 3614 buernnt
581 3577 594 3613 :
626 3559 681 3613 hi
707 3570 890 3614 contra
938 3574 1214 3631 postquam
1257 3563 1523 3629 dixerant,
1557 3561 1741 3616 Omnia
1765 3578 1904 3632 qua:-

320 3667 532 3721 cumque
558 3651 741 3705 dixerit
780 3651 915 3706 Deus
954 3654 1195 3725 faciemus
1221 3663 1267 3708 et
1292 3655 1553 3708 audiemus
1575 3653 1594 3727 (
1620 3653 1785 3709 Exod.
1816 3654 1903 3709 19.

320 3743 398 3811 8),
429 3742 680 3813 operibus
724 3759 826 3798 non
866 3744 1143 3816 obsequuti
1190 3756 1333 3801 sunt.
1382 3747 1501 3802 Ideo
1546 3763 1613 3802 ne
1662 3756 1908 3817 putarent

322 3836 491 3904 legem
517 3836 661 3904 ipsos
677 3837 881 3906 juvare,
905 3838 1141 3893 ostendit
1162 3839 1263 3894 hoc
1280 3841 1450 3910 ipsum
1479 3840 1600 3894 illos
1620 3839 1904 3905 damnare;

322 3925 374 3978 id
403 3927 543 3994 quod
575 3926 733 3981 etiam
760 3928 888 3981 dicit
919 3929 1111 3984 Paulus
1142 3947 1154 3983 :
1190 3928 1307 3984 Non
1338 3930 1596 3985 auditores
1634 3931 1757 4001 legis
1780 3931 1909 4002 justi

320 4028 435 4070 sunt
492 4019 631 4087 apud
687 4018 891 4085 Deum,
939 4023 1026 4075 sed
1075 4026 1287 4090 [actores
1337 4024 1459 4093 legis
1494 4024 1911 4093 justiﬁcabuntur

324 4106 499 4174 (Rom.
528 4107 582 4161 2.
614 4108 723 4177 15).
756 4109 992 4165 Idcirco'
1021 4122 1076 4164 ut
1105 4127 1201 4165 suo
1231 4113 1327 4180 ipsi
1358 4113 1558 4181 judicio
1585 4113 1910 4167 damnaren-

325 4210 431 4263 tur,
466 4212 577 4252 rem
607 4200 683 4253 sic
709 4200 925 4268 dirigit,
960 4210 1017 4255 ut
1046 4203 1141 4270 ipsi
1171 4204 1491 4257 sententiam
1518 4202 1691 4257 ferant
1724 4225 1736 4259 :
1770 4203 1911 4273 quod

328 4290 485 4342 etiam
512 4290 561 4341 in
590 4291 833 4359 sequenti
862 4293 1109 4360 parabola
1142 4293 1309 4347 vinea:
1340 4293 1483 4348 facit.

398 4382 449 4434 3.
495 4377 668 4451 thue
704 4396 790 4435 res
824 4384 894 4436 ita
936 4383 1246 4438 succederet
1271 4426 1286 4451 ,
1315 4384 1472 4438 aliam
1499 4400 1781 4455 personam
1827 4387 1911 4441 in-

324 4473 470 4527 ducit
508 4489 628 4543 qua:
658 4475 1052 4530 accusationem
1076 4474 1262 4531 ferret.
1297 4477 1429 4545 Quia
1464 4479 1606 4533 enim
1658 4481 1913 4537 nolebant

324 4564 525 4620 directe
567 4564 744 4629 fateri,
776 4582 870 4636 per
895 4567 1204 4637 parabolam
1245 4584 1337 4623 eos
1364 4584 1470 4639 quo
1500 4571 1713 4626 volebat
1739 4572 1909 4628 addu-

325 4660 413 4712 cit.
459 4659 683 4727 Quando
733 4670 913 4715 autem
965 4660 1230 4717 dictorum
1271 4678 1496 4734 scapqu
1551 4680 1655 4719 non
1717 4665 1911 4722 intelli-

325 4763 508 4822 gentes
530 4755 849 4809 sententiam
875 4756 1130 4820 tulerunt,
1170 4764 1295 4811 tunc
1334 4758 1449 4827 ipse
1469 4760 1642 4827 aperit
1682 4758 1731 4813 id
1768 4761 1908 4830 quod

327 4846 535 4900 occulte
578 4848 872 4916 agebatur,
926 4859 982 4903 et
1022 4848 1188 4904 dicit:
1221 4848 1492 4904 Publicani
1542 4862 1586 4903 et
1631 4854 1911 4907 meretrices

328 4937 608 5004 precedent
648 4953 732 4991 vos
783 4939 835 4990 in
886 4956 1039 5008 regno
1061 4938 1177 4993 Dei.
1202 4939 1288 4993 δί.
1332 4939 1476 4994 Venit
1516 4942 1649 4994 enim
1687 4941 1911 4998 Joannes

327 5027 395 5078 ad
421 5043 508 5079 vos
553 5028 608 5079 in
648 5028 727 5080 via
746 5030 964 5097 justitia:
989 5069 1005 5093 ,
1038 5040 1084 5084 et
1114 5046 1214 5084 non
1250 5032 1533 5087 credidistis
1552 5035 1595 5087 ei
1614 5051 1632 5087 :
1655 5036 1912 5102 publicani

327 5133 441 5170 vero
487 5118 811 5171 crediderunt
837 5120 902 5171 ei.
941 5118 1041 5173 Vos
1070 5132 1236 5173 autem
1262 5114 1500 5186 videntes,
1528 5141 1627 5176 non
1658 5128 1906 5195 pumileas

326 5211 447 5263 tiam
474 5211 646 5280 egistis
667 5222 860 5281 postea,
896 5223 949 5264 ut
980 5213 1247 5269 crederetis
1270 5216 1333 5268 ei.
1363 5215 1494 5270 Nam
1526 5219 1568 5271 si
1598 5220 1904 5287 simpliciter

324 5300 566 5366 dixisset,
600 5302 904 5359 Meretrices
947 5306 1253 5374 prazcedunt
1284 5322 1399 5376 vos,
1431 5325 1611 5364 sermo
1640 5313 1743 5366 illis
1780 5328 1909 5367 onc-

390 5435 408 5465 ί
429 5433 523 5483 Alli
560 5435 759 5496 habent,
787 5447 899 5503 Ego.
932 5449 1140 5492 nomine.

377 5519 411 5586 ’δ
439 5525 582 5567 limis.
606 5529 714 5586 post
756 5524 902 5570 verba
942 5530 984 5571 s.
1014 5526 1139 5583 Pauli
1156 5561 1168 5584 ,
1193 5528 1262 5575 sic
1289 5528 1442 5580 habet
1467 5544 1479 5580 :
1506 5530 1671 5583 Melius
1694 5539 1763 5583 est
1784 5530 1910 5585 enim

330 5578 513 5639 dicere,
529 5578 661 5640 Nolo,
687 5588 731 5629 et
758 5592 916 5643 postea
940 5578 1129 5647 obsequi
1136 5578 1380 5640 fldcirco.

1037 150 1092 203 S.
1124 148 1401 204 JOANNIS
1439 140 1911 201 CllRYSUSTOldl
1947 140 2266 196 ARCHIEP.
2305 138 2835 195 CONSTANTINOP.

3462 134 3564 191 636

1989 269 2142 307 rosus
2167 256 2307 309 visus
2343 253 2529 309 fuisset
2560 274 2572 308 :
2608 269 2748 308 nunc
2787 259 2961 307 autem
3009 262 3128 321 post
3155 251 3475 308 sententiain
3499 255 3567 306 ab

1990 344 2118 413 ipsis
2147 345 2307 399 latam
2343 345 2523 398 mitior
2543 346 2773 399 videtur.
2804 344 2925 397 Ideo
2947 358 3159 399 causam
3185 343 3381 413 adjicit.
3413 342 3569 411 Qua:-

1989 451 2109 489 nam
2128 435 2217 488 illa
2245 444 2326 489 est
2350 435 2373 487 ’ἓ
2414 432 2556 489 Venit
2598 435 2824 491 Joannes
2844 476 2858 502 ,
2889 436 3081 506 inquit,
3105 436 3171 489 ad
3198 453 3281 490 vos
3306 478 3320 499 ,
3367 451 3472 490 non
3501 435 3568 491 ad

1988 528 2127 581 illos.
2152 527 2338 596 Neque
2374 526 2476 583 hoc
2502 529 2698 593 solum,
2723 529 2816 584 sed
2861 538 2915 583 ct
2942 529 3007 583 In
3028 530 3108 582 via
3127 529 3357 597 justitice.
3386 528 3569 599 Neque

1990 622 2209 689 potestis
2259 637 2381 675 eum
2427 622 2716 687 criminari,
2763 622 2903 691 quod
2960 623 3237 693 negligens
3264 623 3570 692 inutilisque

1990 712 2155 765 luerit
2186 732 2197 765 :
2230 712 2321 767 sed
2355 723 2407 768 et
2436 713 2540 766 vita
2576 712 2692 781 ejus
2721 713 2866 767 omni
2892 715 3044 782 culpa
3078 715 3243 768 libera
3276 756 3289 777 ,
3322 724 3375 768 et
3398 714 3571 783 provi-

1990 802 2168 858 (lentia
2202 805 2485 874 singularis
2506 848 2518 870 ,
2553 815 2604 859 et
2634 814 2809 860 tamen
2866 821 2969 859 non
3017 806 3317 861 attendistis
3345 807 3415 859 ei.
3446 806 3573 859 Post

1992 897 2091 949 hoc
2120 898 2279 950 etiam
2305 896 2447 949 aliud
2492 898 2695 951 crimen
2723 907 2800 951 est
2821 938 2834 961 ,
2862 896 3002 966 quod
3034 896 3299 964 publicani
3332 896 3574 951 attende-

1991 989 2116 1053 rint;
2151 990 2272 1044 hinc
2303 989 2443 1042 aliud
2477 990 2613 1059 quod
2648 1004 2741 1043 vos
2772 1005 2838 1043 ne
2875 989 3087 1058 quidem
3116 997 3238 1059 post
3259 990 3379 1043 illos
3402 990 3575 1043 credi-

1991 1080 2195 1135 deritis.
2242 1080 2489 1149 Uportuit
2530 1080 2671 1134 enim
2711 1095 2804 1133 vos
2833 1090 2957 1134 ante
2988 1081 3106 1134 illos
3132 1080 3355 1134 credere
3382 1122 3395 1144 ,
3431 1081 3571 1149 quod

1992 1188 2119 1225 vero
2142 1189 2312 1241 neque
2338 1183 2455 1241 post
2495 1173 2634 1238 illos,
2666 1172 2810 1226 omni
2836 1172 2988 1225 venia
3017 1172 3289 1241 indignum
3312 1181 3431 1225 est:
3463 1172 3575 1225 laus

1992 1265 2199 1317 illorum
2230 1265 2445 1325 eximia.
2484 1265 2684 1318 crimen
2707 1273 2943 1317 vestrum
2971 1271 3147 1332 auget.
3172 1262 3251 1317 Ad
3284 1277 3377 1317 vos
3408 1263 3573 1327 venit,

1992 1372 2089 1411 nec
2109 1357 2401 1411 admisistis
2440 1357 2619 1419 illum;
2645 1370 2748 1409 non
2777 1356 2921 1410 venit
2949 1356 3015 1409 ad
3065 1356 3203 1421 illos,
3234 1364 3288 1409 et
3320 1369 3575 1423 suscepeo

1992 1459 2113 1502 runt
2132 1465 2250 1502 cum
2284 1466 2297 1513 ;
2327 1464 2498 1519 neque
2524 1449 2641 1503 illos
2666 1448 2914 1503 doctores
2942 1447 3243 1503 admittitis.
3274 1447 3405 1502 Vide
3444 1455 3576 1517 quot

1990 1540 2318 1609 argumentis
2340 1541 2453 1594 laus
2477 1541 2706 1607 illorum,
2735 1550 2787 1595 et
2809 1540 2997 1593 horum
3026 1540 3228 1594 crimen
3251 1538 3571 1595 ostenditur.

1994 1633 2073 1685 Ad
2106 1648 2198 1685 vos
2250 1636 2426 1698 venit,
2461 1649 2564 1687 non
2590 1632 2656 1687 ad
2691 1633 2828 1688 illos.
2857 1632 2962 1687 Vos
2986 1648 3091 1686 non
3120 1632 3444 1697 credidistis;
3475 1634 3576 1686 hoc

1993 1724 2097 1776 illis
2126 1722 2443 1779 olTendiculo
2492 1740 2599 1778 non
2652 1724 2768 1779 fuit.
2812 1724 2890 1778 llli
2937 1724 3313 1788 crediderunt,
3347 1723 3398 1778 id
3427 1723 3577 1778 vobis

1994 1831 2098 1870 non
2128 1816 2343 1884 profuit.
2376 1816 2505 1870 Illud
2537 1817 2701 1882 enim,
2726 1816 3048 1883 Prtecedent,
3082 1832 3185 1870 non
3210 1816 3421 1880 dicitur,
3448 1830 3576 1884 qua-

1993 1908 2035 1959 si
2067 1907 2117 1959 hi
2145 1916 2472 1976 sequantur;
2515 1908 2607 1963 ενα
2645 1908 2783 1977 quod
2829 1924 2976 1976 Spem
3007 1907 3234 1961 habeant
3263 1948 3278 1973 ,
3320 1908 3364 1960 si
3392 1908 3573 1961 velint.

1993 1999 2134 2053 Nihil
2164 2002 2305 2054 enim
2354 2002 2521 2070 magis
2548 2017 2705 2070 quam
2738 2001 3006 2055 :cmulatio
3036 2001 3280 2054 rudiores
3324 2002 3574 2054 concitat.

1996 2090 2280 2160 Propterea
2326 2107 2539 2162 semper
2584 2090 2712 2145 dicit
2752 2108 2765 2143 :
2810 2090 3089 2145 Novissimi
3122 2092 3271 2159 primi
3307 2134 3321 2157 ,
3352 2101 3395 2144 et
3428 2092 3577 2159 primi

1996 2184 2270 2237 novissimi.
2303 2183 2530 2253 Ideoque
2572 2184 2881 2238 meretrices
2924 2194 2978 2239 et
3008 2184 3314 2253 publicanos
3346 2183 3574 2249 induxit,

1997 2285 2052 2328 ut
2083 2275 2201 2329 illos
2229 2276 2344 2329 zelo
2375 2274 2749 2329 inflammaret.
2784 2275 2909 2329 llaec
2935 2276 3077 2329 enim
3107 2276 3214 2329 duo
3241 2284 3454 2345 peccata
3481 2291 3577 2329 ex-

1998 2381 2166 2425 trema
2193 2380 2335 2435 sunt,
2361 2387 2426 2425 ex
2458 2370 2679 2425 ferventi
2703 2386 2886 2424 amore
2923 2380 3068 2439 parta
3096 2412 3110 2434 ,
3136 2371 3240 2424 alio
3270 2386 3576 2438 corporum,

1997 2463 2100 2516 alio
2125 2464 2485 2531 pecuniarum.
2526 2461 2767 2517 Ostendit
2795 2470 2972 2515 autem
2996 2503 3009 2525 ,
3038 2461 3165 2514 illud
3190 2477 3312 2516 vere
3339 2476 3458 2515 esse
3487 2476 3579 2515 au-

1999 2556 2113 2609 dire
2156 2556 2323 2624 legem
2357 2554 2471 2619 Dei,
2501 2556 2545 2608 si
2575 2554 2763 2608 Joanni
2795 2553 3062 2609 credatur.
3105 2553 3212 2607 Nec
3241 2569 3368 2607 vero
3395 2553 3580 2622 gratiae

1998 2648 2168 2702 solum
2222 2656 2303 2702 est
2352 2646 2493 2717 quod
2535 2647 2844 2701 meretrices
2890 2647 3179 2711 introeant,
3207 2661 3390 2699 verum
3420 2648 3579 2699 etiam

1995 2740 2234 2808 juStitiae.
2264 2739 2379 2793 Non
2407 2740 2548 2794 enim
2572 2747 2851 2794 manentes
2878 2739 3191 2794 meretrices
3222 2738 3579 2803 introierunt,

1999 2830 2093 2886 sed
2116 2831 2427 2887 obedientes
2471 2840 2521 2886 et
2545 2831 2845 2895 credentes,
2881 2840 2935 2885 et
2963 2830 3228 2884 mundata:
3258 2838 3313 2882 et
3343 2837 3580 2894 mutatae,

2001 2923 2080 2979 sic
2106 2925 2446 2979 introierunt.
2494 2923 2681 2979 Viden'
2705 2924 2974 2993 quomodo
3008 2924 3184 2977 minus
3218 2938 3499 2977 onerosam
3529 2930 3582 2976 et

1999 3015 2300 3069 breviorem
2345 3014 2645 3070 orationem
2678 3013 2804 3069 fecit.
2825 3024 2938 3067 tum
2963 3029 3061 3083 per
3097 3012 3435 3080 parabolam,
3472 3020 3583 3065 tum

2004 3122 2097 3176 per
2159 3107 2499 3161 meretricum
2551 3107 3167 3161 commemorationem?
3216 3106 3397 3175 Neque
3443 3106 3585 3159 enim

2003 3200 2182 3253 statim
2210 3200 2375 3264 dixit,
2405 3198 2512 3254 Cur
2541 3215 2645 3261 non
2692 3200 2994 3255 credidistis
3031 3200 3224 3254 Joanni
3250 3201 3273 3252 ’ἐ
3304 3198 3398 3253 sed
3444 3198 3585 3268 quod

2005 3292 2162 3362 longe
2185 3293 2363 3346 acrius
2392 3302 2527 3360 erat,
2559 3293 2853 3361 publicanis
2883 3291 3361 3361 meretricibusqne
3389 3306 3586 3360 prepo-

2006 3383 2121 3437 sitis
2145 3424 2158 3448 ,
2192 3392 2317 3438 tunc
2359 3382 2489 3437 illud
2519 3383 2747 3447 induxit,
2787 3399 2851 3438 ex
2883 3400 3059 3437 rerum
3092 3382 3233 3437 serie
3277 3382 3395 3436 illos
3436 3381 3587 3434 venia

2008 3476 2249 3544 indignos
2299 3491 2546 3546 arguens,
2606 3475 3021 3545 ostendensque,
3068 3476 3213 3543 ipsos
3272 3474 3342 3528 ob
3390 3481 3588 3526 metum

2009 3566 2279 3619 hominum
2326 3575 2382 3620 et
2431 3580 2623 3619 vanam
2681 3565 2904 3635 gloriam
2972 3565 3153 3619 omnia
3205 3564 3400 3618 facere.
3458 3563 3589 3616 Nam

2009 3656 2279 3710 Christum
2313 3671 2417 3710 non
2447 3656 2836 3711 conﬁtebantur
2867 3672 2976 3727 prie
3017 3656 3210 3710 timore
3234 3696 3247 3716 ,
3282 3670 3348 3709 ne
3368 3671 3396 3708 a
3429 3669 3587 3725 syna-

2008 3763 2141 3817 goga
2165 3748 2524 3817 pellerentur;
2562 3756 2615 3801 et
2635 3747 2894 3802 Joannem
2927 3763 3030 3801 non
3058 3747 3324 3801 audebant
3348 3761 3589 3814 carpere,

2011 3856 2116 3894 non
2143 3841 2211 3894 ob
2240 3841 2510 3909 pietatem,
2533 3840 2625 3895 sed
2656 3850 2872 3910 propter
2897 3850 3118 3895 metum.
3147 3840 3276 3908 Quae
3295 3840 3472 3893 omnia
3505 3840 3591 3894 ille

2011 3932 2253 4013 probavit
2282 3947 2349 3986 ex
2391 3931 2708 4000 supradictis
2737 3973 2752 3997 ,
2804 3940 2859 3986 et
2905 3931 3121 4001 gravius
3171 3940 3355 4000 postea
3403 3932 3593 3985 vulnus

2016 4022 2207 4076 inﬂixit
2234 4024 2416 4077 dicens
2445 4038 2459 4074 :
2527 4023 2623 4077 Vos
2652 4033 2817 4077 autem
2847 4023 3066 4076 videntes
3110 4038 3211 4077 non
3253 4023 3595 4092 paenitentiam

2013 4116 2201 4184 egistis,
2242 4126 2293 4168 ut
2331 4117 2588 4171 crederitis
2610 4117 2674 4169 ei.
2710 4116 3015 4185 Improbum
3060 4116 3202 4170 enim
3241 4124 3324 4170 est
3350 4116 3417 4170 ab
3444 4115 3594 4169 initio

2016 4206 2210 4260 bonum
2242 4222 2347 4261 non
2375 4209 2590 4278 eligere;
2625 4208 2795 4277 majus
2815 4223 2943 4263 vero
2971 4210 3171 4264 crimen
3197 4249 3212 4276 ,
3240 4224 3342 4263 non
3375 4209 3590 4262 mutari.

2015 4300 2145 4354 Nam
2201 4301 2302 4355 hoc
2340 4303 2571 4357 maxime
2614 4303 2811 4356 multos
2842 4302 3112 4372 improbos
3140 4302 3303 4357 efficit
3332 4343 3348 4368 ,
3377 4302 3428 4356 id
3453 4301 3595 4371 quod

2013 4391 2116 4461 jam
2150 4392 2201 4446 in
2234 4394 2415 4447 multis
2436 4395 2590 4448 video
2614 4436 2628 4460 ,
2654 4394 2722 4449 ob
2749 4402 3043 4448 extremam
3068 4392 3437 4448 stoliditatem.
3486 4392 3593 4447 Sed

2015 4500 2173 4540 nemo
2199 4486 2316 4540 talis
2345 4487 2433 4550 sit,
2465 4502 2562 4540 oro
2595 4504 2608 4540 :
2640 4501 2825 4541 verum
2852 4486 3060 4539 etiamsi
3088 4487 3139 4539 in
3170 4493 3468 4539 extremum
3496 4499 3593 4537 ne-

2014 4579 2195 4645 quitia:
2222 4580 2400 4647 lapsus
2426 4579 2528 4643 sit,
2556 4593 2624 4633 ne
2648 4579 2895 4647 desperet
2919 4577 2988 4633 de
3018 4577 3408 4645 resipiscentia;
3441 4574 3595 4629 facile

2014 4669 2209 4739 quippe
2231 4678 2313 4723 est
2346 4684 2409 4723 ex
2441 4668 2701 4736 profundo
2729 4667 3082 4736 improbitatis
3110 4680 3405 4736 emergere.

2089 4760 2316 4814 Historia
2355 4774 2625 4815 meretricis
2672 4760 2939 4829 cujusdam
2991 4775 3103 4829 qua:
3178 4768 3372 4813 mutata
3425 4765 3596 4828 postea

2014 4864 2241 4906 sanctam
2270 4853 2423 4905 vitam
2446 4851 2687 4905 dumit.—-—
2703 4852 2894 4905 Annon
2916 4849 3138 4904 audistis
3166 4848 3435 4918 quomodo
3483 4862 3596 4901 me-

2019 4945 2179 4999 retrix
2235 4943 2323 4997 illa
2355 4983 2369 5007 ,
2399 4958 2518 5011 qua:
2560 4942 2775 4996 lascivia
2820 4956 3007 4996 omnes
3050 4938 3337 5009 superabat
3369 4980 3383 5002 ,
3408 4952 3599 4993 omnes

2015 5046 2195 5103 postea
2220 5036 2413 5105 pietate
2443 5035 2606 5089 vicit?
2628 5033 2741 5087 Non
2769 5033 2837 5088 de
2856 5034 2943 5088 illa
2966 5034 3155 5102 loquor
3173 5048 3293 5103 quae
3339 5033 3391 5087 in
3424 5047 3593 5087 evan-

2010 5126 2163 5189 geliis
2192 5126 2387 5191 fertur;
2435 5124 2527 5180 sed
2555 5125 2622 5179 de
2650 5125 2736 5179 illa
2777 5141 2896 5193 qua:
2938 5133 3122 5178 nostro
3166 5139 3284 5178 τιςςύ
3329 5139 3396 5178 ex
3432 5122 3591 5177 Plue-

2012 5222 2166 5273 mcize
2217 5221 2431 5275 civitate
2473 5219 2712 5273 omnium
2741 5217 3060 5286 nequissima
3085 5216 3200 5270 fuit.
3252 5215 3375 5269 llzec
3396 5214 3594 5284 quippe

2015 5312 2265 5367 meretrix
2305 5311 2445 5381 apud
2474 5326 2572 5366 nos
2597 5322 2713 5366 erat
2738 5352 2752 5376 ,
2782 5310 3087 5380 primasque
3140 5308 3192 5361 in
3238 5322 3397 5361 scena
3442 5314 3593 5359 tene-

2013 5405 2101 5457 bat
2130 5445 2144 5467 ,
2180 5404 2331 5471 cujus
2369 5418 2561 5458 nomen
2593 5403 2785 5471 ubique
2813 5399 3185 5455 celebrabatur
3216 5437 3233 5461 ,
3262 5412 3360 5451 nec
3403 5396 3453 5449 in
3496 5409 3591 5447 no-

2013 5505 2122 5547 stra
2167 5495 2297 5549 urbe
2343 5504 2579 5558 tantum,
2614 5492 2708 5547 sed
2740 5506 2906 5562 usque
2948 5489 3015 5544 ad
3057 5487 3252 5544 Cilicas
3283 5496 3339 5541 et
3379 5487 3589 5553 Cappa—

2019 5589 2195 5643 docas.
2241 5587 2629 5656 Mallorumque
2657 5600 2785 5656 opes
2814 5583 3059 5641 exhausit
3088 5624 3101 5647 ,
3133 5579 3360 5652 pupillos
3398 5577 3595 5632 inultos
