4074 6144
407 256 501 320 6'5?

407 379 540 448 cepit
564 377 631 430 *ε
675 370 883 444 plurimi
926 384 1053 427 vero
1086 381 1205 423 eam
1251 363 1506 420 maleficis
1532 362 1609 417 uti
1649 359 1854 414 artibus
1898 356 1982 411 di-

407 470 609 531 cebant,
640 480 742 521 nec
774 464 1018 534 corporis
1049 460 1218 516 forma
1251 467 1477 521 tantum,
1500 455 1596 511 sed
1621 471 1688 511 ex
1711 451 1984 508 veneficiis

408 561 535 616 retia
561 557 900 628 expendisse.
949 554 1074 610 Haec
1114 550 1469 622 imperatricis
1509 560 1722 617 quoque
1759 543 1982 598 fratrem

408 650 646 707 irrctivit.
692 646 825 701 Nam
866 644 1028 699 multa
1072 644 1121 696 vi
1151 639 1449 713 tyrannidis
1478 637 1724 708 pollebat.
1759 633 1864 688 Sed
1893 648 1977 688 re-

409 751 563 813 pente
612 739 792 795 nescio
842 734 1148 808 quomodo,
1191 734 1298 787 imo
1335 730 1499 800 probe
1562 729 1675 783 scio
1712 724 1982 796 quomodo

405 838 596 901 sponte
626 838 846 894 munita,
875 827 1102 897 gratiam
1148 824 1240 879 Dei
1290 822 1392 878 sibi
1441 819 1734 873 concilians
1759 858 1774 880 ,
1804 816 1983 870 omnia

408 925 494 980 illa
523 924 744 993 sprevit,
770 936 833 976 ac
856 917 1106 989 projectis
1126 914 1402 970 diabolicis
1445 904 1707 966 illecebris
1736 949 1750 972 ,
1782 907 1849 961 ad
1874 920 1984 961 cac-

405 1019 512 1073 lum
542 1015 794 1071 accurrit.
817 1013 1148 1080 Quamquam
1179 1007 1308 1063 nihil
1338 1006 1425 1060 illa
1455 1004 1661 1073 turpius
1677 1010 1790 1057 erat
1817 1041 1833 1066 ,
1862 1013 1982 1053 cum

407 1111 457 1164 in
480 1123 642 1165 scena
679 1112 1053 1175 compareret:
1097 1110 1332 1155 attamen
1375 1096 1570 1151 multas
1599 1102 1779 1163 postea
1820 1091 1983 1147 casti-

407 1212 515 1255 tate
542 1198 853 1268 superavit,
903 1195 1183 1263 eilicioque
1227 1189 1410 1247 induta
1455 1203 1614 1243 omne
1660 1184 1986 1254 transigebat

407 1305 634 1360 tempus.
667 1289 834 1357 Hujus
863 1284 1174 1342 revocandae
1197 1295 1357 1337 causa
1389 1278 1671 1349 praefectus
1697 1292 1726 1330 a
1762 1275 1985 1345 quibus-

404 1384 527 1437 dam
555 1382 851 1438 concitatus
876 1387 956 1432 est
979 1417 994 1443 ,
1038 1376 1234 1429 milites
1263 1371 1450 1427 armati
1481 1369 1549 1424 ad
1592 1382 1805 1422 scenam
1842 1366 1985 1419 illam

406 1474 696 1531 transferre
725 1488 830 1528 non
866 1477 1175 1542 potuerunt,
1217 1480 1386 1534 neque
1413 1479 1476 1517 ex
1504 1472 1646 1516 centu
1678 1458 1937 1528 virginum
1966 1499 1982 1524 ,

402 1583 525 1637 qua:
568 1565 712 1618 illam
759 1568 1069 1629 receperant
1098 1598 1113 1620 ,
1142 1557 1392 1610 educere.
1423 1553 1546 1607 Ila'c
1571 1552 1742 1605 sacris
1770 1549 1985 1619 dignata

408 1658 708 1730 mysteriis,
738 1671 858 1708 cum
897 1661 1116 1721 acoepta
1154 1648 1322 1719 gratia
1370 1646 1587 1715 dignum
1631 1645 1837 1699 virtutis
1874 1653 1989 1697 stu-

406 1753 552 1806 dium
594 1748 943 1811 adhibuisset,
974 1745 1133 1798 vitam
1164 1741 1388 1804 clausit,
1417 1754 1538 1794 cum
1567 1748 1782 1807 peccata
1809 1736 1985 1789 omnia

408 1860 501 1911 per
528 1841 752 1911 gratiam
782 1837 1002 1891 cluisset
1032 1876 1049 1900 ,
1105 1842 1160 1889 et
1210 1841 1326 1903 post
1379 1829 1699 1899 baptismum
1742 1841 1986 1896 magnam

407 1933 737 1987 exhibuisset
792 1927 1200 1999 philosophiam.
1261 1924 1370 1978 Nec
1428 1935 1680 1991 umquam
1723 1928 1989 1973 amatores

407 2026 536 2078 oliui
584 2038 709 2077 suos
746 2020 1062 2076 accedentes
1113 2016 1355 2086 aspicere
1386 2014 1571 2075 voluit,
1619 2026 1781 2080 seque
1819 2009 1986 2079 ipsam

409 2118 642 2181 inclusit,
676 2115 976 2183 multosque
1005 2126 1174 2165 annos
1213 2109 1361 2179 quasi
1388 2108 1439 2160 in
1470 2119 1686 2159 carcere
1706 2101 1986 2171 transegit.

411 2212 502 2265 Sic
530 2218 674 2263 erunt
721 2205 978 2260 novissimi
1002 2202 1149 2273 primi
1184 2242 1198 2265 ,
1230 2211 1275 2255 et
1304 2199 1452 2270 primi
1481 2195 1736 2251 novissimi
1760 2194 1778 2266 (
1802 2192 1986 2246 Matth.

408 2306 498 2361 20.
535 2304 642 2373 I6)
675 2319 687 2354 :
717 2301 796 2355 sic
848 2299 1001 2354 nobis
1028 2296 1221 2366 ubique
1249 2292 1470 2348 ferventi
1496 2290 1677 2344 animo
1715 2303 1849 2357 opus
1885 2295 1986 2341 est.

410 2396 549 2453 Nihil
577 2393 797 2463 impedit
811 2392 1096 2461 quominus
1114 2387 1284 2457 magni
1305 2395 1357 2441 et
1375 2376 1977 2438 mirabiles’evadamus.

480 2490 536 2544 4.
578 2485 874 2556 Desperatio
954 2493 1000 2538 et
1078 2480 1401 2552 prteruntptio
1474 2473 1993 2530 vitanda—Nemo

412 2581 572 2650 igitur
602 2580 653 2633 iu
698 2575 930 2647 nequitia
972 2574 1172 2644 degens
1212 2571 1495 2638 desperet:
1531 2581 1690 2621 nemo
1733 2566 1986 2619 virtutem

413 2685 675 2725 exercens
700 2667 971 2729 dormitet,
1008 2678 1181 2734 neque
1214 2658 1308 2714 ille
1324 2660 1557 2715 confidat
1583 2661 1628 2712 ².
1664 2658 1819 2726 Saepe
1842 2672 1993 2710 nam-

412 2778 516 2832 que
541 2760 751 2815 eveniet
789 2768 847 2813 ut
889 2757 1140 2812 meretrix
1183 2754 1340 2808 illum
1383 2759 1700 2806 antevertat.
1737 2748 1831 2803 Ille
1871 2763 1996 2801 ver-

415 2873 480 2910 nc
508 2855 797 2923 desiperet;
832 2849 1026 2921 poterit
1053 2844 1193 2901 enim
1222 2847 1380 2901 etiam
1421 2844 1621 2913 primos
1674 2838 1995 2909 przecedere.

416 2948 552 3002 Audi
604 2944 728 3014 quid
773 2942 914 2997 dicat
968 2941 1106 2994 Deus
1135 2938 1502 3008 Jcrosolymae.
1561 2933 1682 2988 Dixi
1734 2943 1999 3004 postquam

418 3041 672 3111 fornicata
701 3045 773 3090 est
815 3037 869 3089 in
897 3034 975 3087 his
1014 3033 1244 3087 omnibus
1266 3072 1280 3094 ,
1320 3028 1633 3094 Convertere,
1667 3036 1711 3079 et
1762 3041 2001 3079 conversa

419 3149 516 3187 non
548 3140 619 3184 est
649 3127 779 3200 (Jer.
812 3128 866 3182 5.
896 3126 989 3196 7).
1019 3123 1156 3179 Cum
1194 3122 1354 3191 igitur
1391 3119 1683 3173 ferventem
1722 3116 1816 3170 Dei
1847 3132 1968 3168 amo

419 3239 531 3277 rem
559 3222 784 3282 adimus,
820 3233 927 3272 non
980 3214 1295 3270 recordatur
1321 3212 1409 3265 ille
1438 3211 1696 3281 priorum.
1747 3208 1862 3261 Non
1921 3217 2003 3261 est

419 3314 551 3368 sicut
585 3311 744 3364 homo
785 3310 926 3363 Deus
954 3325 967 3373 ;
1002 3321 1175 3376 neque
1203 3305 1343 3360 enim
1370 3306 1640 3373 prmterita
1671 3300 1866 3369 probro
1890 3299 2000 3363 dat,

422 3419 595 3473 neque
620 3403 750 3458 dicit
779 3420 791 3456 :
823 3402 999 3471 Quare
1022 3408 1168 3453 tanto
1195 3407 1432 3466 tempore
1478 3393 1728 3448 abfuisti?
1746 3393 1803 3446 isi
1826 3402 2002 3446 tamen

424 3495 791 3566 pmnitentiam
836 3493 1143 3567 egerimus;
1192 3489 1287 3545 sed
1329 3488 1499 3557 diligit
1530 3501 1646 3553 nos,
1675 3502 1795 3540 cum
1834 3486 2004 3554 ipsum

423 3586 634 3640 adimus
667 3626 680 3648 ,
728 3582 855 3638 dum
890 3590 947 3636 ut.
1001 3589 1212 3651 Oportet
1241 3579 1574 3633 accedamus.
1609 3578 1713 3646 Ipsi
1738 3592 1865 3645 ergo
1910 3576 2006 3630 ad-

424 3677 641 3731 modum
673 3676 971 3730 hanreamus
1000 3715 1015 3740 ,
1042 3682 1096 3726 et
1120 3672 1446 3741 eonﬁgamus
1479 3670 1669 3723 timore
1708 3670 1823 3736 ejus
1848 3666 2008 3721 corda

429 3765 866 3837 nostra'(Psal.
900 3763 1020 3819 118.
1072 3763 1237 3829 120).
1291 3762 1397 3815 Res
1446 3759 1750 3829 hujusmodi
1806 3774 1910 3813 non
1958 3760 2009 3813 in

435 3874 567 3912 nova
626 3858 799 3911 solum
848 3856 1003 3925 lege,
1053 3854 1144 3909 sed
1199 3864 1251 3909 et
1304 3853 1355 3906 iu
1413 3851 1578 3906 veteri
1638 3850 2010 3905 observantur.

438 3953 569 4022 Quid
596 3954 737 4007 enim
781 3951 1022 4005 Manasse
1047 3949 1282 4003 deterius
1307 3949 1330 4000 ?
1360 3946 1464 4002 Sed
1499 3945 1668 4015 potuit
1710 3944 1872 4000 Deum
1900 3945 2014 4014 pla-

433 4061 557 4100 care
589 4045 673 4117 (ὰ.
700 4044 820 4116 Reg.
847 4042 986 4112 2i)?
1015 4042 1150 4109 Quid
1175 4040 1457 4094 Salomone
1484 4037 1729 4092 beatius?
1759 4035 1864 4090 Sed
1893 4035 2018 4089 dor-

437 4140 631 4193 mitans
678 4136 869 4191 cecidit
898 4134 986 4206 (5.
1022 4133 1146 4205 Reg.
1176 4134 1263 4186 ll.
1298 4129 1384 4205 4).
1422 4130 1532 4183 Ιιιιο
1562 4129 1679 4184 haec
1707 4127 1863 4184 ambo
1892 4142 2015 4196 pos-

436 4247 554 4285 sum
586 4230 638 4287 in
671 4244 776 4283 uno
820 4226 1103 4283 ostendere
1129 4268 1144 4291 ,
1181 4227 1231 4280 iu
1262 4227 1378 4292 ejus
1412 4224 1614 4278 scilicet
1662 4232 1848 4293 patre:
1896 4237 2015 4275 nam

439 4322 529 4375 ille
550 4331 604 4375 et
633 4318 828 4387 probus
864 4327 919 4372 et
958 4317 1230 4385 improbus
1259 4313 1377 4368 fuit.
1414 4313 1551 4382 Quid
1581 4313 1716 4368 Iuda
1754 4314 1967 4368 beatius
1994 4314 2016 4366 ?

439 4413 546 4468 Sed
577 4413 675 4467 fuit
716 4410 975 4483 proditor.
1021 4408 1155 4478 Quid
1200 4408 1365 4463 Paulo
1423 4408 1717 4463 miserius?
1770 4406 1877 4461 Sed
1925 4404 2022 4459 fuit

439 4504 737 4574 apostolus.
784 4501 921 4569 Quid
966 4500 1216 4555 Mattiaco
1262 4498 1463 4570 pejus?
1497 4499 1601 4555 Sed
1648 4498 1748 4552 fuit
1797 4513 2023 4568 evange-

443 4597 585 4650 lista.
636 4592 773 4661 Quid
809 4594 1028 4648 Simone
1082 4591 1437 4647 laudabilius?
1481 4591 1587 4647 Sed
1641 4591 1736 4646 fuit
1787 4591 2025 4645 omnium

445 4687 795 4743 miserrimus.
858 4686 998 4752 Quot
1050 4683 1251 4739 similes
1292 4685 1651 4747 mutationes,
1695 4692 1749 4737 et
1794 4684 1918 4738 olim
1972 4695 2028 4738 et

447 4795 589 4835 nunc
644 4779 882 4848 quotidie
954 4777 1121 4832 factas
1155 4818 1168 4840 ,
1218 4776 1402 4832 videre
1439 4777 1630 4846 potes?
1670 4776 2027 4843 Quamobrem

446 4873 589 4933 dico,
622 4886 721 4927 nec
750 4870 936 4925 histrio
958 4870 1229 4938 desperet,
1260 4883 1360 4922 nec
1394 4867 1437 4920 is
1464 4867 1552 4937 qui
1588 4867 1638 4920 iu
1670 4867 1893 4924 ecclesia
1948 4877 2031 4922 est

452 4965 702 5019 ronlidat.
747 4963 881 5019 Huic
914 4977 1143 5033 namque
1188 4961 1336 5016 dicit.
1368 4961 1467 5029 Qui
1513 4961 1707 5014 videtur
1753 4970 1907 5025 stare,
1953 4961 2030 5015 vi-

454 5058 564 5113 deat
586 5074 646 5111 ne
669 5055 820 5111 cadat
851 5054 927 5129 (I.
961 5056 1079 5110 Cor.
1105 5053 1191 5109 IO.
1227 5052 1309 5123 I2)
1338 5069 1352 5119 ;
1393 5053 1468 5107 illi
1516 5060 1693 5107 autem
1718 5093 1736 5119 ,
1770 5051 2034 5122 Numquid

518 5242 531 5272 ¹
561 5239 713 5299 Alius,
737 5235 909 5289 Multos
932 5234 1151 5287 reddidit
1165 5232 1423 5299 orphanos.

516 5321 743 5396 {tuor-eL,
760 5333 900 5371 nemo
921 5317 1144 5370 virtutem
1163 5329 1394 5369 exercens
1416 5313 1646 5380 con/idat,
1671 5315 1866 5365 omissis
1889 5317 2037 5365 inter-

452 5394 638 5449 Inutilis.

519 5472 540 5503 ³
561 5470 637 5519 sic
678 5467 809 5519 Editi
854 5475 906 5517 et
939 5466 1360 5528 Manuseriptorum
1396 5474 1511 5525 pars
1531 5460 1788 5528 maxima;
1815 5459 1895 5508 alii
1923 5473 2039 5528 pro,

456 5532 604 5581 corda
627 5536 808 5588 nostra,
830 5528 1019 5587 legunt,
1044 5521 1213 5577 carnes
1233 5521 1436 5588 nostras,
1456 5531 1510 5573 ut
1531 5523 1740 5573 habetur
1754 5522 1813 5588 _in
1838 5521 2041 5581 PsaImo,

462 5604 630 5661 exque
647 5583 851 5641 tortasse
865 5583 1047 5641 librarii
1068 5587 1390 5661 Chrysostomi
1406 5585 1564 5637 locum
1589 5583 1856 5634 emendare
1873 5596 1930 5633 se
1955 5597 2039 5646 pu-

449 5659 636 5707 taruut.

1314 246 1378 305 IN
1418 240 1818 302 ΜᾹῚΤΗΑΞΕΜ
1860 239 2086 296 11οΜ11..
2128 242 2333 300 LXVII.
2375 247 2446 302 al.
2485 247 2717 306 LXVIII.

3569 254 3675 313 (3'58

2091 362 2175 428 qui
2211 361 2348 414 cadit
2386 378 2485 415 non
2528 373 2751 435 resurget
2769 363 2899 435 (Jer.
2931 364 2985 419 8.
3013 363 3086 437 4)
3109 364 3214 433 let,
3236 365 3420 422 Manus
3441 373 3673 425 remissus

2090 463 2137 507 et
2170 471 2332 525 genua
2360 456 2545 510 debilia
2572 456 2801 512 roborata
2824 456 2992 528 (leui.
3011 459 3098 515 55.
3129 459 3220 531 3).
3254 463 3329 514 Ac
3355 476 3540 518 rursus
3565 462 3668 529 his,

2100 542 2339 615 Vigilate;
2364 547 2469 601 illis
2498 564 2622 602 vero
2649 590 2663 611 ,
2693 548 2860 620 Surge
2888 589 2906 615 ,
2948 550 3034 621 qui
3055 551 3248 606 dormis
3273 593 3289 618 ,
3340 563 3386 606 et
3411 569 3618 625 resurge
3644 572 3676 606 a

2092 640 2303 693 mortuis
2324 639 2343 712 (
2365 638 2551 708 Ephes.
2585 642 2638 697 5.
2670 642 2796 713 14).
2819 641 2951 696 Nam
2981 642 3033 696 hi
3071 643 3122 698 id
3154 645 3294 713 quod
3323 643 3521 700 habent
3564 660 3680 700 ser-

2091 746 2216 786 vare
2245 731 2463 797 debent,
2496 732 2569 787 illi
2621 748 2750 788 vero
2793 734 2844 788 id
2898 736 3012 791 fieri
3064 736 3207 806 quod
3260 753 3365 792 non
3414 748 3539 792 sunt
3572 757 3585 803 ;
3621 738 3676 793 hi

2096 823 2378 876 sanitatem
2414 823 2715 889 custodire,
2742 825 2812 878 illi
2843 826 3237 883 abiufirmitate
3263 827 3500 884 liberari.
3545 829 3680 885 nlul-

2096 925 2206 969 tum
2266 914 2507 968 laborant
2535 916 2869 985 aegritudine,
2903 918 2997 972 sed
3044 919 3193 972 multi
3234 920 3359 989 :egri
3410 920 3675 975 valetudi-

2102 1020 2221 1059 ucm
2264 1015 2582 1073 recuperarit
2606 1048 2620 1070 ,
2660 1016 2710 1060 et
2743 1006 2878 1062 bene
2921 1009 3180 1075 valentes,
3206 1011 3249 1065 si
3281 1010 3547 1082 negligant
3574 1054 3588 1077 ,
3624 1013 3675 1067 in

2097 1096 2341 1150 morbum
2380 1097 2639 1150 incidunt.
2680 1098 2786 1153 Illis
2819 1098 2996 1169 itaque
3037 1100 3164 1155 dicit
3193 1117 3207 1154 :
3240 1099 3375 1156 Ecce
3415 1120 3569 1158 sanus
3600 1109 3680 1176 fa-

2091 1197 2201 1243 ctus
2229 1204 2281 1242 es
2300 1204 2319 1243 :
2348 1189 2454 1242 noli
2475 1190 2697 1259 amplius
2722 1206 2947 1259 peccare,
2971 1208 3033 1245 ne
3055 1190 3141 1246 tibi
3167 1195 3288 1263 quid
3313 1196 3532 1251 deterius
3552 1213 3676 1250 cou-

2093 1280 2250 1349 lingat
2272 1279 2452 1350 (Joan.
2484 1280 2537 1336 5.
2564 1281 2674 1351 I4);
2707 1282 2789 1336 his
2837 1297 2984 1348 vero,
3030 1283 3114 1339 Vis
3141 1302 3296 1340 sanus
3340 1287 3492 1355 ﬁeri?
3533 1287 3680 1343 Tolle

2093 1371 2358 1440 grabatum
2387 1382 2542 1431 tuum,
2563 1383 2611 1426 et
2641 1374 2832 1428 uadein
2846 1375 3053 1428 domum
3084 1386 3219 1430 tuam
3248 1376 3411 1445 (Ibid.
3442 1394 3488 1430 υ.
3521 1380 3574 1433 6.
3596 1380 3677 1439 8).

2094 1463 2283 1519 Gravis
2313 1466 2476 1529 enim,
2505 1468 2683 1535 gravis
2725 1477 2872 1522 certe
2916 1469 3177 1541 paralysis
3226 1480 3309 1525 est
3359 1480 3677 1541 peccatum;

2094 1559 2202 1610 imo
2231 1573 2335 1611 non
2366 1558 2629 1627 paralysis
2649 1567 2870 1624 tantum,
2901 1560 2995 1615 sed
3016 1560 3213 1632 aliquid
3242 1562 3476 1631 gravius.
3498 1560 3681 1632 Neque

2094 1650 2239 1703 enim
2271 1650 2356 1705 hie
2388 1652 2541 1705 bonis
2584 1662 2784 1706 tantum
2828 1654 3063 1722 privatur
3094 1694 3110 1719 ,
3156 1655 3251 1709 sed
3308 1657 3363 1709 in
3416 1655 3678 1710 malorum

2093 1743 2349 1798 exercitio
2375 1754 2475 1797 est.
2509 1746 2753 1798 Attamen
2801 1745 2925 1799 licet
2954 1745 3022 1800 ita
3049 1745 3272 1801 affectus
3297 1748 3389 1812 sis,
3421 1745 3465 1801 si
3494 1746 3680 1801 volue-

2094 1834 2168 1888 ris
2219 1835 2485 1902 paululmn
2548 1851 2837 1905 exsurgere
2871 1879 2885 1901 ,
2945 1839 3122 1892 omnia
3181 1839 3318 1893 mala
3378 1840 3677 1893 solvuntur.

2094 1926 2313 1981 Etiamsi
2357 1929 2566 1997 triginta
2596 1940 2719 1984 octo
2744 1945 2911 1983 annos
2940 1929 3138 1986 habeas
3160 1972 3176 1995 ,
3205 1932 3248 1985 si
3278 1933 3561 1987 sanitath
3590 1949 3678 1987 re-

2094 2031 2351 2085 cuperare
2392 2017 2607 2071 studeas
2640 2060 2654 2084 ,
2694 2019 2823 2072 nihil
2887 2020 3059 2074 obest.
3122 2021 3291 2076 Adest
3335 2021 3495 2075 etiam
3538 2039 3679 2076 nune

2092 2108 2337 2165 Christus
2364 2119 2419 2165 et
2463 2110 2623 2173 dicit,
2667 2108 2811 2164 Tolle
2837 2112 3017 2164 lectum
3071 2122 3251 2165 tuum:
3303 2114 3463 2167 modo
3508 2113 3678 2173 velis;

2095 2217 2273 2272 surge,
2306 2217 2371 2255 ue
2414 2202 2703 2272 desperes:
2744 2202 3013 2257 hominem
3036 2219 3141 2258 non
3165 2203 3362 2268 habes,
3394 2204 3488 2259 sed
3518 2205 3681 2261 habes

2098 2294 2287 2349 Deum.
2314 2294 2428 2348 Non
2473 2293 2637 2350 habes
2665 2295 2834 2349 virum
2865 2295 2955 2365 qui
2983 2303 3033 2352 te
3060 2294 3113 2349 in
3143 2295 3402 2365 piscinam
3429 2296 3628 2366 injiciat
3662 2313 3678 2363 ;

2098 2385 2190 2440 sed
2224 2385 2386 2441 habes
2411 2401 2533 2440 eum
2563 2387 2652 2454 qui
2683 2401 2788 2441 non
2816 2387 2957 2441 sinat
2992 2396 3045 2442 te
3071 2402 3205 2457 opus
3236 2387 3436 2443 habere
3456 2388 3680 2458 piscina.

2097 2476 2212 2532 Non
2242 2477 2406 2531 habes
2427 2478 2514 2546 qui
2548 2487 2598 2531 te
2629 2477 2723 2532 illo
2755 2478 3034 2547 conjiciat,
3059 2478 3152 2532 sed
3186 2479 3351 2533 habes
3379 2479 3468 2547 qui
3495 2478 3680 2547 jubeat

2101 2570 2285 2624 tollere
2316 2568 2509 2622 lectum
2539 2578 2708 2622 tuum.
2749 2568 2864 2622 Non
2901 2570 3023 2623 licet
3049 2569 3252 2625 diceret
3282 2610 3300 2637 ,
3330 2569 3464 2623 Dum
3483 2586 3574 2641 ego
3603 2586 3686 2625 ue-

2100 2661 2205 2723 nio,
2235 2662 2365 2715 alius
2396 2673 2512 2716 ante
2552 2678 2630 2715 me
2659 2661 2913 2716 descendit
2939 2658 3099 2735 (Ibid.
3135 2679 3180 2716 υ.
3217 2664 3293 2730 7).
3326 2663 3382 2718 Si
3422 2663 3567 2718 enim
3596 2678 3688 2718 ve-

2101 2753 2166 2808 lis
2195 2753 2246 2808 iu
2275 2754 2472 2807 fontem
2501 2754 2848 2820 descendere,
2878 2768 3036 2809 nemo
3068 2755 3338 2824 impediet.
3368 2756 3547 2811 Gratia
3580 2772 3684 2811 non

2103 2847 2457 2910 consumitur,
2506 2863 2609 2900 non
2643 2846 2966 2915 impenditur
2995 2865 3009 2901 :
3052 2846 3172 2900 fons
3201 2847 3415 2918 quidam
3442 2859 3525 2903 est
3548 2862 3690 2903 sem-

2106 2955 2200 3006 per
2222 2940 2550 3003 scatur-iens,
2582 2956 2645 2993 ex
2676 2939 3011 3011 plenitudine
3039 2941 3157 3007 ejus
3191 2956 3380 2995 omnes
3415 2955 3687 3006 sanamur,

2105 3039 2160 3083 et
2189 3030 2740 3100 secnmlum‘animam
2785 3039 2841 3085 et
2884 3031 3179 3085 secundum
3209 3045 3427 3099 corpus.
3455 3030 3693 3085 Acceda-

2108 3137 2225 3174 mus
2252 3122 2409 3190 igitur
2436 3122 2596 3176 etiam
2625 3138 2786 3177 nunc.
2819 3122 2949 3177 Nam
2976 3122 3121 3177 Raab
3156 3123 3409 3178 meretrix
3432 3132 3570 3187 erat,
3596 3123 3691 3178 sed

2108 3223 2317 3269 servata
2344 3225 2458 3281 est;
2489 3214 2625 3269 latro
2669 3215 2933 3270 homicida
2976 3225 3113 3282 erat,
3162 3216 3254 3269 sed
3296 3215 3526 3284 paradisi
3559 3216 3695 3271 civis

2109 3306 2332 3362 ell'ectus
2352 3316 2435 3361 est
2460 3324 2474 3363 :
2498 3317 2551 3362 et
2579 3306 2763 3374 Judas,
2792 3307 2881 3377 qui
2907 3322 3027 3361 cum
3050 3308 3306 3377 magistro
3333 3316 3470 3372 erat,
3500 3307 3693 3375 periit;

2110 3398 2247 3452 latro
2275 3408 2453 3453 autem
2483 3439 2498 3461 ,
2536 3399 2588 3453 in
2619 3413 2776 3454 cruce
2808 3414 2928 3452 cum
2961 3407 3144 3463 esset,
3192 3397 3487 3468 discipulus
3525 3396 3696 3451 factus

2111 3500 2212 3543 est.
2262 3490 2387 3544 Ilaec
2416 3489 2508 3544 Dei
2555 3489 2816 3544 mirabilia
2841 3499 2985 3544 sunt.
3030 3488 3120 3544 Sic
3168 3489 3305 3558 magi
3343 3487 3698 3558 acceptabiles

2114 3582 2368 3648 fuerunt;
2414 3583 2494 3637 sic
2538 3583 2853 3654 publicanus
2890 3582 3216 3652 evangelista
3263 3581 3432 3636 factus
3471 3590 3594 3647 est;
3622 3581 3700 3634 sic

2114 3674 2459 3740 blasphemus
2484 3673 2582 3729 fuit
2610 3674 2904 3744 apostolus.

2188 3801 2242 3853 5.
2292 3799 2506 3858 Moralis
2536 3801 2821 3854 exhortatio
2847 3800 2914 3853 ad
2953 3799 3146 3853 labores
3174 3799 3287 3852 vita:
3314 3797 3558 3866 patienter
3587 3798 3704 3851 tole-

2117 3894 2323 3947 randos.
2354 3923 2426 3932 —
2448 3892 2572 3947 Iizec
2597 3894 2848 3961 conSpice
2866 3935 2878 3957 ,
2906 3902 2961 3947 et
2990 3907 3276 3961 nutuquam
3304 3890 3578 3959 deSperes,
3608 3890 3701 3943 sed

2120 3999 2332 4052 semper
2350 3983 2581 4047 conﬁde,
2615 3992 2670 4038 et
2693 3985 2869 4039 excita
2896 3985 3146 4054 teipsmn.
3172 3983 3324 4038 Viam
3351 3982 3524 4038 solum
3551 3982 3701 4046 inito,

2121 4092 2241 4146 quae
2272 4076 2361 4130 illo
2381 4076 2545 4142 ducit,
2570 4084 2624 4130 et
2643 4076 2893 4130 celeriter
2922 4075 3135 4131 incede.
3163 4073 3237 4129 Ne
3254 4072 3472 4128 claudas
3491 4072 3703 4142 januas,

2123 4186 2190 4225 ne
2218 4171 2514 4240 ingressqu
2561 4170 2826 4239 obsepias.
2856 4170 3025 4224 Breve
3047 4177 3129 4223 est
3176 4180 3412 4237 prmsens
3460 4174 3667 4234 tempus
3688 4205 3703 4226 ,

2127 4278 2319 4333 parvus
2341 4264 2510 4317 labor.
2555 4263 2773 4318 Etiamsi
2813 4278 3034 4333 magnus
3060 4270 3205 4316 esset
3236 4305 3251 4328 ,
3277 4275 3348 4316 ne
3374 4263 3452 4315 sic
3495 4257 3706 4328 quidem

2127 4353 2416 4425 desperare
2472 4362 2767 4423 oporteret.
2818 4354 3034 4407 Etiamsi
3076 4354 3216 4407 enim
3249 4366 3391 4406 nunc
3416 4347 3713 4421 pulcherri-

2132 4447 2557 4512 mmnlahorem,
2604 4462 2761 4515 quem
2794 4445 3104 4514 ptBniteulia
3152 4453 3206 4498 et
3247 4445 3414 4498 virtus
3459 4441 3711 4503 all‘erunt,

2129 4555 2236 4595 non
2266 4538 2546 4606 suscipias,
2579 4538 2628 4590 in
2659 4536 2858 4590 nmndo
2888 4547 3032 4591 certe
3055 4534 3322 4589 laborabis
3347 4541 3401 4587 et
3423 4532 3530 4585 alio
3553 4529 3720 4586 modo

2130 4630 2367 4687 sudabis.
2390 4628 2540 4695 Quod
2569 4628 2612 4680 si
2648 4640 2699 4681 et
2728 4627 2813 4680 hic
2859 4637 2913 4680 et
2947 4626 3056 4681 illic
3095 4625 3244 4678 labor
3291 4632 3372 4677 est
3397 4662 3413 4689 ,
3459 4637 3555 4676 cur
3605 4637 3719 4675 non.

2134 4723 2278 4777 hunc
2317 4721 2555 4774 laborem
2591 4713 2912 4787 suscipimus
2943 4757 2958 4782 ,
3008 4716 3096 4786 qui
3145 4715 3366 4770 multum
3410 4712 3564 4769 affert
3610 4711 3720 4766 fru-

2133 4822 2276 4867 ctum
2307 4818 2362 4864 et
2399 4824 2646 4880 magnam
2694 4806 2995 4861 mercedem
3022 4806 3045 4858 ?
3073 4802 3407 4874 Quamquam
3440 4817 3544 4857 non
3577 4803 3721 4856 idem

2137 4903 2224 4958 hic
2275 4900 2428 4957 labor
2465 4901 2553 4971 qui
2590 4898 2719 4953 iliic.
2751 4897 2806 4952 In
2849 4895 3192 4951 saecularibus
3237 4894 3377 4950 enim
3414 4891 3714 4963 frequentia

2138 4996 2394 5066 pericula,
2423 4993 2614 5048 damna
2662 4991 2761 5047 sibi
2803 5001 2987 5045 mutuo
3030 4987 3371 5045 suceedentia
3402 5029 3418 5054 ,
3466 5002 3590 5057 spes
3643 4987 3728 5040 iu-

2138 5100 2303 5151 certa,
2330 5087 2559 5142 servitus
2614 5084 2801 5151 multa,
2839 5084 3182 5154 pecuniarum
3215 5125 3231 5151 ,
3281 5096 3565 5151 corporum
3601 5121 3616 5145 ,
3671 5089 3723 5132 et

2139 5179 2332 5234 anima:
2359 5176 2657 5247 dispendia,
2686 5185 2741 5231 et
2778 5176 3043 5231 fructuum
3099 5184 3388 5245 proventus
3438 5189 3533 5240 spe
3568 5172 3728 5242 longe

2144 5273 2399 5337 minores,
2433 5271 2477 5325 si
2505 5278 2686 5324 tamen
2710 5270 2925 5323 veniant
2964 5287 2976 5324 :
3009 5284 3179 5337 neque
3205 5268 3346 5321 enim
3387 5264 3725 5318 saecularium

2144 5379 2319 5418 rerum
2349 5360 2574 5417 sudores
2619 5360 2848 5414 fructum
2897 5375 3109 5428 semper
3136 5358 3384 5412 afferunt.
3436 5356 3713 5412 Verumta-

2146 5473 2265 5512 men
2295 5456 2392 5511 etsi
2425 5470 2530 5510 non
2568 5453 2816 5509 excidant
2841 5495 2855 5519 ,
2891 5452 3097 5507 etiamsi
3131 5451 3352 5506 multum
3408 5461 3727 5520 proventum

2145 5548 2407 5616 afferant,
2457 5547 2667 5602 modico
2699 5557 2939 5615 tempore
2988 5552 3225 5598 manent.
3258 5542 3391 5597 Cum
3447 5543 3589 5598 enim
3636 5556 3719 5596 se-

2153 5642 2352 5708 nueris,
2379 5655 2475 5694 nec
2504 5638 2672 5710 possis
2699 5637 2762 5693 iis
2809 5653 2905 5708 pro
2948 5645 3069 5692 voto
3099 5633 3221 5704 frui,
3253 5643 3376 5691 tunc
3422 5633 3723 5689 mercedem
