4074 6144
209 260 234 274 κ
300 227 402 282 659

300 335 540 389 laborum
582 329 810 399 recipies
841 330 882 385 ‘.
933 326 1021 384 Sic
1050 328 1200 382 labor
1256 327 1464 396 vigente
1505 337 1731 393 corpore
1773 335 1892 375 sus-

302 429 538 498 cipitur:
591 423 797 479 fructus
845 430 1022 476 autem
1069 430 1124 475 et
1173 421 1456 488 voluptas,
1496 431 1723 486 corpore
1773 414 1882 484 jam

303 533 432 574 sene
461 526 514 573 ct
540 517 716 571 soluto
745 557 760 582 ,
793 529 913 568 cum
951 526 1168 566 sensum
1215 523 1421 581 tempus
1447 508 1740 572 exstinxit,
1786 509 1886 561 etsi

304 624 409 664 non
430 622 648 680 prorsus
671 604 1018 669 exstinxerit,
1047 602 1234 656 mortis
1259 616 1381 670 Spes
1403 617 1507 654 non
1539 599 1663 654 sinit
1686 596 1890 653 deliciis

306 702 431 756 frui.
457 703 568 757 Illic
595 714 723 756 vero
749 714 836 754 res
865 713 971 752 non
1004 696 1075 751 ita
1111 712 1171 751 se
1201 695 1394 758 habet,
1427 693 1522 750 sed
1553 693 1703 748 labor
1729 698 1811 746 est
1836 693 1887 745 in

305 793 650 862 corruptione
695 790 828 845 etin
864 789 1073 844 mortali
1109 801 1375 857 corpore;
1418 799 1614 840 corona
1659 798 1788 838 vero
1836 781 1890 836 in

303 885 554 954 integro,
611 883 907 938 immortali
955 886 1018 945 ²,
1074 882 1232 936 liuent
1295 896 1401 933 non
1460 880 1711 935 habente.
1767 879 1876 935 La-

301 976 403 1032 bor
429 976 682 1046 przecedit
712 987 765 1030 et
791 976 971 1030 brevis
1010 984 1131 1038 est;
1171 988 1378 1027 merces
1421 984 1600 1026 autem
1631 975 1878 1042 sequitur

302 1074 358 1117 et
384 1073 466 1116 est
489 1064 769 1127 immensa,
800 1069 859 1115 ut
891 1075 1014 1115 cum
1046 1058 1293 1114 libertate
1341 1057 1556 1112 demum
1608 1058 1888 1126 quiescas,

307 1153 434 1208 nihil
460 1162 780 1222 exSpectans
806 1149 1175 1221 injucundmn.
1201 1149 1353 1204 Nulla
1398 1150 1538 1204 enim
1570 1149 1639 1203 ibi
1669 1149 1892 1203 mutatio

306 1245 540 1301 timenda
563 1287 578 1312 ,
607 1246 784 1300 nullus
815 1259 991 1308 casus,
1017 1252 1074 1299 ut
1103 1244 1152 1296 iu
1181 1242 1284 1297 hoc
1312 1242 1530 1295 mundo.
1559 1241 1742 1308 Qualia
1791 1255 1889 1294 au-

305 1346 409 1392 tem
441 1344 567 1392 sunt
597 1337 712 1391 [nec
734 1336 895 1404 bona,
921 1351 1026 1390 non
1055 1343 1163 1388 tnta
1189 1376 1202 1398 ,
1231 1332 1324 1387 sed
1353 1332 1554 1398 brevia,
1581 1333 1740 1398 lutea,
1771 1348 1891 1402 qua:

370 1473 384 1502 ¹
414 1478 607 1520 Gratcus
646 1476 816 1519 textus
838 1468 1110 1518 accuratius
1133 1467 1423 1516 redderetur
1445 1464 1702 1526 hocmodo
1742 1478 1755 1514 :
1794 1473 1892 1526 Quo

305 1533 431 1582 enim
454 1538 682 1594 tempore,
702 1528 1070 1594 tihisenesceuti
1083 1526 1333 1594 voluptatis
1346 1541 1512 1580 sensus
1533 1525 1776 1594 hebetatus
1797 1525 1887 1590 est,

305 1599 418 1642 tunc
441 1589 712 1654 mercedem
732 1590 948 1654 laborum
971 1589 1146 1654 recipis
1160 1589 1256 1654 ;_’et
1287 1591 1442 1654 juxta
1461 1589 1621 1654 Morel.
1654 1603 1666 1637 :
1697 1597 1893 1654 Tempus

309 1654 438 1704 enim
461 1666 554 1717 quo
575 1653 659 1717 tibi
680 1651 942 1717 senescenti
963 1649 1213 1717 uoluptatis
1234 1649 1401 1701 sensus
1422 1649 1664 1700 hebetatus
1687 1656 1775 1710 est,
1802 1650 1892 1701 hoc

308 1714 495 1786 tempus
517 1714 600 1786 tibi
623 1714 897 1786 mercedem
919 1714 1075 1786 ᾳΙῙενε-
1248 1785 1251 1786 ν
1338 1785 1346 1786 ί
1389 1771 1400 1782 ,
1476 1771 1488 1782 ,

313 1835 324 1845 _
368 1779 388 1808 ³
406 1772 587 1886 ’Μοιςὲἱ-
603 1783 655 1825 et
675 1775 870 1839 quidam
893 1772 1002 1833 alii,
1029 1786 1205 1824 corona
1241 1785 1353 1822 vero
1381 1772 1432 1823 in
1468 1772 1825 1836 incorruptibili
1845 1780 1892 1824 et

313 1851 501 1886 mme
568 1851 603 1886 ι.

308 1851 603 1900 tmpassmu.

1043 215 1098 274 S.
1139 213 1414 276 JOANNIS
1451 205 1924 269 CIIRYSOSTOMI
1965 207 2277 265 ARCIIIEP.
2319 206 2845 265 CONSTANTINOP.

3469 205 3573 259 640

1998 322 2085 375 vix
2115 331 2372 392 apparent
2398 333 2452 377 et
2475 332 2818 388 evanescunt,
2843 337 2906 378 ac
2930 337 3050 378 cum
3080 321 3258 378 multis
3299 321 3572 378 laboribus

1995 414 2374 485 possidentur?
2409 415 2539 483 Quae
2579 415 2715 470 bona
2743 424 2871 470 sunt
2893 416 2997 470 illis
3017 415 3238 485 tuqualia
3260 458 3273 477 ,
3302 430 3421 485 qua:
3450 424 3575 469 sunt

1994 505 2306 575 immobilia,
2357 523 2477 578 quae
2525 523 2811 579 numquam
2853 516 3141 564 senescunt
3167 549 3181 574 ,
3225 523 3344 576 qua:
3376 508 3574 561 nullius

1994 607 2118 652 sunt
2144 599 2341 653 laboris
2361 641 2376 665 ,
2407 615 2525 670 qum
2551 601 2900 654 certaminum
2940 610 3179 670 tempore
3223 615 3448 654 coronas
3480 599 3572 653 tibi

1993 691 2266 746 all'cr‘unt?
2297 693 2426 747 Nam
2450 694 2536 764 qui
2570 693 2823 763 pecunias
2858 693 3113 762 despicit,
3139 693 3247 761 jam
3288 692 3412 744 luuc
3435 706 3577 744 mer-

1962 785 2181 841 'cedem
2226 786 2412 855 recipit
2446 826 2459 848 ,
2493 786 2852 840 Sollicitudine
2879 801 3096 850 vacuus,
3147 783 3316 838 livore
3339 824 3354 848 ,
3421 797 3577 851 s}co-

1995 877 2209 948 phantia
2241 918 2255 943 ,
2285 878 2511 941 insidiis,
2543 877 2757 932 invidia.
2803 877 2902 945 Qui
2932 885 3111 933 castus
3157 884 3240 931 est
3290 884 3345 929 et
3389 885 3578 928 ornate

1996 972 2143 1037 vivit,
2171 971 2330 1028 etiam
2365 981 2649 1042 antequam
2674 971 2917 1036 decedat,
2961 977 3251 1025 coronatur
3279 977 3332 1023 et
3362 970 3411 1021 in
3439 968 3574 1022 deli-

1995 1063 2097 1118 ciis
2126 1063 2288 1134 degit,
2316 1062 2599 1129 dedecore,
2631 1062 2985 1125 irrisionibus,
3019 1061 3268 1130 periculis
3297 1102 3310 1126 ,
3358 1074 3578 1114 accusa-

1999 1155 2229 1209 tionibus
2255 1155 2477 1225 aliisque
2504 1154 2750 1210 omnibus
2777 1154 2929 1208 malis
2952 1153 3229 1208 liberatus.
3269 1153 3401 1206 Alne
3440 1165 3576 1219 quo-

1995 1264 2099 1318 que
2119 1247 2329 1302 virtutis
2364 1255 2542 1318 partes
2576 1247 2819 1302 similiter
2839 1246 2948 1315 jam
2982 1245 3066 1300 hic
3095 1243 3245 1299 nobis
3275 1243 3578 1298 mercedem

1995 1340 2244 1395 aﬂ‘eruut.
2279 1341 2346 1417 Ut
2385 1341 2544 1410 igitur
2579 1349 2633 1396 et
2671 1341 2952 1410 praesentia
2981 1349 3035 1394 et
3065 1339 3237 1394 futura
3284 1353 3580 1408 consequa-

1997 1450 2117 1488 mur
2145 1432 2279 1488 bona
2306 1475 2320 1500 ,
2354 1433 2614 1503 fugiamus
2658 1433 2945 1502 nequitiam
2986 1441 3041 1486 et
3082 1433 3329 1485 virtutem
3373 1429 3579 1498 ample-

1997 1533 2224 1579 ctamur.
2257 1523 2347 1578 Sic
2370 1524 2511 1578 enim
2549 1534 2601 1577 et
2641 1522 2727 1576 hic
2755 1523 2806 1575 in
2833 1521 3040 1576 delicils
3075 1521 3294 1579 erimus,
3325 1528 3378 1574 ct
3404 1517 3578 1572 futura

1998 1633 2388 1688 consequemur
2413 1616 2552 1671 bona
2589 1633 2602 1669 :
2627 1631 2745 1685 qua:
2776 1614 2979 1669 utinam
3010 1628 3200 1668 omnes
3225 1611 3580 1681 adipiscamur

1999 1712 2164 1782 gratia
2200 1721 2252 1766 et
2295 1709 2620 1780 benignitate
2647 1707 2858 1762 Domini
2889 1706 3053 1762 nostri
3081 1707 3208 1761 Iesu
3228 1705 3426 1760 Citriin
3452 1746 3466 1769 ,
3496 1705 3578 1760 cui

1999 1803 2167 1873 gloria
2191 1812 2246 1858 et
2266 1802 2543 1873 imperium
2573 1803 2626 1855 in
2653 1799 2847 1855 saecula
2871 1799 3211 1855 saeculorum.
3243 1799 3436 1852 Amen.

1421 2035 1768 2098 HOMILIA
1808 2037 2094 2099 LXVIII.
2140 2037 2227 2100 al.
2272 2037 2497 2098 LXIX.

307 2205 434 2260 Car.
467 2201 560 2256 2|.
591 2217 642 2253 ν.
673 2202 759 2256 55.
799 2199 968 2254 Aliam
1011 2197 1304 2268 parabolam
1345 2198 1532 2251 audite.
1589 2197 1756 2252 Homo
1779 2199 1895 2268 qui-

380 2293 500 2345 dam
538 2301 645 2346 erat
670 2289 1056 2362 paterfamilias,
1104 2289 1192 2358 qui
1220 2288 1459 2358 plantavit
1484 2289 1696 2354 vineam,
1738 2300 1783 2342 et
1821 2307 1898 2343 se-

383 2400 496 2453 pem
525 2382 884 2454 circumposuit
909 2382 955 2436 ei
982 2397 1000 2434 :
1025 2390 1072 2434 et
1101 2381 1229 2448 [odit
1249 2380 1299 2433 in
1318 2396 1375 2433 ea
1401 2381 1644 2444 torcular,
1668 2390 1714 2434 et
1742 2382 1899 2450 (ediﬁ-

383 2475 514 2529 cavit
541 2475 720 2529 turrim
741 2492 762 2529 :
787 2483 834 2528 et
857 2474 1037 2528 locavit
1063 2489 1173 2527 eam
1199 2473 1455 2544 agricolis,
1479 2483 1526 2526 et
1551 2490 1755 2544 peregre
1783 2491 1900 2545 pro-

387 2573 547 2639 fectus
575 2578 668 2622 est.
701 2569 790 2624 ⁵54.
827 2567 1044 2634 Quando
1066 2577 1234 2621 autem
1260 2568 1682 2637 appmpinquavit
1705 2576 1901 2636 tempus

391 2660 669 2727 fructuum,
697 2659 835 2712 misit
862 2675 1028 2714 servos
1067 2675 1186 2714 suos
1225 2658 1292 2711 ad
1316 2659 1588 2729 agricolas,
1625 2668 1678 2711 ut
1707 2661 1902 2726 accilre~

383 2762 494 2806 rent
517 2755 710 2824 fructus
730 2754 861 2823 ejus.
889 2752 977 2808 55.
1009 2750 1078 2806 Et
1103 2752 1359 2822 agricolw,
1402 2752 1727 2820 apprehensis
1751 2754 1904 2805 servis

387 2846 517 2916 ejus,
565 2844 725 2898 alium
765 2843 1072 2908 ceciderunt,
1118 2845 1276 2897 alium
1314 2844 1691 2913 interfecerunt,
1744 2843 1904 2896 alimn

389 2945 560 2990 autem
603 2935 972 3005 lapidavcrunt.
1014 2935 1101 2991 56.
1141 2934 1368 2988 Rursum
1409 2934 1542 2987 misit
1575 2935 1702 2988 alios
1741 2949 1906 2988 servos

391 3042 599 3081 numero
625 3027 816 3098 plures,
853 3034 899 3079 et
927 3029 1148 3097 fecerunt
1177 3024 1282 3078 illis
1317 3025 1565 3080 similiter.
1599 3025 1686 3080 57.
1720 3023 1908 3079 Novis-

393 3119 522 3173 sime
547 3127 715 3171 autem
748 3117 885 3171 misit
906 3117 974 3170 ad
991 3133 1076 3170 eos
1102 3117 1266 3186 ﬁlium
1285 3133 1430 3171 suum
1452 3117 1624 3171 dicens
1647 3133 1668 3170 :
1696 3116 1906 3172 Revere-

391 3209 578 3263 buntur
597 3209 726 3278 forte
743 3208 906 3277 ﬁlium
927 3224 1109 3261 meum.
1144 3208 1232 3263 58.
1259 3207 1512 3278 Agricola:
1539 3218 1709 3261 autem
1735 3207 1909 3262 viden-

397 3310 471 3356 tes
496 3300 679 3369 ﬁlium,
711 3299 946 3354 dixerunt
975 3301 1027 3352 in
1052 3299 1231 3369 seipsis
1253 3314 1272 3352 :
1294 3297 1394 3352 Hic
1433 3308 1505 3353 est
1537 3299 1701 3362 heres,
1724 3299 1905 3364 venite,

394 3391 758 3460 interﬁciamus
784 3407 918 3457 eum,
959 3401 1004 3444 et
1033 3389 1378 3459 possideamus
1414 3389 1737 3442 hereditatem
1776 3389 1908 3458 ejus.

398 3481 486 3536 59.
520 3481 584 3536 Ει
612 3481 987 3552 apprehensum
1028 3495 1142 3533 eum
1187 3479 1437 3548 eiecerunt
1466 3488 1605 3532 castra
1641 3479 1837 3532 vineam
1868 3487 1913 3531 et

393 3571 770 3642 interfecerunt.
807 3570 897 3625 40.
927 3569 1053 3624 Cum
1088 3584 1207 3639 ergo
1249 3568 1434 3621 venerit
1467 3569 1704 3622 dominus
1730 3569 1908 3634 vincte,

396 3663 517 3734 quid
543 3663 692 3734 faciet
716 3659 954 3732 agricolis
980 3660 1231 3714 illis?M.
1262 3657 1449 3712 Dicunt
1474 3659 1518 3712 ei
1543 3674 1561 3713 :
1589 3658 1758 3714 Malos
1779 3660 1914 3714 male

398 3752 592 3824 perdet,
641 3762 688 3806 et
733 3752 928 3803 vineam
969 3765 1112 3803 suam
1142 3749 1325 3803 locabit
1368 3749 1483 3803 aliis
1519 3750 1778 3820 agricolis,
1827 3752 1914 3821 qui

398 3845 608 3900 reddent
646 3845 690 3896 ei
732 3846 925 3913 fructus
975 3843 1280 3912 temporibus
1325 3841 1452 3896 suis.
1501 3842 1590 3897 49..
1633 3841 1770 3896 Dicit
1812 3844 1915 3899 illis

398 3937 551 3992 Jesus
579 3952 598 3990 :
631 3935 929 4007 Numquam
977 3935 1165 4006 legistis
1209 3936 1262 3988 in
1307 3933 1626 4006 Scripturis,
1668 3935 1917 4008 Lapidem

399 4046 546 4099 quem
591 4028 981 4096 reprobarerunt
1026 4029 1356 4098 azdiﬁcantes,
1409 4031 1490 4084 hic
1546 4034 1708 4101 factus
1754 4042 1826 4085 est
1864 4033 1918 4085 in

404 4128 557 4185 caput
595 4119 770 4189 anguli
797 4118 967 4191 (Psal.
1005 4121 1125 4174 II7.
1148 4119 1278 4189 22)?

405 4211 458 4264 I.
502 4209 660 4264 Multa
685 4226 778 4279 per
806 4211 944 4264 hanc
972 4211 1278 4280 parabolam
1301 4210 1639 4266 subindicat:
1671 4212 1767 4266 Dei
1792 4227 1921 4282 pro-

332 4301 644 4368 videntiam,
675 4318 777 4373 qua
808 4317 1022 4372 semper
1051 4303 1156 4357 illis
1184 4302 1373 4368 adfuit,
1405 4305 1804 4373 sanguinarium
1830 4321 1922 4360 eo-

335 4410 496 4448 ruma
519 4393 776 4463 principio
792 4393 1049 4462 animum,
1071 4394 1307 4465 nihilque
1327 4396 1741 4464 praetermissum
1760 4396 1921 4453 luisse

335 4483 480 4554 quod
527 4483 593 4539 ad
637 4498 818 4538 curam
864 4499 1049 4539 eorum
1090 4485 1379 4555 gerendam
1422 4487 1734 4554 pertineret,
1777 4488 1920 4558 quod

335 4573 614 4645 prophetis
658 4573 850 4630 occisis
891 4589 995 4629 non
1042 4590 1264 4630 aversus
1311 4575 1378 4630 ab
1423 4576 1526 4631 illis
1554 4575 1714 4632 fuerit
1760 4577 1919 4645 Deus,

336 4666 430 4722 sed
468 4676 522 4722 et
565 4665 758 4722 Filium
791 4683 945 4722 suum
978 4667 1222 4732 miserit;
1253 4667 1392 4737 quod
1434 4666 1568 4722 Novi
1612 4677 1667 4722 ct
1709 4667 1922 4725 Veteris

339 4753 667 4816 'I‘estamenti
698 4775 833 4816 unus
871 4769 928 4816 et
957 4759 1097 4816 idem
1140 4760 1210 4816 sit
1237 4760 1378 4816 Deus
1403 4777 1418 4825 ;
1447 4759 1593 4830 quod
1630 4776 1778 4817 mors
1803 4762 1920 4830 ejus

343 4867 532 4923 magna
580 4862 798 4923 operata
844 4853 944 4920 sit;
990 4852 1132 4923 quod
1174 4861 1438 4906 extremas
1466 4867 1652 4921 plenas
1695 4852 1823 4908 dent
1849 4853 1919 4908 ob

341 4959 556 4998 crucem
584 4953 640 4998 et
679 4943 883 4998 facinus
911 4959 1066 4998 suum
1096 4944 1368 5014 :gentium
1409 4944 1838 5013 conversioucrn,
1869 4954 1924 5000 et

341 5033 646 5090 Judzeorum
676 5033 907 5103 lapsum.
943 5033 1070 5088 Ideo
1106 5035 1267 5104 igitur
1293 5035 1430 5089 hanc
1465 5035 1774 5105 parabolam
1805 5047 1924 5106 post

347 5125 734 5196 praecedentem
767 5126 963 5196 posuit,
997 5134 1055 5180 ut
1083 5135 1137 5180 et
1161 5126 1332 5195 majus
1361 5127 1562 5183 crimen
1590 5128 1922 5195 ostenderet,

344 5219 486 5289 quod
531 5217 730 5272 nullam
760 5217 974 5273 veniam
1019 5227 1337 5272 mereretur.
1385 5217 1501 5286 Quo
1529 5219 1688 5274 modo
1728 5229 1781 5275 et
1821 5235 1925 5290 qua

349 5309 590 5366 ratione?
616 5309 749 5377 Quia
784 5318 980 5363 tantam
1019 5308 1160 5363 nacti
1187 5308 1279 5363 Dei
1308 5309 1716 5379 providentiam,
1747 5327 1777 5365 a
1813 5327 1923 5365 me-

348 5399 626 5456 retricibus
650 5407 705 5454 et
732 5399 1027 5469 publicanis
1050 5398 1196 5466 victi,
1221 5399 1376 5470 longe
1403 5410 1547 5454 retro
1580 5401 1747 5455 relicti
1779 5411 1921 5455 sunt.

354 5487 628 5557 Perpende
666 5498 841 5544 autem
886 5499 941 5543 et
982 5488 1098 5558 ejus
1131 5505 1374 5559 magnam
1418 5489 1824 5558 providentiam,
1875 5500 1929 5544 et

357 5580 558 5636 illorum
595 5580 956 5637 incredibilem
988 5581 1350 5650 supinitatem.
1396 5580 1524 5636 Nam
1559 5598 1675 5652 qua:
1717 5583 1925 5653 agrico-

1999 2200 2172 2255 larum
2199 2211 2380 2266 erant,
2407 2203 2519 2270 ipse
2549 2201 2668 2256 fecit
2701 2219 2714 2255 :
2753 2201 3039 2256 maceriam
3070 2200 3472 2270 circumposuit,
3506 2202 3582 2256 vi-

1998 2309 2152 2348 neam
2183 2293 2459 2364 plantavit,
2501 2293 2700 2364 reliqua
2731 2293 2908 2347 omnia
2952 2293 3234 2362 przestitit;
3279 2302 3335 2347 ct
3362 2309 3580 2362 parvum

2001 2385 2126 2455 quid
2159 2387 2288 2455 ipsis
2319 2385 2552 2456 reliquit,
2581 2395 2638 2440 ut
2662 2401 2749 2440 res
2778 2369 2897 2440 illas
2927 2396 3196 2452 curarent,
3230 2394 3427 2456 etquae
3460 2386 3580 2440 data

2001 2473 2208 2528 fuerant
2231 2484 2631 2529 conservarenl.
2653 2475 2793 2530 Nihil
2813 2477 2956 2531 enim
2981 2476 3235 2530 omissum
3262 2474 3431 2530 fuerat
3452 2491 3466 2541 ;
3491 2475 3584 2530 sed

2004 2568 2180 2619 omnia
2222 2565 2455 2636 perfecta
2502 2577 2696 2621 erant:
2734 2567 2863 2622 nihil
2902 2577 3078 2622 tamen
3122 2568 3224 2621 illis
3266 2567 3387 2622 inde
3430 2568 3582 2634 lucri,

2004 2659 2129 2713 licet
2156 2659 2282 2728 ipsis
2311 2667 2454 2712 tanta
2483 2660 2798 2714 contulisset
2818 2659 2976 2714 bona.
3000 2659 3133 2714 Nam
3163 2667 3284 2729 post
3314 2674 3587 2729 egressum

2007 2766 2071 2804 ex
2104 2750 2336 2821 Egypto
2376 2750 2546 2822 legem
2593 2750 2760 2816 dedit,
2801 2750 2987 2805 urbem
3027 2749 3284 2814 condidit,
3334 2749 3586 2820 templum

2005 2843 2322 2909 Construxit,
2351 2857 2496 2896 aram
2533 2843 2722 2897 erexit.
2751 2840 2820 2895 Et
2853 2859 3060 2913 peregre
3095 2842 3349 2912 profectus
3393 2852 3506 2906 est;
3537 2840 3588 2895 id

2008 2942 2110 2998 est,
2139 2935 2293 3004 longa
2327 2949 2456 2988 usus
2494 2943 2576 2989 est
2602 2934 2876 3004 patientia,
2902 2949 3022 2988 cum
3063 2950 3170 2989 non
3214 2949 3429 3005 semper
3468 2949 3589 3004 pce-

2009 3026 2254 3080 cantibus
2303 3027 2483 3081 statim
2529 3027 2787 3097 supplicia
2834 3027 3068 3082 inferat:
3109 3028 3590 3097 peregrinationem

2009 3117 2204 3187 quippe
2254 3117 2465 3188 longam
2511 3117 2846 3172 tolerantiam
2901 3127 3072 3172 vocat.
3133 3117 3200 3171 Et
3247 3119 3380 3172 misit
3427 3133 3592 3171 servos

2013 3224 2157 3273 suos,
2197 3208 2298 3262 hoc
2337 3216 2457 3269 est.
2503 3209 2824 3278 prophetas;
2872 3219 2929 3263 nt
2972 3209 3201 3264 fructum
3252 3210 3590 3279 acciperent,

2017 3300 2069 3355 id
2113 3309 2216 3365 est,
2265 3299 2624 3355 obedientiam
2671 3317 2767 3370 per
2819 3316 2980 3371 opera
3027 3300 3468 3356 demonstratam.
3515 3300 3594 3355 Illi

2015 3407 2144 3448 vero
2189 3392 2274 3446 hic
2315 3393 2476 3447 etiam
2519 3394 2808 3463 nequitiam
2858 3409 3007 3448 suam
3066 3393 3442 3460 exhibuerunt,
3487 3409 3594 3448 non

2015 3483 2177 3538 modo
2212 3483 2351 3553 quod
2379 3493 2497 3553 post
2519 3493 2719 3539 tantam
2759 3501 2941 3539 curam
2983 3485 3210 3540 fructum
3249 3502 3352 3540 nou
3385 3489 3593 3553 darent,

2015 3574 2157 3644 quod
2198 3575 2572 3646 negligentiam
2603 3593 2711 3645 pra:
2747 3592 2806 3633 se
2849 3577 3110 3640 ferebant,
3143 3577 3236 3632 sed
3265 3577 3425 3631 etiam
3455 3578 3597 3646 quod

2018 3666 2138 3721 illos
2174 3667 2453 3722 venientes
2483 3667 2697 3739 indigne
2740 3669 2964 3725 ferrent.
3011 3669 3144 3723 Nam
3189 3671 3278 3740 qui
3308 3671 3595 3738 debebant,

2016 3773 2115 3812 nec
2163 3757 2387 3812 reddere
2437 3767 2702 3828 poterant,
2758 3775 2861 3814 non
2917 3761 3184 3830 indignari
3235 3777 3405 3832 neque
3457 3779 3600 3834 :egre

2017 3846 2156 3903 ferre
2186 3849 2486 3918 Oportebat,
2512 3849 2604 3905 sed
2630 3865 2836 3921 rogare.
2867 3851 2942 3906 Illi
2972 3868 3099 3908 vero
3120 3869 3225 3909 non
3255 3855 3602 3927 indignaban-

2020 3948 2105 3994 tur
2149 3939 2330 4008 modo,
2381 3941 2475 3996 sed
2529 3958 2718 3997 manus
2761 3945 3017 4013 sanguine
3056 3946 3367 4014 replebant,
3414 3958 3470 4003 et
3511 3951 3602 4019 qui

2019 4047 2204 4101 poenas
2224 4031 2351 4087 dare
2379 4032 2665 4098 debebant,
2697 4050 2882 4104 pmuas
2913 4038 3256 4106 expetebant.
3292 4038 3522 4110 Ideoque
3552 4051 3604 4096 et

2020 4124 2284 4178 secundos
2323 4135 2377 4179 et
2409 4126 2594 4182 tertios
2633 4127 2798 4189 misit,
2831 4136 2888 4182 ut
2916 4127 3286 4185 ostenderetur
3312 4143 3365 4187 et
3393 4133 3604 4186 illorum

2021 4217 2256 4285 nequitia
2295 4225 2348 4271 et
2389 4218 2647 4274 mittentis
2686 4220 3005 4290 benignitas.
3049 4223 3116 4278 Et
3157 4239 3252 4278 cur
3293 4240 3398 4279 non
3440 4225 3605 4281 lilium

2024 4306 2203 4360 statim
2235 4306 2423 4360 misit?
2466 4306 2535 4363 Ut
2576 4325 2642 4364 ex
2687 4310 2841 4365 malis
2875 4327 2994 4378 quae
3039 4313 3090 4368 in
3132 4313 3252 4369 illos
3295 4316 3603 4382 intulerunt,

2022 4409 2141 4450 sese
2166 4395 2483 4452 damnantes
2532 4399 2770 4469 iramque
2811 4406 3160 4468 remittentes,
3194 4404 3342 4459 illum
3383 4407 3608 4460 venien-

2025 4497 2129 4542 tem
2157 4497 2484 4542 vererentur.
2516 4489 2800 4546 Possemus
2823 4493 2952 4547 alias
2982 4495 3364 4566 explicationes
3387 4499 3608 4563 addere,

2023 4577 2118 4632 sed
2149 4577 2214 4631 ad
2241 4580 2515 4646 sequentia
2550 4596 2849 4650 pergamus.
2873 4584 3008 4650 Quid
3029 4586 3128 4639 sibi
3151 4587 3261 4641 vult
3282 4587 3428 4653 illud,
3454 4587 3611 4643 Forte

2025 4669 2423 4723 reverebantur?
2455 4669 2569 4725 Non
2597 4671 2888 4741 ignorantis
2923 4685 3025 4740 est,
3057 4677 3214 4740 absit,
3257 4680 3350 4735 sed
3383 4681 3611 4736 volentis

2026 4759 2309 4815 ostendere
2346 4771 2600 4831 quantum
2633 4776 2903 4832 peccatum
2937 4777 3098 4832 esset,
3127 4777 3181 4825 cl
3205 4772 3349 4825 omni
3381 4787 3610 4827 excusa-

2027 4851 2172 4906 tione
2216 4866 2461 4906 vacuum.
2501 4851 2633 4907 Cum
2679 4856 2841 4910 sciret
2883 4857 3026 4913 enim
3077 4861 3422 4916 occidendum
3474 4863 3608 4929 fore,

2027 4944 2170 4997 misit
2197 4952 2393 4998 tamen.
2422 4944 2552 5000 Illud
2582 4957 2781 5014 autem,
2814 4949 3189 5007 Iieverebuntur
3213 4956 3378 5022 ﬁlium
3421 4974 3608 5024 meum,

2028 5035 2168 5103 quod
2196 5035 2369 5090 facere
2397 5035 2662 5092 debebant
2700 5043 2938 5096 enuntiat
2965 5062 2976 5096 :
3008 5044 3127 5113 quia
3156 5049 3434 5114 oportebat
3463 5060 3610 5106 certe

2029 5123 2148 5179 illos
2175 5126 2427 5180 revereri.
2457 5125 2729 5198 Siquidem
2756 5141 2810 5185 et
2831 5133 2953 5187 alibi
2983 5134 3112 5190 dicit
3139 5155 3152 5191 :
3184 5137 3246 5192 Si
3270 5143 3401 5209 forte
3433 5142 3613 5195 audie-

2029 5216 2129 5268 rint
2151 5214 2362 5286 (Ezech.
2396 5217 2448 5270 2.
2473 5218 2528 5287 5)
2555 5238 2568 5274 :
2602 5235 2772 5304 neque
2797 5223 2902 5280 illic
2931 5225 3224 5296 ignorabat,
3257 5231 3349 5286 sed
3373 5248 3438 5288 ne
3463 5233 3612 5289 dice-

2032 5316 2151 5361 reut
2180 5309 2392 5378 quidam
2437 5310 2684 5380 improbi,
2714 5315 3111 5384 praedictionem
3146 5322 3308 5379 fuisse
3349 5342 3454 5380 non
3485 5327 3614 5382 obe-

2031 5398 2206 5452 diendi
2239 5404 2592 5458 necessariam
2620 5421 2856 5474 causam,
2891 5411 3014 5467 ideo
3048 5415 3125 5470 sic
3159 5417 3299 5472 dicta
3329 5428 3609 5490 temperat,

2034 5491 2096 5548 Si
2127 5497 2256 5562 forte
2283 5494 2489 5564 dicens,
2534 5507 2586 5552 et
2613 5498 2868 5556 Fortasse.
2899 5503 3030 5560 Nam
3056 5509 3099 5562 si
3133 5509 3273 5564 circa
3301 5528 3488 5567 servos
3517 5513 3616 5566 im-

2039 5587 2186 5654 probi
2211 5586 2444 5653 l'ucrunt,
2477 5588 2569 5645 lilii
2599 5591 2907 5658 dignitatem
2939 5601 3168 5654 revereri
3193 5603 3445 5671 oportuit.
3474 5606 3610 5673 Quid
