4074 6144
402 278 494 336 641

402 406 533 461 ergo
562 389 695 446 isti?
718 388 854 444 Cum
880 399 1165 444 accurrere
1191 383 1543 454 oportuisset,
1567 380 1887 451 veniamque
1909 378 1977 434 de

404 483 637 554 peccatis
658 491 858 553 petere,
881 479 1061 551 priora
1087 492 1348 547 superare
1368 480 1706 538 concertant,
1734 481 1787 527 et
1807 469 1979 527 scele-

404 592 460 631 ra
492 575 794 633 sceleribus
826 574 1047 628 vincere
1069 611 1085 637 ,
1118 569 1297 640 priora
1338 582 1553 635 semper
1587 564 1979 635 posterioribus

394 674 718 738 obruentes;
753 669 898 742 quod
921 675 975 723 et
1003 667 1120 737 ipse
1135 664 1420 721 declarans
1443 661 1554 715 ait:
1576 659 1795 729 lmplelc
1821 671 1965 710 men-

395 780 577 818 suram
606 772 818 832 patrum
847 768 1136 814 vestrarum
1167 754 1383 825 (Matth.
1412 752 1503 808 23.
1535 749 1647 822 32).
1681 747 1800 804 Iam
1835 745 1966 803 olim

396 857 538 910 enim
581 853 858 925 prOpheta:
898 851 964 905 de
1011 850 1097 904 bis
1143 848 1264 902 illos
1309 843 1641 900 accusabant
1672 840 1918 896 dicentes
1952 850 1968 888 :

406 945 598 999 Manus
638 952 823 997 κείνω
854 941 1021 1011 plence
1047 948 1168 995 sunt
1199 937 1454 1008 sanguine
1491 933 1647 1003 (lsai.
1682 932 1734 986 1.
1766 930 1889 998 15);
1919 933 1979 981 et»

404 1032 726 1103 Sanguinem
765 1030 1009 1102 sanguini
1044 1030 1259 1083 miscent
1284 1024 1441 1098 (Osee
1470 1025 1524 1078 4.
1555 1022 1635 1095 2);
1665 1029 1739 1087 et,
1774 1018 1977 1089 zEdiﬁ-

388 1132 533 1174 runte
562 1120 690 1175 Sion
719 1121 772 1174 in
802 1117 1128 1189 sanguinibus
1155 1116 1340 1188 (Mich.
1374 1116 1426 1169 5.
1462 1114 1572 1185 10),
1615 1110 1723 1167 Sed
1752 1126 1856 1165 non
1883 1124 1966 1163 re-

390 1212 735 1283 sipiscebant,
779 1211 879 1266 etsi
926 1210 1028 1264 hoc
1074 1207 1378 1263 mandatum
1427 1205 1791 1274 accepissent,
1845 1200 1967 1254 Non

389 1302 604 1367 occides,
634 1310 689 1355 et
728 1315 759 1355 a
788 1301 1056 1355 sexcentis
1079 1298 1197 1352 aliis
1221 1297 1541 1366 juberentur
1586 1293 1875 1358 abstinere,
1903 1305 1967 1346 ac

394 1407 488 1460 per
512 1390 633 1457 hoc,
675 1405 872 1460 perque
896 1389 999 1444 alia
1033 1388 1196 1443 multa
1236 1387 1302 1441 ad
1341 1386 1770 1441 observationem
1813 1382 1969 1451 hujus

303 1503 306 1506 ’
395 1483 646 1553 praecepti
676 1481 1072 1536 inducerentur.
1115 1481 1362 1533 Attamen
1406 1476 1544 1531 hanc
1584 1489 1799 1544 pravam
1842 1488 1972 1527 con-

393 1573 725 1628 suetudinem
755 1588 859 1628 non
885 1573 1267 1641 deposuerunt.
1296 1569 1400 1625 Sed
1433 1567 1556 1639 quid
1578 1567 1760 1621 dicunt
1791 1566 1973 1619 νὶάυη-

396 1677 475 1721 tes
502 1664 661 1720 eum?
695 1662 867 1718 Venite
894 1663 1181 1718 occidamus
1206 1677 1340 1715 eum.
1365 1659 1479 1727 Qua
1518 1658 1585 1712 de
1623 1656 1818 1712 causa?
1847 1654 1971 1726 quid

394 1766 487 1811 aut
512 1770 728 1826 parvum
753 1763 844 1809 aut
870 1769 1121 1823 magnum
1149 1751 1416 1808 criminari
1447 1748 1709 1820 potestis?
1737 1762 1803 1801 an
1831 1745 1972 1816 quod

397 1863 492 1902 vos
523 1846 884 1912 bonoraverit,
927 1860 989 1900 ac
1031 1846 1169 1899 Deus
1198 1858 1317 1899 eum
1365 1851 1526 1925 esset,
1556 1840 1717 1894 homo
1758 1849 1975 1907 propter

396 1952 492 1994 vos
534 1938 702 1993 lactus
743 1937 832 2002 sit,
863 1937 1250 2006 innumeraque
1280 1935 1367 1989 illa
1400 1932 1642 1989 ediderit
1684 1929 1975 1984 miracula?

396 2044 465 2083 an
492 2029 632 2099 quod
667 2036 881 2098 peccata
926 2025 1209 2091 dimiserit,
1242 2025 1326 2079 vel
1370 2023 1437 2078 ad
1477 2037 1700 2093 regnum
1734 2019 1976 2075 vocarit?

403 2120 533 2176 Vide
557 2135 678 2175 cum
710 2120 984 2189 impietate
1006 2117 1349 2188 conjunctam
1374 2115 1701 2170 dementiam
1733 2113 1973 2177 multam,

397 2222 452 2267 et
479 2211 623 2266 necis
644 2224 856 2266 causam
889 2209 1094 2264 insania
1121 2208 1351 2277 plenam.
1384 2203 1687 2259 Occiduntus
1724 2220 1857 2266 eum,
1898 2204 1974 2256 in-

398 2303 607 2374 quiunt,
654 2311 698 2355 et
727 2309 899 2355 nostra
930 2299 1022 2354 erit
1061 2297 1314 2353 hereditas
1344 2294 1492 2369 (Luc.
1521 2293 1611 2350 ΞΟ.
1643 2294 1753 2364 ll).
1798 2292 1864 2346 Et
1891 2292 1977 2347 ubi

399 2394 644 2449 occidere
674 2391 1003 2448 deliberant?
1033 2391 1193 2445 Extra
1225 2390 1455 2444 vineam.

469 2485 524 2540 2.
571 2485 813 2539 Vidistin‘
854 2482 1120 2555 quomodo
1148 2481 1310 2537 etiam
1345 2480 1522 2536 locum
1565 2476 1845 2549 prophetet
1891 2475 1979 2529 tibi

402 2576 710 2631 mactandus
748 2584 884 2631 erat.
929 2574 995 2628 Et
1023 2575 1273 2644 ejicientes
1301 2572 1585 2627 occiderunt
1610 2569 1768 2642 (Ibid.
1798 2587 1845 2623 v.
1874 2568 1980 2623 16-

404 2670 515 2739 18).
541 2668 711 2724 Lucas
739 2668 954 2738 quidem
988 2668 1061 2721 ait
1086 2667 1256 2736 ipsum
1285 2665 1671 2720 determinasse
1697 2663 1822 2733 quid
1860 2662 1981 2717 illos

403 2761 510 2830 pati
551 2767 840 2829 oporteret,
885 2759 1134 2829 ipsosque
1174 2756 1394 2821 dixisse,
1426 2757 1602 2819 Absit;
1649 2765 1703 2811 et
1743 2756 1982 2810 testimo-

405 2852 547 2905 nium
586 2849 877 2904 induxisse.
908 2847 1038 2903 Illos
1075 2848 1217 2904 enim
1243 2840 1451 2901 intuitus
1491 2847 1615 2900 dixit
1642 2861 1662 2900 :
1691 2845 1827 2913 Quid
1862 2861 1980 2916 ergo

402 2952 473 2996 est
519 2941 654 3013 quod
691 2942 934 3011 scriptum
971 2949 1067 3007 est,
1109 2937 1355 3009 Lupidem
1396 2955 1543 3010 quem
1591 2939 1981 3008 reprobaveruut

403 3036 731 3104 vdiﬁcantes,
774 3035 855 3089 hic
885 3037 1046 3105 [actus
1076 3033 1225 3086 estin
1261 3041 1411 3101 caput
1446 3031 1622 3101 anguli
1656 3030 1824 3101 (Psal.
1855 3031 1979 3085 117.

403 3125 537 3194 22)?
575 3126 658 3191 Et,
689 3125 999 3195 Quicumque
1025 3123 1255 3178 ceciderit
1283 3139 1434 3192 super
1453 3139 1583 3187 eum,
1614 3123 1978 3193 confringatur.

407 3215 683 3271 Mattbieus
707 3230 835 3270 vero
859 3214 989 3269 dicit
1023 3213 1142 3269 illos
1186 3214 1473 3283 protulisse
1508 3214 1849 3267 sententiam.
1880 3212 1984 3268 Ve-

405 3324 524 3364 rum
559 3324 665 3363 non
691 3315 950 3378 repugnat
993 3321 1113 3362 eum
1155 3306 1281 3361 alio.
1315 3306 1439 3360 Ilmc
1478 3306 1621 3360 enim
1660 3306 1817 3361 ambo
1845 3305 1982 3360 facta

405 3408 548 3466 sunt,
580 3400 787 3470 ipsique
819 3397 1136 3454 sententiam
1176 3396 1411 3452 tulerunt
1435 3405 1620 3451 contra
1663 3396 1886 3466 seipsos.
1919 3410 1985 3450 ac

407 3507 590 3547 rursus
618 3506 738 3546 cum
770 3491 1030 3546 dictorum
1056 3488 1162 3543 vim
1191 3486 1507 3554 sensissent,
1535 3486 1980 3551 dixerunt,Absit.

404 3584 724 3654 Prophetam
763 3591 939 3638 autem
984 3582 1111 3652 ipsis
1150 3582 1419 3651 opposuit,
1466 3589 1522 3634 ut
1559 3579 1826 3647 suaderet,
1870 3596 1981 3635 rem

404 3689 625 3744 prorsus
652 3690 774 3732 esse
803 3675 1051 3729 futuram.
1083 3674 1335 3728 Attamen
1372 3672 1709 3727 vocationem
1746 3674 1983 3743 gentium

405 3782 473 3821 ne
501 3765 751 3836 carpendi
792 3780 1004 3821 causam
1038 3764 1313 3828 haberent,
1349 3778 1453 3818 non
1495 3773 1678 3833 aperte
1705 3763 1857 3828 dixit,
1887 3764 1981 3818 sed

405 3857 754 3913 subindicavit
769 3866 971 3911 tantum
991 3856 1194 3920 dicens,
1212 3854 1364 3909 Dabit
1386 3855 1501 3908 aliis
1516 3858 1709 3908 vineam
1726 3854 1873 3925 (Luc.
1888 3854 1979 3911 20.

409 3950 517 4021 16).
550 3949 673 4005 Ideo
701 3959 847 4005 certe
877 3949 973 4003 hac
997 3948 1245 4018 parabola
1273 3962 1400 4001 usus
1424 3956 1525 4011 est,
1556 3956 1613 4000 ut
1643 3946 1741 4016 ipsi
1768 3955 1986 4003 senten-

409 4043 532 4095 tiam
571 4041 795 4096 ferrent.
840 4040 990 4109 Quod
1046 4041 1097 4093 in
1148 4039 1342 4094 Davide
1385 4054 1595 4109 quoque
1642 4038 1833 4094 factum
1878 4049 1980 4105 est,

408 4132 621 4203 quando
665 4132 733 4187 de
783 4131 1035 4201 parabola
1082 4130 1308 4184 Nathani
1360 4132 1676 4185 sententiam
1723 4131 1861 4186 tulit.
1903 4131 1983 4186 Tu

405 4239 536 4279 vero
577 4223 706 4277 mihi
746 4222 870 4276 hinc
905 4221 1180 4275 considera
1208 4237 1364 4290 quam
1400 4220 1540 4290 justa
1586 4222 1656 4276 sit
1697 4223 1981 4287 sententia,

402 4313 617 4383 quando
660 4312 715 4373 ii.
745 4312 834 4381 qui
866 4311 1112 4381 puniendi
1142 4320 1285 4378 sunt,
1317 4311 1412 4380 ipsi
1443 4326 1560 4366 sese
1603 4311 1980 4369 condemnant.

408 4403 609 4459 Deinde
640 4403 976 4457 utdiseereut
999 4417 1100 4457 non
1125 4404 1293 4455 solum
1327 4402 1378 4456 id
1404 4402 1661 4471 justitiam
1683 4405 1980 4473 requirere,

405 4493 501 4549 sed
548 4494 712 4549 etiam
757 4493 865 4562 jam
915 4493 1040 4546 olim
1089 4493 1138 4546 id
1178 4492 1432 4563 Spiritum
1477 4493 1869 4560 pronuntiasse.
1930 4503 1984 4549 et

410 4585 578 4640 Deum
610 4584 778 4654 ipsum
807 4582 1123 4638 sententiam
1158 4585 1362 4649 tulisse,
1396 4584 1725 4652 prophetiam
1754 4585 1977 4650 induxit,

408 4679 632 4747 illosque
678 4675 971 4746 increpavit
1014 4674 1220 4737 dicens,
1265 4673 1557 4746 Numquam
1589 4675 1795 4746 legistis,
1825 4676 1981 4746 Lupi:

406 4771 517 4821 dem
560 4784 703 4835 quem
728 4766 1117 4835 reprobaverunt
1151 4766 1477 4833 wdiﬁcantes,
1515 4767 1594 4819 hic
1632 4771 1796 4837 [actus
1835 4770 1982 4821 estin

405 4870 555 4927 caput
585 4857 804 4929 anguli?
831 4860 875 4911 A
917 4857 1133 4911 Domino
1163 4862 1352 4929 factum
1377 4868 1448 4911 est
1474 4857 1629 4921 istud,
1660 4870 1704 4911 et
1731 4870 1799 4913 cst
1829 4862 1983 4912 mira-

408 4952 503 5005 ὺίιε
534 4952 588 5005 in
614 4952 775 5004 oculis
800 4951 984 5004 nostris
1006 4966 1025 5003 :
1054 4950 1136 5003 his
1166 4950 1412 5003 omnibus
1438 4951 1744 5012 ostendens,
1769 4951 1981 5005 JlltllINtS

407 5044 465 5089 ut
493 5034 798 5089 incredulos
840 5033 1185 5103 abjieiendos,
1233 5043 1418 5102 gentes
1448 5043 1625 5088 autem
1659 5036 1982 5089 inducendus

407 5142 545 5182 esse.
577 5126 629 5180 Id
660 5127 818 5181 etiam
860 5142 953 5194 per
978 5127 1348 5188 Chananaeam,
1395 5125 1443 5179 id
1474 5142 1566 5194 per
1596 5127 1796 5181 asinum
1819 5128 1857 5190 ί,
1888 5143 1982 5196 per

408 5218 795 5280 centurionem,
820 5233 1020 5288 perque
1050 5219 1241 5272 multas
1263 5217 1395 5273 alias
1428 5218 1709 5287 parabolas
1734 5221 1978 5276 subindi-

409 5313 563 5369 ravit.
608 5312 721 5367 Hoc
765 5311 924 5366 etiam
975 5326 1133 5367 nunc.
1170 5309 1291 5365 Ideo
1332 5310 1713 5380 subjunxit:A
1758 5310 1979 5369 Domino

411 5398 603 5468 factum
625 5412 696 5455 est
717 5401 872 5464 istud,
899 5411 947 5456 et
982 5411 1053 5457 est
1080 5404 1306 5456 mirabile
1324 5404 1374 5456 in
1406 5403 1564 5457 oculis
1590 5405 1772 5458 nostris
1795 5421 1813 5458 :
1840 5422 1981 5476 prce-

409 5489 706 5557 signiticans
730 5493 1022 5549 credituras
1057 5507 1260 5565 gentes,
1293 5505 1345 5550 et
1368 5494 1576 5550 Judaaos
1606 5498 1694 5567 qui
1741 5498 1982 5555 credide-

473 5683 489 5715 ⁸
514 5684 725 5741 Quidam,
750 5700 835 5742 per
860 5690 1060 5740 asimtn.
1124 5725 1134 5737 .

1309 266 1372 323 IN
1405 263 1815 323 MATTHIEUM
1851 260 2084 319 HOMIL.
2128 259 2353 316 LXVIII.
2395 256 2466 315 aI.
2507 259 2693 317 LXIX.

3545 261 3650 319 64?.

2070 373 2196 437 rint,
2219 388 2382 427 unum
2419 387 2538 429 esse
2564 371 2790 440 futuros,
2835 372 3075 442 quamvis
3119 379 3264 427 tanto
3293 371 3442 443 prius
3485 373 3651 428 inter-

2070 464 2213 520 vallo
2240 464 2520 520 distarent.
2561 463 2762 521 Deinde
2792 472 2850 519 ut
2877 463 3180 520 ediscerent
3220 463 3348 518 nihil
3375 474 3651 534 gestorum

2067 570 2187 610 esse
2211 556 2319 612 Deo
2342 553 2650 622 adversum,
2681 554 2776 611 sed
2800 555 2954 611 valde
2982 564 3262 626 acceptum
3295 565 3454 626 atque
3485 556 3650 610 mira-

2072 647 2198 713 bile,
2222 647 2362 718 quod
2389 647 2689 703 videntibus
2719 658 2992 717 stuporem
3035 648 3250 703 all‘erret
3288 649 3426 718 (erat
3454 648 3653 718 quippe

2070 739 2383 792 miraculum
2420 736 2728 809 inell‘abile,)
2775 738 3047 808 subjunxit
3090 738 3295 805 dicens,
3339 737 3383 791 Α
3435 738 3650 791 Domino

2070 828 2261 901 factum
2299 841 2370 884 est
2419 832 2575 887 istud.
2617 830 2871 903 Lapidem
2919 849 3044 885 vero
3096 833 3331 902 seipsum
3375 843 3550 897 vocat,
3597 844 3652 888 et

2072 922 2393 977 aediﬁcantes
2413 921 2718 977 .ludmormn
2742 922 3022 987 doctores;
3051 923 3192 993 quod
3219 923 3378 977 etiam
3408 923 3651 978 Ezechiel

2072 1013 2148 1068 ait
2199 1033 2212 1070 :
2262 1014 2605 1085 {Ediﬁcantes
2656 1034 2855 1070 murum
2882 1058 2896 1081 ,
2944 1029 2990 1071 et
3044 1019 3270 1071 timentes
3326 1018 3655 1086 incomposite

2075 1103 2286 1177 (Ezech.
2343 1108 2430 1162 l3.
2472 1107 2585 1179 10).
2632 1106 2914 1174 Quomodo
2964 1118 3139 1161 autem
3199 1106 3655 1177 reprobaverunt?

2074 1196 2205 1250 Cum
2229 1197 2489 1263 dicerent,
2518 1198 2617 1252 Hic
2641 1217 2738 1253 non
2765 1210 2920 1255 estea:
2940 1199 3045 1254 Deo
3069 1215 3087 1253 :
3110 1201 3190 1253 hic
3209 1201 3397 1254 seducit
3423 1202 3655 1266 turbam;

2075 1298 2131 1343 et
2171 1305 2404 1355 rursum,
2443 1292 2799 1348 Samaritanus
2838 1310 2889 1347 es
2943 1304 3017 1359 tu,
3065 1302 3109 1346 et
3153 1293 3455 1346 dccmonium
3505 1294 3657 1348 habes

2076 1380 2254 1450 (Joan.
2289 1383 2338 1436 7.
2374 1382 2458 1437 12.
2487 1395 2530 1437 et
2560 1384 2614 1438 8.
2644 1383 2758 1449 48).
2791 1384 2988 1438 Deinde
3018 1393 3074 1437 ut
3111 1392 3516 1453 cognoscerent,
3550 1399 3655 1437 non

2078 1471 2128 1526 id
2153 1482 2353 1527 tantum
2381 1474 2480 1528 sibi
2509 1474 2688 1528 inferri
2715 1474 2855 1544 quod
2878 1474 3218 1544 ejicerentur,
3242 1474 3499 1544 supplicia
3527 1489 3658 1544 quo-

2076 1581 2182 1635 que
2215 1565 2387 1632 affert,
2420 1567 2603 1621 dicens
2633 1584 2646 1620 :
2682 1569 2771 1622 44.
2805 1565 2981 1621 Omnis
3010 1567 3095 1637 qui
3124 1567 3357 1620 ceciderit
3395 1582 3549 1634 super
3577 1566 3662 1619 la-

2081 1656 2247 1725 pidem
2274 1658 2425 1722 hunc,
2453 1660 2796 1730 confringetur
2823 1675 2842 1713 :
2866 1675 3017 1727 super
3044 1675 3189 1728 quem
3215 1668 3381 1713 autem
3405 1657 3659 1726 ceciderit,

2081 1747 2332 1801 ventilabit
2371 1765 2503 1801 eum.
2552 1749 2692 1802 Duas
2745 1749 2830 1802 hic
2874 1749 3140 1818 pernicies
3188 1757 3447 1813 annutat;
3490 1749 3662 1819 primo

2079 1837 2220 1906 quod
2259 1838 2359 1892 hoc
2385 1838 2515 1907 ipsis
2543 1837 2862 1892 oll‘endieulo
2892 1838 3048 1892 fuerit
3077 1857 3089 1892 :
3121 1838 3220 1893 hoc
3245 1848 3327 1893 est
3367 1842 3528 1903 enim,
3563 1839 3662 1905 Qui

2080 1928 2312 1983 ceciderit
2337 1946 2489 1998 super
2511 1930 2734 2000 lapidem
2758 1930 2892 1983 hunc
2915 1946 2935 1994 ,'
2964 1930 3200 1985 secundo
3239 1931 3542 1985 subindicat
3569 1948 3663 1986 cx-

2081 2020 2277 2075 cidium
2308 2035 2513 2086 eorum,
2547 2036 2832 2084 :erumnas,
2867 2024 3175 2091 perniciem,
3206 2038 3363 2093 quam
3408 2023 3553 2078 clare
3581 2023 3662 2076 in-

2083 2112 2278 2168 dicavit
2322 2112 2524 2179 dicens,
2572 2111 2844 2168 Ventilabit
2874 2115 3060 2184 ipsum.
3094 2114 3186 2167 llis
3215 2116 3664 2170 resurrectionem

2083 2219 2237 2258 suam
2268 2203 2642 2261 subindicavit.
2685 2204 2950 2275 Propheta
2986 2217 3133 2260 certe
3171 2206 3333 2260 Isaias
3362 2207 3567 2261 vineam
3594 2207 3665 2261 ab

2085 2294 2200 2364 ipso
2220 2304 2522 2350 accusatam
2545 2294 2694 2359 dicit,
2720 2296 3091 2365 principesque
3114 2297 3291 2366 populi
3319 2297 3664 2352 criminatur:

2085 2395 2138 2440 et
2176 2385 2245 2439 ibi
2274 2387 2488 2456 quidem
2536 2387 2631 2453 ait,
2668 2386 2804 2453 Quid
2843 2386 2989 2440 debui
3033 2391 3201 2457 facere
3246 2389 3401 2442 vincte
3441 2405 3583 2457 metu,
3621 2400 3666 2443 et

2084 2492 2186 2529 non
2223 2476 2321 2545 feci
2367 2476 2519 2548 (Isai.
2550 2477 2603 2532 5.
2643 2475 2742 2549 4)?
2783 2478 2909 2531 alibi
2941 2492 3072 2532 vero
3109 2495 3123 2532 :
3168 2477 3303 2545 Quid
3332 2481 3429 2548 feci
3470 2479 3577 2543 tibi,
3622 2491 3666 2533 et

2085 2567 2219 2637 quod
2255 2569 2547 2621 invenerunt
2573 2578 2739 2638 patres
2779 2571 2851 2622 tui
2878 2571 2933 2622 in
2966 2587 3046 2624 me
3070 2570 3307 2623 delictum
3327 2569 3459 2640 (Jer.
3485 2572 3538 2625 9..
3573 2573 3668 2642 5)?

2086 2673 2149 2713 ac
2179 2675 2409 2722 rursum,
2440 2658 2643 2729 Papute
2686 2677 2848 2725 meus,
2898 2660 3020 2730 quid
3048 2662 3143 2729 (eri
3168 2662 3296 2715 tibi?
3341 2673 3429 2715 aut
3474 2663 3528 2715 in
3572 2680 3668 2733 quo

2086 2751 2374 2803 contristari
2403 2759 2450 2804 te
2478 2749 2664 2821 (Mieh.
2694 2751 2746 2806 6.
2777 2750 2869 2823 '5)?
2894 2754 3157 2821 ingratum
3197 2752 3406 2818 illorum
3433 2752 3667 2810 animum

2087 2842 2394 2906 ostendens,
2426 2852 2480 2897 et
2499 2842 2773 2897 beneﬁciis
2799 2842 3040 2909 allectos,
3066 2845 3332 2898 contraria
3359 2844 3668 2914 rependisse

2087 2934 2383 2990 declarans.
2414 2935 2510 2991 llic
2550 2947 2725 2990 autem
2759 2935 2889 2989 illud
2917 2934 3287 2990 vehementius
3310 2938 3665 3005 exprimitur:

2089 3042 2261 3098 neque
2299 3028 2441 3082 enim
2472 3027 2586 3096 ipse
2609 3026 2759 3093 dicit,
2810 3025 2948 3091 Quid
2993 3026 3253 3097 oportebat
3298 3043 3377 3081 me
3404 3030 3590 3097 facere,
3623 3038 3669 3079 et

2089 3138 2189 3174 non
2215 3122 2309 3192 feci
2331 3120 2468 3175 ?sed
2494 3120 2612 3175 illos
2643 3119 2843 3175 inducit
2871 3120 3190 3182 sententiam
3211 3119 3470 3183 dicentes,
3497 3120 3668 3190 ipsum

2089 3213 2306 3283 quidem
2333 3212 2463 3267 nihil
2493 3212 2774 3283 reliquisse
2817 3213 3241 3281 pronuntiantes,
3276 3221 3436 3281 atque
3464 3213 3668 3281 seipsos

2090 3302 2529 3357 condemnantes.
2563 3300 2695 3358 Nam
2732 3316 2852 3357 cum
2881 3301 3084 3366 dicunt,
3110 3299 3279 3354 Malos
3318 3302 3447 3356 male
3474 3302 3666 3373 perdet,

2092 3403 2136 3449 et
2160 3395 2355 3449 vineam
2378 3411 2522 3449 suam
2551 3395 2734 3449 locabit
2765 3395 2881 3448 aliis
2923 3395 3179 3464 agricolis,
3223 3394 3351 3448 nihil
3385 3395 3526 3449 aliud
3568 3397 3668 3449 sibi

2092 3485 2298 3552 volunt,
2328 3495 2381 3541 et
2409 3500 2528 3540 cum
2553 3501 2742 3556 magna
2775 3484 3013 3555 emphasi
3041 3485 3356 3539 sententiam
3389 3484 3581 3540 ferunt.
3616 3486 3670 3539 Id

2090 3575 2392 3645 Stephanus
2415 3591 2626 3646 quoque
2650 3576 2780 3645 ipsis
2815 3575 3177 3645 exprobravit,
3211 3587 3261 3629 et
3290 3576 3410 3630 illus
3439 3578 3670 3631 maxime

2092 3665 2371 3721 mordebat
2392 3665 2525 3740 (Act.
2557 3667 2613 3721 6.
2639 3676 2685 3720 et
2710 3668 2789 3734 7),
2817 3666 2959 3736 quod
2985 3682 3173 3736 magna
3210 3666 3299 3720 Dei
3339 3667 3669 3736 providentia

2092 3772 2304 3826 semper
2329 3758 2549 3827 dignati,
2593 3757 2915 3812 benefactori
2956 3759 3221 3811 contraria
3270 3750 3663 3826 rependerem;

2093 3848 2233 3919 quod
2261 3865 2510 3919 magnum
2549 3851 2756 3920 signum
2783 3858 2916 3917 erat,
2948 3866 3051 3904 non
3084 3850 3414 3919 punientem,
3446 3849 3540 3904 sed
3574 3865 3669 3905 eos

2093 3941 2183 4009 qui
2216 3940 2590 4010 puniebantur,
2623 3955 2838 3995 causam
2881 3940 3123 4009 supplicii
3170 3954 3309 3995 esse.
3354 3941 3466 3994 Iloc
3498 3942 3668 4008 ipsum

2094 4030 2179 4085 hic
2218 4040 2544 4087 monstratur
2589 4048 2683 4101 per
2730 4033 3033 4102 parabolam
3077 4044 3131 4087 et
3174 4047 3268 4100 per
3315 4032 3666 4102 prophetiam.

2090 4122 2273 4192 Neque
2300 4123 2440 4178 enim
2471 4125 2598 4177 satis
2630 4123 2811 4177 habuit
2836 4123 3137 4191 parabolam
3167 4122 3384 4185 dixisse,
3421 4123 3513 4177 sed
3545 4140 3670 4192 pro-

2093 4216 2329 4285 phetiam
2358 4216 2622 4285 duplicem
2667 4215 2904 4278 adduxit,
2940 4215 3151 4269 Davidis
3182 4230 3374 4284 nempe
3412 4224 3465 4270 et
3494 4232 3665 4273 suam.

2091 4309 2225 4376 Quid
2275 4324 2403 4379 ergo
2440 4308 2717 4379 oportebat
2758 4310 2871 4362 lucc
2913 4307 3192 4362 audientes
3235 4306 3450 4362 facere?
3490 4325 3668 4363 annon

2092 4399 2362 4453 adorare?
2401 4414 2576 4452 annon
2627 4398 2877 4452 admirari
2923 4398 3310 4466 providentiam
3354 4400 3583 4468 priorem
3613 4410 3668 4454 et

2093 4493 2440 4560 posteriorem
2464 4491 2486 4543 ?
2514 4491 2567 4543 Si
2595 4498 2769 4543 autem
2799 4504 2862 4543 ex
2893 4488 3036 4542 nullo
3060 4503 3243 4542 eorum
3271 4488 3520 4543 meliores
3548 4488 3667 4542 facti

2091 4591 2232 4645 Sunt,
2266 4597 2441 4634 annon
2469 4589 2612 4634 metu
2658 4579 2900 4648 supplicii
2932 4579 3281 4646 sapientiores
3313 4578 3424 4632 ﬁeri
3457 4588 3670 4647 oporte-

2092 4671 2216 4726 bat?
2241 4670 2345 4725 Scd
2376 4685 2479 4723 non
2512 4670 2760 4723 meliores
2790 4666 2914 4721 facti
2956 4676 3100 4721 sunt.
3133 4666 3267 4732 Quid
3301 4682 3460 4734 porro
3490 4669 3668 4737 sequi-

2093 4764 2215 4817 tur?
2250 4764 2338 4816 45.
2384 4760 2507 4814 Cum
2547 4761 2824 4824 audissent,
2873 4757 3064 4823 inquit,
3102 4769 3437 4827 cognoverunt
3463 4761 3580 4827 quia
3606 4761 3668 4813 de

2090 4856 2216 4923 ipsis
2258 4852 2471 4905 dicebat.
2506 4850 2600 4904 '46.
2634 4848 2698 4900 Et
2725 4858 3002 4918 quwrentes
3029 4864 3142 4900 eum
3173 4856 3354 4910 tenere,
3393 4848 3664 4903 timuerunt

2091 4945 2282 5009 turbas,
2308 4942 2545 5012 quoniam
2592 4941 2718 4992 sicut
2759 4939 3055 5008 prophetam
3084 4954 3196 4991 eum
3225 4937 3489 4991 habebant.
3523 4939 3664 4994 Sen-

2091 5045 2275 5090 serunt
2299 5034 2438 5087 enim
2469 5032 2699 5094 tandem,
2733 5030 2873 5101 quod
2904 5030 3045 5099 ipsos
3089 5029 3296 5083 occulte
3329 5037 3553 5085 notaret.
3597 5032 3664 5085 Et

2091 5124 2372 5195 aliquando
2415 5125 2761 5191 interceptus,
2796 5137 2888 5190 per
2930 5120 3159 5175 medium
3201 5120 3409 5174 illorum
3455 5122 3664 5186 transit,

2090 5228 2145 5271 et
2170 5216 2241 5269 illi
2267 5230 2369 5267 non
2401 5213 2620 5278 vident;
2651 5213 2933 5282 aliquando
2959 5227 3298 5279 Comparens,
3339 5212 3544 5263 illorum
3572 5211 3667 5265 de—

2090 5310 2342 5366 siderium
2396 5311 2658 5380 reprimit.
2700 5309 2850 5376 Quod
2896 5308 3219 5362 admirantes
3268 5306 3337 5359 illi
3369 5306 3614 5360 dicebant
3650 5326 3662 5361 :

2091 5403 2275 5459 Nonne
2298 5403 2378 5456 hic
2411 5414 2482 5456 est
2506 5402 2694 5456 Jcsus?
2727 5401 2855 5454 Ecce
2880 5399 3049 5469 palam
3071 5400 3311 5469 loquitur,
3352 5409 3397 5451 ct
3425 5400 3552 5453 nihil
3571 5402 3667 5464 ipsi

2090 5498 2258 5552 dicunt
2286 5494 2463 5569 (Joan.
2496 5496 2548 5549 7.
2575 5495 2666 5547 “2.5.
2699 5494 2815 5564 ‘26).
2859 5493 2952 5547 llic
2983 5507 3129 5557 vero,
3161 5492 3279 5560 quia
3306 5493 3664 5547 multitudinis

2091 5590 2281 5643 timore
2307 5588 2698 5650 detinebantur,
2746 5586 2847 5639 hoc
2876 5584 3006 5640 satis
3039 5583 3240 5650 habuit,
3276 5596 3375 5638 nec
3408 5585 3662 5640 miracula

2092 5693 2148 5738 ut
2176 5693 2298 5737 ante
2325 5680 2490 5737 voluit
2515 5679 2695 5741 edere.
2730 5681 2872 5735 verbi
2905 5677 3072 5750 gratia
3100 5693 3195 5746 per
3222 5677 3454 5732 medium
3478 5692 3662 5732 eorum
