4074 6144
477 310 584 367 (163

476 424 826 491 transeundo,
855 438 954 478 nec
980 440 1038 478 se
1063 423 1378 478 invisibilem
1413 427 1734 495 praestando.
1766 425 1880 482 Non
1909 428 2049 482 enim

476 518 656 572 omnia
688 531 848 584 supra
876 513 1144 569 hominem
1178 516 1350 572 facere
1381 518 1610 584 volebat,
1655 528 1712 573 ut
1745 519 2054 575 crederetur

475 607 794 662 (economia.
825 607 904 660 Illi
941 616 1114 661 autem
1143 623 1249 661 non
1277 609 1465 664 timore
1498 610 1849 665 multitudinis
1879 626 2041 666 einen

471 697 764 761 dabantur,
816 714 921 750 non
968 698 1036 751 ah
1089 699 1253 767 ipsius
1293 699 1448 756 dictis
1477 719 1489 754 :
1517 717 1622 756 non
1671 703 2048 772 prophetarum

472 789 832 846 testimonium
873 790 1276 856 reverebantur,
1322 807 1425 844 non
1468 807 1616 846 suam
1650 794 1884 863 ipsorum
1929 809 2050 848 sen-

469 879 715 945 tentiam,
756 894 860 934 non
901 881 1187 934 multorum
1230 883 1726 940 existimationem:
1763 887 1832 939 ita
1881 886 2046 940 semel

462 971 586 1027 illos
616 972 922 1027 dominandi
967 971 1228 1041 cupiditas
1272 983 1327 1027 et
1356 990 1504 1029 vana:
1545 977 1728 1044 glorie
1767 992 1917 1031 amor
1954 991 2043 1032 oc-

468 1076 714 1128 rtecarat,
748 1063 886 1133 quod
922 1072 1261 1132 tcmporanea
1293 1077 1612 1136 quaererent.

533 1179 585 1232 5.
608 1175 804 1230 Futura
828 1176 1150 1244 praesentibus
1167 1181 1518 1250 anteponenda
1537 1195 1670 1238 sunt.
1691 1186 1876 1243 Contra
1902 1194 2042 1250 thea-

461 1268 522 1320 tri
553 1268 862 1332 spectacula.
895 1266 1265 1323 Monac/torum
1291 1272 1408 1326 vita.
1464 1273 1718 1330 Exercitia
1746 1286 2039 1340 monastica.

465 1359 681 1413 -—Nihil
730 1359 870 1413 enim
914 1359 983 1414 ita
1033 1359 1256 1430 impellit
1285 1373 1341 1418 et
1379 1366 1703 1435 praecipitem
1744 1370 1870 1438 dat;
1910 1377 2039 1432 nihil

461 1460 566 1503 tam
599 1466 628 1503 a
660 1450 956 1504 futurorum
989 1467 1172 1507 amore
1195 1453 1393 1522 dejicit,
1415 1466 1470 1510 ut
1497 1458 1828 1534 ﬂuxisafﬁigi
1859 1468 2036 1535 rebus;

457 1541 587 1594 nihil
621 1543 690 1596 ita
723 1551 775 1595 et
803 1543 1152 1610 praesentibus
1181 1554 1235 1599 et
1263 1545 1452 1602 futuris
1474 1549 1706 1618 jucunde
1724 1560 1796 1610 uti
1831 1560 2032 1630 tribuit,

456 1643 513 1686 ut
540 1633 715 1688 futura
744 1634 988 1688 omnibus
1014 1645 1360 1704 anteponere.
1391 1639 1478 1693 Ait
1505 1645 1700 1714 quippe
1744 1647 1988 1706 Christus
2021 1671 2036 1709 ε

456 1725 681 1790 Qum-ite
707 1726 922 1794 primum
952 1743 1161 1795 regnum
1183 1727 1296 1790 Dei,
1324 1739 1370 1782 et
1399 1729 1507 1785 haec
1536 1737 1707 1790 omnia
1733 1740 2037 1811 adﬁcientur

451 1817 588 1868 vobis
619 1815 828 1884 (Matth.
860 1815 913 1870 6.
944 1816 1060 1886 55).
1093 1819 1250 1888 Atqui
1288 1820 1493 1876 etiamsi
1528 1823 1640 1879 haec
1674 1827 1902 1896 adjectio
1936 1850 2031 1903 p0-

448 1909 546 1962 sita
569 1923 675 1961 non
701 1917 863 1974 esset,
889 1924 992 1962 non
1025 1918 1200 1963 tamen
1230 1909 1342 1966 haec
1363 1912 1650 1970 admodum
1681 1917 2030 1981 desideranda

444 2006 663 2061 essent;
695 2012 834 2051 nunc
875 2007 1050 2052 autem
1079 2014 1202 2053 cum
1232 2000 1316 2054 illa
1346 2003 1576 2072 accipis,
1610 2005 1722 2062 haec
1750 2011 1907 2066 etiam
1938 2030 2030 2085 ap-

445 2087 751 2157 prehendis.
780 2088 1031 2142 Nonnulli
1063 2098 1236 2144 tamen
1266 2089 1349 2144 his
1372 2107 1478 2146 non
1500 2094 1901 2168 obtemperant;
1933 2105 2028 2161 sed

443 2179 705 2248 lapidibus
728 2192 888 2232 sensu
920 2179 1226 2233 carentibus
1254 2181 1478 2249 similes,
1499 2185 1785 2255 voluptatis
1812 2193 2026 2250 umbras

442 2281 755 2340 sequuntur.
803 2269 938 2337 Quid
983 2270 1123 2324 enim
1170 2271 1325 2327 dulce
1367 2274 1421 2327 in
1456 2280 1704 2344 prtesenti
1754 2282 1857 2336 vita
1902 2288 2026 2341 est?

440 2361 566 2432 quid
590 2360 918 2431 jncundmn?
939 2361 1068 2415 Nam
1091 2377 1211 2416 cum
1238 2363 1438 2434 majore
1477 2366 1670 2425 fiducia
1699 2387 1794 2426 vos
1823 2375 2025 2446 alloqui

442 2453 600 2508 hodie
623 2454 744 2507 volo
776 2472 789 2508 :
820 2453 911 2508 sed
959 2469 1044 2508 me
1091 2453 1253 2521 ferte,
1299 2466 1357 2510 ut
1400 2456 1617 2514 discatis
1648 2501 1662 2524 ,
1697 2463 1856 2520 vitam
1901 2483 2021 2538 quze

439 2547 573 2601 dura
604 2556 657 2601 et
683 2561 908 2600 onerosa
931 2546 1168 2609 videtur,
1209 2547 1592 2605 monachorum
1623 2554 1825 2610 scilicet
1854 2566 1908 2612 ct
1931 2575 2022 2615 eo-

434 2655 553 2693 rum
591 2639 678 2708 qui
709 2639 916 2708 seipsos
940 2637 1348 2705 cruciﬁxerunt,
1377 2640 1532 2712 longe
1559 2643 1850 2702 dulciorem
1877 2649 2020 2706 desi-

433 2731 915 2801 derabilioremque
945 2747 1063 2786 esse
1091 2733 1188 2787 hac
1217 2735 1320 2788 vita
1355 2775 1371 2799 ,
1405 2752 1523 2806 qua:
1566 2738 1774 2794 videtur
1803 2757 2018 2800 suavior

433 2825 832 2895 delicatiorque.
865 2825 1140 2894 Hujusque
1161 2827 1235 2880 rei
1266 2837 1428 2883 testes
1453 2843 1548 2883 vos
1572 2833 1720 2897 estis,
1752 2834 1842 2902 qui
1869 2851 2014 2906 saepe

431 2916 483 2970 in
524 2915 910 2970 calamitatibus
949 2924 1004 2970 et
1046 2917 1300 2970 aerumnis
1340 2927 1569 2973 mortem
1600 2923 1845 2990 optastis,
1878 2925 2014 2979 illos-

428 3023 532 3077 que
560 3008 742 3061 beatos
773 3006 1123 3075 pra'dicastis,
1143 3007 1229 3076 qui
1262 3007 1310 3060 in
1345 3010 1635 3076 montibus,
1660 3011 1710 3065 in
1739 3013 2008 3082 speluncis

427 3097 645 3166 degunt,
660 3095 1005 3166 ca‘libemque
1027 3104 1081 3149 et
1102 3096 1328 3165 negotiis
1345 3113 1562 3152 vacuam
1588 3100 1784 3155 ducunt
1809 3104 1966 3157 vitam
1991 3122 2005 3172 ;

425 3202 520 3242 vos
544 3203 736 3256 nempe
763 3229 778 3253 ,
809 3188 897 3257 qui
930 3187 1012 3241 vel
1052 3188 1282 3243 artiﬁces
1303 3229 1318 3252 ,
1353 3190 1433 3245 vel
1467 3191 1661 3246 milites
1692 3194 1822 3248 estis
1847 3236 1860 3258 ,
1893 3196 2007 3250 sive

423 3278 515 3348 qui
544 3277 704 3330 vitam
727 3277 921 3332 ducitis
941 3277 1121 3343 otiosi,
1153 3278 1266 3332 sive
1295 3280 1385 3350 qui
1417 3280 1467 3334 in
1510 3297 1669 3337 scena
1713 3293 1768 3338 et
1801 3285 1991 3342 orche-

415 3365 545 3418 stris
561 3364 700 3418 diem
729 3367 1047 3437 transigitis.
1073 3369 1196 3424 Inde
1220 3376 1386 3434 enim,
1406 3375 1654 3442 quamvis
1675 3376 1818 3430 mille
1840 3377 1993 3431 volu-

416 3464 590 3523 ptates
633 3457 899 3512 set-turire
937 3459 1242 3526 videantur,
1274 3475 1527 3519 sexcenta
1567 3468 1667 3520 tela
1702 3469 1993 3523 mittuntur

415 3547 760 3602 amarissima
783 3549 822 3604 ¹.
846 3550 900 3603 Si
925 3552 1205 3620 qniscnim
1229 3557 1478 3612 saltantis
1498 3559 1687 3627 puella:
1702 3576 1887 3615 amore
1910 3562 1993 3616 in-

415 3639 742 3707 ﬁammetur,
767 3643 912 3696 omni
941 3643 1154 3712 militia,
1185 3649 1332 3700 onmi
1361 3649 1791 3719 peregrinatione
1815 3653 1996 3708 durio-

417 3747 506 3787 res
523 3731 658 3788 feret
673 3735 974 3798 cruciatus,
999 3738 1277 3809 pejoriqne
1297 3739 1352 3793 in
1377 3750 1542 3804 statu,
1562 3757 1725 3810 quam
1748 3744 1875 3800 urbs
1894 3746 1994 3799 ob-

417 3841 591 3893 sessa,
609 3826 730 3882 erit.
754 3828 860 3885 Sed
881 3845 947 3884 ne
972 3832 1078 3886 illis
1096 3834 1300 3888 diutius
1324 3834 1728 3901 incumbamus,
1750 3837 1880 3907 ipsis
1901 3854 1997 3893 eo-

417 3933 538 3972 rum
553 3920 647 3988 qui
666 3920 746 3976 sie
759 3923 900 3992 capti
915 3933 1042 3978 sunt
1055 3926 1406 3980 conscientiae
1420 3928 1841 4000 relictis,age,de
1860 3931 1997 3984 mul-

416 4018 599 4065 torum
624 4013 732 4066 vita
770 4030 911 4069 nunc
936 4031 1191 4085 agamus:
1220 4027 1274 4072 et
1305 4028 1513 4072 tantum
1545 4020 1684 4074 inter
1708 4031 1995 4089 utramque

419 4103 586 4158 vitam
602 4107 943 4160 inveniemus
962 4109 1593 4177 intervallutn,quatituni
1617 4114 1756 4167 inter
1774 4125 1990 4182 portum

407 4198 457 4241 et
501 4188 748 4243 fluctibus
777 4190 1032 4260 agitatum
1066 4194 1303 4264 pelagus.
1341 4196 1424 4252 Ex
1454 4199 1772 4259 habitaculis
1807 4212 1986 4264 statim

403 4281 472 4333 ab
509 4280 730 4335 exordio
771 4282 957 4336 horum
1001 4285 1306 4341 felicitatem
1337 4291 1613 4346 considera
1645 4310 1660 4358 ;
1704 4295 1814 4351 fora
1843 4302 1984 4356 enim

399 4382 456 4426 et
501 4372 662 4426 urbes
707 4373 1064 4442 tumultusque
1117 4377 1167 4430 in
1221 4379 1399 4433 medio
1445 4384 1647 4450 positos
1677 4387 1935 4456 fugientes
1964 4436 1979 4460 ,

400 4464 562 4518 vitam
613 4465 664 4518 in
697 4464 967 4519 montibus
1010 4465 1323 4538 delegerunt
1344 4511 1360 4536 ,
1391 4487 1509 4540 quae
1539 4475 1666 4529 nihil
1697 4493 1816 4532 cum
1851 4499 1983 4548 pran-

396 4557 536 4611 senti
561 4558 666 4610 vita
694 4571 976 4612 commune
1005 4557 1182 4625 habet,
1211 4576 1329 4630 qua:
1356 4562 1486 4619 nihil
1517 4566 1801 4624 humanum
1831 4575 1981 4641 pati—

399 4661 522 4716 tur;
564 4665 669 4705 non
695 4650 938 4706 dolorem
966 4667 1061 4721 pro
1089 4653 1250 4708 rebus
1278 4657 1624 4714 s:rcn|arihus
1654 4703 1668 4724 ,
1712 4679 1815 4718 non
1846 4682 1952 4724 mm

393 4756 572 4796 rorem
601 4741 688 4796 vel
712 4742 1148 4810 sollicitudinem,
1183 4760 1286 4799 non
1319 4749 1571 4815 pericula,
1605 4768 1710 4806 non
1735 4755 1976 4824 insidias,

393 4849 501 4888 non
522 4833 794 4897 invidiam,
829 4849 932 4888 non
967 4835 1210 4899 livorem,
1239 4852 1342 4891 non
1376 4848 1556 4910 turpes
1583 4858 1798 4900 amores
1820 4889 1834 4910 ,
1867 4865 1972 4905 non

389 4926 535 4982 aliud
573 4927 844 4996 quidpiam
875 4928 1068 4984 simile.
1096 4928 1211 4984 Jam
1243 4931 1328 4985 hie
1367 4933 1440 4986 illi
1485 4950 1602 5004 qnte
1644 4938 1708 4992 ad
1752 4956 1970 5010 regnum

391 5018 645 5072 caelorum
677 5019 940 5086 pertinent
973 5020 1316 5087 meditantur,
1350 5023 1401 5077 in
1430 5026 1650 5082 saltibus
1673 5042 1967 5098 versantes,

395 5106 663 5162 montibus
689 5105 1030 5177 foutibusque
1061 5152 1074 5174 ,
1115 5127 1236 5165 cum
1262 5113 1440 5182 quiete
1468 5118 1628 5171 multa
1661 5137 1674 5172 :
1705 5125 1969 5192 prwcipne

386 5207 566 5251 autem
615 5197 723 5252 Deo
767 5197 1014 5262 harent,
1063 5204 1435 5273 tuguriumqne
1475 5207 1683 5266 illorum
1715 5217 1857 5269 omni
1883 5225 1965 5270 tuo

389 5285 555 5342 tntiltu
580 5302 803 5344 vacuum
819 5299 920 5358 est,
943 5290 1121 5346 anima
1147 5293 1293 5348 omni
1316 5297 1506 5354 morbo
1531 5309 1587 5355 et
1628 5317 1792 5373 pravo
1831 5306 1968 5363 atl'e-

460 5524 475 5553 ¹
505 5520 587 5570 Sic
610 5527 716 5593 tres
737 5525 903 5593 βοάᾳ.-
920 5525 1050 5576 ῐίἀὶιὶ
1079 5542 1197 5578 vero
1225 5547 1235 5580 :
1263 5531 1342 5582 Ibi
1363 5534 1488 5584 enim
1513 5539 1640 5587 unde
1665 5541 1799 5591 nul'e
1826 5543 1963 5593 rotu-

394 5588 545 5651 ptoles
566 5583 804 5637 scaturire
821 5585 1095 5649 videantur,
1119 5601 1343 5644 sexcenta
1363 5583 1455 5646 leta
1477 5583 1747 5651 mittuntur-
1760 5583 1972 5658 (inieris-

399 5656 537 5694 arma.

459 5706 477 5737 ³
503 5704 555 5754 in
593 5705 762 5757 Morel.
790 5710 912 5772 haec,
934 5709 1066 5762 omni
1096 5710 1290 5778 militia,
1312 5716 1495 5768 desunt

1243 308 1299 364 S.
1338 309 1615 366 JOANNIS
1641 310 2112 369 CHRYSOSTOMI
2153 316 2472 375 ARCHIEP.
2511 320 3039 389 CONSTANTINOP.

3643 350 3744 409 6M

2166 439 2254 484 ctu
2285 431 2469 500 libera,
2504 436 2655 504 levis,
2680 442 2944 512 expedita,
2975 456 3030 502 et
3059 451 3368 511 tenuissimo
3391 471 3515 514 aere
3542 465 3742 532 purior.

2163 519 2304 591 Opus
2331 536 2506 580 autem
2543 528 2755 586 illorum
2786 533 3014 604 idipsum
3055 551 3155 607 est,
3187 541 3329 614 quod
3382 519 3558 606 Adam
3597 519 3746 612 initio

2161 609 2386 678 habuit,
2424 627 2708 690 antequam
2732 639 3014 697 peccaret,
3059 609 3272 703 quando
3311 640 3479 710 gloria
3529 646 3738 706 indutus

2162 715 2278 756 eum
2329 705 2436 761 Deo
2474 709 2645 766 libere
2688 713 3004 784 loquebatur
3032 764 3048 788 ,
3080 735 3136 779 et
3182 705 3356 785 locum
3397 731 3545 788 illum
3575 739 3740 794 multa

2160 796 2486 854 beatitudine
2515 803 2766 860 refertum
2791 809 3076 868 incolebat.
3110 815 3165 870 In
3193 835 3299 888 quo
3324 824 3466 880 enim
3507 827 3558 882 hi
3588 831 3740 898 pejus

2152 899 2310 954 qtram
2340 889 2431 944 ille
2455 889 2670 963 degunt,
2697 911 2818 954 cum
2844 912 2966 960 ante
2993 905 3403 968 inobedientiam
3435 889 3635 986 positus
3659 933 3744 980 est

2154 975 2209 1028 in
2242 980 2490 1046 paradiso
2524 994 2580 1039 ut
2599 995 2954 1056 operaretur?
2979 995 3129 1052 Nulla
3154 1001 3251 1070 ipsi
3281 1007 3553 1064 saecularis
3584 1013 3737 1066 solli-

2152 1070 2331 1126 citudo
2360 1073 2533 1130 inerat
2555 1118 2571 1143 ,
2611 1081 2752 1136 nulla
2777 1085 2935 1141 etiam
2963 1093 3237 1149 monachis
3272 1095 3374 1151 illis
3403 1117 3417 1153 :
3447 1116 3575 1169 pura
3603 1119 3737 1160 eon-

2151 1163 2372 1218 scientia
2429 1167 2594 1224 Deum
2638 1173 3047 1246 alloquebatur,
3099 1192 3154 1238 et
3204 1185 3259 1240 hi
3302 1163 3594 1249 similiter:
3629 1197 3737 1255 into

2149 1255 2318 1308 multo
2354 1258 2612 1327 majorem
2658 1279 2819 1333 quam
2859 1268 2949 1324 ille
2992 1271 3238 1330 ﬁduciam
3273 1277 3514 1348 habent,
3551 1298 3734 1357 utpote

2148 1345 2335 1414 majori
2380 1349 2616 1407 fruentes
2658 1358 2827 1425 gratia
2857 1360 3110 1432 Spiritus.
3145 1366 3249 1424 Par
3277 1382 3424 1429 esset
3461 1345 3732 1438 certe-vos
3769 1377 3773 1379 ﬁ

2148 1434 2260 1490 hare
2283 1439 2452 1493 oculis
2484 1445 2794 1514 percipere:
2826 1451 2917 1506 sed
2947 1455 3068 1523 quia
3101 1473 3204 1513 non
3235 1463 3394 1519 vultis
3424 1506 3439 1530 ,
3485 1478 3645 1539 atque
3675 1473 3728 1528 in

2147 1529 2371 1584 tumultu
2402 1540 2455 1587 et
2486 1533 2600 1588 foro
2633 1537 2842 1609 degitis,
2867 1559 2962 1598 vos
2985 1547 3175 1604 saltem
3207 1554 3372 1610 verbo
3401 1557 3686 1620 doceamus
3712 1584 3726 1620 :

2143 1633 2301 1674 unam
2328 1639 2456 1679 vero
2482 1637 2683 1695 partem
2712 1633 2832 1688 vita:
2862 1635 3072 1694 illorum
3099 1645 3425 1715 excipiemus
3444 1694 3458 1719 ,
3485 1671 3605 1710 nam
3637 1666 3693 1712 to
3712 1691 3726 1701 ο

2144 1715 2251 1763 tam
2282 1717 2528 1785 persequi
2557 1734 2660 1774 non
2694 1737 2997 1790 possumus.
3047 1729 3124 1784 illi
3153 1735 3242 1802 qui
3277 1715 3574 1798 luminaria.
3601 1760 3728 1803 sunt

2140 1799 2306 1864 orbis,
2335 1817 2453 1858 cum
2484 1808 2564 1861 sol
2593 1817 2742 1866 ortus
2766 1824 2878 1879 est,
2910 1817 3018 1874 imo
3047 1821 3137 1877 diu
3171 1835 3453 1898 antequam
3502 1833 3674 1892 luceat
3704 1881 3722 1906 ,

2139 1905 2168 1945 e
2217 1892 2354 1948 lecto
2393 1909 2670 1969 surgentes
2718 1909 2854 1972 sani,
2886 1923 3010 1966 sunt
3035 1917 3239 1985 vigiles,
3270 1923 3499 1992 expediti
3525 1928 3724 1996 (nullus

2135 1983 2276 2037 enim
2310 1985 2379 2040 ibi
2403 1987 2576 2057 dolor,
2608 1996 2690 2049 vel
2710 1998 3034 2067 sollicitudo,
3070 2008 3362 2086 vel_50por,
3391 2030 3496 2069 non
3525 2019 3677 2074 labor
3703 2065 3719 2087 ,

2136 2087 2242 2128 non
2275 2079 2604 2147 negotiorum
2635 2088 2784 2142 turba
2807 2131 2822 2158 ,
2879 2105 2984 2146 non
3030 2082 3357 2163 quidsimile
3389 2146 3403 2170 ,
3441 2108 3533 2161 sed
3564 2113 3716 2178 quasi

2133 2169 2304 2237 angeli
2338 2170 2388 2225 in
2421 2174 2554 2229 cailo
2582 2177 2822 2252 degunt)
2855 2200 2868 2236 :
2902 2199 3180 2257 surgentes
3211 2192 3369 2262 igitur
3392 2169 3711 2258 rstatim'latti

2130 2266 2184 2311 et
2213 2258 2428 2330 hilares,
2458 2266 2678 2324 chorum
2705 2271 2956 2331 facientes
2985 2295 3164 2346 unum,
3196 2283 3318 2340 laeto
3349 2291 3492 2344 vultu
3515 2303 3566 2346 et
3588 2309 3716 2350 con-

2129 2351 2348 2407 scientia
2377 2356 2533 2413 simul
2567 2376 2773 2431 omnes,
2804 2370 2955 2436 quasi
2984 2388 3088 2426 uno
3117 2390 3230 2441 ore,
3261 2376 3473 2450 hymnis
3502 2387 3715 2442 univer-

2127 2453 2307 2497 sorum
2359 2446 2523 2502 Deum
2567 2452 2879 2522 celebrant,
2934 2448 3214 2520 laudantes
3249 2446 3369 2522 eum
3414 2481 3468 2526 et
3514 2477 3712 2550 gratias

2128 2529 2222 2601 ipsi
2251 2546 2466 2603 agentes
2494 2555 2589 2608 pro
2610 2546 2876 2613 omnibus,
2906 2550 3018 2606 sive
3040 2557 3301 2624 pr0priis,
3329 2560 3441 2616 sive
3465 2578 3705 2643 commu-

2128 2624 2274 2643 _,L,
2315 2627 2328 2643 .
2459 2631 2484 2643 ..
2525 2633 2556 2643 ..
2647 2635 2675 2643 -
2903 2641 2910 2643 μ

2125 2624 2285 2681 nibus
2315 2627 2606 2687 beneﬁciis.
2639 2635 2813 2703 Quare
2845 2641 3008 2698 misso
3043 2647 3264 2716 Adamo,
3302 2639 3701 2728 interrogemus,

2125 2711 2176 2766 in
2225 2731 2331 2785 quo
2372 2719 2581 2776 diﬁ‘erat
2616 2726 2684 2779 ab
2722 2731 2924 2798 angelis
2956 2733 3044 2789 ille
3078 2737 3273 2794 chorus
3319 2711 3619 2802 canentium
3653 2753 3703 2804 in

2123 2812 2263 2859 terra
2287 2817 2340 2862 et
2364 2809 2690 2878 dicentium:
2723 2817 2900 2874 Gloria
2923 2825 2973 2876 in
3003 2829 3212 2883 excelsis
3241 2830 3345 2886 Deo
3369 2874 3382 2894 ,
3413 2847 3461 2890 et
3485 2838 3536 2892 in
3563 2849 3697 2894 term

2119 2915 2238 2969 pax.
2262 2902 2313 2954 in
2344 2903 2630 2963 hominibus
2659 2910 2789 2966 bona
2821 2915 3054 2972 uoluntas
3085 2919 3245 2992 (Luc.
3274 2925 3329 2978 2.
3361 2927 3432 2982 24
3448 2928 3489 2998 ).
3525 2930 3700 2988 Vestis

2120 2999 2296 3045 autem
2342 2993 2443 3049 illis
2475 2997 2603 3052 viris
2635 3001 2792 3069 digna
2819 3016 2904 3059 est
2933 3024 2946 3059 :
2979 3024 3150 3073 neque
3183 3014 3324 3068 enim
3357 3019 3575 3084 perinde
3607 3037 3697 3076 ve-
3756 3096 3767 3104 .

2115 3080 2348 3136 stinntur
2370 3095 2528 3154 atque
2559 3089 2589 3141 ii
2621 3092 2710 3158 qui
2735 3095 2940 3150 tunicas
2971 3099 3184 3156 tralmnt
3215 3119 3310 3173 per
3336 3107 3480 3163 vicos
3500 3153 3514 3172 ,
3539 3126 3698 3168 ener-

2117 3173 2225 3224 vati
2255 3182 2307 3228 et
2340 3176 2630 3234 effeminati
2665 3184 2738 3253 (tt)
2764 3203 2776 3237 :
2811 3187 2903 3242 sed
2929 3199 2983 3243 ut
3005 3191 3141 3246 beati
3175 3194 3249 3249 illi
3276 3199 3470 3268 angeli,
3510 3203 3651 3258 Elias
3681 3249 3696 3267 ,

2112 3261 2337 3319 Elismus
2361 3308 2376 3333 ,
2405 3267 2638 3326 Joannes
2659 3316 2673 3340 ,
2703 3281 2964 3346 apostoli,
2998 3287 3298 3342 vestiuntur
3323 3333 3336 3353 ,
3372 3292 3459 3346 alii
3485 3310 3546 3348 ex
3575 3297 3698 3365 pilis

2111 3355 2344 3422 caprinis
2367 3399 2382 3421 ,
2415 3359 2503 3414 alii
2546 3377 2608 3416 ex
2658 3366 2777 3434 pilis
2822 3373 3146 3429 camelorum
3181 3395 3192 3431 :
3221 3380 3435 3449 quidam
3468 3355 3695 3454 pellibus

2111 3449 2313 3499 tantum
2364 3451 2686 3509 amiciuntur
2727 3469 2988 3518 vetustate
3035 3466 3194 3522 tritis.
3227 3471 3432 3529 Deinde
3462 3479 3689 3545 postilla

2105 3536 2307 3591 cantica
2335 3552 2505 3606 genua
2539 3543 2816 3605 flectentes
2845 3593 2860 3617 ,
2896 3553 3061 3610 Deum
3101 3573 3501 3637 precantur-pro
3530 3569 3692 3628 rebus

2104 3638 2222 3692 qua:
2274 3631 2453 3685 multis
2502 3650 2569 3689 ne
2611 3637 2662 3692 in
2715 3654 2948 3699 mentem
2995 3649 3205 3718 quidem
3250 3656 3433 3711 venire
3463 3661 3685 3728 possint.

2103 3712 2448 3774 Prtesentium
2481 3726 2621 3780 enim
2670 3730 2800 3785 nihil
2841 3712 3025 3802 petunt
3070 3740 3187 3810 (illa
3216 3745 3409 3816 quippe
3438 3750 3565 3804 nihil
3593 3767 3689 3806 cu-

2100 3804 2255 3873 rant)
2291 3824 2306 3874 ;
2346 3811 2438 3864 sed
2480 3823 2537 3867 ut
2578 3832 2696 3872 cum
2737 3821 2927 3878 ﬁducia
2956 3804 3098 3882 stare
3129 3804 3481 3900 possint'ante
3512 3840 3681 3895 tribu-

2098 3895 2184 3949 nal
2233 3897 2359 3954 illud
2409 3903 2734 3962 horrendum
2761 3953 2776 3978 ,
2808 3917 3019 3982 quando
3059 3895 3230 3977 veniet
3264 3926 3566 3997 unigenitus
3591 3933 3679 3989 Da‘

2096 3986 2262 4046 Filius
2284 3993 2526 4062 judicare
2567 4001 2714 4056 vivos
2741 4015 2794 4060 et
2822 4019 3060 4065 mortuos
3087 4029 3102 4079 ;
3134 4023 3186 4068 et
3229 4025 3284 4071 nt
3318 4034 3476 4076 nemo
3501 4024 3680 4079 audiat

2097 4082 2394 4137 terribilem
2428 4086 2568 4142 illam
2600 4108 2782 4148 vocem
2810 4139 2825 4161 ,
2854 4097 3039 4154 Nescio
3068 4119 3154 4157 vos
3179 4105 3392 4175 (Matt/1.
3423 4111 3513 4166 25.
3545 4113 3672 4183 12);

2095 4179 2254 4242 atque
2285 4186 2339 4230 ut
2379 4193 2499 4234 cum
2531 4199 2658 4251 pura
2703 4192 3027 4247 conscientia
3059 4205 3112 4250 et
3137 4197 3289 4254 bonis
3314 4205 3566 4271 operibus
3594 4206 3671 4260 la-

2094 4263 2360 4322 boriosam
2386 4271 2522 4327 hanc
2555 4277 2715 4331 vitam
2746 4278 3085 4351 emetiamur,
3113 4301 3166 4344 et
3192 4294 3548 4360 procellosum
3575 4297 3673 4354 hoc

2091 4370 2238 4411 mare
2275 4365 2555 4430 tranquille
2583 4379 2930 4429 transmeent.
2963 4376 3074 4432 Dux
3107 4391 3189 4435 est
3216 4393 3391 4439 autem
3422 4389 3525 4442 illis
3546 4405 3670 4443 ora-

2090 4448 2248 4503 tionis
2278 4494 2291 4515 ,
2334 4463 2484 4521 pater
2527 4470 2579 4512 et
2634 4464 2932 4529 pra‘fectns.
2983 4469 3182 4528 Deinde
3224 4487 3506 4546 surgentes
3550 4492 3669 4551 post

2085 4550 2296 4595 sanctas
2326 4544 2442 4600 illas
2462 4559 2514 4603 et
2547 4549 2855 4622 frequentes
2873 4561 3158 4627 orationes,
3191 4567 3393 4623 oriente
3421 4572 3534 4626 sole
3560 4573 3670 4626 sin-

2082 4633 2190 4700 guli
2219 4635 2282 4688 ad
2310 4652 2461 4693 suum
2492 4657 2627 4712 opus
2653 4661 2712 4701 se
2737 4649 3018 4708 conferunt
3043 4671 3058 4719 ;
3104 4655 3228 4713 hinc
3254 4676 3504 4733 magnum
3533 4680 3661 4736 ege-

2082 4724 2165 4780 nis
2187 4741 2500 4796 proventum
2533 4749 2799 4805 parantes.

2149 4844 2201 4897 4.
2237 4841 2334 4900 Ubi
2366 4858 2489 4902 sunt
2517 4866 2656 4906 nunc
2685 4853 2757 4908 illi
2777 4859 2864 4925 qui
2893 4851 3365 4922 diabolicisehoris
3383 4883 3442 4924 se
3459 4869 3660 4927 dedunt

2077 4937 2496 5009 meretriciiSque
2526 4944 2766 4999 cantibus
2792 4988 2806 5012 ,
2837 4960 2891 5003 et
2931 4951 2981 5006 in
3023 4953 3244 5010 theatris
3283 4959 3514 5016 sedent?
3543 4961 3658 5020 Non

2076 5026 2192 5080 sine
2221 5029 2421 5095 pudore
2451 5033 2567 5086 illos
2595 5051 2892 5094 memorare
2924 5057 3138 5112 possum
3165 5064 3179 5112 ;
3213 5049 3304 5104 sed
3332 5049 3402 5104 ob
3430 5052 3656 5108 infirmi-

2075 5122 2235 5170 tatem
2287 5129 2512 5175 vestram
2544 5124 2592 5177 id
2635 5125 2809 5183 facere
2840 5145 3018 5200 operae
3049 5137 3274 5204 pretium
3309 5138 3485 5196 fuerit.
3522 5142 3653 5199 Nam

2071 5207 2143 5261 ait
2173 5209 2367 5266 Paulus
2392 5230 2404 5268 :
2435 5214 2581 5270 Sicut
2607 5219 2761 5289 igitur
2786 5224 3078 5280 exhibuistis
3107 5230 3327 5284 membra
3353 5241 3516 5288 uestra
3547 5251 3654 5288 ser-

2071 5300 2175 5353 vire
2195 5301 2525 5360 immunditiis:
2555 5349 2568 5368 ,
2596 5308 2666 5362 ita
2709 5328 2843 5366 nunc
2871 5315 3094 5370 exhibete
3122 5317 3214 5372 illa
3239 5323 3423 5376 servire
3437 5324 3654 5394 justitiw

2069 5389 2120 5443 in
2147 5394 2592 5462 sanctiﬁcationem
2620 5399 2638 5471 (
2668 5401 2815 5455 Rana.
2841 5403 2892 5459 6.
2930 5406 2998 5460 l3
3099 5408 3207 5464 Nos
3233 5411 3408 5483 itaque
3427 5389 3649 5472 chorum

2129 5592 2202 5680 tu.)
2227 5593 2303 5680 pe
2325 5595 2638 5680 fremunt?
2660 5601 2954 5680 'hujusmodi
2979 5605 3201 5680 cannae
3233 5609 3448 5680 ερεεοιιε,
3477 5595 3658 5680 Cicero:

2068 5653 2208 5763 :Zalil.
2229 5657 2258 5704 2
2281 5671 2292 5706 :
2315 5657 2564 5712 atanicatis
2605 5653 2954 5729 tatan’busque—
2973 5653 3646 5734 ιῖιιῖἆὲῗυάἶῖὧσῖιξῖιοῆ

2087 5728 2204 5779 agis.
