4074 6144
253 214 359 271 645

243 327 439 397 σκηνῇ.
475 324 570 378 καὶ
606 322 793 377 τοῦτον
826 323 990 377 αὐτὸν
1018 324 1111 378 τὸν
1137 324 1185 356 ⁸⁸
1211 325 1320 378 τῶν
1367 326 1653 397 μακαρίων
1690 323 1920 382 τούτων.

244 407 323 470 εἰς
350 403 542 476 ἡδονῆς
566 402 722 472 λόγον
759 403 827 456 δι’
868 403 935 474 ἣν
976 404 1210 474 μάλιστα
1237 403 1422 457 πολλοὶ
1447 405 1555 458 τῶν
1585 404 1846 476 ῥᾳθύμων
1878 404 1923 435 ⁸⁸

246 482 381 537 νέων
416 483 723 536 ἁλίσκονται
755 483 874 545 ταῖς
908 481 1132 535 ἐκείνων
1168 483 1382 551 παγίσι.
1430 483 1696 538 Τοσοῦτον
1722 489 1831 555 γὰρ
1864 485 1926 537 τὸ

252 565 415 635 μέσον
449 563 778 634 εὑρήσομεν,
805 562 930 614 ὅσον
962 563 1010 613 εἰ
1048 561 1296 630 ἀγγέλων
1322 580 1406 626 τις
1429 563 1662 632 ἤκουσεν
1692 563 1926 634 ᾀδόντων

249 646 363 698 ἄνω
389 644 490 714 τὴν
523 643 892 714 παναρμόνιον
928 641 1194 713 μελῳδίαν
1228 642 1465 712 ἐκείνην,
1498 643 1591 695 καὶ
1625 642 1802 696 κυνῶν
1836 642 1926 695 καὶ

251 722 449 793 χοίρων
486 721 533 754 ⁸⁸
582 720 674 773 ἐπὶ
717 720 817 790 τῆς
844 720 1077 790 κοπρίας
1111 720 1543 792 κατωρυομένων
1578 721 1622 753 ⁸⁷
1675 721 1771 774 καὶ
1798 738 1924 790 γρυ-

253 802 476 865 ζόντων.
513 800 612 854 Διά
643 799 849 854 τούτων
881 799 980 870 μὲν
1016 799 1120 870 γὰρ
1148 799 1257 851 τῶν
1293 800 1576 870 στομάτων
1613 801 1641 853 6
1671 801 1929 870 Χριστὸς,

254 881 321 934 δι’
352 879 574 945 ἐκείνων
594 879 651 932 δὲ
680 880 778 949 τῆς
810 877 1053 948 γλώττης
1083 882 1110 931 6
1138 879 1384 943 διάϐολος
1417 880 1731 948 φθέγγεται.
1770 878 1930 932 Ἀλλά

257 960 515 1033 σύριγγες
544 958 867 1029 συνηχοῦσιν
893 960 1119 1022 ἐκείνοις
1148 960 1350 1031 ἀσήμῳ
1385 963 1534 1031 φωνῇ
1567 960 1662 1013 καὶ
1706 961 1934 1032 άτερπεῖ

255 1044 321 1112 τῇ
356 1040 498 1110 ὄψει,
528 1039 636 1092 τῶν
663 1039 877 1107 γνάθων
924 1039 1108 1101 αὐτοῖς
1139 1039 1493 1109 φυσωμένων,
1538 1041 1632 1093 καὶ
1672 1039 1781 1092 τῶν
1811 1038 1933 1092 νεύ-

261 1136 369 1191 ρων
420 1118 855 1188 διασπωμένων;
914 1117 1053 1169 Ἀλλ’
1106 1117 1343 1170 ἐνταῦθα
1390 1119 1423 1188 ἡ
1470 1118 1563 1172 τοῦ
1617 1117 1935 1189 Πνεύματος

258 1199 444 1268 ἐνηχεῖ
470 1197 650 1267 χάρις,
681 1197 799 1249 ἀντὶ
831 1195 994 1248 αὐλοῦ
1025 1196 1116 1250 καὶ
1142 1195 1372 1266 κιθάρας
1400 1197 1495 1250 καὶ
1534 1196 1790 1268 σύριγγος
1825 1199 1936 1260 τοῖς

257 1274 367 1329 τῶν
416 1277 587 1344 ἁγίων
635 1275 863 1344 στόμασι
904 1276 1217 1348 κεχρημένη
1264 1276 1328 1331 ⁸⁸.
1385 1276 1603 1331 Μᾶλλον
1646 1276 1704 1330 δέ
1734 1278 1834 1330 ὅσα
1871 1278 1937 1330 ἂν

262 1357 527 1424 εἴπωμεν,
552 1355 613 1407 οὐ
636 1353 859 1407 δυνατὸν
886 1358 1135 1426 παραστῆ
1146 1373 1231 1409 σαι
1253 1357 1350 1427 τὴν
1378 1358 1569 1429 ἡδονὴν
1593 1357 1680 1411 διὰ
1709 1358 1835 1421 τοὺς
1862 1357 1940 1427 τῷ

265 1433 423 1505 πηλῷ
453 1434 549 1487 καὶ
580 1436 645 1505 τῇ
678 1433 926 1505 πλινθείᾳ
976 1435 1450 1507 προσηλωμένους.
1502 1435 1600 1489 Διὰ
1648 1436 1806 1490 τοῦτο
1846 1438 1940 1489 καὶ

263 1512 566 1582 ἐϐουλόμην
595 1514 715 1567 τινὰ
745 1514 855 1566 τῶν
881 1515 1007 1582 περὶ
1031 1515 1204 1568 ταῦτα
1238 1518 1583 1587 μαινομένων
1616 1517 1822 1584 λαϐεῖν,
1847 1516 1943 1585 καὶ

264 1593 572 1660 ἀπαγαγεῖν
601 1594 735 1651 ἐκεῖ,
779 1593 872 1645 καὶ
912 1592 1084 1659 δεῖξαι
1125 1593 1234 1647 τῶν
1283 1594 1456 1661 ἁγίων
1488 1595 1578 1648 τὸν
1617 1596 1778 1667 χορὸν
1818 1597 1942 1651 τού-

264 1688 373 1724 των
400 1671 473 1733 ⁸³,
505 1669 599 1723 καὶ
627 1670 729 1723 οὐκ
759 1670 825 1724 ἂν
865 1671 1054 1743 ἐδέησέ
1085 1690 1176 1742 μοι
1208 1673 1367 1741 λόγου
1412 1673 1620 1728 λοιπόν.
1662 1675 1807 1746 Πλὴν
1837 1677 1943 1731 κᾶν

267 1751 405 1823 πρὸς
433 1752 691 1821 πηλίνους
723 1750 1115 1821 διαλεγώμεθα,
1154 1754 1526 1825 πειρασόμεθα
1561 1757 1655 1809 καὶ
1692 1756 1772 1826 τῷ
1801 1757 1945 1829 λόγῳ

268 1830 374 1884 κᾶν
410 1830 548 1898 μετά
583 1830 779 1901 μικρὸν
809 1830 1006 1894 αὐτοὺς
1053 1832 1370 1886 ἀνασπάσαι
1399 1834 1497 1902 τῆς
1545 1834 1686 1898 ἰλύος
1717 1838 1810 1889 καὶ
1837 1840 1945 1890 τῶν

268 1909 576 1981 τελμάτων.
611 1909 852 1962 Ἐκεῖθεν
883 1910 980 1980 μὲν
1008 1910 1118 1982 γὰρ
1156 1911 1360 1976 εὐθέως
1410 1913 1523 1985 πῦρ
1556 1915 1767 1985 δέχεται
1811 1915 1948 1987 ἐρω-

269 2005 360 2052 τος
390 1989 592 2043 ἀτόπου
618 1990 646 2041 ό
670 1990 966 2059 ἀκροατής
998 1989 1073 2050 ὡς
1095 1991 1204 2061 γάρ
1225 1991 1326 2045 οὐκ
1352 1993 1628 2063 ἀρκούσης
1654 1996 1750 2065 τῆς
1773 1995 1947 2065 ὅψεως

270 2068 371 2137 τῆς
397 2069 600 2138 πόρνης
629 2066 818 2136 φλέξαι
844 2069 943 2136 τὴν
971 2068 1231 2132 διάνοιαν,
1260 2071 1357 2123 καὶ
1381 2073 1481 2141 τὴν
1512 2074 1620 2126 ἀπὸ
1640 2074 1737 2144 τῆς
1767 2075 1949 2144 φωνῆς

273 2145 624 2224 προστιθέασι
660 2145 859 2217 λύμην-
902 2147 1133 2199 ἐνταῦθα
1159 2148 1238 2210 δὲ,
1269 2149 1372 2202 κᾶν
1415 2151 1511 2222 ἔχῃ
1551 2168 1604 2204 τι
1645 2153 1943 2224 τοιοῦτονὴ

276 2223 439 2294 ψυχὴ,
480 2224 797 2279 ἀποτίθεται
824 2225 1046 2288 εὐθέως.
1095 2226 1206 2295 Οὐχ
1241 2228 1273 2295 ἡ
1321 2228 1473 2299 φωνὴ
1514 2229 1571 2282 δὲ
1618 2231 1797 2301 μόνον,
1828 2232 1950 2286 οὐδέ

280 2305 307 2372 ἡ
342 2302 484 2370 ὄψις,
507 2302 644 2357 ἀλλά
675 2306 771 2358 καὶ
796 2306 866 2359 τά
897 2305 1086 2373 ἱμάτια
1120 2305 1316 2376 μᾶλλον
1348 2306 1554 2360 τούτων
1582 2308 1800 2380 θορυϐεῖ
1824 2313 1950 2375 τοὺς

274 2381 536 2463 ὁρῶντας.
570 2382 691 2463 Kay
723 2385 890 2463 πένης
988 2402 1074 2449 τις
1103 2384 1211 2438 τῶν
1249 2386 1569 2457 παχυτέρων
1618 2389 1712 2441 καὶ
1744 2390 1951 2463 ἠμελη-

281 2462 478 2530 μένων.
503 2460 610 2514 ἀπὸ
632 2462 731 2533 τῆς
753 2461 986 2534 θεωρίας
1010 2464 1180 2534 μυρία
1202 2464 1640 2536 ἀποδυσπετήσει
1669 2460 1949 2538 πολλάκις,

277 2540 375 2623 καὶ
413 2540 551 2612 πρὸς
582 2541 775 2623 ἐαυτὸν
802 2545 937 2623 ἐρεῖ,
968 2543 1052 2623 ὅτι
1084 2542 1168 2595 Ἡ.
1187 2544 1306 2623 μὲν,
1325 2544 1497 2616 πόρνη
1540 2547 1637 2600 καὶ
1666 2550 1694 2601 ό
1723 2551 1955 2623 ἡταιρη-

279 2619 412 2682 κὼς,
451 2620 730 2691 μαγείρων
755 2621 922 2674 τέκνα
951 2620 1046 2675 καὶ
1081 2622 1452 2691 σκυτοτόμων,
1486 2619 1754 2691 πολλάκις
1776 2630 1834 2682 δέ
1859 2619 1955 2684 καὶ

279 2699 527 2762 οἰκετῶν,
555 2701 612 2752 ἐν
641 2699 879 2771 τοσαύτῃ
920 2698 1055 2765 ζῶσι
1088 2704 1287 2773 τρυφῇ·
1323 2699 1434 2768 ἐγὼ
1465 2702 1523 2757 δὲ
1553 2705 1839 2776 ἐλεύθερος
1862 2713 1954 2761 καὶ

281 2778 982 2859 ἐξέλευθέρων,γδικαίους
1023 2779 1218 2842 πόνους
1265 2780 1612 2852 αἱρούμενος.
1656 2785 1777 2839 οὐδέ
1819 2786 1952 2859 ὄναρ

280 2857 453 2912 ταῦτα
486 2858 857 2929 φαντασθῆναι
888 2857 1140 2927 δύναμαι·
1192 2859 1288 2912 καὶ
1329 2859 1502 2924 οὕτως
1536 2862 1874 2933 ἐμπρησθεὶς
1902 2857 1948 2898 ⁸)

284 2937 390 2991 ὐπὸ
417 2938 515 3009 τῆς
542 2938 781 3010 ἀθυμίας
827 2938 1064 2993 ἄπεισιν.
1103 2938 1226 2992 Ἐπὶ
1270 2939 1328 2993 δὲ
1374 2940 1485 2993 τῶν
1520 2943 1770 3013 μοναχῶν
1801 2946 1954 2999 οὐδὲν

282 3018 543 3084 τοιοῦτον,
569 3018 706 3073 ἀλλά
735 3021 830 3073 καὶ
857 3019 1164 3073 τούναντίον
1181 3018 1345 3073 ἁπαν.
1374 3021 1543 3074 Ὅταν
1561 3023 1668 3093 γάρ
1694 3024 1775 3096 ἴδῃ
1800 3025 1958 3080 πλου-

288 3098 418 3151 σίων
450 3099 642 3161 παῖδας
677 3099 774 3152 καί⁵
803 3098 1086 3169 προγόνων
1114 3096 1428 3167 περιφανῶν
1473 3100 1730 3169 ἐκγόνους
1776 3104 1819 3134 ⁸¹
1847 3119 1959 3157 τοι·

287 3176 428 3229 αῦτα
457 3176 865 3247 ἠμφιεσμένους
901 3176 1115 3246 ἰμάτια,
1145 3170 1233 3228 οἷα
1252 3177 1374 3229 οὐδέ
1400 3178 1450 3230 οἰ
1475 3177 1696 3249 ἔσχατοι
1718 3180 1828 3233 τῶν
1860 3201 1959 3235 πε-

288 3255 491 3324 νήτων,
507 3256 600 3308 καὶ
630 3256 723 3308 ἐπὶ
746 3255 920 3325 τούτῳ
941 3256 1248 3325 χαίροντας.
1279 3255 1564 3326 ἐννοήσατε
1590 3259 1635 3289 ⁸⁸
1663 3259 1836 3330 πόσην
1862 3263 1960 3330 τῆς

291 3335 482 3397 πενίας
512 3332 863 3415 πχρᾳμυθίαν
895 3334 1184 3415 δεξάμενος
1218 3334 1423 3415 ἄπεισι.
1475 3335 1593 3390 Κᾶν
1630 3337 1961 3415 πλούσιοςῇ,

294 3412 685 3481 σωφρονισθείς
733 3412 1041 3483 ἀναχωρεῖ,
1096 3412 1318 3482 βελτίων
1358 3415 1665 3484 γενόμενος.
1703 3419 1871 3472 Πάλιν
1904 3412 1962 3473 ἐν

296 3489 395 3558 μὲν
423 3489 500 3559 τῷ
519 3490 728 3568 θεάτρῳ
751 3491 878 3544 ὅταν
907 3493 1055 3545 ἴδωσι
1081 3494 1278 3562 χρυσία
1302 3497 1687 3567 περικειμένην
1714 3499 1812 3568 τὴν
1828 3499 1963 3566 πόρ-

293 3585 414 3638 νην,
444 3570 472 3621 6
510 3567 611 3637 μὲν
638 3570 806 3640 πένης
833 3568 1123 3638 οἰμώξεται
1167 3571 1261 3624 καὶ
1295 3570 1552 3643 θρηνήσει
1577 3614 1591 3640 ,
1625 3576 1724 3646 τὴν
1771 3567 1963 3630 ἐαυτοῦ

295 3650 528 3715 γυναῖκα
561 3648 713 3702 οὐδὲν
765 3648 1005 3702 τοιοῦτον
1050 3648 1273 3719 ἔχουσαν
1337 3649 1581 3720 βλέπων
1625 3652 1777 3726 [676]
1822 3657 1872 3708 οἰ
1910 3656 1965 3711 δὲ

296 3727 649 3791 πλουτοῦντες
695 3728 1056 3801 ὐπερόψονται
1087 3729 1134 3762 ⁸³
1173 3731 1267 3784 καὶ
1310 3730 1695 3786 διαπτύσουσιν
1736 3735 1844 3788 ἀπὸ
1866 3736 1965 3806 τῆς

297 3806 424 3885 θέας
448 3807 654 3878 ταύτης
682 3807 782 3871 τὰς
822 3809 1175 3873 συνοικούσας
1207 3809 1409 3873 αὐτοῖς.
1445 3811 1616 3865 Ὅταν
1644 3814 1753 3885 γὰρ
1792 3817 1884 3870 καὶ
1918 3817 1967 3850 ⁸⁸

298 3888 505 3957 σχῆμα,
533 3886 627 3941 καὶ
656 3888 892 3959 βλέμμα,
916 3891 1010 3944 καλ⁸
1039 3891 1244 3959 φωνὴν.
1267 3890 1359 3942 καὶ
1385 3889 1613 3960 βάδισιν,
1644 3894 1819 3948 πάντα
1847 3896 1965 3950 δια-

298 3968 644 4037 κεκλασμένα
677 3969 856 4040 ἐκείνη
885 3971 1101 4041 παρέχῃ
1148 3972 1259 4033 τοῖς
1288 3969 1488 4041 ὁρῶσιν
1508 4013 1522 4037 ,
1563 3974 1969 4044 ἐμπρησθέντες

298 4049 639 4119 ἀναχωροῦσι
687 4051 736 4082 ⁸⁸
758 4090 772 4110 .
805 4052 900 4103 καὶ
945 4050 1283 4121 αἰχμάλωτοι
1309 4051 1491 4103 λοιπὸν
1532 4054 1611 4115 εἰς
1641 4057 1738 4117 τὰς
1791 4056 1970 4122 οἰκίας

299 4129 636 4197 εἰσέρχονται
664 4129 762 4192 τὰς
788 4130 1015 4183 ἑαυτῶν.
1059 4128 1336 4182 Ἐντεῦθεν
1355 4131 1410 4181 αἰ
1447 4129 1633 4200 ὕϐρεις
1654 4134 1749 4185 καὶ
1770 4135 1825 4187 αἱ
1848 4137 1961 4189 άτι-

305 4208 445 4279 μίαι,
479 4207 727 4260 ἐντεῦθεν
749 4211 804 4260 αἱ
838 4208 1146 4277 ἀπέχθειαι,
1181 4208 1230 4259 οἰ
1267 4207 1514 4277 πόλεμοι,
1559 4210 1608 4261 οἱ
1647 4210 1869 4265 θάνατοι
1919 4218 1970 4269 οἰ

303 4288 665 4358 καθημερινοί
690 4306 701 4318 ·
738 4286 987 4338 ἐντεῦθεν
1018 4285 1248 4348 ἀϐίωτος
1272 4288 1383 4348 τοῖς
1415 4285 1630 4339 ἁλοῦσιν
1654 4290 1682 4341 ὁ
1709 4289 1842 4358 βίος,
1875 4295 1971 4348 καὶ

303 4367 337 4437 ἡ
367 4367 688 4420 συνοικοῦσα
735 4365 919 4418 λοιπὸν
945 4364 1134 4434 ἀηδὴς.
1168 4364 1262 4417 καὶ
1289 4364 1358 4416 τὰ
1391 4365 1575 4418 παιδία
1617 4368 1714 4438 οὐχ
1772 4372 1972 4442 ὁμοίως

304 4446 548 4509 ποθεινὰ,
573 4447 666 4501 καὶ
687 4444 865 4498 πάντα
886 4447 997 4499 ἄνω
1029 4447 1123 4500 καὶ
1155 4446 1306 4497 κάτω
1330 4444 1397 4497 τὰ
1414 4445 1514 4515 τῆς
1540 4447 1735 4509 οἰκίας.
1763 4452 1858 4504 καὶ
1879 4452 1970 4505 ὐπ’

304 4528 474 4597 αὐτῆς
496 4526 675 4581 λοιπὸν
703 4526 802 4597 τῆς
848 4528 1061 4591 ἀκτῖνος
1104 4525 1435 4598 ἐνοχλεῖσθαι
1472 4525 1637 4582 δοκεῖ.
1698 4530 1838 4584 Ἀλλ’
1871 4535 1972 4590 οὐκ

303 4608 412 4662 ἀπὸ
444 4608 553 4661 τῶν
581 4607 759 4679 χορῶν
789 4607 993 4660 τούτων
1017 4607 1180 4678 ἀηδία
1207 4622 1288 4670 τις
1323 4605 1542 4678 τοιαύτη
1565 4624 1577 4637 ·
1614 4608 1727 4663 ἀλλ’
1760 4612 1967 4684 ἥμερον

305 4689 400 4743 καὶ
430 4688 603 4757 πρᾶον
635 4687 844 4755 δέξεται
876 4687 923 4719 ⁸⁵
960 4688 993 4756 ἡ
1026 4686 1159 4757 γυνὴ
1196 4685 1288 4739 τὸν
1323 4686 1525 4757 ἄνδρα,
1558 4688 1738 4759 πάσης
1780 4693 1972 4764 ἡδονῆς
2016 4717 2034 4730 ι

305 4767 507 4820 ἀτόπου
536 4765 974 4836 ἀπηλλαγμένον,
1001 4767 1095 4819 καὶ
1121 4764 1483 4836 εὐκολώτερον
1508 4766 1655 4835 αὐτῴ
1686 4771 1967 4840 χρήσεται,

305 4847 338 4917 ἢ
374 4847 479 4917 πρδ
500 4845 706 4899 τούτου.
750 4844 986 4898 Τοιαῦτα
1012 4846 1040 4896 6
1069 4845 1167 4915 μὲν
1195 4846 1354 4916 χορὸς
1379 4847 1585 4908 ἐκεῖνος
1608 4847 1779 4901 τίκτει
1801 4848 1967 4913 κακὰ,

380 4956 426 4986 ιδ
463 4954 553 5006 τόν
580 4970 688 5007 om.
712 4953 775 5007 K.
804 4954 990 5007 τοῦτον
1014 4954 1175 5007 αὐτὸν
1196 4953 1310 5023 τὸν]

311 5024 440 5078 Snv.
488 5023 619 5078 Ben.

310 5166 376 5220 G.
402 5163 477 5220 Μ.
503 5164 738 5235 defossos
770 5164 865 5235 Ge.

1016 210 1073 266 S.
1109 209 1393 267 JOANNlS
1425 206 1920 267 CIIRYSOSTOMI
1959 204 2277 264 ARCIIIEP.
2321 208 2871 266 CONSTANTINOP.

1355 4953 1558 5007 τούτων
1582 4956 1757 5008 αὐτῶν
1790 4958 1880 5011 τόν
1914 4959 1949 5012 Μ

2093 4957 2299 5011 τούτων
2346 4953 2524 5007 αὐτῶν
2551 4952 2614 5007 G.
2651 4952 2721 5007 Μ.
2756 4951 2883 5006 Sav.
2933 4951 3061 5007 Ben.
3101 4953 3193 5006 sed

721 5024 768 5096 θ’
809 5023 1193 5096 ῥᾳθυμούντων
1224 5021 1305 5077 Ιι.
1365 5023 1411 5054 ⁸⁶
1455 5044 1473 5075 ι
1505 5027 1600 5078 καὶ
1647 5027 1845 5096 χοίρων
1876 5029 1949 5082 de:

2061 5031 2112 5081 in
2157 5027 2292 5096 Mor.
2323 5045 2341 5076 ι
2381 5023 2457 5095 [et
2503 5022 2659 5096 Sag]
2704 5021 2929 5096 Monl_ef.
2965 5021 3327 5096 Deeslgtiam'
3356 5023 3410 5076 in
3442 5022 3745 5096 codicibus,

308 5094 599 5174 'ﬂququpl‘
615 5095 742 5149 mihi
770 5093 1253 5174 BI'TSll?-fl::ﬁl'llllli
1297 5093 1690 5174 seul_aguoscil}
1718 5093 1948 5174 aint-arum

2055 5099 2082 5174 ,ι
2112 5095 2290 5174 κυνῶν
2310 5093 2801 5174 ριεξιέιενιιιξιιὸηέίο,
2849 5093 3049 5174 ιῃιεςρ.

942 5164 986 5238 ῗδ
1026 5162 1296 5238 Ῑξέθθξῖοἶί
1316 5180 1376 5238 τε
1391 5162 1539 5238 ἀοίσἴ
1572 5167 1887 5238 κεχρημένη
1917 5184 2022 5223 non
2065 5169 2269 5238 habent

2029 314 2183 396 οῦτος
2216 324 2273 379 δὲ
2311 324 2528 394 ἀγαθά’
2569 326 2597 378 6
2626 325 2724 395 μὲν
2773 324 2881 378 ἀπὸ
2931 323 3218 396 προϐάτων
3256 322 3454 386 λύκους
3508 323 3696 387 ποιῶν,

2026 395 2180 466 οὗτος
2201 404 2243 435 ⁵⁷
2267 404 2322 457 δὲ
2343 405 2450 458 ἀπὸ
2479 403 2658 458 λύκων
2680 404 2928 475 ἁρνειούς
2948 395 3335 474 ἐργαζόμενος.
3382 401 3520 455 Ἀλλ’
3547 400 3700 455 οῦπω

2028 483 2157 551 περὶ
2182 482 2281 551 τῆς
2310 483 2500 555 ἡδονῆς
2523 484 2676 539 οὐδὲν
2700 483 2908 537 οὐδέπω
2933 483 2980 514 ³⁸
3005 483 3143 553 τάχα
3171 483 3490 554 εἰρήκαμεν.
3515 482 3624 536 Καὶ
3646 482 3701 535 τί

2028 560 2222 626 γένοιτ’
2252 562 2318 616 ἂν
2357 565 2507 635 ῆδιον
2536 563 2630 617 τοῦ
2658 564 2732 634 μὴ
2766 561 3111 628 θορυϐεῖσθαι
3135 563 3268 632 μηδέ
3297 561 3582 615 ὀδυνᾶσθαι
3602 561 3702 631 τὴν

2029 638 2285 705 διάνοιαν,
2324 644 2459 714 μηδέ
2490 644 2717 715 ἀθυμεῖν
2740 644 2833 696 καὶ
2869 643 3074 697 στένειν
3099 658 3113 706 ;
3146 639 3291 711 Πλὴν
3319 639 3455 695 ἀλλὰ
3481 640 3578 693 καὶ
3602 657 3700 692 πε-

2033 720 2268 793 ραιτέρω
2294 723 2388 776 τὸν
2436 724 2592 791 λόγον
2648 724 3073 793 προαγάγωμεν,
3128 722 3222 774 καὶ
3282 720 3551 790 ἑκατέρας
3604 719 3705 789 τῆς

2030 798 2172 868 ᾠδῆς
2204 801 2298 854 καὶ
2346 804 2445 873 τῆς
2489 802 2614 865 θέας
2640 803 2684 833 ³⁸
2712 801 2810 872 τὴν
2847 801 3144 854 ἀπόλαυσιν
3197 797 3572 868 ἐξετάσωμεν·
3610 800 3706 853 καὶ

2032 876 2275 948 ὀψόμεθα
2306 881 2405 947 τὴν
2440 883 2538 952 μὲν
2570 881 2761 952 μέχρις
2792 881 3033 952 ἑσπέρας
3080 880 3367 949 μένουσαν,
3398 876 3503 941 ἕως
3545 879 3613 931 ἂν
3648 879 3707 930 ἐν

2033 956 2110 1026 τῷ
2146 957 2358 1029 θεάτρῳ
2385 960 2682 1029 καθέζηται
2708 961 2736 1013 6
2760 959 2978 1029 θεατὴς,
3021 958 3159 1029 μετά
3197 958 3254 1011 δὲ
3282 957 3454 1013 ταῦτα
3482 957 3707 1027 κέντρου

2037 1036 2238 1101 παντὸς
2259 1037 2636 1109 χαλεπώτερον
2658 1037 2895 1091 ἀνιῶσαν
2930 1038 3127 1091 αὐτόν·
3166 1036 3402 1090 ἐνταῦθα
3435 1036 3492 1088 δὲ
3532 1035 3711 1104 διηνε-

2036 1116 2147 1180 κῶς
2167 1117 2584 1186 ἐνακμάζουσαν
2609 1119 2729 1179 ταῖς
2751 1119 2951 1187 ψυχαῖς
2971 1117 3078 1169 τῶν
3098 1115 3439 1187 ἑωρακότων.
3469 1115 3578 1167 Καὶ
3603 1113 3712 1183 γάρ

2037 1196 2134 1248 καὶ
2162 1195 2271 1248 τῶν
2303 1195 2511 1268 ἀνδρῶν
2551 1197 2643 1249 τὸν
2671 1196 2861 1257 τύπον,
2893 1196 2987 1249 καὶ
3018 1196 3112 1248 τοῦ
3156 1195 3324 1248 τόπου
3361 1195 3424 1247 τὸ
3459 1192 3711 1263 τερπνὸν,

2040 1273 2136 1326 καί⁵
2168 1273 2267 1342 τῆς
2288 1274 2567 1344 διαγωγῆς
2594 1275 2655 1328 τὸ
2686 1275 2879 1344 γλυκὺ,
2903 1276 2997 1328 καὶ
3023 1277 3123 1346 τῆς
3152 1275 3429 1336 πολιτείας
3448 1273 3509 1326 τὸ
3538 1272 3713 1325 καθα-

2041 1353 2154 1424 ρὸν,
2186 1355 2403 1424 καὶτῆς
2441 1355 2733 1425 καλλίστης,
2762 1354 2905 1424 ᾠδῆς
2939 1355 3033 1408 καὶ
3059 1353 3439 1425 πνευματικῆς
3485 1353 3585 1424 τὴν
3621 1351 3718 1422 χά-

2043 1450 2148 1504 ριν,
2179 1433 2393 1502 έχουσιν
2447 1436 2659 1497 ἑαυτοῖς
2693 1435 2739 1464 “⁰
2770 1434 3063 1497 διαπαντὸς
3118 1433 3450 1497 ἐνιξὰνοντα.
3493 1433 3557 1485 Οἱ
3585 1431 3716 1499 γοῦν

2041 1517 2246 1568 τούτων
2275 1514 2637 1580 ἀπολαύοντες
2671 1516 2938 1586 διηνεκῶς
2980 1516 3088 1568 τῶν
3138 1515 3373 1584 λιμένων
3424 1513 3491 1575 σι,
3527 1511 3718 1581 ὥσπερ

2043 1595 2163 1648 τινὰ
2183 1595 2427 1665 χειμῶνα
2447 1595 2631 1649 λοιπὸν
2653 1595 2915 1665 φεύγουσι
2931 1594 3040 1647 τῶν
3062 1594 3268 1647 πολλῶν
3288 1594 3416 1656 τοὺς
3432 1590 3716 1662 θορύϐους.

2045 1674 2158 1726 Οὐκ
2187 1674 2403 1745 ᾄδοντες
2439 1674 2494 1728 δὲ
2534 1674 2692 1744 μόνον
2717 1676 2811 1727 καὶ
2842 1676 2885 1706 ⁸⁸
2918 1674 3233 1744 εὐχόμενοι,
3275 1671 3415 1726 ἀλλὰ
3458 1671 3555 1723 καὶ
3599 1671 3721 1731 ταῖς

2047 1753 2248 1824 βίϐλοις
2283 1754 2714 1824 προσηλωμένοι,
2762 1754 2991 1824 τερπνόν
3019 1770 3071 1806 τι
3128 1752 3311 1821 θέαμα
3362 1752 3477 1812 τοῖς
3522 1746 3722 1818 όρῶσίν

2046 1833 2202 1885 εἰσιν.
2239 1831 2487 1886 Ἐπειδὰν
2531 1832 2641 1900 γὰρ
2689 1831 2782 1885 τὸν
2826 1832 2986 1903 χορὸν
3035 1831 3377 1894 διαλύσωσιν,
3422 1830 3452 1881 ὁ
3499 1829 3598 1897 μὲν
3630 1826 3723 1880 τὸν

2058 1910 2286 1964 Ἡσαΐαν
2316 1910 2495 1963 λαϐὼν
2524 1911 2717 1981 ἐκείνω
2743 1911 3071 1979 διαλέγεται,
3100 1913 3128 1963 6
3155 1911 3211 1965 δὲ
3245 1912 3362 1973 τοῖς
3399 1906 3725 1967 ἀποστόλοις

2046 1994 2242 2064 ὁμιλεῖ,
2278 1994 2461 2063 ἕτερος
2509 1995 2578 2048 τά
2611 1996 2740 2066 παρ’
2774 1994 2975 2065 ἐτέρων
3029 1992 3331 2062 πονηθέντα
3381 1991 3581 2051 ἔπεισι,
3631 1986 3725 2066 καὶ

2049 2073 2328 2142 φιλοσοφεί
2349 2074 2476 2144 περὶ
2507 2074 2551 2105 ⁸³
2575 2073 2732 2136 Θεοῦ,
2755 2074 2883 2144 περὶ
2908 2072 3062 2126 τοῦδε
3089 2071 3183 2124 τοῦ
3213 2070 3432 2133 παντὸς,
3464 2068 3596 2137 περὶ
3618 2065 3728 2119 τῶν

2048 2151 2359 2222 ὁρωμένων,
2382 2143 2511 2223 περί⁹
2539 2152 2647 2204 τῶν
2670 2143 2939 2224 ἀοράτων,
2975 2152 3105 2221 περὶ
3133 2149 3429 2219 αἰσθητῶν,
3460 2147 3589 2217 περὶ
3609 2160 3728 2224 νοη-

2049 2232 2179 2293 τῶν,
2214 2232 2457 2302 περὶτῆς
2489 2231 2760 2295 εὐτελείας
2780 2230 2970 2284 τούτου
2998 2230 3092 2284 τοῦ
3120 2230 3235 2301 βίου
3265 2229 3330 2295 ⁸⁸,
3360 2228 3487 2299 περί
3511 2227 3611 2297 τῆς
3631 2223 3727 2279 τοῦ

2055 2311 2337 2382 μέλλοντος
2374 2304 2784 2381 μεγαλειότητος
2816 2312 2883 2363 ⁸³.

2123 2388 2182 2443 ε’.
2214 2390 2320 2444 Καὶ
2346 2389 2637 2458 τρέφονται
2666 2389 2873 2460 τροφὴν
2903 2389 3151 2460 ἀρίστην,
3186 2387 3248 2440 οὐ
3279 2387 3486 2457 σάρκας
3517 2382 3729 2450 ἀλόγων

2054 2468 2156 2537 ἔψη
2164 2467 2330 2538 μένας
2357 2467 2804 2538 παρατιθέμενοι,
2828 2467 2965 2523 ἀλλὰ
2984 2468 3139 2536 λόγια
3159 2467 3295 2520 Θεοῦ
3320 2467 3461 2536 ὑπὲρ
3490 2464 3611 2536 μέλι
3634 2461 3731 2515 καὶ

2054 2549 2265 2620 κηρίον.
2295 2547 2414 2617 μέλι
2441 2547 2764 2617 θαυμάσιον,
2801 2549 2894 2600 καὶ
2913 2546 3092 2616 πολλῷ
3118 2549 3363 2618 κρεῖττον
3397 2545 3432 2616 ἢ
3464 2541 3608 2597 κατὰ
3630 2541 3731 2620 τῂν

2055 2619 2264 2700 ἔρημον
2299 2629 2328 2681 6
2383 2627 2637 2698 Ἰωάννης
2680 2627 2742 2679 τὸ
2780 2625 3008 2679 παλαιὸν
3055 2627 3304 2680 ἐσιτεῖτο.
3344 2624 3418 2677 Τὸ
3471 2622 3579 2693 γάρ
3610 2619 3732 2692 μέλι

2056 2709 2213 2762 τοῦτο
2238 2708 2300 2759 οὐ
2336 2705 2581 2778 μέλιτταί
2610 2723 2754 2770 τινες
2782 2706 2973 2778 ἄγριαι
2992 2709 3106 2771 τοῖς
3138 2705 3353 2761 ἄνθεσιν
3381 2703 3732 2772 ἐφιζάνουσαι

2063 2786 2412 2854 συλλέγουσιν
2435 2824 2450 2847 ,
2501 2784 2621 2838 οὐδέ
2658 2785 2849 2855 δρόσον
2906 2786 3269 2839 πεπαίνουσαι
3318 2785 3431 2847 τοῖς
3483 2780 3735 2852 σίμϐλοις

2060 2868 2267 2920 ἐνιᾶσιν
2288 2882 2300 2896 ·
2339 2864 2452 2918 ἀλλ’
2486 2866 2519 2934 ἡ
2552 2863 2646 2917 τοῦ
2678 2866 2996 2935 Πνεύματος
3029 2861 3516 2926 κατασκευάζουσα
3549 2859 3732 2930 χάρις,

2056 2945 2176 2999 ἀντὶ
2210 2943 2421 3014 κηρίων
2449 2943 2544 2996 καὶ
2568 2943 2814 3014 σίμϐλων
2837 2945 2933 2999 καὶ
2959 2943 3244 3015 συρίγγων
3268 2944 3390 3006 ταῖς
3416 2940 3526 2994 τῶν
3563 2941 3733 3008 ἁγίων

2058 3021 2434 3076 ἐναποτίθεται
2481 3024 2717 3092 ψυχαῖς.
2745 3021 2886 3075 ὥστε
2933 3018 3073 3076 εἶναι
3117 3020 3197 3092 τῷ
3243 3020 3554 3091 βουλομένῳ
3599 3018 3734 3090 μετὰ

2059 3102 2243 3164 ἀδείας
2284 3101 2488 3155 ἐσθίειν
2525 3100 2811 3171 διηνεκῶς.
2858 3101 3075 3164 Ταύτας
3103 3102 3167 3170 δὴ
3202 3097 3297 3154 οῦν
3329 3100 3429 3163 τὰς
3481 3099 3735 3168 μελίττας

2061 3183 2156 3237 καὶ
2189 3182 2345 3235 αὐτοὶ
2395 3181 2743 3251 μιμούμενοι,
2782 3184 3168 3252 περιῖπτανται
3210 3182 3324 3245 τοῖς
3374 3180 3593 3251 κηρίοις
3627 3177 3736 3231 τῶν

2062 3260 2233 3329 ἁγίων
2262 3259 2503 3331 βιϐλίων,
2536 3258 2737 3329 πολλὴν
2762 3259 3012 3313 ἐντεῦθεν
3042 3260 3365 3330 δρεπόμενοι
3390 3258 3489 3329 τὴν
3520 3256 3734 3326 ἡδονήν.

2063 3341 2172 3395 Καὶ
2206 3342 2254 3394 εἰ
2284 3339 2460 3411 βούλει
2500 3338 2690 3409 μαθεῖν
2714 3340 2814 3409 τὴν
2842 3337 3123 3407 τράπεζαν
3149 3340 3248 3410 τὴν
3282 3338 3528 3402 ἐκείνων,
3569 3335 3737 3403 ἐγγὺς

2063 3419 2255 3488 γενοῦ,
2305 3411 2400 3473 καῖ
2444 3418 2566 3487 ὄψει
2618 3417 2845 3471 τοιαῦτα
2896 3418 3288 3488 ἐρευγομένους
3333 3416 3483 3488 [677]
3516 3415 3733 3476 αὐτοὺς,

2066 3499 2310 3570 προσηνῆ
2362 3498 2540 3551 πάντα
2581 3498 2675 3550 καὶ¹
2704 3497 2833 3564 ἡδέα
2854 3537 2869 3556 .
2914 3498 3007 3551 καὶ
3046 3498 3274 3560 εὐωδίας
3304 3499 3543 3566 γέμοντα
3570 3510 3737 3547 πνευ-

2070 3577 2325 3648 ματικῆς.
2358 3576 2526 3630 Οὐδὲν
2557 3576 2781 3646 αἰσχρὸν
2827 3578 3011 3630 ἐκεῖνα
3043 3576 3112 3629 τά
3157 3576 3399 3645 στόματα
3430 3574 3737 3641 ἐξενεγκεῖν

2066 3658 2293 3711 δύναται
2338 3657 2510 3726 ῥῆμα,
2554 3654 2708 3708 οὐδὲν
2751 3656 3120 3725 εὐτράπελον,
3154 3655 3306 3708 οὐδὲν
3348 3654 3558 3726 τραχὺ.
3602 3650 3739 3705 ἀλλὰ

2068 3738 2246 3791 πάντα
2275 3736 2382 3789 τῶν
2409 3734 2655 3807 οὐρανῶν
2682 3735 2809 3801 ἄξια
2829 3776 2841 3788 .
2873 3735 2987 3788 Οὐκ
3018 3735 3084 3788 ἄν
3112 3751 3194 3798 τις
3233 3733 3470 3806 ἁμάρτοι
3492 3775 3507 3797 ,
3539 3731 3609 3784 τὰ
3642 3729 3738 3801 μὲν

2070 3818 2315 3887 στόματα
2346 3814 2454 3868 τῶν
2500 3813 2708 3868 πολλῶν
2748 3813 2857 3867 τῶν
2902 3815 2962 3867 ἐν
3013 3815 3237 3883 ἀγοραῖς
3289 3814 3602 3883 συρομένων
3644 3809 3739 3862 καὶ

2070 3897 2207 3968 πρὸς
2250 3896 2318 3950 τὰ
2366 3893 2594 3965 βιωτικὰ
2642 3893 3000 3957 λυσσώντων,
3039 3893 3298 3964 βορϐόρου
3342 3894 3491 3956 τινὸς
3532 3892 3740 3962 ὀχετοῖς

2071 3974 2457 4047 παραϐάλλων,
2489 3972 2556 4026 τά
2589 3971 2646 4025 δὲ
2682 3971 2907 4035 τούτων,
2950 3976 3154 4043 πηγαῖς
3198 3972 3320 4043 μέλι
3353 3971 3604 4040 ῥεούσαις
3646 3968 3741 4021 καὶ

2071 4058 2289 4125 νάματα
2339 4052 2701 4125 προχεούσαις
2735 4052 2971 4121 καθαρά.
3030 4053 3092 4106 Εἰ
3133 4053 3191 4107 δέ
3231 4070 3316 4115 τις
3343 4052 3738 4121 ἐδυσχέρανεν,

2072 4138 2153 4191 ὅτι
2182 4136 2251 4189 τά
2278 4134 2386 4187 τῶν
2408 4133 2619 4186 πολλῶν
2650 4133 2696 4164 ⁸⁸
2727 4132 2986 4203 βορϐόρου
3012 4134 3156 4197 τινος
3180 4136 3475 4203 προσεῖπον
3495 4132 3739 4201 ὀχετοὺς.

2074 4219 2206 4271 ῖστω
2235 4215 2316 4268 ὅτι
2356 4214 2561 4285 σφόδρα
2603 4211 2919 4281 φειδόμενος
2950 4209 3127 4268 εἷπον.
3162 4214 3226 4265 Ἦ
3251 4213 3359 4283 γὰρ
3388 4211 3580 4282 Γραφὴ
3619 4208 3740 4261 οὐδὲ

2071 4295 2247 4366 τούτῳ
2280 4294 2544 4363 κέχρηται
2579 4292 2658 4361 τῷ
2697 4292 2911 4363 μέτρῳ,
2948 4292 3064 4346 ἀλλ’
3090 4293 3263 4364 ἑτέρῳ
3305 4291 3483 4361 πολλῷ
3518 4289 3744 4359 σφοδρο-

2073 4375 2216 4445 τέρῳ
2250 4372 2672 4443 παραδείγματι.
2720 4371 2825 4438 Ἰὸς
2851 4371 2980 4441 γάρ,
3013 4374 3200 4441 φησιν,
3231 4369 3505 4426 ἀσπίδων
3524 4368 3645 4423 ὑπὸ
3671 4368 3745 4421 τὰ

2076 4455 2247 4523 χείλη
2269 4450 2488 4512 αὐτῶν,
2510 4451 2605 4503 καὶ
2629 4449 2817 4519 τάφος
2837 4451 3209 4520 ἀνεῳγμένος
3225 4453 3257 4504 ὁ
3276 4448 3507 4517 λάρυγξ
3522 4445 3742 4501 αὐτῶν.

2091 4534 2226 4587 Ἀλλ’
2249 4532 2310 4586 οὐ
2335 4530 2402 4584 τὰ
2427 4530 2649 4582 ἐκείνων
2671 4528 2913 4593 τοιαῦτα,
2946 4528 3061 4583 ἀλλ’
3084 4528 3308 4591 εὐωδίας
3328 4527 3487 4597 γέμει
3521 4526 3742 4595 πολλῆς.

2080 4615 2190 4667 Καὶ
2235 4612 2305 4668 τά
2354 4609 2454 4679 μὲν
2503 4606 2737 4662 ἐνταῦθα
2789 4607 3040 4661 τοιαῦτα·
3068 4607 3139 4660 τά
3181 4607 3239 4660 δὲ
3278 4608 3397 4659 ἐκεῖ
3430 4607 3580 4668 ποῖος
3612 4606 3746 4673 ἡμῖν

2080 4690 2423 4761 παραστήσει
2450 4686 2634 4755 λόγος;
2658 4686 2787 4739 ποία
2814 4689 3055 4757 ἐννοήσει
3076 4686 3315 4749 διάνοια;
3346 4685 3445 4756 τὴν
3470 4682 3621 4751 λῆξιν
3647 4680 3747 4749 τὴν

2077 4769 2400 4837 ἀγγελικὴν,
2449 4765 2546 4835 τὴν
2587 4765 2964 4836 μακαριότητα
2998 4765 3096 4835 τὴν
3127 4765 3439 4834 ἄφραστον,
3475 4764 3545 4815 τά
3576 4762 3748 4833 ἀπόρ-

2079 4851 2219 4919 ρητα
2243 4847 2286 4878 ⁸⁷
2314 4843 2527 4912 ἀγαθά;
2556 4842 2708 4912 Τάχα
2737 4841 2920 4895 πολλοὶ
2946 4842 3368 4915 διεθερμάνθητε
3400 4842 3519 4906 νῦν,
3548 4842 3643 4894 καὶ
3667 4842 3748 4905 είς

3226 4969 3277 5021 p.
3321 4968 3371 5022 p.
3405 4951 3611 5004 τούτων
3632 4966 3743 5005 om.

2700 5095 2801 5174 Ldo,
2849 5093 3049 5179 ιριεςρ.
3081 5162 3125 5179 η
3149 5094 3193 5125 ⁸⁷
3238 5093 3746 5179 κατορωρυγμένων

2358 5208 2368 5218 .
2401 5163 2470 5218 Μ.
2546 5163 2591 5196 δ’
2631 5161 3040 5234 τοῦτονηϐηΜ.
3078 5162 3210 5234 Mox,
3232 5161 3628 5234 πειρασώμεθα

312 5235 373 5307 μ,
475 5236 521 5307 ιιι
555 5231 1099 5307 ἐμπλησθ-είς-βο-ᾼυ
1137 5232 1228 5288 Sic
1242 5231 1321 5307 _G.
1354 5233 1417 5287 L.
1453 5235 1611 5307 vu_|gu
1637 5231 1899 5305 ἐγγόνους

2058 5233 2404 5307 ἐννόησον
2533 5234 2707 5307 πόσην
2731 5232 2853 5305 τῆς]
2886 5231 3061 5307 πόσης
3199 5233 3269 5287 Μ.
3312 5231 3645 5307 fagi/6W6:
3677 5231 3742 5287 ϐ.

313 5306 381 5362 M.
459 5305 505 5338 “
534 5302 627 5361 καί
651 5302 762 5363 oni.
786 5305 850 5361 G.
885 5304 956 5359 M.
995 5303 1113 5361 Mox
1159 5304 1254 5358 γαί
1290 5314 1418 5375 ante
1459 5302 1637 5375 πάντα
1676 5302 1845 5361 ίιέΙονί
1873 5322 1940 5362 ου

2055 5307 2097 5362 ἶ.
2131 5302 2392 5375 ιιρκηιι.
2469 5306 2514 5337 ⁸⁸
2554 5302 2851 5375 καῖ’ἐμπήρζ
2874 5304 3273 5375 ἀναχωρήσωσι
3393 5303 3464 5357 Μ.
3500 5304 3595 5356 καί
3621 5310 3748 5375 ante

312 5375 647 5447 αἰχμάλωτοι
677 5394 788 5434 om.
822 5378 888 5432 (ἓ.

314 5446 377 5503 G.
416 5446 487 5500 Μ.
519 5446 590 5501 cf.
624 5464 675 5517 p.
709 5448 814 5501 675
840 5447 899 5502 ῐ).
978 5447 1023 5478 ⁰⁰
1045 5448 1071 5498 ἐ

317 5517 380 5572 ll.
411 5518 471 5574 L.
550 5518 593 5548 ⁸⁸
628 5517 742 5590 καὶ]
765 5518 883 5590 οὐδέ
904 5516 979 5590 7K.
1011 5515 1073 5570 L.

313 5592 632 5668 ὁρωμένων,
652 5586 813 5668 ἢπερ).
844 5589 953 5668 τῶν
992 5586 1226 5668 νοητῶν⁹

320 5794 467 5866 Ben;
483 5795 582 5865 τὴν
618 5794 1061 5865 μακαριωτάτην,
1086 5798 1152 5847 τά
1177 5795 1428 5862 άξραστα
1450 5797 1542 5849 καὶ
1574 5795 1670 5847 ἀπ.
1706 5795 1771 5851 G.
1804 5794 1875 5851 M.

965 5376 1012 5409 "‘
1049 5376 1260 5441 δέξαιτο
1297 5374 1363 5430 G.
1414 5375 1477 5428 Κ.
1517 5373 1591 5428 Μ.
1668 5376 1712 5408 ³⁷
1749 5376 1906 5439 αὐτός

2063 5376 2129 5431 Η.
2162 5376 2227 5431 Κ.
2267 5374 2336 5427 Μ.
2413 5376 2459 5407 ⁵⁸
2490 5373 2716 5428 οὐδέπω
2739 5373 2848 5428 mil.
2883 5373 2944 5428 Κ.
2978 5377 3037 5425 ι..

624 5464 675 5517 p.
709 5448 814 5501 675
840 5447 899 5502 ῐ).
978 5447 1027 5517 “ﬁ
1045 5448 1257 5517 ἑαυτοῖς
1304 5448 1365 5517 ἐν
1389 5446 1573 5510 αὐτοῖς
1600 5444 1857 5517 L._c:elcri
1883 5448 1949 5501 αὐ

2055 5465 2065 5510 ;
2102 5451 2159 5501 ἐν
2191 5448 2401 5517 ἑαυτοῖς
2436 5444 2571 5499 Edd.
2606 5460 2657 5513 p.
2690 5461 2742 5512 p.
2772 5443 3214 5517 ἐνιζάεφυσανΚ.
3392 5444 3433 5474 ⁶¹
3467 5442 3747 5517 λειμώνων

1153 5516 1198 5598 ξ³
1224 5516 1374 5602 περὶ]
1407 5516 1618 5602 δέηπερί
1647 5515 1712 5571 G.
1749 5516 2106 5602 βιηπερῖτῶχ
2133 5516 2475 5602 όρωημένωνιε

1312 5603 1339 5640 e
1361 5586 1696 5651 'visibilibus,
1726 5588 1791 5641 de
1829 5586 2185 5642 inuisibilibus
2226 5586 2324 5641 Ge.

314 5653 920 5738 c512}é!'i..‘§05'pi?v',_505
951 5653 1224 5738 παρόντος
1244 5655 1523 5738 βίουΛΕιιοί.
1564 5725 1576 5737 ⁸
1602 5657 1646 5687 ⁸⁸
1682 5659 1949 5738 μακαριότ

2055 5657 2177 5738 ςυσ-
2213 5654 2379 5738 ιιοιί-
2415 5653 2617 5738 Me-
2686 5654 2739 5738 ξς

314 5725 466 5797 τούςι
497 5726 590 5797 Sic
618 5724 686 5779 Κ.
710 5726 771 5778 L.
800 5726 872 5779 Μ.
906 5724 1063 5797 uulgi)
1090 5726 1314 5797 ὀχετοῖς.
1351 5725 1596 5797 Οοιϊεχίζ
1627 5740 1659 5779 e
1680 5724 1854 5797 6g)in
1889 5742 1949 5782 su

2055 5728 2213 5782 Edilor
2298 5725 2430 5781 Ben.
2467 5724 2580 5778 2d“.

3114 5373 3353 5446 ⁸εἠθέοις]
3375 5375 3498 5446 adq.
3541 5372 3748 5446 ταύτης

2511 5553 2528 5567 .
2558 5556 2573 5572 .
2594 5512 2625 5585 ί.
2673 5512 2907 5585 νοητῶν]
2940 5514 3030 5585 Sic
3063 5514 3200 5585 Equ.
3235 5514 3452 5585 codices
3478 5514 3607 5585 περὶ
3640 5512 3748 5585 τῶν

2428 5585 2475 5657 ἐξ
2511 5584 2711 5657 τούτου.
2741 5580 2852 5657 τοῦ
2874 5580 2951 5657 ﬂ.)
2988 5583 3182 5657 δῖοι.
3219 5584 3313 5657 τοῦ
3351 5583 3403 5653 β.
3453 5580 3644 5657 τούτου
3676 5580 3743 5635 H.

2908 5654 3006 5726 ῶν]
3032 5655 3163 5726 add.
3194 5655 3446 5726 στόματαῄ
3463 5653 3597 5708 Edd.
3619 5653 3746 5726 όχε-

2686 5724 2729 5756 η
2761 5724 2860 5794 τὴν
2892 5741 2952 5795 μ,
2983 5722 3055 5777 ea;
3083 5725 3336 5794 ἄφραστοι
3369 5724 3462 5777 καὶ
3490 5726 3586 5777 ἀπ.
3613 5722 3741 5778 Sav.

3592 200 3691 257 ϐίθ
3803 229 3806 232 ~
