4074 6144
337 208 442 265 655

339 321 487 377 illum
531 313 870 371 meretricum
901 300 1182 363 mulierum
1219 303 1236 334 ⁸
1272 301 1614 371 exploremus
1639 335 1654 358 ,
1683 309 1780 347 nec
1808 306 1914 344 non

337 422 703 482 corruptorum
726 409 1002 478 juvenum,
1032 402 1122 471 qui
1148 407 1292 454 stant
1317 397 1369 449 in
1397 397 1556 449 scena
1575 421 1593 454 ~,
1623 397 1676 442 et
1696 398 1915 452 compa-

338 481 514 561 remus
541 517 636 559 eos
654 516 776 556 cum
805 499 886 552 his
911 494 1080 552 beatis
1108 491 1236 546 viris
1267 530 1282 553 ,
1327 486 1469 558 quod
1493 483 1561 538 ad
1591 481 1913 549 voluptatem

343 599 604 670 pertinet:
629 609 731 666 qua
763 592 1036 662 voluptate
1065 585 1348 656 capiuntur
1393 577 1544 634 multi
1589 575 1814 670 jnve_nes
1852 584 1919 625 ex

340 665 810 762 hmligentioribus
837 725 853 750 ,
899 681 1110 736 illorum
1178 674 1383 729 artibus
1430 668 1642 724 irretiti.
1691 665 1919 719 Tantum

339 785 480 840 enim
511 783 651 834 inter
675 786 930 843 utrosque
955 769 1244 827 discrimen
1268 763 1596 834 reperiemus
1619 801 1634 822 ,
1663 763 1918 826 quantmu

342 877 481 931 inter
509 871 728 941 angelos
750 870 802 922 in
822 867 955 920 caelo
983 871 1238 919 canentes
1261 900 1278 926 ,
1301 867 1357 912 et
1385 868 1604 910 suavem
1636 849 1780 904 illam
1807 858 1922 941 tne-

347 967 541 1020 lodiam
569 937 876 1018 eminentes
902 998 917 1022 ,
945 955 1002 1012 el
1025 966 1186 1008 canes
1233 961 1529 1020 porcosque
1569 944 1620 997 in
1651 943 1776 995 lium
1802 937 1923 992 uln-

341 1063 508 1114 lantes
532 1066 585 1112 et
607 1052 970 1126 grunnientes.
997 1047 1102 1102 Per
1130 1047 1322 1098 horum
1346 1041 1488 1096 enim
1515 1052 1606 1090 ora
1625 1035 1898 1092 Christus,

343 1167 438 1219 per
465 1123 674 1203 illorum
707 1145 938 1214 linguam
965 1137 1206 1194 diabolus
1231 1133 1486 1203 loquitur.
1513 1127 1682 1184 Tibia:
1715 1125 1821 1178 illis
1843 1123 1928 1219 in-

341 1213 555 1296 condita
583 1253 713 1292 voce
748 1213 940 1290 sonant
969 1273 984 1296 ,
1032 1226 1486 1299 injucundumque
1522 1227 1796 1288 aspectum
1843 1213 1924 1267 in;

345 1324 483 1386 flata;
521 1344 672 1400 gente
709 1335 764 1382 et
796 1321 1038 1380 distracti
1082 1318 1230 1374 nervi
1275 1312 1516 1371 efficiunt
1555 1329 1569 1365 :
1603 1319 1788 1365 verum
1840 1305 1928 1360 hic

343 1423 512 1494 gratia
531 1398 774 1490 ‘Spiritus
804 1417 1034 1474 insonat,
1064 1415 1162 1480 pro
1183 1408 1306 1464 tibia
1329 1439 1345 1472 ,
1377 1405 1579 1459 cithara
1609 1408 1665 1456 et
1691 1398 1925 1470 syriug'e,

345 1492 650 1568 sanctorum
666 1507 880 1563 vocibus
906 1520 1020 1557 usa.
1051 1503 1162 1556 lmo
1183 1496 1514 1569 quantalibet
1533 1492 1795 1554 dicamus,
1822 1502 1926 1540 non

345 1613 630 1676 pOSSllmIIS
656 1594 799 1656 illam
821 1597 1143 1665 voluptatem
1171 1588 1474 1646 describere
1499 1582 1798 1640 hominibus
1818 1577 1930 1634 luto

351 1674 410 1753 et
441 1693 682 1751 lateritio
723 1691 873 1762 operi
918 1688 1161 1743 addictis.
1205 1684 1381 1751 Quare
1411 1681 1599 1736 vellem
1627 1674 1928 1747 'quempiam

347 1805 417 1844 ex
447 1784 826 1842 insanientium
858 1781 1067 1836 Illorum
1106 1791 1327 1831 numero
1370 1773 1495 1826 illuc
1529 1768 1792 1824 adducere
1821 1806 1836 1829 ,
1875 1772 1933 1817 ut

347 1885 572 1939 chorum
605 1880 752 1934 illum
798 1885 1102 1930 sanctorum
1134 1868 1338 1924 videret
1371 1908 1386 1931 ,
1421 1875 1591 1934 neque
1634 1860 1760 1914 mihi
1809 1865 1933 1912 tunc

350 1972 532 2028 verbis
554 1978 698 2025 esset
721 1981 875 2034 Opus.
897 1956 1160 2018 Caeterum
1186 1958 1285 2013 etsi
1326 1956 1498 2010 luteos
1525 1951 1768 2006 homines
1795 1947 1930 2001 allo-

349 2078 601 2136 quamur,
629 2069 685 2114 et
718 2075 781 2114 ex
808 2057 920 2111 luto
949 2056 1069 2108 illos
1106 2060 1160 2106 et
1187 2066 1252 2104 ex
1278 2061 1436 2104 coeno
1476 2044 1728 2116 paulatim
1766 2039 1936 2095 abdu—

348 2133 476 2212 cere
498 2152 834 2210 tentabimus.
856 2149 1002 2203 !I|inc
1019 2147 1159 2200 enim
1179 2145 1300 2212 igne
1324 2138 1514 2208 impuri
1539 2134 1737 2192 amoris
1757 2133 1933 2186 statim

350 2248 716 2304 inﬂammatur
755 2240 965 2295 auditor
994 2252 1151 2291 :nam
1196 2233 1346 2303 quasi
1389 2247 1492 2285 non
1539 2229 1666 2282 satis
1703 2233 1845 2280 esset
1868 2222 1933 2277 ad

349 2339 590 2393 animum
615 2329 1046 2388 inﬂammandqu
1079 2324 1374 2381 meretricis
1403 2329 1670 2389 aspectus,
1709 2332 1776 2370 ex
1803 2328 1937 2368 voce

353 2438 572 2498 quoque
600 2421 888 2494 perniciora
916 2417 1191 2486 adjiciunt.
1223 2413 1318 2468 Hie
1347 2421 1526 2464 autem
1550 2408 1594 2462 si
1618 2397 1743 2476 quid
1765 2393 1938 2458 simile

354 2517 595 2573 hauserit
632 2515 806 2569 anima
834 2554 849 2576 ,
882 2511 1061 2564 statim
1105 2505 1340 2576 deponit.
1370 2502 1552 2570 Neque
1589 2515 1690 2553 vox
1731 2505 1935 2552 tantum

355 2611 568 2664 illorum
597 2649 612 2672 ,
642 2605 735 2660 sed
767 2604 925 2657 etiam
966 2609 1234 2668 aspectus,
1283 2597 1392 2650 imo
1429 2594 1590 2648 etiam
1625 2589 1938 2645 vestimenta

353 2710 687 2771 spectatores
715 2691 1055 2748 conturbant.
1081 2689 1136 2744 Si
1165 2694 1364 2757 pauper
1391 2682 1605 2753 quidam
1645 2680 1715 2734 sit
1747 2686 1810 2733 ex
1852 2687 1939 2731 ru-

355 2791 603 2846 dioribus
650 2781 1174 2855 abjectioribusque,
1232 2777 1335 2831 hoc
1387 2771 1748 2844 spectaculum
1798 2783 1941 2837 swpe

355 2884 583 2939 moleste
606 2880 758 2941 feret,
787 2890 842 2932 et
863 2877 997 2945 intra
1028 2888 1086 2928 se
1111 2872 1254 2926 dicet
1276 2888 1289 2920 :
1309 2867 1561 2923 Meretrix
1589 2865 1677 2920 illa
1708 2871 1763 2919 et
1794 2877 1942 2918 scor-

354 2985 521 3036 tator,
550 2970 819 3025 lanionnm
843 2965 926 3020 vel
946 2977 1211 3026 sutorum,
1239 2973 1637 3028 nonnumquam
1666 2971 1939 3012 servormn

357 3067 456 3120 lilii
486 3107 501 3128 ,
531 3065 583 3118 in
618 3071 759 3116 tanta
788 3061 978 3114 vivunt
1013 3059 1284 3126 voluptate
1310 3072 1323 3108 ι
1355 3067 1454 3122 ego
1484 3063 1612 3106 vero
1635 3049 1770 3104 liber
1798 3055 1854 3103 et
1877 3063 1940 3101 ex

355 3158 542 3211 liberis
562 3165 728 3214 ortus,
748 3153 894 3221 justo
921 3151 1098 3204 labore
1119 3147 1314 3201 vietum
1336 3158 1550 3214 parans,
1579 3156 1646 3196 ne
1672 3140 1945 3195 somnians

355 3246 574 3318 quidem
604 3245 674 3298 ita
704 3241 938 3297 deliciari
973 3254 1187 3307 possunt
1213 3237 1393 3292 :etsic
1422 3247 1652 3289 moerere
1672 3229 1945 3287 confectus

355 3340 494 3392 ahit.
529 3335 679 3405 Apud
711 3333 1002 3389 monachos
1033 3338 1209 3385 autem
1234 3329 1367 3383 nihil
1393 3327 1586 3391 simile,
1617 3325 1712 3380 sed
1737 3333 1947 3380 contra-

355 3433 498 3487 rium
527 3429 766 3483 omnino.
798 3427 929 3481 Cum
957 3425 1098 3480 enim
1125 3423 1216 3478 ille
1243 3421 1437 3476 viderit
1477 3419 1698 3475 divitum
1729 3418 1868 3472 filios
1893 3427 1948 3472 et

356 3522 626 3594 majorum
656 3519 942 3589 insignium
975 3525 1197 3585 nepotes
1228 3515 1293 3568 iis
1322 3514 1543 3568 vestitos
1585 3509 1943 3571 indumentis,

356 3632 484 3686 quae
509 3628 578 3668 ne
611 3627 898 3682 pauperum
926 3608 1138 3679 quidem
1169 3607 1338 3660 ultimi
1370 3605 1510 3660 ferre
1548 3603 1899 3672 dignarentur
1931 3642 1946 3666 ,

356 3720 416 3763 et
449 3709 501 3761 in
532 3707 632 3761 hac
665 3721 723 3760 re
749 3703 999 3775 gaudere,
1032 3701 1260 3770 cogitate
1288 3708 1482 3768 quanta
1515 3694 1842 3766 paupertatis
1861 3707 1952 3748 ac-

358 3809 520 3868 cepta
538 3797 904 3850 coiisolatione
920 3792 1156 3848 recedat.
1174 3790 1230 3844 Si
1252 3789 1400 3843 dives
1429 3788 1582 3842 fuerit
1595 3829 1607 3847 ,
1627 3785 1951 3841 moderatior

359 3903 418 3946 et
464 3889 653 3943 melior
701 3886 920 3942 recedit.
955 3883 1008 3937 In
1052 3881 1260 3936 theatro
1287 3881 1330 3933 si
1363 3878 1578 3932 videant
1609 3877 1947 3931 meretricem

360 3979 548 4034 aureis
579 3977 963 4032 circumdatam
1001 3970 1331 4027 ornamentis
1355 4012 1370 4036 ,
1398 3984 1599 4038 pauper
1619 3967 1870 4035 ejnlabit,
1901 3972 1956 4018 et

361 4069 688 4140 deplorabit,
719 4083 943 4121 uxorem
971 4079 1122 4118 suam
1155 4062 1340 4117 videns
1362 4060 1491 4114 nihil
1522 4056 1821 4112 istiusmodi
1852 4057 1945 4109 ha—

363 4165 587 4217 bentem
622 4178 635 4213 :
665 4168 720 4214 et
756 4160 946 4211 divites
966 4172 1030 4210 ex
1059 4156 1160 4209 hoc
1183 4153 1486 4223 Spectacnlo
1508 4152 1730 4212 rexersi,
1760 4163 1956 4203 uxores

365 4269 496 4308 suas
515 4252 811 4320 despiciunt
845 4268 859 4304 :
893 4265 1011 4302 itam
1030 4257 1307 4317 postquam
1323 4245 1576 4317 meretrix
1601 4252 1655 4297 et
1682 4243 1953 4308 vestitum,

363 4359 423 4401 et
447 4354 745 4414 aspectum,
779 4351 831 4396 et
863 4356 1071 4406 vocem,
1096 4350 1149 4394 et
1175 4340 1461 4401 incessum,
1490 4345 1544 4390 et
1571 4338 1747 4388 munia
1779 4333 1956 4388 molli-

363 4439 460 4492 tia:
485 4436 647 4506 plena
672 4433 969 4489 exhibuerit
997 4429 1369 4500 praesentibus,
1399 4427 1709 4480 inﬂammati
1739 4426 1810 4479 illi
1837 4425 1954 4479 dis-

364 4529 600 4592 cedunt,
632 4535 687 4580 et
717 4523 909 4594 captivi
942 4522 994 4576 in
1019 4519 1162 4575 ardes
1190 4534 1313 4573 suas
1355 4518 1572 4572 intrant.
1605 4516 1740 4570 Hinc
1766 4525 1959 4571 contu-

369 4621 570 4684 melim,
592 4616 765 4690 jurgia
787 4659 802 4683 ,
828 4618 960 4671 rixa:
977 4658 992 4682 ,
1015 4612 1153 4669 bella
1171 4655 1187 4680 ,
1215 4620 1418 4668 mones
1447 4610 1767 4680 quotidiana:
1793 4628 1806 4662 :
1836 4609 1960 4663 hinc

367 4713 483 4766 vita
525 4711 705 4779 captis
741 4709 944 4778 ingrata
972 4724 986 4760 :
1014 4705 1208 4774 conjux
1237 4699 1493 4772 deinceps
1521 4694 1802 4772 injucunda
1825 4743 1839 4764 ,
1865 4698 1956 4752 lilii

371 4803 557 4857 minus
582 4797 860 4860 amabiles,
891 4796 1068 4851 omnia
1089 4794 1234 4849 domi
1264 4808 1476 4864 pessum
1498 4800 1661 4855 eunt,
1695 4791 1764 4842 ita
1797 4798 1853 4842 ut
1880 4788 1961 4841 vel

367 4896 508 4951 solis
536 4892 716 4947 radios
737 4889 963 4946 moleste
998 4886 1135 4944 ferat
1159 4886 1247 4956 qui
1279 4885 1400 4939 talis
1427 4893 1530 4938 est.
1560 4879 1759 4936 Verum
1791 4897 1854 4936 ex
1882 4879 1965 4932 his

361 4989 554 5041 choris
570 4985 700 5038 nihil
718 4981 1061 5052 injucundnm
1075 4980 1302 5034 refertur
1327 4997 1338 5033 :
1359 4977 1482 5031 hine
1499 4977 1799 5032 venientem
1832 4989 1966 5026 uxor

364 5078 551 5132 virum
568 5084 904 5129 mansuetum
922 5070 1170 5126 etmitem
1189 5069 1436 5137 excipiet,
1459 5067 1528 5121 ab
1555 5066 1699 5120 omni
1733 5063 1958 5117 absurda

369 5168 656 5238 voluptate
685 5165 931 5224 liberum,
964 5173 1018 5216 et
1045 5161 1335 5215 faciliorem
1365 5173 1522 5227 quam
1555 5163 1676 5210 ante
1706 5155 1958 5224 reperic..

372 5262 514 5320 “me
552 5257 691 5312 mala
733 5255 932 5310 chorus
957 5254 1043 5308 ille
1073 5294 1087 5312 ,
1127 5252 1241 5305 haec
1269 5251 1407 5304 bona
1446 5248 1533 5301 hic
1561 5247 1700 5318 parit
1727 5263 1738 5296 :
1784 5245 1870 5298 ille
1898 5261 1961 5298 ex

367 5351 579 5410 ovibus
607 5349 795 5418 lupos,
824 5345 910 5400 hic
947 5360 1011 5398 ex
1053 5344 1190 5411 lupis
1235 5358 1400 5413 agnos
1443 5341 1586 5393 facit.
1631 5337 1734 5392 Sed
1786 5336 1964 5390 forsan

365 5447 449 5501 de
489 5443 762 5512 voluptate
797 5439 924 5492 nihil
959 5437 1133 5490 adhuc
1155 5436 1357 5489 dixisse
1383 5433 1644 5488 videmur.
1690 5430 1826 5498 Quid
1854 5429 1972 5484 dul-

442 5597 465 5633 ί
492 5596 658 5648 Morel.
679 5595 848 5651 habet,
876 5591 1164 5651 puellarum,
1193 5603 1293 5650 pro,
1323 5587 1595 5637 muliermn.

727 5672 1002 5732 ΡΑτιιυι..
1051 5670 1096 5728 (ἶ
1111 5689 1166 5726 ιι.
1223 5667 1410 5725 LVIII

1257 181 1323 246 IN
1359 179 1762 243 MATTHA‘ZUM
1802 175 2032 236 llOMlL-.
2071 174 2299 232 LXVIII.
2343 175 2412 231 al.
2455 171 2638 230 LXIX.

3494 169 3608 226 ’646

2025 289 2140 342 eius
2164 305 2321 359 quam
2347 290 2583 343 animum
2615 304 2712 343 nec
2736 281 3136 360 perturbatione
3161 297 3257 342 nec
3283 285 3470 341 dolore
3499 301 3606 355 agi-

2031 381 2195 433 tatmn
2223 379 2440 444 habere,
2473 390 2760 449 numquam
2792 379 2842 432 in
2872 377 3062 433 dolore
3085 391 3206 432 esse
3229 417 3246 443 ,
3277 377 3360 432 vel
3387 377 3610 447 ingemi-

2026 487 2177 526 scere
2201 471 2224 524 ?
2253 470 2630 526 Verumtamen
2658 485 2962 527 sermonem
2989 470 3213 526 ulterius
3235 469 3606 540 producamus,

2029 575 2190 632 atque
2217 564 2493 634 utriusque
2519 573 2630 618 tum
2659 574 2868 630 cantus,
2900 573 3010 619 tum
3042 563 3332 634 spectaculi
3359 561 3610 633 gaudium

2026 657 2394 711 examinemus
2418 675 2432 711 :
2459 658 2862 728 videbimusque
2882 658 3026 713 aliud
3053 669 3222 728 usque
3247 657 3311 712 ad
3333 672 3612 728 vesperam

2029 761 2267 812 manere,
2296 748 2469 802 donec
2520 749 2727 804 scilicet
2771 750 2821 803 in
2869 742 3077 804 theatro
3124 758 3395 820 spectator
3420 749 3572 804 sedet
3602 789 3616 812 ,

2027 836 2222 893 deinde
2250 844 2429 892 autem
2452 839 2668 894 stimulo
2696 841 2871 894 acrius
2901 841 3071 910 ipsum
3103 856 3375 910 pungere;
3406 841 3491 895 hic
3520 856 3587 895 au

2033 938 2137 983 tem
2165 929 2417 999 gaudium
2445 940 2704 1000 perpetuo
2731 930 2910 1000 vigere
2937 930 2989 984 in
3013 933 3365 1000 spectantium
3387 932 3610 986 animis:

2032 1036 2154 1075 nam
2186 1030 2242 1076 et
2280 1021 2515 1076 virorum
2549 1020 2773 1075 formam
2803 1062 2817 1084 ,
2849 1031 2905 1075 et
2945 1022 3046 1075 loci
3089 1021 3478 1090 jucunditatem
3512 1063 3528 1088 ,
3560 1035 3616 1077 et

2031 1115 2454 1169 conversationis
2481 1115 2838 1180 dulcedinem,
2863 1123 2918 1168 et
2945 1115 3068 1168 Vitae
3095 1117 3399 1184 puritatem,
3422 1125 3475 1170 et
3496 1116 3615 1185 pul-

2031 1204 2284 1258 cherrimi
2325 1204 2722 1274 spiritualisque
2750 1205 2942 1259 cantici
2982 1206 3206 1275 gratiam
3234 1207 3430 1262 habent
3460 1211 3513 1261 in
3558 1223 3616 1262 se

2033 1309 2248 1367 semper
2268 1297 2610 1353 insidentem.
2629 1297 2726 1366 Qui
2744 1298 2846 1353 hoc
2867 1299 3026 1368 igitur
3037 1307 3189 1367 portu
3210 1314 3421 1368 semper
3435 1300 3616 1353 fruun-

2039 1399 2161 1455 tur,
2194 1390 2476 1445 tumultum
2525 1400 2707 1461 postca
2759 1392 2910 1461 quasi
2965 1399 3335 1461 tempestatem
3392 1391 3616 1461 fugiunt.

2032 1482 2218 1552 Neque
2246 1484 2419 1539 solum
2448 1493 2702 1540 canentes
2725 1485 2809 1539 vel
2836 1486 3140 1553 precantes,
3173 1484 3268 1540 sed
3288 1485 3450 1539 etiam
3471 1484 3620 1539 libris

2037 1574 2227 1629 intenti
2256 1617 2272 1641 ,
2303 1574 2599 1645 jucundum
2631 1576 2936 1632 videntibus
2967 1578 3208 1646 praebent
3234 1577 3619 1648 spectaculum.

2034 1663 2220 1720 Soluto
2260 1667 2457 1737 quippe
2498 1669 2666 1722 choro
2693 1669 2828 1722 alius
2867 1669 3056 1723 lsaiam
3095 1684 3314 1725 sumens
3343 1685 3463 1725 cum
3499 1671 3616 1740 ipso

2037 1759 2308 1829 loquitur;
2338 1761 2475 1814 alios
2503 1772 2626 1815 cum
2661 1761 2916 1831 apostolis
2938 1771 3218 1828 versatur;
3244 1763 3380 1817 alius
3409 1763 3476 1818 ab
3503 1763 3622 1817 aliis

2037 1852 2370 1922 conscriptos
2411 1853 2574 1907 libros
2603 1852 2752 1924 legit,
2773 1869 2836 1909 ae
2863 1854 2930 1909 de
2962 1846 3074 1910 Deo
3101 1855 3522 1926 philosophatur,
3555 1857 3624 1912 de

2039 1944 2312 2008 tnuiverso,
2343 1944 2411 1999 de
2434 1945 2754 2009 visibilibus,
2780 1945 2849 2001 de
2875 1946 3232 2002 invisibilibus
3257 1989 3270 2013 ,
3297 1948 3365 2004 (le
3388 1949 3620 2004 sensibi-

2040 2037 2196 2101 libus,
2229 2037 2296 2091 de
2320 2036 2702 2105 spiritualibus.
2736 2038 2804 2095 de
2825 2039 3027 2095 vilitate
3053 2040 3210 2110 hujus
3253 2041 3375 2095 vita:
3395 2082 3412 2108 ,
3443 2041 3510 2096 de
3538 2041 3620 2095 fu-

2040 2137 2171 2182 tura:
2201 2129 2562 2197 magnitudine
2592 2139 2632 2182 ³.

2126 2223 2178 2275 5.
2240 2221 2467 2276 Aluntur
2524 2229 2700 2277 autem
2758 2224 2879 2278 cibo
2941 2224 3179 2292 optimo,
3230 2238 3337 2280 non
3386 2225 3624 2282 decoctis

2041 2311 2348 2364 animalium
2396 2313 2678 2379 carnibus,
2711 2316 2805 2370 sed
2868 2315 3093 2386 eloquiis
3155 2315 3244 2370 Dei
3298 2317 3627 2372 dulcioribus

2042 2421 2198 2474 quam
2250 2406 2354 2460 mel
2401 2416 2454 2461 et
2501 2408 2674 2462 favum
2707 2426 2719 2463 :
2747 2410 2848 2462 mel
2898 2411 3160 2474 mirabile,
3191 2411 3464 2480 multoque
3509 2427 3624 2466 me-

2044 2495 2145 2551 lius
2197 2513 2354 2566 qnam
2399 2499 2524 2553 illud
2564 2517 2670 2570 quo
2713 2499 2946 2555 Joannes
2994 2501 3045 2555 in
3094 2501 3307 2556 deserto
3355 2503 3481 2556 olim
3521 2502 3628 2555 ale-

2045 2588 2218 2646 batur.
2267 2591 2366 2646 Mel
2397 2593 2591 2662 quippe
2637 2594 2772 2648 istud
2829 2610 2932 2648 non
2964 2611 3091 2664 apes
3134 2605 3370 2666 agrestes
3410 2594 3628 2651 ﬂoribus

2045 2685 2334 2739 insidentes
2360 2685 2635 2754 colligunt,
2669 2701 2840 2755 neque
2865 2694 3038 2741 rorem
3059 2698 3371 2742 concoctum
3401 2687 3627 2742 alveari-

2045 2775 2143 2830 bus
2169 2775 2280 2831 suis
2308 2775 2595 2829 immittunt
2621 2793 2634 2841 ;
2666 2777 2758 2830 sed
2795 2777 3025 2846 Spiritus
3050 2779 3215 2847 gratia
3242 2792 3506 2848 apparans
3533 2794 3629 2848 pro

2045 2866 2181 2922 favis
2207 2908 2221 2932 ,
2249 2867 2548 2922 alvearibus
2571 2878 2624 2921 et
2654 2869 2847 2924 fistulis
2878 2870 2928 2923 in
2960 2882 3262 2925 sanctorum
3292 2872 3496 2926 animas
3527 2871 3628 2925 im-

2049 2961 2229 3027 mittit,
2256 2972 2311 3015 ut
2357 2964 2580 3033 quisque
2626 2964 2794 3031 possit.
2842 2975 2940 3034 pro
2968 2964 3134 3017 lubito
3163 2973 3420 3034 perpetuo
3446 2966 3626 3020 edere.

2051 3056 2154 3110 llas
2176 3071 2303 3125 apes
2334 3057 2621 3122 imitantes,
2656 3073 2928 3112 sacrormu
2956 3058 3089 3113 favis
3126 3061 3376 3114 librorum
3407 3061 3632 3118 circum-

2050 3147 2247 3210 Vulanl,
2277 3137 2495 3200 multam
2525 3147 2645 3201 inde
2675 3149 3024 3217 tlecm‘penles
3053 3149 3401 3216 Volnptawtn.
3427 3150 3480 3205 Si
3505 3168 3634 3224 ergo

2050 3239 2284 3292 volueris
2312 3255 2429 3308 qua:
2458 3240 2666 3293 illorum
2699 3256 2880 3294 mensa
2907 3244 2977 3295 sit
3015 3242 3273 3301 ediscere.
3309 3246 3524 3313 pl'OjllllS
3567 3247 3632 3300 ad

2050 3348 2144 3385 eos
2162 3331 2405 3395 accedas,
2437 3342 2492 3387 et
2519 3333 2722 3388 videbis
2745 3342 2989 3389 eructare
3006 3315 3098 3389 eos
3122 3336 3292 3391 dulcia
3309 3347 3364 3392 et
3387 3338 3637 3407 spiritua-

2053 3425 2085 3479 li
2112 3425 2277 3480 odore
2308 3425 2481 3496 plena.
2537 3427 2751 3481 Illorum
2798 3444 2890 3481 ora
2921 3427 3048 3482 nihil
3081 3431 3304 3498 possunt
3327 3439 3479 3500 turpe
3509 3446 3638 3501 pro-

2053 3515 2214 3582 ferre,
2248 3517 2376 3570 nihil
2429 3517 2653 3571 scurrile
2691 3518 2772 3572 vel
2821 3533 3089 3587 asperum,
3130 3519 3222 3574 sed
3272 3520 3451 3575 omnia
3507 3522 3638 3576 ewlo

2053 3607 2232 3676 digna.
2283 3607 2398 3661 Non
2430 3607 2525 3662 abs
2564 3623 2622 3663 re
2653 3609 2863 3672 feceris,
2912 3609 2957 3664 si
2985 3625 3078 3663 ora
3119 3611 3405 3665 multorum
3453 3613 3541 3681 qui
3585 3613 3637 3666 in

2056 3700 2171 3754 foro
2200 3709 2477 3770 vagantur,
2508 3709 2564 3755 et
2599 3700 2664 3754 ad
2704 3701 2979 3755 smeularia
3003 3702 3151 3772 quasi
3182 3702 3329 3757 rabie
3356 3702 3599 3758 feruntur
3623 3745 3639 3768 ,

2055 3791 2250 3846 t-loacis
2279 3790 2692 3859 comparaveris,
2725 3791 3106 3844 monachorum
3127 3802 3304 3846 autem
3335 3807 3448 3857 ora,
3478 3793 3640 3847 fonti-

2057 3882 2156 3935 bus
2173 3881 2277 3935 mel
2299 3880 2714 3945 effundentibus,
2744 3881 3044 3949 ﬂuentaque
3070 3895 3222 3949 pura.
3239 3880 3294 3936 Si
3320 3882 3438 3950 quis
3459 3893 3636 3938 autem

2058 3983 2198 4043 aegre
2211 3973 2366 4039 ferat,
2393 3970 2531 4042 quod
2552 3972 2836 4025 multorum
2859 3986 2951 4025 ora
2975 3970 3172 4026 cloacis
3193 3976 3638 4043 comparaverim,

2061 4065 2104 4118 is
2133 4065 2266 4119 sciat
2305 4081 2390 4118 me
2418 4080 2577 4134 parce
2619 4064 2913 4134 loquutnm.
2965 4064 3241 4134 Scriptura
3281 4080 3508 4134 namque
3537 4081 3638 4118 non

2063 4154 2159 4210 hac
2189 4157 2352 4209 utitur
2389 4170 2658 4218 mensura,
2697 4155 2790 4209 sed
2824 4154 3224 4210 vehementiore
3275 4156 3642 4217 similitudine.

2061 4249 2264 4312 dicens,
2311 4247 2562 4300 Vi’neimm
2601 4248 2833 4315 aspidum
2871 4249 2961 4302 sub
3007 4248 3153 4301 labiis
3189 4265 3380 4306 eorum,
3406 4259 3451 4300 et
3477 4249 3647 4317 sepul-

2061 4341 2236 4392 chrum
2267 4350 2440 4408 puteus
2462 4349 2530 4393 est
2557 4349 2726 4409 guttur
2755 4357 2927 4393 eorum
2968 4339 3139 4408 (Psal.
3179 4341 3262 4393 15.
3286 4341 3362 4408 5).
3407 4340 3510 4394 Sed
3542 4357 3646 4394 nou

2067 4430 2189 4484 talia
2211 4442 2334 4484 sunt
2363 4432 2572 4484 illorum
2597 4447 2687 4484 ora
2715 4473 2729 4493 ,
2758 4441 2813 4484 at
2841 4431 2981 4485 bono
3008 4431 3172 4486 odore
3215 4431 3390 4500 plena.
3421 4431 3489 4485 Et
3515 4447 3648 4501 pra:-

2065 4523 2234 4576 sentia
2285 4524 2498 4591 quidem
2559 4522 2864 4591 hujusmodi
2907 4531 3032 4576 sunt
3077 4522 3297 4576 :futora
3352 4536 3481 4576 vero
3531 4537 3652 4591 qua:

2067 4617 2238 4669 oratio
2267 4616 2613 4684 asseqnatur?
2658 4631 2777 4684 qua:
2823 4629 2974 4668 mens
3002 4613 3399 4684 apprehendat?
3446 4624 3644 4668 Sortem

2077 4706 2219 4758 illam
2281 4707 2610 4776 angelicam,
2657 4704 3042 4759 beatitudinem
3073 4746 3088 4771 ,
3139 4703 3424 4760 ineffabilia
3474 4703 3652 4758 bona?

2071 4800 2218 4853 Multi
2248 4800 2472 4854 fortasse
2501 4798 2712 4852 fervore
2738 4797 2945 4852 incensi
2970 4839 2985 4862 ,
3016 4797 3446 4868 concupiscentia
3492 4797 3650 4866 hujus

2047 4887 2254 4962 'optimi
2285 4892 2507 4946 instituti
2528 4891 2667 4960 capti
2693 4891 2822 4946 estis
2847 4906 2862 4942 :
2894 4889 2991 4946 sed
3016 4888 3140 4959 quid
3173 4888 3296 4943 hinc
3317 4888 3656 4944 emolumen-

2077 4997 2134 5048 ιι,
2165 4986 2208 5040 si
2236 4985 2321 5038 hic
2346 4994 2548 5038 tantum
2580 4985 2678 5038 hoe
2707 4983 2828 5052 igne
2853 4983 3107 5050 ardeatis,
3133 4982 3255 5038 hinc
3283 4991 3459 5037 autem
3477 4997 3657 5054 egres-

2076 5096 2142 5145 si,
2200 5077 2465 5131 ﬂammam
2520 5077 2904 5146 exstinguatis,
2951 5086 3005 5131 et
3054 5076 3138 5130 hic
3183 5090 3334 5130 amor
3385 5075 3659 5131 tabescat?

2077 5169 2358 5236 Quomodo
2413 5168 2572 5238 igitur
2623 5167 2746 5222 huic
2793 5167 2936 5222 tnalo
2987 5166 3328 5222 medeberis?
3369 5165 3436 5222 Ut
3463 5167 3663 5222 amoris

2096 5261 2302 5314 fervore
2330 5258 2544 5322 teneris,
2586 5258 2672 5312 adi
2699 5258 2918 5326 angelos
2953 5258 3107 5320 illos;
3151 5266 3203 5311 te
3229 5257 3457 5326 amplius
3485 5257 3666 5312 incen-

2080 5357 2166 5412 de.
2209 5355 2322 5410 Non
2350 5354 2492 5410 enim
2524 5353 2639 5409 lucc
2667 5354 2836 5408 oratio
2858 5352 3079 5424 perinde
3105 5363 3156 5407 te
3183 5351 3476 5410 accendere
3504 5351 3664 5422 valet,

2151 5561 2164 5592 ι
2193 5557 2391 5617 Quidam
2414 5555 2618 5618 habent,
2639 5551 2882 5620 felicum,
2911 5566 3014 5618 pro,
3040 5548 3386 5618 magnitudim,

3276 5639 3350 5701 12
