4076 6142
516 170 617 226 (il?

508 296 566 337 ut
596 286 767 354 ipsum
810 299 984 339 rerum
1033 284 1412 354 spectaculum.
1445 283 1520 338 Ne
1564 284 1783 351 dixeris,
1806 286 2091 357 Colloquar

510 394 630 431 rum
655 393 839 442 uxore,
870 387 922 430 et
952 393 1036 431 res
1062 376 1332 429 absolvam
1366 376 1977 447 primum.Negligenliat
2002 378 2093 432 ini-

510 471 643 522 tiqu
672 478 754 523 est
780 468 893 522 lucc
916 468 1343 537 procrastinatio.
1368 468 1503 521 Audi
1532 469 1830 537 quempiam
1859 470 2091 524 voluisse

509 561 736 629 primum
768 560 831 613 iis
856 559 942 627 qui
969 558 1111 611 domi
1141 569 1293 613 erant
1314 558 1626 621 valedicere,
1654 568 1706 612 et
1730 560 2044 629 prophetam
2069 561 2086 591 ¹

508 668 614 706 non
664 650 968 719 permisisse
1004 650 1077 719 ('5.
1111 650 1233 718 Reg.
1272 650 1356 705 l9.
1387 650 1458 704 20
1480 651 1521 719 ).
1566 651 1763 719 Ecquid
1794 652 1914 705 dico
1951 652 2092 705 valc-

508 742 726 795 dicere?
768 741 976 793 Patrem
1030 741 1257 809 sepelire
1300 740 1465 792 voluit
1495 740 1807 809 discipulus,
1839 757 2010 810 neque
2038 742 2087 796 id

503 831 768 887 concessit
792 831 1036 886 Christus
1060 829 1213 899 (Luc.
1241 831 1291 884 9.
1324 832 1439 900 60).
1494 833 1653 901 Atqui
1702 832 1829 901 quid
1881 834 2090 888 videtur

506 926 597 978 tibi
630 926 698 978 ita
730 926 1089 979 necessarium
1120 939 1239 977 esse
1270 933 1327 977 ut
1353 924 1625 993 sepultura
1656 925 1859 993 patris?
1888 927 1955 979 At
1983 941 2085 979 non

506 1016 555 1070 id
586 1016 846 1085 permisit.
870 1014 1085 1081 Quare?
1113 1016 1244 1080 Quia
1274 1017 1613 1068 vehementer
1643 1016 1802 1069 instat
1822 1016 2084 1083 diabolus,

506 1120 560 1162 ut
590 1123 707 1162 sese
739 1108 974 1161 insinuet
1004 1124 1016 1159 :
1048 1116 1101 1160 et
1142 1106 1187 1160 si
1220 1107 1478 1160 tantillqu
1508 1107 1767 1161 socordia:
1794 1118 1846 1162 et
1868 1108 2087 1162 tardita-

509 1203 575 1255 tis
596 1200 986 1270 deprehendat,
1017 1200 1066 1252 iu
1098 1214 1344 1267 magnam
1391 1199 1646 1252 desidiam
1675 1200 1908 1267 eonjieit.
1964 1200 2086 1254 Ideo

504 1300 687 1347 monet
710 1290 989 1361 quispiam,
1019 1289 1100 1343 Ne
1120 1290 1285 1342 tardes
1307 1290 1368 1341 de
1387 1290 1468 1341 die
1485 1292 1534 1342 in
1552 1289 1682 1341 diem
1705 1289 1898 1359 (Eccle.
1922 1291 1975 1345 5.
1990 1290 2045 1361 8)
2068 1307 2083 1355 ;

503 1384 582 1437 sic
625 1383 767 1436 enim
824 1381 1051 1451 plurima
1096 1381 1293 1450 poteris
1345 1381 1660 1444 emendare,
1694 1381 1771 1435 sic
1799 1397 1915 1451 quae
1940 1381 2083 1436 domi

568 1558 583 1587 ι
609 1555 665 1604 In
692 1553 1079 1620 \lorelrlegitur,
1115 1553 1377 1620 dominam.
1403 1555 1493 1620 sed
1518 1568 1619 1620 vovi
1637 1554 1920 1620 prophetmt
1958 1564 2036 1620 opt
2047 1559 2086 1606 i-

501 1632 582 1681 me
606 1618 835 1680 quadrat;
862 1617 947 1681 hic
979 1619 1108 1664 enim
1143 1617 1304 1681 agitur
1335 1617 1400 1681 de
1426 1616 1527 1681 Elia
1551 1616 1778 1665 EliSannu
1804 1619 1851 1665 in
1874 1616 2086 1681 discipu-

495 1679 597 1727 lum
621 1678 853 1742 vocante;
878 1679 1008 1726 Elius
1032 1692 1167 1734 vero,
1186 1687 1239 1725 ut
1262 1679 1325 1725 ait
1348 1679 1424 1725 hic
1446 1678 1825 1742 Chrysostomus,
1854 1692 1950 1728 non
1970 1678 2082 1742 per-

503 1742 635 1789 misit
657 1740 851 1799 lilisu-o,
880 1746 932 1787 ut
972 1749 1157 1801 patt'tun
1200 1746 1503 1800 matremque
1528 1740 1783 1788 Salutatqu
1808 1743 1923 1797 iret,
1947 1740 2083 1792 aute~

502 1816 646 1864 quam
671 1800 1175 1864 magistroAseﬂtotum
1214 1801 1482 1850 addi-cret.
1512 1800 1574 1848 At
1610 1814 1753 1849 secus
1776 1803 1822 1849 in
1845 1804 2083 1864 Scriptura

498 1862 704 1925 legitur,
728 1864 808 1911 ubi
832 1862 949 1925 dicit
974 1862 1118 1917 tilias,
1141 1863 1271 1910 Vade
1292 1868 1338 1910 et
1363 1868 1619 1922 revertere,
1654 1870 1706 1912 ut
1732 1865 1778 1911 in
1803 1862 1965 1913 Bibliis
1986 1873 2081 1916 He-

498 1924 703 1984 braicis,
727 1924 907 1973 Grarcis
930 1933 981 1974 et
1004 1924 1177 1972 Latinis
1202 1925 1425 1972 habetur.

531 2058 3275 2085 Ν

1241 170 1297 226 S.
1337 170 1612 226 JOANNIS
1648 168 2121 226 CHRYSOSCOMI
2163 170 2478 227 ARCHIEP.
2521 171 3050 228 CONST.\NTINOP.

3682 172 3776 227 M3

2195 296 2321 343 sunt
2352 288 2517 358 probe
2564 290 2933 359 disponentur.
2987 290 3074 343 Ait
3100 289 3241 343 enim
3272 305 3284 342 :
3322 288 3543 356 Quterite
3569 290 3774 356 primum

2196 396 2408 449 regnum
2438 380 2552 442 Dei,
2584 391 2627 435 et
2644 382 2901 452 justitiam
2926 383 3054 451 ejus,
3092 391 3138 433 et
3169 383 3276 433 lucc
3297 382 3465 434 oumia
3485 381 3774 448 adjirieutur

2197 471 2331 524 vobis
2374 470 2589 542 (Matth.
2634 474 2687 526 ti.
2722 473 2838 541 35).
2872 471 2929 526 Si
2971 486 3070 525 nos
3095 470 3238 525 enim
3262 511 3278 537 ,
3306 485 3424 523 cum
3451 470 3659 540 quidnn
3681 486 3769 526 sua

2197 562 2544 631 negligentes,
2577 562 2776 616 nostris
2804 562 2973 631 magis
2998 560 3310 631 advigilant,
3344 562 3486 614 omni
3520 561 3769 615 sollicitu-

2195 653 2320 706 dine
2361 668 2559 708 vacuos
2613 669 2735 709 esse
2787 669 3038 709 curamus
3071 673 3084 707 :
3118 653 3285 707 tuttlto
3316 655 3480 723 magis
3503 654 3655 718 Deus,
3688 654 3767 721 qui

2197 758 2301 795 non
2335 744 2432 797 bac
2470 744 2646 797 habita
2676 746 2883 799 ratione
2926 752 3104 798 nostra
3131 754 3301 810 curat,
3327 744 3493 812 iisque
3519 743 3765 813 providet.

2197 832 2276 886 Nc
2328 834 2502 903 itaque
2551 834 2619 889 de
2665 835 2770 889 tuis
2818 835 3077 889 sollicitus
3108 836 3219 897 sis,
3247 836 3339 889 sed
3388 835 3477 888 illa
3506 835 3766 889 committe

2197 922 2328 976 Deo.
2379 923 2511 977 Nam
2541 925 2585 978 si
2627 935 2681 978 tu
2726 925 2987 979 sollicitus
3016 939 3095 990 es,
3144 933 3201 977 ut
3231 924 3390 977 homo
3419 938 3606 986 curas;
3641 925 3772 978 Deus

2194 1032 2321 1069 vero
2353 1026 2409 1070 ut
2458 1016 2601 1071 Deus
2633 1018 2896 1087 providet.
2944 1017 3021 1072 Ne
3048 1032 3174 1087 ergo
3201 1017 3267 1070 tle
3299 1017 3360 1069 iis
3400 1016 3655 1069 Sollicitm
3678 1017 3767 1079 sis,

2199 1108 2566 1175 prastantiora
2613 1108 2940 1178 relinquens,
2987 1108 3220 1178 alioquin
3275 1108 3414 1161 Deus
3468 1107 3550 1159 illa
3603 1108 3771 1162 minus

2193 1197 2432 1263 curabit;
2465 1206 2523 1252 ut
2553 1198 2639 1253 illa
2665 1214 2793 1269 ergo
2822 1199 3108 1271 diligenter
3136 1208 3308 1263 curet,
3340 1198 3437 1268 ipsi
3471 1199 3571 1252 soli
3602 1202 3772 1254 omnia

2192 1289 2483 1343 committe.
2535 1290 2589 1345 Si
2620 1292 2763 1345 enim
2790 1292 2988 1346 relictis
3010 1291 3393 1359 spiritualibus,
3428 1292 3513 1344 illa
3553 1301 3763 1355 tractes,

2195 1395 2297 1435 non
2323 1397 2569 1451 magnam
2597 1399 2783 1438 eorum
2814 1385 2950 1437 Deus
2980 1392 3127 1453 geret
3158 1382 3561 1452 providentiam.
3584 1380 3648 1437 Ut
3677 1383 3772 1449 igi-

2195 1478 2280 1524 tur
2309 1480 2363 1525 t-t
2386 1474 2476 1526 tibi
2525 1476 2639 1527 lucc
2668 1484 2811 1527 recte
2849 1473 3140 1542 composita
3173 1473 3298 1533 sint,
3329 1480 3384 1523 et
3424 1471 3773 1524 sollicitudine

2190 1563 2333 1614 otnui
2368 1564 2628 1627 libereris,
2654 1564 2797 1619 hacre
2839 1563 3768 1633 Spiritualibus,siculatiadespice:

2190 1654 2268 1709 sic
2298 1656 2440 1709 enim
2469 1667 2518 1710 et
2553 1665 2743 1711 terram
2774 1673 2892 1711 cum
2925 1658 3055 1711 ca'lo
3084 1656 3367 1717 obtinebis,
3399 1668 3449 1709 et
3478 1656 3648 1709 futura
3681 1657 3770 1708 bo-

2192 1758 2256 1796 na
2282 1749 2644 1815 consequeris,
2692 1748 2860 1816 gratia
2911 1756 2964 1800 et
3008 1746 3330 1815 benignitate
3376 1746 3579 1797 Domini
3615 1745 3770 1798 nostri

2188 1834 2311 1889 Jesu
2343 1836 2536 1891 Chriin
2562 1880 2576 1899 ,
2606 1840 2689 1892 cui
2713 1838 2877 1908 gloria
2906 1847 2960 1892 et
2995 1837 3272 1907 imperium
3304 1837 3353 1889 in
3386 1837 3581 1893 Sareula
3612 1851 3776 1889 smon-

2192 1926 2385 1980 lorum.
2413 1929 2605 1983 Amen.

1634 2140 1984 2204 HOMILIA
2026 2146 2253 2213 LXIX.
2282 2151 2368 2215 al.
2415 2154 2617 2215 LXX.

496 2287 622 2343 Car.
667 2282 758 2336 92.
802 2299 853 2335 γ.
907 2283 953 2336 l.
1013 2280 1076 2334 Et
1123 2281 1426 2349 reSpondens
1451 2280 1604 2335 Jesus
1647 2282 1775 2335 dixit
1809 2283 1992 2338 iterum
2028 2284 2081 2338 in

568 2373 821 2443 parabolis
849 2373 945 2426 :2.
992 2371 1173 2427 Simile
1220 2380 1289 2425 est
1338 2388 1547 2442 regnum
1599 2372 1839 2425 etelorum
1891 2372 2083 2427 homini

566 2465 691 2536 regi,
723 2464 808 2535 qui
836 2464 951 2534 fecit
990 2464 1199 2532 nuptias
1244 2463 1355 2532 ﬁlio
1381 2480 1494 2516 suo.
1526 2464 1579 2518 5.
1624 2462 1689 2516 Et
1735 2465 1869 2517 misit
1917 2483 2081 2521 serros

563 2572 682 2610 suos
714 2571 888 2609 vocare
916 2555 1149 2608 invitatos
1178 2553 1244 2607 ad
1272 2555 1474 2623 nuptias
1502 2569 1522 2608 :
1543 2564 1588 2608 et
1612 2557 1876 2610 noluerunt
1893 2559 2075 2613 venire.

567 2649 620 2702 4.
656 2647 849 2702 Rursus
876 2647 1008 2700 misit
1039 2646 1166 2699 alios
1194 2662 1377 2710 servos,
1410 2646 1581 2699 dicens
1608 2661 1627 2700 :
1652 2645 1815 2700 Dicite
1837 2647 2076 2713 invitatis,

566 2740 698 2793 Ecce
724 2739 995 2809 prandium
1022 2754 1191 2792 meum
1221 2738 1415 2809 paravi,
1441 2738 1574 2789 tauri
1592 2739 1690 2791 mei
1716 2749 1763 2793 et
1787 2740 1950 2793 altilia
1972 2757 2080 2792 mea

562 2833 725 2885 occisa
751 2840 896 2896 sunt,
926 2839 970 2883 et
997 2830 1165 2883 omnia
1208 2839 1422 2900 parata;
1474 2830 1632 2883 venite
1671 2830 1739 2882 ad
1766 2832 1981 2901 nuptias
2022 2833 2076 2887 5.

562 2920 654 2975 Illi
679 2931 847 2974 autem
887 2936 999 2973 cum
1024 2918 1352 2989 negligerent,
1381 2918 1630 2976 abierunt.
1662 2920 1794 2973 alias
1817 2922 1867 2974 in
1900 2938 2078 2992 agrum

562 3028 731 3076 suum,
758 3011 891 3063 alius
913 3010 981 3062 ad
1003 3008 1389 3080 negotiationem
1415 3025 1580 3063 suam.
1602 3008 1654 3064 6.
1686 3009 1885 3082 Reliqui
1913 3022 2078 3066 autem

566 3112 830 3156 tenuerunt
856 3117 1022 3157 servos
1059 3102 1189 3169 eius,
1218 3111 1263 3154 et
1304 3105 1608 3155 contumelia
1633 3101 1842 3169 aﬂ'ectos
1869 3105 2073 3177 iuta-fe-

566 3204 759 3255 terunt,
787 3204 893 3249 ﬁll“.

577 3287 627 3339 ‘l.
657 3284 824 3350 Hujus
846 3295 889 3338 et
919 3284 1244 3351 pra-cedentis
1260 3285 1483 3338 homilia:
1501 3289 1833 3354 couiparatio.
1883 3281 2079 3349 Ejecu'o

494 3379 811 3432 Judworum.
833 3376 1065 3430 Gentium
1092 3380 1303 3430 vacatio.
1326 3377 1527 3430 Excidii
1540 3376 1871 3447 Jerosolynae
1887 3379 2076 3446 prtedi-

498 3472 616 3524 ctio.
648 3500 720 3509 —
746 3468 988 3523 Vidistin’
1014 3482 1068 3522 et
1112 3470 1163 3521 in
1206 3469 1525 3537 praecedenti
1555 3478 1609 3521 et
1637 3468 1686 3521 in
1715 3468 1811 3521 hac
1829 3469 2074 3538 parabola

500 3569 756 3629 quantum
798 3558 1019 3611 interest
1067 3556 1236 3611 ﬁlium
1292 3558 1428 3610 inter
1478 3568 1531 3611 et
1576 3560 1799 3611 serVos?
1848 3558 2075 3613 vidistin‘

502 3665 745 3719 magnam
779 3636 915 3702 inter
953 3659 1233 3718 utramque
1262 3648 1566 3717 parabolam
1599 3648 1929 3712 affinitatem,
1965 3666 2071 3704 rna-

491 3757 755 3814 guamquc
793 3740 1189 3795 diliercntiam?
1238 3740 1368 3795 Nam
1411 3742 1521 3794 luce
1564 3742 1674 3810 ipsa
1703 3741 1935 3796 ostendit
1982 3742 2071 3795 Dei

492 3834 822 3889 tolerantiam
872 3832 1364 3902 providentiamque
1408 3847 1672 3900 magnam,
1708 3832 2074 3901 iugratamque

490 3926 763 3980 .ludaicam
797 3924 1213 3993 improbitatem.
1274 3922 1469 3975 Vcrmu
1526 3923 1637 3976 lucc
1682 3922 1809 3991 quid
1849 3923 2074 3992 amplius

494 4032 649 4085 quam
693 4017 782 4068 illa
812 4014 988 4068 habet.
1016 4014 1345 4068 Prmnuutiat
1366 4014 1507 4067 enim
1536 4022 1587 4066 et
1622 4012 1926 4066 Judmornm
1958 4014 2072 4080 eje-

495 4109 748 4171 ctioncm,
782 4115 835 4159 et
890 4108 1124 4177 gentium
1174 4104 1506 4157 vocationem
1554 4121 1567 4156 :
1613 4113 1731 4171 post
1788 4105 1900 4157 base
1944 4119 2074 4156 vero

493 4199 726 4253 ostendit
751 4208 803 4250 ct
834 4196 1043 4250 vivendi
1068 4196 1433 4262 disciplinam,
1464 4204 1516 4248 et
1542 4207 1733 4264 quanta
1764 4198 2075 4265 negligenti-

493 4292 590 4343 bus
622 4304 777 4358 paeua
818 4288 887 4340 sit
918 4299 1117 4355 parata.
1159 4286 1391 4356 Jureque
1440 4286 1553 4339 lucc
1586 4296 1702 4354 post
1729 4288 1872 4340 illam
1904 4288 2073 4355 posita

497 4388 598 4434 est.
646 4379 777 4447 Quia
808 4377 1126 4437 cnimdixit,
1165 4375 1381 4429 Dabitur
1422 4375 1558 4445 genti
1605 4376 1807 4444 facienti
1855 4381 2076 4445 fructum

496 4473 656 4538 ipsius
690 4469 898 4539 (.llatm.
928 4466 991 4521 2|
1048 4468 1159 4534 43),
1186 4467 1273 4520 hic
1297 4466 1554 4533 declarat,
1586 4472 1669 4520 cui
1696 4468 1870 4536 genti;
1904 4484 2077 4537 neque

496 4563 597 4618 hoc
647 4571 873 4623 taiuum,
902 4558 995 4613 sed
1024 4568 1077 4613 ct
1108 4573 1167 4613 se
1197 4573 1379 4613 rursus
1412 4558 1658 4613 ineffabili
1698 4574 1820 4626 erga
1862 4559 2075 4615 Judams

496 4656 821 4726 providentia
846 4654 938 4707 uti.
958 4654 1032 4709 lbi
1059 4653 1201 4708 enim
1225 4662 1347 4706 ante
1375 4667 1585 4707 crucrm
1614 4662 1783 4714 vocat,
1812 4654 1893 4706 hic
1916 4656 2075 4707 etiam

496 4760 612 4821 post
642 4763 826 4803 necem
876 4750 1055 4809 instat,
1104 4756 1157 4801 et
1196 4746 1363 4816 pergit
1422 4746 1539 4799 illos
1596 4760 1804 4801 vocare.
1841 4746 1908 4801 Et
1955 4763 2071 4801 cuiu

497 4842 809 4911 gravissima
856 4837 975 4893 illos
1026 4853 1179 4907 poma
1236 4838 1467 4907 plectere
1508 4853 1602 4906 par
1629 4838 1832 4904 fuisset,
1863 4847 1986 4893 tunc
2008 4840 2071 4894 ad

495 4933 717 4999 nuptias
773 4931 921 4999 ipsos
968 4930 1171 4993 trahit,
1214 4945 1582 4999 supremoque
1640 4926 1801 4982 allicit
1842 4929 2069 4983 honore.

500 5022 563 5075 Et
602 5024 973 5077 animadverte
1023 5024 1293 5093 quomodo
1341 5032 1395 5077 et
1446 5023 1556 5077 illic
1601 5038 1708 5077 non
1748 5023 1900 5094 pritts
1941 5039 2067 5091 gen-

499 5126 583 5173 tes
618 5127 775 5169 voret.
804 5116 895 5167 sed
926 5113 1143 5167 Judmos
1166 5155 1179 5172 ,
1210 5124 1260 5167 et
1291 5116 1377 5167 bie
1414 5117 1665 5169 similiter
1694 5132 1707 5167 :
1743 5116 1834 5168 sed
1873 5131 2066 5181 quem-

492 5205 789 5262 admodum
832 5200 903 5256 ibi
932 5244 945 5266 ,
973 5216 1093 5255 cum
1121 5201 1270 5253 illmn
1313 5202 1583 5269 suscipere
1636 5202 1939 5267 noluerunt,
1969 5204 2076 5257 imo

491 5311 542 5351 ut
573 5297 877 5351 venientem
923 5294 1258 5359 occiderunt,
1295 5302 1419 5348 tunc
1449 5296 1656 5348 vincant
1700 5295 1848 5349 dedit
1880 5315 1892 5350 :
1923 5299 1991 5353 ita
2022 5310 2075 5353 et

493 5391 596 5451 hic,
625 5404 743 5442 cum
779 5388 1059 5442 noluerunt
1088 5385 1151 5440 ad
1192 5386 1403 5453 nuptias
1437 5385 1647 5449 venire,
1682 5387 1817 5441 alios
1845 5390 2068 5442 vocavit.

492 5482 627 5548 Quid
673 5497 799 5552 ergo
845 5481 948 5536 illis
1003 5481 1260 5548 ingratius
1310 5478 1489 5539 fuerit,
1518 5478 1732 5545 quando
1769 5480 1831 5532 ad
1867 5481 2073 5551 nuptias

492 5574 689 5631 VOCuti,
727 5572 1009 5631 resiliunt?
1054 5572 1169 5641 quis
1212 5570 1351 5624 enim
1393 5568 1458 5623 ad
1504 5570 1711 5641 nuptias
1741 5574 1919 5628 venire
1971 5594 2072 5636 non

2190 2302 2430 2363 optaret,
2453 2303 2507 2350 et
2545 2294 2609 2350 ad
2638 2298 2847 2365 nuptias
2874 2297 3034 2366 regis,
3063 2296 3148 2367 qui
3174 2296 3283 2351 lilio
3310 2295 3546 2366 nuptiale
3589 2297 3773 2351 convi-

2191 2384 2331 2438 vium
2379 2387 2568 2454 parat?
2617 2387 2683 2441 Et
2709 2402 2833 2448 cur,
2867 2388 3071 2458 inquies
3096 2429 3110 2452 ,
3154 2390 3348 2459 nuptia:
3391 2387 3681 2442 vocantur?
3710 2387 3774 2443 Ut

2192 2473 2283 2527 Dei
2309 2474 2697 2545 providentiam
2742 2492 3031 2547 agnosi-as,
3067 2477 3292 2547 ejusque
3328 2493 3449 2547 erga
3498 2494 3598 2533 nos
3628 2494 3773 2530 amo-

2187 2582 2323 2633 rem,
2352 2582 2527 2622 rerum
2565 2569 2923 2638 splendorem,
2950 2579 3007 2622 ut
3042 2569 3172 2622 nihil
3224 2570 3292 2622 ibi
3334 2571 3484 2623 triste
3534 2571 3621 2631 sit,
3648 2571 3770 2623 nihil

2191 2659 2515 2724 luctuosum,
2543 2661 2636 2713 sed
2683 2662 2860 2713 omnia
2907 2662 3099 2730 gaudio
3126 2662 3383 2729 spirituali
3415 2663 3594 2731 plena.
3632 2662 3772 2715 Ideo-

2187 2763 2290 2817 que
2314 2764 2566 2817 sponsum
2591 2751 2737 2803 ἱΙΙιιιιι
2770 2761 2922 2805 vocat
2946 2752 3177 2805 Jo.innes
3210 2751 3356 2821 (Cap.
3392 2754 3445 2807 5.
3478 2753 3613 2823 29);
3659 2754 3771 2805 ith-u

2189 2838 2381 2893 Paulus
2411 2841 2558 2905 dicit,
2588 2839 2850 2911 Despondi
2878 2859 2962 2895 vos
2991 2843 3080 2894 uni
3108 2842 3213 2894 viro
3237 2841 3311 2910 (‘2.
3344 2842 3460 2895 Cor.
3492 2845 3573 2897 Il.
3603 2841 3693 2912 ‘2);
3723 2854 3771 2893 et

2188 2945 2418 2995 rursum,
2473 2931 2771 3002 Mysterium
2815 2933 2909 2986 hoc
2942 2950 3177 3003 magnum
3204 2943 3295 2993 est.
3327 2951 3416 3003 ego
3444 2946 3619 2989 autem
3662 2936 3770 2987 diro

2184 3021 2235 3072 in
2264 3019 2461 3074 Clu-isto
2484 3030 2528 3075 et
2555 3023 2605 3075 in
2637 3021 2862 3077 Ecclesia
2894 3025 2909 3093 (
2934 3023 3117 3093 Epltes.
3149 3026 3201 3080 5.
3229 3025 3297 3079 52
3320 3025 3358 3093 ).
3383 3025 3489 3080 Cur
3524 3043 3650 3097 ergo
3672 3043 3768 3080 non

2187 3111 2325 3165 Patri
2354 3127 2545 3183 sponsa
2577 3114 2894 3183 desponderi
2927 3117 3138 3181 dicitur,
3169 3118 3260 3172 sed
3292 3118 3468 3172 Filio?
3500 3120 3634 3189 Quia
3658 3138 3771 3191 qua!

2194 3201 2327 3255 Filio
2353 3203 2735 3272 despondclnr,
2770 3206 2907 3259 Patri
2939 3206 3319 3276 despondetur.
3374 3210 3505 3265 Nam
3539 3213 3589 3267 in
3633 3213 3769 3267 Scri-

2186 3303 2335 3361 ptura
2368 3294 2468 3347 boc
2497 3296 2578 3350 vel
2622 3296 2749 3349 illud
2777 3298 3141 3353 indifferenter
3166 3302 3359 3355 dicitur
3378 3344 3391 3363 ,
3420 3304 3493 3356 ob
3522 3304 3769 3357 substan-

2186 3383 2269 3436 tim
2293 3384 2643 3441 identitatem.
2678 3387 2906 3442 Abhinc
2934 3405 3061 3444 vero
3104 3395 3549 3447 resurrectiomm
3584 3395 3769 3463 pra-di-

2184 3486 2287 3528 cat.
2318 3475 2449 3543 Quia
2474 3479 2614 3531 enim
2642 3479 2691 3531 in
2720 3480 3142 3549 pneccdentibus
3175 3494 3397 3538 mortem
3429 3484 3585 3550 dixit,
3616 3502 3764 3538 mon-

2182 3577 2314 3621 strat
2373 3568 2456 3622 hic
2510 3581 2628 3639 post
2669 3583 2890 3627 mortem
2944 3577 3152 3643 nuptias
3199 3592 3563 3647 Sponsumque
3619 3578 3755 3632 fore.

2188 3657 2380 3713 Verum
2432 3660 2484 3714 hi
2536 3678 2601 3716 ne
2630 3663 2696 3718 ita
2725 3664 2934 3732 quidem
2973 3666 3220 3719 meliores
3269 3679 3391 3721 sunt
3440 3668 3641 3734 clTecti,
3674 3685 3767 3721 nec

2184 3750 2453 3815 mitiores;
2488 3768 2592 3820 quo
2613 3754 2735 3822 quid
2768 3754 3002 3810 deterius
3033 3756 3139 3811 sit?
3189 3759 3393 3811 Etenim
3455 3760 3571 3814 lurc
3614 3762 3765 3814 tertia

2188 3853 2269 3894 est
2325 3846 2611 3897 accusatio.
2663 3845 2871 3909 Prima,
2909 3848 3047 3916 quod
3103 3849 3391 3918 prophetas
3444 3852 3765 3914 occiderint;

2182 3934 2395 3999 dcimlv,
2430 3937 2569 4006 quod
2602 3938 2759 3992 etiam
2791 3939 3014 4004 Filium;
3048 3940 3280 4004 tlenunu,
3309 3943 3450 4013 quod
3482 3960 3605 3999 cum
3633 3946 3768 3997 ueri-

2182 4028 2401 4091 dissent,
2437 4039 2489 4082 et
2540 4028 2605 4083 ad
2661 4030 2868 4100 nuptias
2912 4034 2978 4085 ab
3017 4035 3192 4085 occiso
3242 4034 3633 4099 invitarentur,
3664 4050 3765 4088 non

2184 4121 2431 4185 veniant,
2490 4122 2581 4175 sed
2634 4137 2823 4175 causas
2880 4124 3372 4188 comminiscuntur,
3406 4124 3537 4195 jnga
3588 4126 3765 4185 boum,

2184 4224 2397 4272 uxores,
2444 4226 2636 4279 agros:
2670 4228 2987 4279 quamquam
3033 4211 3144 4265 lure
3183 4213 3461 4267 vidcantur
3509 4214 3767 4267 rationem

2186 4299 2400 4350 habere.
2431 4300 2531 4353 Sed
2564 4300 2685 4354 imle
2712 4302 2986 4366 discimus,
3024 4302 3122 4355 etsi
3157 4304 3455 4357 necessaria
3489 4304 3770 4355 videantur

2183 4407 2301 4445 esse
2352 4392 2436 4445 illa
2463 4410 2579 4460 qua:
2612 4410 2706 4445 nos
2748 4394 3017 4457 retinent,
3052 4396 3341 4462 spirituzilia
3384 4409 3605 4465 semper
3654 4410 3771 4449 esse

2184 4484 2580 4549 antepocuda.
2639 4484 2799 4537 Vocat
2846 4495 3043 4548 autem,
3104 4502 3205 4539 uou
3257 4502 3444 4555 nuper,
3495 4485 3592 4539 sed
3652 4496 3772 4538 ante

2185 4574 2405 4627 multum
2438 4578 2709 4642 temporis.
2738 4576 2865 4631 Nam
2892 4579 2982 4641 ait,
3012 4578 3173 4631 Dicite
3198 4578 3440 4641 inritatis;
3464 4588 3521 4631 et
3558 4578 3771 4641 ilcrtuu,

2195 4661 2373 4719 Vocate
2400 4668 2652 4732 invitatos,
2678 4670 2818 4735 quod
2842 4678 2986 4723 certe
3013 4671 3211 4724 crimen
3232 4680 3409 4738 auget.
3442 4671 3507 4724 Et
3526 4672 3771 4739 quando-

2184 4772 2302 4810 nam
2337 4759 2502 4810 vocati
2528 4764 2686 4811 sunt?
2720 4760 2817 4813 Per
2842 4759 3132 4827 pmpltctas
3158 4776 3363 4828 omnes,
3389 4777 3484 4829 per
3510 4760 3773 4815 Joannem

2185 4862 2420 4912 rursum,
2452 4848 2542 4917 qui
2596 4866 2784 4903 onmes
2830 4850 2896 4903 ad
2951 4850 3220 4904 Christum
3275 4852 3521 4904 mittebat
3568 4852 3773 4914 dicens,

2187 4936 2343 4992 Illum
2374 4950 2564 5009 Oportet
2595 4958 2835 5003 crescere,
2866 4958 2943 4994 me
2972 4953 3139 4993 autem
3168 4943 3329 4994 minui
3359 4942 3545 5011 (Joan.
3577 4943 3631 4996 3.
3664 4942 3771 5005 50).

2185 5032 2286 5086 Per
2343 5034 2511 5101 ipsum
2546 5034 2775 5101 denique
2826 5035 3036 5098 Filium,
3084 5036 3171 5105 qui
3228 5038 3321 5102 ait,
3388 5036 3569 5090 Venite
3608 5038 3781 5088 adire

2184 5141 2352 5177 omnes
2373 5126 2457 5191 qui
2486 5124 2726 5177 laboratis
2762 5135 2808 5179 et
2838 5129 3032 5180 onerati
3082 5129 3218 5192 estis,
3247 5139 3291 5181 et
3319 5145 3408 5199 ego
3433 5130 3670 5194 reﬁciam
3698 5146 3778 5179 vos

2186 5213 2395 5287 (Matth.
2433 5217 2483 5268 ll
2536 5215 2629 5282 ‘28)
2651 5232 2664 5275 ;
2688 5226 2740 5269 et
2769 5233 2972 5281 rursus,
3004 5217 3065 5270 Si
3092 5219 3203 5287 quis
3228 5220 3352 5281 sitit,
3383 5219 3554 5271 ueniat
3584 5219 3654 5271 ad
3681 5234 3776 5273 me.

2184 5318 2229 5359 et
2257 5306 2388 5359 bibat
2419 5306 2594 5374 (Joau.
2628 5308 2679 5362 7.
2710 5310 2825 5377 57).
2875 5309 3057 5378 Neque
3108 5311 3285 5363 verbis
3329 5319 3539 5365 mulum
3563 5351 3577 5372 ,
3610 5308 3703 5363 sed
3730 5316 3779 5358 et

2183 5399 2433 5466 operibus
2463 5400 2590 5467 ipsis
2617 5402 2854 5466 vocabat,
2877 5411 3065 5471 etpost
3086 5405 3510 5472 assumptiouem
3536 5403 3656 5471 ejus
3688 5416 3780 5468 per

2187 5488 2398 5543 Petrum
2427 5499 2480 5543 ct
2505 5490 2711 5553 Socios;
2739 5508 2858 5545 nam
2894 5492 2993 5556 Qui
3016 5503 3251 5562 operatus
3274 5502 3349 5547 est
3377 5491 3557 5557 Petro,
3589 5491 3777 5558 inquit,

2185 5585 2234 5634 in
2280 5582 2618 5651 apostolatum
2649 5584 3067 5647 circumrisiouis,
3107 5596 3345 5639 oneratus
3372 5593 3448 5636 est
3474 5595 3523 5637 et
3552 5584 3678 5637 mihi
3706 5583 3783 5633 in-
