4076 6142
320 360 423 417 639

314 487 390 531 ter
416 481 583 547 gentes
626 470 772 546 (Gal.
815 469 870 524 Ξ.
901 467 983 535 8).
1038 465 1171 534 Quia
1226 462 1368 519 enim
1422 459 1618 516 Filium
1649 454 1891 511 videntes

318 566 573 637 indignati
598 573 743 627 sunt,
774 562 1053 632 ipsumque
1081 554 1422 616 occiderunt,
1451 566 1546 620 per
1572 562 1756 603 servos
1778 560 1892 600 rur-

317 674 432 714 sum
453 664 628 712 vocat.
660 655 729 709 Et
746 652 813 707 ad
840 649 966 722 quid
988 646 1179 704 vocat?
1210 645 1288 701 Ad
1320 644 1529 698 labores
1549 682 1562 703 ,
1593 651 1858 693 a~rumnas
1877 676 1892 698 ,

318 749 581 806 sudores?
624 745 993 816 Nequaquam,
1050 739 1143 794 sed
1192 737 1259 792 ad
1308 736 1528 791 delicias
1560 750 1575 787 :
1605 732 1675 784 ait
1705 730 1849 784 enim
1879 744 1892 779 :

320 842 480 898 Tauri
524 840 619 893 mei
660 848 707 892 et
758 836 922 889 altilia
976 839 1195 885 mactata
1241 836 1379 883 sunt.
1431 825 1654 893 Quanta:
1693 818 1894 888 dapes!

320 942 514 1005 quanta
535 927 923 1000 magnificentia
950 924 965 978 ι
988 922 1172 992 Neque
1200 918 1305 974 ltoc
1330 918 1448 972 illos
1476 911 1766 970 convertit;
1805 907 1896 962 sed

321 1000 522 1095 quanto
561 1021 819 1090 majorem
860 1015 1166 1087 patientiam
1210 1009 1516 1074 exhibebat,
1543 1012 1693 1060 tanto
1735 1000 1902 1070 magis

324 1091 403 1170 illi
427 1111 811 1169 indurabantur
839 1107 879 1162 ί.
934 1104 1118 1175 Neque
1168 1102 1310 1159 enim
1359 1096 1599 1168 impediti
1652 1091 1899 1163 negotiis,

323 1204 420 1262 sed
436 1203 761 1274 negligentes
779 1213 883 1252 non
907 1201 1186 1249 venerunt.
1204 1192 1313 1247 Cur
1334 1198 1510 1244 autem
1528 1185 1616 1240 alii
1644 1180 1900 1251 nuptias',

324 1294 417 1349 alii
465 1271 593 1362 juga
634 1290 792 1343 boum
847 1281 1200 1340 obtendunt?
1248 1279 1482 1333 haeccine
1529 1271 1905 1342 occupationes

325 1386 493 1441 sunt?
539 1383 772 1439 Minime.
828 1381 958 1433 Cum
1004 1376 1147 1430 enim
1199 1370 1488 1441 spiritualia
1541 1381 1642 1422 nos
1693 1368 1903 1425 vocant,

328 1477 470 1532 nulla
508 1483 589 1529 cst
615 1469 1020 1541 occupatioumu
1050 1464 1360 1521 necessitas.
1422 1458 1679 1514 Videntur
1726 1463 1905 1508 autem

327 1566 458 1622 mihi
485 1562 887 1618 hisobtentibus
917 1557 1019 1623 usi,
1043 1565 1101 1609 ιιι
1132 1555 1245 1608 lucc
1280 1550 1429 1622 quasi
1461 1544 1793 1619 negligentia:
1819 1555 1909 1595 ve-

329 1657 523 1710 lamina
549 1660 898 1723 opponerent.
926 1647 1106 1718 Neque
1142 1644 1193 1698 id
1224 1644 1396 1697 solum
1433 1652 1595 1711 grave
1640 1645 1741 1697 est,
1766 1627 1907 1701 quod

330 1762 437 1801 non
462 1743 737 1808 venerint;
766 1740 859 1795 sed
892 1739 1085 1801 etiam,
1116 1735 1255 1804 quod
1278 1729 1648 1801 gravissimum
1679 1722 1907 1777 atrocis—

328 1839 630 1905 simumque
676 1842 777 1898 est,
807 1830 947 1902 quod
998 1829 1191 1882 missos
1222 1826 1287 1878 ad
1334 1838 1394 1878 se
1423 1820 1560 1876 male
1612 1813 1905 1875 affecerint,

328 1926 669 1983 contumeliis
722 1921 1016 1983 onerat-int,
1064 1914 1388 1979 occiderint,
1423 1912 1473 1966 id
1500 1908 1638 1980 quod
1668 1903 1912 1975 superio-

331 2019 482 2085 nibus
531 2014 741 2085 gravius
787 2023 889 2067 cst.
923 2010 1000 2064 llli
1044 2022 1274 2077 namque
1298 2009 1560 2059 venerunt
1609 2005 1911 2067 repetentes

330 2116 646 2177 proventum
669 2114 723 2157 et
749 2102 969 2167 fructus,
992 2108 1151 2167 atque
1176 2095 1337 2149 occisi
1366 2100 1521 2154 sunt;
1552 2090 1603 2142 bi
1635 2102 1763 2141 vero
1790 2099 1909 2137 cum

328 2199 399 2253 ad
447 2198 658 2264 nuptias
698 2195 856 2247 occisi
891 2192 1258 2245 interfectores
1285 2187 1401 2256 cjus
1424 2191 1632 2244 vocant,
1664 2177 1911 2233 similiter

330 2290 740 2346 interﬁciuntur.
771 2286 865 2340 Cui
899 2284 1060 2337 furori
1083 2280 1207 2351 quid
1241 2294 1334 2349 par
1383 2274 1574 2330 fuerit?
1601 2272 1691 2328 Sic
1717 2268 1911 2324 Paulus

329 2381 646 2434 criminatur
697 2377 853 2430 illos:
892 2374 990 2440 Qui
1035 2381 1081 2425 et
1124 2369 1396 2424 Dominum
1424 2376 1470 2420 et
1498 2362 1767 2435 prapltetas
1796 2373 1913 2411 suos

330 2472 645 2537 occiderunt,
676 2481 722 2524 et
765 2486 855 2522 nos
883 2465 1167 2538 persequuti
1193 2472 1311 2518 sunt
1338 2461 1359 2492 ³
1386 2460 1463 2527 (1.
1509 2456 1685 2513 Thess.
1717 2454 1771 2507 ‘2.
1798 2453 1910 2521 15).

336 2565 539 2620 Deinde
584 2579 651 2618 ne
703 2561 964 2624 dicerent,
1017 2558 1128 2612 Deo
1167 2553 1501 2610 adversarius
1554 2558 1657 2614 est,
1689 2546 1913 2614 ideoque

333 2672 446 2709 non
470 2652 793 2717 accedimus,
823 2649 945 2704 audi
968 2647 1092 2720 quid
1113 2646 1297 2701 dicunt
1320 2643 1354 2698 ii
1374 2643 1462 2713 qui
1486 2641 1727 2694 invitant.
1759 2635 1915 2689 Pater

331 2758 420 2805 est
446 2749 490 2801 is
515 2746 605 2817 qui
649 2745 859 2814 nuptias
884 2742 1011 2796 facit
1030 2749 1085 2795 et
1113 2738 1320 2793 invitat.
1375 2732 1512 2800 Quid
1539 2744 1667 2800 ergo
1697 2728 1916 2798 postea?

333 2839 471 2908 Quia
516 2837 802 2892 noluerunt
855 2832 1060 2897 venire,
1108 2827 1205 2884 sed
1244 2836 1302 2882 et
1345 2823 1562 2879 nuntios
1583 2818 1914 2877 occiderunt,

334 2933 498 2988 urbes
551 2944 735 2985 eorum
774 2924 1028 2990 incendit,
1068 2932 1124 2978 et
1173 2919 1353 2975 missis
1377 2912 1697 2972 exercitibus
1724 2908 1921 2965 occidit

333 3040 453 3079 eos.
484 3022 580 3077 His
602 3034 760 3090 porro
790 3014 1111 3088 przeuuntiat
1136 3027 1199 3067 ea
1227 3025 1347 3079 quae
1379 3005 1481 3062 sub
1515 3001 1838 3072 Vespasiano
1865 3005 1919 3051 et

335 3116 460 3171 Tito
515 3116 650 3168 facta
703 3123 847 3166 sunt.
895 3109 962 3163 Et
1008 3106 1130 3178 quia
1184 3104 1394 3159 Patrem
1441 3096 1916 3154 exacerbavcruut,

334 3204 479 3277 quod
502 3205 602 3276 ipsi
648 3218 754 3257 non
777 3199 1121 3259 crediderint,
1146 3196 1259 3265 ipse
1299 3193 1417 3247 illos
1447 3187 1739 3243 ulciscitur.
1791 3182 1919 3237 Ideo

335 3311 447 3351 non
469 3274 648 3348 statim
680 3301 799 3363 post
826 3300 1051 3346 mortem
1079 3286 1275 3341 Christi
1302 3280 1566 3337 excidium
1594 3276 1792 3341 evenit,
1824 3274 1916 3328 sed

336 3397 462 3456 post
498 3399 669 3440 annos
701 3381 1075 3454 quadraginta,
1103 3388 1160 3433 ut
1188 3375 1496 3446 patientiam
1522 3386 1672 3425 suam
1700 3366 1921 3424 exhibe-

338 3488 457 3545 ret;
481 3493 601 3531 cum
626 3474 953 3544 Stephanum
981 3470 1322 3532 occiderunt,
1349 3464 1604 3521 Iacobum
1642 3457 1922 3516 interfece-

340 3581 489 3632 runt,
517 3568 792 3637 apostolos
835 3564 1064 3619 all'ecere
1113 3558 1474 3616 contumeliis.
1528 3552 1714 3610 Viden’
1743 3566 1920 3606 rermn

340 3662 622 3716 veritatem
647 3667 703 3712 et
739 3653 1106 3712 celeritatem?
1137 3651 1323 3706 Adhuc
1355 3649 1495 3702 enim
1523 3645 1731 3701 Joanne
1757 3655 1922 3698 evan-

339 3754 530 3822 gelista
564 3751 792 3815 vivente,
812 3747 1035 3815 aliisque
1061 3741 1426 3813 compluribus
1452 3738 1541 3808 qui
1571 3752 1691 3792 cum
1713 3732 1925 3788 Christo

342 3847 610 3905 vixerant,
644 3840 759 3894 [nec
808 3838 1148 3907 contigerunt
1180 3851 1193 3888 :
1222 3833 1420 3887 etenim
1453 3836 1720 3900 gestorum
1763 3830 1926 3877 testes

341 3945 523 4000 erant,
552 3933 642 4004 qui
676 3932 790 3986 haec
834 3929 1136 3984 audierunt.
1193 3924 1325 3978 Vide
1372 3937 1499 3991 etgo
1544 3914 1925 3988 providentiam

347 4024 692 4082 inctl'abilem.
726 4021 988 4085 l’lauta‘vit
1026 4020 1262 4081 vineam,
1295 4013 1472 4067 omnia
1515 4010 1641 4066 fecit
1682 4017 1736 4062 ct
1775 4021 1928 4060 com-

344 4116 513 4188 plevit
536 4131 552 4179 ;
580 4113 749 4169 servis
766 4111 957 4167 occisis
982 4110 1117 4163 alios
1143 4120 1326 4162 servos
1352 4103 1494 4158 misit
1527 4116 1543 4156 :
1570 4099 1652 4153 bis
1679 4098 1928 4152 interem-

350 4210 487 4278 ptis,
522 4206 712 4261 Filium
753 4204 926 4267 misit,
956 4216 1064 4271 quo
1110 4197 1410 4261 interfecto,
1445 4201 1598 4247 vocat
1616 4205 1711 4246 eos
1740 4188 1807 4242 ad
1835 4203 1930 4241 nu-

351 4303 512 4370 ptias,
534 4307 591 4353 et
611 4298 792 4352 venire
818 4296 1120 4350 uoluerunt.
1144 4292 1332 4346 PoSIea
1355 4288 1515 4343 mittit
1540 4286 1676 4340 alios
1699 4296 1882 4338 servos
1913 4295 1926 4331 :

352 4393 427 4445 illi
457 4406 589 4446 vero
618 4390 716 4444 bos
745 4388 903 4443 etiam
933 4385 1259 4440 occiderunt.
1288 4381 1542 4449 Tuncque
1569 4376 1783 4431 demum
1814 4371 1932 4426 illos

356 4482 608 4539 interﬁcit
647 4500 661 4538 :
696 4490 879 4551 utpote
921 4479 1009 4550 qui
1052 4474 1328 4531 incnrabili
1380 4473 1566 4527 inorbo
1608 4470 1930 4523 laborarent.

355 4574 511 4642 Quod
565 4573 708 4628 enim
752 4568 1074 4636 incurabiles
1115 4574 1331 4629 essent,
1386 4580 1489 4618 non
1536 4561 1711 4631 priora
1763 4558 1931 4611 solum

350 4679 504 4738 gesta
555 4666 889 4737 probabant;
920 4660 1180 4730 sedquod
1222 4669 1381 4713 etiam
1429 4651 1794 4709 meretricibus
1837 4665 1932 4718 pu-

362 4759 696 4828 blicauisque
715 4755 1080 4815 credentibus,
1111 4753 1182 4805 illi
1213 4751 1332 4804 talia
1367 4744 1738 4817 pcrpetrarint.
1761 4740 1939 4809 Itaque

356 4869 467 4907 mn
509 4852 579 4906 ob
615 4866 709 4905 sua
753 4859 901 4919 gesta
945 4855 1000 4901 et
1047 4845 1250 4899 scelera
1283 4850 1488 4895 tautmn
1517 4879 1531 4901 ,
1564 4834 1657 4890 sed
1681 4835 1841 4888 etiam
1869 4831 1940 4884 ob

355 4946 585 4999 aliorum
610 4943 747 4996 bona
769 4955 929 5009 opera
960 4937 1298 4991 damnantur.
1353 4932 1409 4986 Si
1440 4928 1699 4997 quispiam
1722 4920 1937 4982 dixerit,

358 5056 467 5090 mm
497 5045 623 5090 tunc
648 5042 866 5088 vocatos
890 5046 954 5086 ex
982 5028 1230 5100 gentibus
1251 5025 1439 5088 fuisse,
1461 5037 1579 5076 cum
1603 5015 1828 5088 apostoli
1855 5013 1943 5067 lla-

354 5127 540 5195 gellati
587 5133 641 5180 et
696 5124 972 5177 innumera
1030 5114 1271 5188 perpessi
1329 5122 1475 5175 sunt,
1507 5108 1600 5164 sed
1623 5107 1801 5161 statim
1826 5109 1938 5171 post

358 5193 811 5273 resurrectionem
864 5217 1014 5281 (tunc
1052 5208 1196 5264 enim
1245 5200 1520 5272 discipulis
1561 5197 1714 5261 dixit,
1745 5193 1938 5248 Euntes

357 5309 539 5365 docete
558 5323 729 5362 omnes
751 5313 922 5376 gentes
946 5298 1162 5372 [Mutila
1191 5296 1281 5352 28.
1311 5293 1428 5367 19],
1463 5285 1907 5360 respondebimus
1929 5321 1947 5347 ,

360 5398 659 5470 discipulos
674 5405 728 5449 et
753 5373 880 5447 ante
906 5404 1122 5447 erucem
1149 5397 1204 5444 et
1233 5395 1351 5457 post
1372 5396 1586 5439 erucem
1617 5376 1817 5433 ludatis
1840 5373 1952 5446 pri-

441 5591 455 5617 '
483 5589 540 5641 lu
552 5589 709 5643 uorel.
734 5587 842 5637 lucc
861 5585 937 5634 sic
958 5584 1151 5643 inversa
1170 5588 1298 5639 sunt,
1312 5580 1398 5643 sed
1414 5584 1588 5643 quamn
1785 5570 1861 5624 illi
1881 5571 1933 5625 in

372 5636 705 5707 damnamur,
721 5636 852 5699 tanto
874 5645 1106 5707 majorem
1130 5642 1210 5692 ille
1232 5636 1510 5707 patientiam
1530 5636 1798 5688 eahibébat.

444 5700 725 5763 iiiiiiii‘ei.
752 5700 963 5771 legitur;
977 5718 1138 5771 «ιφ-οδ,
1166 5700 1271 5766 pro,
1296 5700 1505 5763 nuptias.

443 5776 464 5807 ⁸
488 5760 649 5837 λιιηυὶ
678 5780 730 5824 et
749 5760 914 5822 nam.
940 5760 1140 5827 addunt,
1164 5760 1209 5816 et
1236 5773 1333 5814 Deo
1355 5760 1447 5812 non
1469 5760 1770 5826 placuerunt.

1279 348 1347 405 IN
1383 344 1789 402 “ATT”!!me
1830 342 2061 395 unum.
2105 341 2289 396 LXIX.
2329 342 2399 395 al.
2444 339 2604 395 LXX.

3471 328 3577 386 65)

2009 468 2152 506 ιιιιιιιι
2184 454 2427 522 loquutus
2471 454 2653 509 fuisse.
2704 436 2835 508 Nam
2881 459 3004 505 ante
3028 462 3241 503 crucem
3265 448 3337 499 ait
3366 445 3471 500 illis
3499 442 3582 497 .lc-

2007 556 2100 596 sus
2131 560 2146 598 :
2177 541 2261 598 Ite
2284 543 2351 596 ad
2378 560 2491 597 oves
2516 559 2629 614 qm:
2654 544 2906 613 perierant
2930 540 3113 595 domus
3144 536 3308 592 Israel
3331 553 3350 592 :
3382 546 3433 590 et
3466 543 3584 606 po~t

2001 648 2216 687 erucem
2251 649 2354 688 non
2388 634 2573 700 vetuit,
2610 634 2719 689 imo
2762 634 2924 690 etiam
2969 630 3224 703 praecepit
3252 639 3308 685 ut
3338 628 3457 684 illos
3482 627 3583 682 do-

2002 737 2203 786 cerent.
2231 727 2491 795 Quamvis
2516 726 2662 782 enim
2689 725 2940 789 dixisset,
2964 724 3152 778 Docete
3175 741 3351 777 (ηιιιινε
3385 733 3583 793 gentes:

2002 827 2187 874 tamen
2220 830 2550 873 ascensurus
2572 815 2626 870 in
2657 815 2904 880 crelum‘,
2928 814 3229 869 declaravit
3249 789 3426 883 primo
3448 830 3584 883 prae—

2004 909 2295 966 dicandum
2318 906 2522 963 Judaeis
2554 921 2709 962 esse:
2738 905 2816 960 ait
2839 905 3009 971 enim,
3034 904 3317 975 Accipietis
3338 905 3584 958 virtutem

2005 1001 2411 1072 supervenientis
2436 999 2668 1069 Spiritus
2691 999 2863 1055 sancti
2893 998 2944 1051 in
2972 1015 3079 1064 vos,
3102 1010 3150 1053 et
3187 997 3333 1053 eritis
3355 998 3483 1051 mihi
3506 1007 3587 1051 te-

2004 1106 2107 1152 stes
2132 1098 2185 1152 in
2210 1094 2509 1150 Jerusalem
2541 1104 2591 1150 et
2618 1095 2675 1148 in
2694 1093 2839 1147 omni
2861 1092 3072 1149 Iudaea.
3097 1101 3151 1148 et
3184 1109 3345 1162 usque
3365 1092 3434 1145 ad
3458 1091 3588 1145 ulti-

2004 1205 2150 1241 mum
2163 1197 2317 1242 terra:
2330 1187 2469 1247 (Act.
2490 1185 2539 1241 1.
2559 1185 2638 1255 8);
2652 1182 2924 1240 etPaulus
2945 1198 3189 1237 rursum:
3213 1182 3320 1247 Qui
3341 1191 3587 1250 operatus

2009 1280 2083 1326 est
2113 1270 2269 1327 Petro
2298 1273 2351 1328 in
2377 1246 2717 1345 apostolatum
2741 1269 3160 1335 circumcisionis,
3187 1246 3425 1339 operatus
3444 1278 3517 1323 est
3543 1277 3592 1321 et
3626 1246 3632 1257 ’

2011 1363 2136 1418 mihi
2156 1363 2285 1418 inter
2307 1374 2476 1434 gentes
2503 1361 2646 1434 (Gal.
2687 1361 2744 1419 2.
2776 1358 2853 1435 8).
2878 1360 2952 1432 (a)
2970 1360 3257 1430 Propterea
3285 1369 3341 1416 et
3365 1360 3589 1431 apostoli

2010 1453 2210 1509 Judaais
2228 1453 2400 1524 primo
2427 1454 2866 1525 praedicaverunt,
2884 1462 2936 1508 et
2959 1460 3236 1522 postquam
3264 1450 3431 1506 multo
3461 1459 3593 1507 tem-

2014 1559 2141 1614 pore
2157 1543 2509 1616 Jerosolyma:
2535 1543 2877 1610 mansissent,
2902 1541 3095 1598 deinde
3118 1541 3186 1598 ab
3210 1542 3313 1598 illis
3339 1541 3499 1612 pulsi,
3519 1543 3596 1597 sic

2015 1634 2244 1706 dispersi
2270 1644 2397 1690 sunt
2424 1634 2564 1706 apud
2592 1643 2801 1705 gentes.

2082 1745 2139 1800 2.
2169 1745 2248 1800 Tu
2277 1760 2410 1801 vero
2451 1745 2538 1801 bic
2577 1744 2858 1801 considera
2905 1743 3329 1801 muniﬁcentiam
3363 1744 3594 1800 Domini.

2018 1836 2271 1908 Quotquot
2313 1836 2570 1890 invenietis
2593 1875 2610 1901 ,
2658 1835 2862 1906 inquit,
2910 1844 3082 1889 vocate
3113 1834 3182 1887 ad
3210 1835 3432 1905 nuptias.
3463 1834 3599 1889 Nam

2014 1935 2192 1992 antea,
2222 1936 2279 1981 ut
2303 1926 2409 1980 disi
2428 1967 2442 1992 ,
2474 1934 2529 1981 et
2554 1925 2754 1982 ludatis
2779 1933 2835 1982 et
2856 1925 3103 1997 gentibus
3126 1924 3509 1995 praedicabant,
3542 1935 3598 1981 ut

2015 2019 2301 2090 plurimum
2331 2020 2384 2074 in
2421 2019 2603 2075 Juda‘a
2627 2027 2933 2075 versantes:
2954 2019 3078 2089 quia
3105 2033 3234 2074 vero
3257 2017 3426 2074 Juda-i
3472 2018 3599 2087 ipsis

2018 2112 2328 2166 insidiantes
2375 2111 2816 2182 perseverabant,
2856 2110 2980 2165 audi
3026 2109 3284 2173 Paulum,
3325 2111 3413 2177 qui
3466 2108 3600 2162 hanc

2021 2204 2320 2272 parabolam
2349 2205 2578 2274 explicat
2597 2213 2651 2259 et
2672 2203 2834 2258 dicit:
2857 2201 3008 2257 Vobis
3031 2211 3138 2256 erat
3163 2217 3360 2256 necesse
3385 2200 3601 2269 primum

2019 2295 2154 2364 loqui
2174 2296 2378 2350 verbum
2399 2295 2527 2361 Dei;
2556 2294 2643 2350 sed
2669 2294 2787 2365 quia
2812 2308 2898 2349 vos
2920 2292 3458 2364 indignosjadicastis,
3490 2307 3604 2345 cere

2018 2391 2353 2443 convertimur
2380 2398 2447 2442 aa
2487 2399 2658 2460 gentes
2697 2389 2839 2458 (Act.
2876 2388 2961 2443 13.
2994 2384 3108 2459 46).
3140 2386 3429 2456 Propterea
3458 2387 3600 2440 cnim

2022 2479 2135 2547 ipse
2163 2480 2272 2534 ait:
2295 2479 2350 2534 8.
2378 2478 2593 2549 Nuptiis
2634 2479 2833 2549 quidem
2873 2486 3066 2549 paratae
3109 2485 3255 2543 sunt,
3297 2476 3461 2531 vocati
3490 2491 3604 2529 vero

2020 2567 2163 2638 digni
2205 2586 2307 2624 non
2351 2579 2511 2624 erant.
2563 2569 2619 2624 Id
2661 2584 2789 2625 vero
2818 2570 2910 2625 ille
2936 2577 3092 2624 antea
3122 2568 3363 2634 sciebat,
3413 2567 3508 2623 sed
3549 2578 3604 2621 ιιι

2024 2658 2221 2713 nullam
2250 2659 2380 2728 ipsis
2419 2659 2744 2729 relinqueret
2774 2657 3097 2728 impudentis
3123 2656 3484 2712 excusationis
3503 2670 3602 2711 an-

2023 2762 2160 2817 sam,
2188 2749 2312 2805 licet
2336 2749 2386 2803 id
2415 2749 2597 2816 sciret,
2623 2748 2690 2803 ad
2722 2748 2843 2804 illos
2867 2748 3072 2820 primos
3095 2756 3150 2802 ct
3177 2745 3325 2803 venit
3347 2754 3404 2803 et
3426 2745 3615 2815 misit,

2024 2840 2129 2895 illis
2153 2856 2249 2895 ora
2276 2841 2561 2897 obstructis
2584 2882 2601 2908 ,
2631 2855 2836 2911 nosque
2862 2840 3145 2895 instituens
3162 2879 3178 2904 ,
3209 2849 3267 2895 ut
3293 2853 3412 2910 qua:
3440 2853 3607 2909 penes

2026 2946 2124 2986 nos
2145 2941 2269 2986 sunt
2290 2933 2468 2986 omnia
2506 2931 2842 3002 impleamus,
2872 2931 2973 2986 etsi
3001 2945 3158 2985 nemo
3186 2929 3455 3001 quidpiam
3482 2928 3607 2985 inde

2025 3020 2155 3075 lucri
2185 3032 2500 3093 accepturus
2536 3033 2701 3078 esset.
2746 3022 2880 3090 Quia
2924 3036 3054 3093 ergo
3097 3021 3255 3093 Digni
3295 3038 3394 3074 non
3441 3032 3605 3085 crant,

2026 3115 2194 3187 inquit
2221 3132 2238 3171 :
2266 3116 2322 3172 9.
2371 3113 2451 3170 Ite
2485 3114 2555 3169 ad
2597 3115 2781 3183 trivia,
2821 3122 2870 3170 et
2906 3128 3242 3185 quoscumque
3280 3113 3566 3169 inveneritis
3588 3153 3605 3178 ,

2026 3206 2405 3261 vocate:ctiam
2436 3205 2568 3261 viles
2593 3216 2648 3261 et
2674 3205 2933 3275 abjectos.
2954 3205 3086 3271 Quia
3112 3203 3259 3262 enim
3286 3218 3429 3272 stupe
3458 3203 3604 3258 dice—

2026 3300 2149 3365 bat,
2206 3298 2513 3354 Meretrices
2561 3307 2619 3353 et
2669 3296 2936 3368 publicani
2990 3296 3178 3351 caelum
3237 3294 3611 3350 bereditabunt

2032 3389 2243 3460 (Matth.
2271 3388 2363 3445 21.
2396 3389 2525 3460 '51);
2565 3398 2651 3456 et,
2682 3389 2849 3445 Erunt
2876 3388 3133 3444 novissimi
3169 3387 3348 3458 primi,
3384 3397 3431 3442 et
3459 3385 3615 3458 primi

2028 3486 2280 3540 novissimi
2305 3483 2520 3555 (Matth.
2564 3482 2656 3539 19.
2685 3482 2777 3556 50)
2796 3499 2810 3537 :
2829 3481 3066 3538 ostendit
3089 3481 3207 3537 haec
3230 3480 3309 3536 sic
3329 3479 3473 3551 juste
3496 3479 3608 3534 dis-

2032 3578 2265 3646 pensari:
2281 3576 2423 3646 quod
2449 3575 2781 3646 potissimum
2804 3573 3018 3630 Judaeos
3039 3572 3338 3638 mordebat,
3362 3579 3418 3629 et
3440 3573 3623 3626 multo.

2031 3673 2197 3742 magis
2223 3685 2381 3742 quam
2410 3668 2556 3725 urbis
2581 3668 2850 3725 excidium
2879 3664 3179 3737 afﬂigebat,
3206 3664 3348 3735 quod
3385 3663 3617 3720 viderint

2026 3766 2253 3834 gentiles
2276 3764 2330 3818 in
2370 3777 2493 3827 sua,
2527 3760 2642 3815 imo
2671 3757 2726 3813 in
2754 3757 2869 3812 suis
2907 3755 3080 3809 multo
3105 3751 3494 3807 excellentiora
3519 3750 3609 3804 in-

2023 3857 2258 3914 troduci.
2318 3853 2525 3910 Deinde
2576 3866 2644 3906 ne
2694 3850 2751 3903 bi
2801 3848 2856 3903 in
2911 3848 3030 3903 sola
3074 3845 3181 3900 ﬁde
3225 3858 3377 3914 spem
3437 3843 3607 3898 liabe-

2025 3955 2185 4011 rent,
2221 3945 2289 3999 de
2312 3943 2524 4011 judicio
2552 3950 2610 3996 et
2646 3952 2809 4007 paena
2853 3950 3149 4008 pravorum
3188 3948 3417 4004 operum
3459 3932 3607 3991 edis-

2028 4040 2201 4101 serit,
2249 4038 2614 4105 bortaturque
2659 4030 2902 4087 nondum
2961 4027 3246 4084 credentes
3288 4026 3356 4082 ad
3401 4026 3617 4096 amplc-

2023 4130 2268 4186 alendam
2300 4126 2458 4182 [idem
2481 4167 2499 4192 ,
2537 4122 2822 4179 credentes
2844 4131 2972 4175 vero
2996 4115 3063 4171 ad
3090 4114 3252 4169 vitam
3278 4119 3426 4167 recte
3451 4110 3605 4164 inStio

2026 4222 2295 4277 tuendam.
2321 4218 2689 4272 indumentum
2715 4211 2857 4268 enim
2883 4216 3008 4265 sunt
3032 4205 3137 4260 vita
3164 4212 3219 4259 et
3241 4217 3423 4273 opera.
3446 4200 3613 4270 Atqui

2028 4313 2234 4369 vocalia
2261 4309 2446 4380 gratia:
2473 4315 2623 4371 erat;
2671 4318 2769 4359 cur
2810 4315 2939 4372 ergo
2968 4306 3075 4352 tam
3102 4303 3351 4350 accurate
3380 4291 3616 4361 loquitur.

2030 4418 2083 4462 et
2106 4406 2346 4458 hortatur
2361 4401 2386 4454 ‘l
2401 4398 2533 4465 Quia
2557 4395 2765 4451 vacatio
2783 4391 2997 4461 quidem
3016 4399 3067 4443 et
3092 4385 3333 4457 purgatio
3351 4399 3421 4438 ex
3443 4382 3628 4452 gratia.

2031 4507 2185 4558 sunt;
2212 4503 2460 4548 vocatum
2489 4499 2666 4543 autem
2694 4495 2750 4542 et
2780 4484 2925 4556 puris
2953 4479 3201 4535 indutum
3230 4475 3468 4531 vestibus
3495 4489 3613 4526 ma-

2034 4603 2180 4649 tn-re,
2206 4595 2261 4639 et
2287 4584 2404 4637 lucc
2430 4594 2666 4644 servare,
2696 4576 2748 4630 id
2773 4590 2842 4629 ex
2875 4583 3182 4626 vocatorum
3209 4579 3336 4620 cura
3359 4573 3415 4619 et
3439 4563 3617 4617 studio

2035 4675 2406 4751 proﬁciscitur.
2441 4672 2702 4724 Vocantur
2729 4673 2909 4719 autem
2950 4676 3055 4715 non
3083 4674 3148 4713 ex
3177 4655 3369 4712 merito
3388 4695 3404 4720 ,
3430 4653 3523 4709 sed
3550 4669 3618 4709 ex

2037 4746 2219 4842 gratia.
2249 4764 2541 4836 Oportebat
2581 4763 2740 4831 igitur
2765 4755 2950 4828 gratiae
2976 4753 3149 4807 vicem
3187 4746 3483 4819 rependere
3524 4760 3621 4815 per

2039 4863 2417 4923 obedientiam,
2442 4872 2547 4911 non
2575 4868 2667 4924 per
2692 4858 2890 4903 tantam
2915 4855 3033 4916 post
3056 4843 3315 4897 honorem
3341 4846 3620 4908 acceptum

2045 4953 2350 5023 nequitiam.
2380 4946 2484 5003 Sed
2512 4960 2616 4999 non
2661 4948 2739 4996 tot
2777 4937 2959 5006 accepi
2996 4935 3174 4999 bona,
3216 4929 3457 5003 inquies,
3495 4936 3636 4998 quot.

2046 5021 2231 5101 διάει-ἰ.
2283 5042 2393 5096 lmo
2422 5037 2590 5093 multo
2618 5032 2818 5101 majora
2862 5025 3114 5098 accepisti
3153 5025 3312 5080 bona.
3347 5021 3480 5079 Nam
3506 5036 3627 5090 quia

2051 5147 2193 5191 tanto
2224 5144 2463 5203 tempore
2510 5127 2642 5198 ipsis
2669 5122 3064 5198 apparabantur
3085 5159 3103 5187 ,
3148 5127 3202 5172 tu
3231 5114 3514 5172 confertim
3539 5129 3627 5163 ar-

2051 5228 2258 5300 cepisti,
2286 5227 2410 5281 licet
2433 5222 2625 5293 dignus
2651 5233 2756 5274 non
2778 5229 2947 5272 esses.
2972 5213 3094 5268 Ideo
3109 5210 3306 5267 Paulus
3326 5210 3431 5262 ait:
3448 5205 3643 5260 Gentes.

2052 5295 2215 5374 uittam
2242 5333 2335 5390 pro
2359 5310 2701 5369 misericordia
2725 5307 3013 5381 gloriﬁcare
3038 5302 3202 5357 Deum
3228 5298 3402 5372 (Rom.
3429 5296 3517 5352 15.
3548 5295 3629 5364 9).

2055 5413 2184 5468 Nam
2214 5425 2332 5481 qua:
2370 5405 2478 5463 illis
2505 5402 2835 5460 debebantur
2853 5439 2868 5464 ,
2914 5405 2970 5450 tu
2996 5391 3271 5462 accepisti.
3301 5389 3646 5462 Quapropter-

2124 5567 2139 5598 '
2164 5560 2264 5613 Alii
2291 5574 2302 5606 :
2328 5557 2506 5619 Neque
2525 5562 2651 5619 tunc
2673 5547 2821 5610 dixit,
2851 5562 2872 5619 ς
2908 5549 3256 5619 Docete‘omnes
3291 5548 3474 5619 gentes,
3502 5557 3519 5588 ι
3545 5542 3633 5590 sed

2059 5605 2347 5679 ascensurus
2363 5605 2635 5675 iniustum,
2660 5619 2782 5671 ete.;
2805 5605 2981 5679 minus
2991 5611 3233 5679 recte,‘ut
3255 5605 3478 5679 videtur.

2337 5662 2466 5745 sequ
2468 5662 2531 5730 ιῖιι
2538 5662 2892 5747 tui-numerum
2904 5672 2923 5720 1
2940 5662 3239 5747 claudentia,
3250 5666 3454 5747 degram
3475 5668 3522 5714 in
3534 5662 3636 5747 Mq-

2064 5728 2756 5811 reif,'t;cwrvboin‘moteleuton,
2770 5741 2895 5787 etes
2916 5728 3270 5794 manuscriptis
3290 5728 3481 5792 adjecta
3501 5728 3629 5775 sunt:
