4076 6142
502 416 593 464 tsfsl

502 544 684 595 magna
716 523 1093 593 negligentibus
1138 521 1372 573 imminet
1406 535 1575 586 putua.
1607 515 2057 583 Quemadmodum

500 619 641 670 enim
673 616 766 681 illi,
796 614 933 681 quod
965 630 1065 664 ttott
1093 612 1358 671 venerint,
1390 609 1704 662 contumelia
1738 607 2061 660 affecerunt:

503 712 578 763 sic
605 717 657 760 et
678 718 750 767 ttt,
774 706 892 775 quia
917 704 980 757 ad
1004 713 1305 769 corruptam
1327 703 1483 753 vitam
1509 700 1584 752 sic
1608 699 1721 751 deel
1748 698 1901 751 uasti.
1932 696 2061 750 Nam

500 798 727 852 sordidis
772 796 1007 848 vestibus
1052 794 1279 853 intrare,
1325 792 1375 844 id
1419 799 1518 853 est,
1562 806 1680 842 cum
1729 788 1928 854 impura
1961 786 2061 838 vita

502 894 621 945 inde
663 892 966 950 discedere;
1016 887 1239 953 ideoque
1275 884 1601 938 olmttttttisse
1638 882 1847 934 dicitur.
1886 879 2047 931 Viden

499 982 762 1053 quomodo
792 981 913 1033 licet
943 994 1028 1031 res
1057 978 1134 1031 sic
1178 974 1453 1030 tnalttfesta
1481 975 1547 1027 sit
1572 1013 1587 1037 ,
1636 988 1737 1025 It0tt
1770 972 1910 1038 prius
1936 986 2060 1036 sup-

503 1074 651 1133 plicia
682 1071 887 1128 inferat.
918 1083 1072 1136 quam
1104 1067 1214 1135 ipse
1245 1074 1485 1133 peccator
1512 1062 1823 1116 sententiam
1854 1057 2065 1112 tulerit?

500 1164 631 1229 Quia
653 1163 792 1215 enim
816 1160 945 1213 nihil
970 1156 1289 1225 respondere
1311 1165 1533 1222 poterat,
1558 1153 1895 1219 semetipsum
1918 1148 2066 1203 datu-

508 1254 682 1313 nabat,
711 1262 759 1305 et
786 1250 850 1303 ad
878 1250 1113 1313 ingentes
1134 1248 1332 1314 rapitur
1356 1260 1555 1313 pmnas.
1589 1242 1663 1296 Νι·
1688 1252 1839 1310 putes
1866 1249 2061 1298 autem,

504 1361 622 1395 tum
654 1341 896 1396 tenebras
924 1339 1096 1403 audis,
1125 1339 1223 1390 hoc
1249 1336 1390 1389 illum
1420 1333 1678 1401 supplicio
1705 1331 1896 1401 puniri,
1925 1327 2064 1398 quod
2096 1320 2099 1325 ’

506 1442 554 1488 ιιι
586 1437 866 1489 obscurmn
896 1434 1066 1485 locum
1094 1429 1329 1483 trudatur
1351 1425 1712 1485 solummodo;
1740 1422 1832 1475 sed
1862 1421 1946 1473 ubi
1980 1421 2063 1473 13.

511 1527 711 1588 Fletus,
755 1533 801 1578 et
825 1522 1009 1577 stridor
1035 1521 1284 1581 dentium,
1317 1516 1458 1587 quod
1484 1514 1841 1569 intolerabiles
1865 1511 2065 1578 signifi-

506 1629 588 1670 rat
616 1615 849 1670 dolores.
884 1613 1074 1667 Audite
1114 1621 1366 1679 quotquot
1398 1606 1764 1678 mysteriorum
1796 1610 2068 1655 consortes

506 1708 656 1771 t-stis,
698 1715 752 1759 et
778 1704 842 1757 ad
871 1705 1075 1770 nuptias
1101 1690 1394 1754 advetttatis
1421 1738 1433 1757 ,
1466 1695 1794 1761 sordidisque
1823 1690 2068 1756 opetibns

507 1797 732 1848 animam
767 1792 997 1845 induitis.
1042 1789 1231 1842 Audite
1265 1786 1401 1839 unde
1432 1785 1598 1837 vocati
1632 1783 1763 1834 sitis.
1792 1780 1866 1832 Ex
1896 1778 2064 1831 trivio.

507 1887 729 1950 Quinam
758 1883 962 1937 eratis?
1004 1878 1186 1933 Claudi
1230 1887 1282 1930 et
1325 1875 1450 1929 ca'ci
1492 1875 1696 1935 animo,
1746 1869 1883 1938 quod
1915 1869 2070 1934 longe

508 1977 715 2041 gravius
741 1982 823 2027 est
865 1972 1104 2039 corporis
1148 1968 1402 2021 caecitate.
1447 1960 1805 2016 llevereamiui
1837 1957 2071 2010 vttcantis

511 2064 906 2133 benignitatem,
939 2074 1199 2126 nemoque
1225 2058 1293 2109 sit
1321 2053 1548 2108 sordidis
1574 2051 1785 2105 indutus
1816 2047 2069 2110 vestibus,

509 2157 600 2208 sed
628 2155 849 2224 quisque
877 2160 1112 2203 nostrum
1142 2148 1330 2200 anitum
1359 2146 1607 2197 amictum
1636 2149 1934 2208 componat.
1965 2139 2073 2191 Au—

509 2248 651 2312 dite,
695 2245 975 2306 mulieres,
1017 2240 1226 2300 audite,
1275 2238 1391 2289 viri.
1436 2235 1547 2288 Non
1581 2234 1660 2285 his
1684 2231 1916 2285 vestibus
1941 2241 2074 2296 opus

513 2338 717 2391 habetis
743 2350 873 2389 auro
904 2333 1117 2387 intextis
1136 2372 1150 2395 ,
1178 2345 1294 2396 qua:
1321 2327 1579 2381 exteriora
1612 2333 1818 2386 nostra,
1851 2321 1942 2374 sed
1972 2321 2073 2372 illis

510 2442 629 2494 quae
659 2424 908 2479 interiora
937 2428 1145 2476 ornant.
1180 2419 1355 2470 Donec
1386 2415 1501 2468 illas
1530 2414 1835 2473 retinemus,
1867 2410 1961 2463 has
1992 2410 2072 2459 itt-

511 2520 674 2572 dttere
702 2516 913 2571 difficile
950 2522 1050 2567 est.
1100 2510 1211 2563 Non
1260 2520 1535 2577 possumus
1578 2505 1805 2557 animant
1838 2502 1995 2555 simul
2023 2508 2077 2556 et

511 2624 702 2677 corpus
728 2620 937 2660 ornare.
970 2603 1081 2657 Non
1127 2615 1405 2669 possumus
1433 2606 1603 2660 certe,
1654 2611 1754 2648 non
1800 2608 2076 2660 possumus

515 2716 772 2753 matutina:
795 2697 996 2751 servire
1020 2705 1073 2748 et
1097 2691 1307 2746 Christo
1338 2689 1552 2743 obedire
1580 2697 1634 2740 ut
1667 2702 1757 2754 par
1784 2694 1942 2738 esset.
1974 2684 2074 2734 De-

516 2804 768 2859 ponatnus
796 2803 922 2855 ergo
952 2785 1087 2838 hanc
1115 2798 1324 2852 gravem
1356 2778 1701 2850 tyrannidem.
1733 2775 1912 2843 Neque
1936 2772 2074 2825 enim

514 2884 553 2934 si
580 2882 695 2949 quis
720 2879 932 2933 domum
961 2875 1219 2944 tapetibus
1246 2872 1421 2924 aureis
1445 2877 1675 2927 ornaret,
1704 2876 1858 2933 teque
1880 2864 2075 2917 uudttttt

513 2988 633 3025 cum
680 2969 867 3037 pannis
913 2965 1099 3019 laceris
1146 2962 1331 3016 sedere
1371 2960 1605 3028 jttheret,
1647 2956 1698 3009 id
1725 2970 1875 3023 atquo
1902 2953 2078 3005 animo

515 3065 701 3115 ferres.
751 3062 819 3112 At
861 3072 999 3110 nunc
1040 3055 1151 3123 ipse
1193 3052 1282 3105 tibi
1329 3050 1463 3103 hanc
1492 3048 1731 3116 injuriatn
1765 3045 1923 3105 facis,
1957 3058 2075 3096 cum

515 3156 729 3206 domum
756 3152 945 3204 animm
972 3157 1071 3200 tuae
1091 3186 1104 3207 ,
1135 3159 1326 3212 corpus
1351 3143 1569 3202 scilicet,
1603 3137 1892 3194 innumeris
1920 3148 2078 3187 ornas

517 3243 725 3303 anlzt'is,
762 3240 903 3292 illam
934 3251 1060 3290 vero
1097 3248 1383 3303 pannosam
1418 3233 1603 3285 sedere
1630 3229 1780 3282 sinis.
1814 3228 1893 3279 An
1926 3226 2077 3293 igno-

519 3350 623 3398 ras,
664 3347 838 3401 regem
883 3330 1047 3397 magis
1075 3343 1230 3395 quam
1275 3325 1537 3378 civitatem
1578 3320 1751 3373 ornari
1795 3314 2079 3384 oportere?

520 3427 744 3492 Ideoque
792 3421 989 3475 civitati
1035 3422 1147 3473 vela
1191 3433 1253 3471 ex
1298 3417 1406 3470 lino
1437 3423 1718 3480 parantur,
1754 3410 1860 3478 regi
1904 3418 2077 3461 autem

520 3529 746 3584 purpura
789 3522 843 3566 et
882 3510 1121 3564 diadema
1148 3509 1357 3561 dantur.
1402 3505 1488 3559 Sic
1525 3513 1580 3558 et
1610 3512 1660 3554 ttt
1698 3514 1890 3567 corpus
1927 3499 2080 3565 longe

518 3607 701 3659 viliore
727 3603 882 3656 indue
908 3603 1101 3653 amiettt
1134 3601 1229 3668 (ιι),
1257 3599 1445 3649 anima:
1477 3608 1601 3646 vero
1627 3605 1854 3661 purpura
1885 3588 2079 3641 induta:

515 3711 762 3750 coronam
795 3694 1039 3759 impone,
1085 3698 1139 3743 et
1180 3689 1231 3742 in
1276 3685 1482 3740 sublimi
1514 3684 1646 3738 Solio
1672 3681 1954 3736 constitue.
1999 3678 2079 3733 Tu

520 3804 647 3841 vero
688 3785 1009 3840 contrarium
1043 3781 1167 3833 facis
1188 3821 1200 3843 ,
1230 3779 1354 3831 dttttt
1387 3776 1567 3829 urbem
1600 3773 1740 3827 varie
1771 3786 1956 3832 ornas,
1989 3784 2077 3822 rc-

515 3894 631 3943 getn
662 3891 787 3930 vero
812 3916 825 3934 .
868 3877 979 3928 sive
1009 3881 1239 3925 mentem
1264 3911 1276 3932 ,
1310 3868 1438 3922 sinis
1465 3868 1656 3920 victum
1686 3862 1821 3918 trahi
1846 3879 1874 3914 a
1907 3861 2080 3930 pravis

515 3971 803 4023 affectibus.
837 3967 948 4021 Non
977 3967 1197 4033 cogitas,
1245 3973 1295 4016 te
1333 3961 1397 4012 ad
1442 3961 1647 4028 nuptias
1673 3970 1725 4010 et
1754 3956 1841 4009 Dei
1869 3954 2079 4021 nuptias

521 4071 759 4113 voeattnn
791 4059 945 4111 eSse?
998 4073 1099 4108 non
1130 4054 1329 4123 cogitas
1358 4067 1464 4119 qtto
1495 4060 1643 4117 parto
1686 4048 1735 4100 itt
1768 4046 1865 4099 hos
1906 4044 2077 4096 thala-

520 4166 632 4203 mos
658 4158 899 4202 vocatam
927 4146 1154 4199 auimam
1183 4144 1380 4195 intrare
1407 4146 1668 4205 oporteat,
1700 4136 1889 4190 vestitu
1912 4134 2078 4188 deau-

521 4248 634 4292 rato
662 4235 1062 4293 circumdatam,
1090 4238 1339 4284 varietate
1361 4228 1632 4281 ornatam?

591 4328 643 4382 3.
680 4326 767 4379 Vis
797 4321 1071 4377 ostendam
1103 4320 1193 4372 tibi
1227 4318 1315 4386 qui
1345 4318 1450 4370 sint
1490 4330 1615 4368 vere
1652 4314 1721 4366 ita
1750 4311 1963 4365 amicti?
1990 4311 2076 4378 qui

519 4428 663 4471 veste
691 4412 910 4483 nuptiali
942 4409 1257 4465 induantur?
1297 4406 1595 4460 Recordare
1632 4413 1932 4457 sanctorum
1961 4402 2077 4455 illo-

519 4523 631 4559 runt
653 4545 669 4569 ,
699 4504 766 4558 de
791 4501 982 4571 quibus
1013 4514 1177 4565 nuper
1202 4497 1307 4550 dixi
1335 4537 1349 4560 ,
1375 4496 1462 4563 qui
1488 4494 1661 4547 cilicio
1690 4491 1994 4553 induuntur,
2026 4499 2080 4544 et

515 4601 724 4653 deserta
768 4594 1023 4649 incolunt.
1073 4591 1131 4644 lli
1180 4590 1411 4643 maxime
1451 4598 1645 4640 vestem
1674 4582 1960 4651 naptialem
1986 4580 2080 4634 ba-

517 4692 751 4743 bcntzet
780 4686 904 4739 hinc
942 4682 1193 4753 liquidum
1240 4688 1339 4742 est,
1380 4678 1517 4747 quod
1563 4678 1605 4730 si
1649 4676 1753 4728 illis
1794 4687 2077 4743 purpuram

517 4780 707 4836 offeras
729 4819 744 4841 ,
785 4776 1023 4845 accipere
1049 4773 1215 4827 nolint
1237 4790 1251 4826 :
1276 4770 1369 4825 sed
1399 4766 1843 4838 quemadmodum
1874 4782 1962 4819 rex
1992 4764 2076 4818 in-

518 4874 766 4925 dumenta
797 4867 1039 4937 pauperis
1080 4864 1254 4917 oblata
1278 4902 1294 4925 ,
1340 4861 1417 4915 sic
1447 4862 1519 4914 illi
1549 4861 1744 4928 regiam
1792 4873 2077 4926 purpuram

517 4968 845 5028 respuerent.
876 4958 985 5011 Nec
1014 4956 1112 5008 alia
1143 4955 1208 5007 de
1233 4968 1388 5006 causa
1419 4951 1507 5004 illo
1536 4962 1651 5002 sunt
1683 4949 1890 5006 affectu.
1918 4964 2075 5015 quam

516 5053 656 5120 qttod
690 5049 1129 5118 pulchritudinem
1159 5046 1318 5096 vestis
1347 5058 1457 5094 sua:
1500 5042 1761 5094 noverint.
1797 5039 1918 5092 ldco
1948 5054 2073 5105 pur-

518 5156 731 5211 puream
762 5138 899 5191 illam
928 5146 1126 5188 vestem
1158 5144 1211 5185 ιιι
1235 5148 1443 5184 aranea:
1468 5130 1621 5183 telam
1651 5138 1923 5197 respuunt.
1956 5128 2076 5180 llaec

515 5235 654 5286 enim
687 5230 804 5284 illos
832 5227 1060 5282 cilicium
1087 5224 1266 5277 docuit
1289 5239 1303 5274 :
1328 5236 1447 5273 nam
1474 5229 1597 5272 sunt
1622 5219 1736 5287 ipso
1763 5234 1885 5285 rege
1910 5218 2073 5269 subli-

514 5327 709 5378 tninrcs
749 5333 804 5377 et
845 5316 1250 5388 splendidiores.
1280 5314 1358 5367 Ac
1381 5312 1423 5365 si
1454 5327 1636 5379 posses
1655 5311 1847 5377 januas
1885 5308 2076 5361 mentis

513 5415 737 5468 eorum'
769 5411 999 5479 aperire,
1047 5408 1385 5475 ipsorumque
1422 5402 1649 5454 animam
1700 5398 1898 5459 videre,
1946 5398 2078 5449 inte-

514 5510 812 5574 tioretntpte
854 5511 1096 5555 ornatum
1141 5514 1388 5561 omnem,
1437 5494 1486 5546 in
1540 5503 1729 5545 terram
1770 5490 2073 5550 decidet-es,

578 5666 592 5694 ³
623 5660 802 5717 Morel.,
826 5656 988 5721 templi
1009 5668 1191 5711 eorum,
1218 5653 1357 5699 male.

574 5748 647 5797 tu)
672 5744 769 5851 uiri,
793 5748 918 5789 Sicut
934 5742 978 5788 ιιι
1000 5735 1161 5787 multis
1185 5732 1289 5781 aliis
1311 5732 1451 5792 hujus
1474 5729 1680 5779 ltotmlize
1704 5727 1837 5787 locis,
1862 5725 1985 5775 male
2004 5724 2075 5774 le-

574 5814 581 5851 ι
610 5814 733 5851 \tort:
761 5835 771 5847 .

514 5822 541 5865 ε
569 5814 581 5856 1
610 5814 771 5854 Noret.

1224 406 1280 460 S.
1320 405 1592 461 J0.\N.\'l5
1616 402 2082 458 CllllYSOSTOMl
2125 400 2434 455 AllCllilil’.
2475 400 2999 456 CUNSTANTINOP.

3616 411 3647 463 ὗ
3656 411 3712 463 Ὢ

2166 528 2286 565 cum
2320 531 2422 565 non
2472 512 2637 567 ferres
2670 523 2823 566 tanta:
2864 514 3263 582 pulchritudinis
3292 516 3639 586 splendorem,
3662 534 3711 576 et

2168 610 2387 657 \estiutn
2409 606 2683 674 fulgorem.
2706 622 2907 658 necnon
2928 605 3099 674 fulgur
3114 607 3450 661 conscientiae
3470 610 3709 679 ipsorum.

2169 695 2449 748 l‘ossemus
2474 695 2712 762 exempla
2731 693 2971 765 proferre
2988 707 3221 749 veterum
3246 713 3548 764 magnorum
3570 709 3715 768 atque

2168 784 2483 837 mirabiliqu
2511 784 2809 850 hominum;
2834 784 2924 837 sed
2946 786 3063 853 quia
3089 785 3327 839 rudiorcs
3346 788 3578 854 exempla
3607 806 3715 857 quae

2166 875 2263 927 sub
2293 875 2476 928 oculos
2501 875 2692 927 cadunt
2714 874 2877 942 magis
2899 876 3183 939 concitant,
3209 874 3327 928 ideo
3350 891 3441 929 vos
3461 877 3523 929 ad
3550 879 3718 931 taber-

2170 966 2353 1018 nacula
2398 976 2697 1019 sanctorum
2745 965 2963 1017 istorum
3006 966 3176 1018 mitto.
3222 964 3361 1019 Nihil
3403 968 3543 1019 enim
3580 970 3720 1022 triste

2171 1059 2395 1122 habent;
2424 1059 2516 1112 sed
2546 1067 2723 1125 utpote
2753 1059 2841 1127 qui
2871 1060 2920 1111 itt
2949 1059 3093 1112 etelis
3121 1060 3322 1129 tuguria
3350 1075 3442 1113 sua
3472 1060 3718 1115 fundave-

2171 1152 2293 1213 rittt,
2326 1151 2400 1205 sic
2427 1150 2605 1216 procul
2635 1167 2699 1203 ex
2730 1149 2884 1218 hujus
2910 1150 3029 1203 vita:
3059 1150 3283 1203 miseriis
3313 1150 3563 1213 habitant,
3596 1155 3724 1204 mili-

2172 1253 2341 1295 tantes
2365 1252 2545 1295 contra
2573 1240 2861 1305 diabolum,
2889 1248 2943 1294 et
2970 1241 3118 1308 quasi
3145 1240 3365 1295 choreas
3394 1254 3625 1311 agentes,
3653 1244 3723 1297 sic

2171 1333 2362 1387 bellant
2391 1342 2579 1401 gerunt
2618 1332 2874 1385 adversus
2901 1346 3043 1385 eum.
3079 1330 3201 1385 Ideo
3230 1336 3550 1387 constructis
3585 1344 3724 1399 tugu-

2171 1427 2261 1478 riis
2286 1465 2299 1487 ,
2331 1425 2486 1479 urbes
2506 1465 2520 1487 ,
2556 1422 2727 1477 forum
2752 1464 2767 1488 ,
2794 1423 2981 1477 domos
3011 1423 3232 1491 fugiunt.
3262 1424 3391 1477 Nam
3422 1425 3510 1492 qtti
3538 1425 3724 1478 bellum

2171 1516 2328 1582 gerit,
2375 1530 2476 1566 tton
2504 1514 2661 1566 debet
2686 1513 2829 1566 domi
2859 1512 3075 1573 sedere;
3108 1512 3199 1566 sed
3228 1526 3468 1582 prompte
3498 1524 3725 1582 paratum

2171 1603 2492 1655 domicilium
2522 1603 2710 1654 habeat
2738 1611 2980 1670 oportet,
3010 1612 3064 1655 ut
3095 1602 3183 1670 qui
3215 1603 3320 1656 cito
3352 1603 3607 1671 proficisci
3637 1604 3726 1656 de-

2175 1694 2312 1745 beat.
2343 1692 2499 1746 Tales
2529 1700 2651 1746 sunt
2676 1692 2749 1745 illi
2776 1707 2982 1753 omnes,
3015 1699 3198 1744 contra
3222 1707 3377 1759 quam
3408 1707 3507 1747 nos
3532 1708 3725 1745 sumus.

2172 1785 2276 1838 Nos
2304 1784 2496 1852 quippe
2540 1800 2642 1836 non
2682 1791 2738 1835 ut
2780 1783 2830 1835 itt
2879 1783 3151 1845 exercitu,
3203 1782 3294 1835 sed
3335 1783 3487 1851 quasi
3530 1784 3579 1835 itt
3611 1800 3729 1849 pace

2175 1876 2378 1928 fruente
2404 1873 2533 1927 urbe
2553 1873 2795 1925 vivimus.
2828 1873 2956 1937 Quis
2982 1872 3120 1925 enim
3150 1887 3395 1939 umquam
3424 1872 3475 1925 itt
3504 1873 3728 1925 exercitu

2175 1963 2512 2017 fundamenta
2557 1962 2681 2031 jacit
2706 2003 2722 2028 ,
2757 1972 2809 2016 et
2835 1962 3046 2014 domum
3078 1961 3366 2027 construit,
3399 1977 3556 2029 quain
3584 1962 3731 2028 paulo

2175 2064 2292 2123 post
2334 2054 2614 2109 relicturus
2660 2054 2778 2108 est?
2822 2052 2988 2106 Nemo
3033 2052 3311 2106 sane:sed
3356 2062 3408 2104 et
3453 2053 3498 2105 si
3543 2054 3658 2119 quis
3685 2053 3730 2104 id

2177 2146 2491 2206 tentaverit,
2539 2157 2595 2198 ut
2642 2144 2877 2212 proditor
2916 2144 3190 2198 occiditur.
3232 2143 3360 2210 Quis
3402 2143 3455 2196 itt
3506 2144 3732 2196 exercitu

2177 2248 2333 2290 terra:
2360 2238 2539 2305 jugera
2572 2236 2735 2299 emit,
2783 2246 2832 2289 et
2887 2234 3266 2303 negotiationes
3293 2234 3549 2301 apparat?
3574 2232 3733 2286 Nemo

2175 2338 2318 2381 certe
2339 2369 2352 2391 ,
2398 2339 2450 2380 et
2482 2328 2602 2395 jure
2643 2327 2874 2394 quidem.
2924 2324 3052 2378 Nam
3081 2322 3147 2378 ad
3176 2323 3475 2377 bellandum
3509 2322 3692 2375 venisti
3716 2363 3729 2386 ,

2178 2434 2279 2470 ttott
2311 2418 2374 2470 :td
2404 2416 2794 2486 negotiandum.
2818 2415 2950 2483 Quid
2979 2416 3137 2485 igitur
3158 2413 3363 2466 laboras
3384 2414 3523 2466 circa
3546 2415 3731 2476 locum,

2178 2524 2330 2576 quem
2362 2507 2517 2577 paulo
2549 2516 2665 2576 post
2709 2507 2985 2559 relicturus
3028 2504 3124 2558 es?
3162 2502 3289 2557 Cmu
3323 2506 3372 2555 ιιι
3404 2504 3622 2571 patriam
3652 2518 3733 2555 ve-

2178 2598 2411 2651 nerimus
2443 2598 2489 2649 id
2519 2597 2706 2659 facito;
2736 2613 2852 2650 cum
2897 2597 2946 2648 itt
2975 2611 3254 2664 supernam
3287 2596 3553 2648 civitatem
3582 2593 3734 2645 adve~

2179 2688 2432 2752 ueritnus,
2462 2686 2543 2740 his
2569 2686 2762 2740 fruere.
2792 2686 2915 2739 lltcc
2948 2686 3037 2739 tibi
3068 2701 3204 2738 nunc
3228 2686 3379 2744 diro;
3411 2702 3532 2737 cuttt
3560 2700 3735 2750 super-

2181 2792 2298 2829 nam
2341 2776 2727 2844 possessionem
2776 2775 2912 2828 nacti
2960 2774 3245 2835 fuerimus,
3292 2786 3415 2827 tunc
3458 2774 3509 2827 id
3555 2773 3733 2829 facito:

2181 2869 2285 2919 into
2314 2867 2437 2920 nihil
2469 2867 2558 2919 tibi
2590 2868 2694 2920 illic
2723 2866 2899 2920 labore
2928 2881 3059 2933 Opus
3085 2866 3223 2919 erit:
3257 2867 3362 2919 ltex
3397 2868 3538 2919 enim
3570 2865 3736 2917 omnia

2182 2959 2285 3011 illic
2327 2967 2596 3026 operatur.
2653 2956 2746 3009 llic
2796 2956 2947 3009 nobis
2991 2956 3118 3008 satis
3169 2967 3243 3007 est
3298 2956 3492 3008 fossam
3539 2970 3736 3023 parare,

2180 3048 2372 3099 vallum
2401 3048 2589 3114 figere:
2616 3044 2815 3098 aedificii
2852 3046 2988 3098 nulla
3021 3046 3305 3099 necessitas
3334 3056 3435 3099 est.

2257 3138 2682 3191 llamaxobiorum
2703 3146 2749 3190 et
2774 3135 3063 3189 Nomadum
3090 3136 3207 3188 vim.
3248 3135 3359 3187 Vim
3389 3136 3738 3188 monachorum

2179 3248 2329 3300 quam
2355 3239 2546 3283 sancta.
2574 3258 2643 3268 ——-
2669 3227 2803 3281 Audi
2833 3242 3073 3293 quautam
3101 3227 3169 3279 sit
3200 3226 3642 3279 llatuaxohiormn
3672 3226 3739 3293 (ιι)

2180 3319 2491 3389 Scytharum
2532 3317 2655 3379 vita,
2683 3316 2820 3383 quod
2849 3314 3137 3368 Nomadum
3171 3315 3464 3367 institutqu
3492 3314 3630 3367 vita;
3660 3316 3741 3366 Sic

2180 3421 2445 3478 OptH'lCI'Ct
2476 3408 2801 3461 Christianos
2828 3407 3001 3459 vivere
3026 3447 3039 3469 ,
3072 3421 3163 3473 per
3200 3405 3383 3459 orbem
3426 3407 3703 3460 circumire
3727 3446 3739 3463 .

2182 3510 2362 3555 contra
2389 3497 2657 3551 diabolum
2692 3506 3002 3565 pugnantes,
3038 3495 3271 3564 captivos
3298 3496 3364 3547 ab
3391 3495 3482 3548 illo
3507 3495 3743 3548 detentus

2182 3595 2485 3652 liberantes,
2532 3590 2725 3643 relictis
2766 3588 3008 3640 omnibus
3053 3586 3390 3641 sa‘CtliarlitttS
3433 3586 3610 3640 rebus.
3645 3586 3744 3637 ιῖιιι·

2181 3687 2393 3739 domum
2423 3698 2645 3750 apparas
2668 3722 2683 3746 ,
2724 3698 2756 3732 (ι
2786 3679 2982 3732 homo?
3007 3696 3072 3732 an
3100 3688 3155 3732 ut
3187 3678 3406 3745 teipsutn
3440 3678 3606 3745 magis
3633 3676 3741 3729 vin-

2181 3777 2322 3829 cias‘!
2350 3776 2455 3827 Cttr
2482 3775 2784 3825 thesaurum
2816 3770 3018 3824 defodis
3041 3812 3057 3833 ,
3102 3780 3154 3822 et
3184 3768 3453 3821 inimicum
3488 3784 3665 3823 contra
3695 3778 3743 3819 te

2182 3865 2406 3919 incitas?
2432 3879 2524 3916 cur
2552 3878 2678 3915 mur«
2703 3878 2727 3915 s
2759 3860 2986 3913 aedificas
3010 3902 3021 3920 ,
3052 3868 3105 3913 ct
3133 3860 3220 3911 tibi
3254 3875 3522 3912 carcerem
3554 3857 3742 3924 paras?

2181 3956 2329 4022 Quod
2359 3956 2401 4008 si
2432 3954 2543 4005 lucc
2575 3953 2662 4005 tibi
2691 3950 2924 4003 difficilia
2955 3965 3073 4002 esse
3101 3950 3393 4013 videantur,
3439 3950 3505 4001 ad
3540 3950 3740 4001 illormn

2185 4046 2522 4101 tabernacula
2555 4057 2831 4113 pergamus
2856 4084 2870 4107 ,
2916 4052 2970 4094 ιιι
3013 4058 3074 4093 ex
3107 4058 3267 4109 opere
3289 4083 3302 4103 ,
3340 4042 3412 4093 rei
3444 4042 3740 4095 facilitatem

2180 4139 2495 4190 ediscamus.
2520 4133 2650 4187 Naut
2677 4148 2795 4185 cum
2827 4131 3027 4199 tuguria
3058 4130 3128 4183 illi
3152 4132 3515 4194 exeitaveriut,
3545 4131 3588 4184 si
3614 4143 3743 4197 opus

2181 4227 2247 4279 sit
2264 4225 2404 4277 illinc
2422 4222 2711 4283 discedere,
2726 4222 2803 4274 sic
2817 4220 3101 4274 abscedunt
3122 4230 3167 4271 ut
3192 4220 3382 4273 milites
3399 4221 3485 4289 qui
3508 4227 3742 4286 tempore

2184 4315 2325 4382 pacis
2350 4314 2642 4367 exercitum
2670 4312 2987 4379 relinquunt.
3021 4310 3147 4362 Nam
3178 4310 3227 4362 hi
3253 4310 3496 4362 similiter
3523 4308 3741 4362 tentoria

2184 4405 2377 4472 ligant.
2407 4401 2499 4455 sed
2528 4401 2681 4469 longe
2709 4401 2939 4453 suavius.
2972 4399 3101 4452 Nam
3136 4401 3286 4467 longe
3310 4400 3523 4452 suavius
3550 4410 3628 4451 est
3655 4413 3741 4450 stt-

2181 4493 2457 4547 litttdittem
2504 4492 2682 4546 videre
2731 4491 3028 4559 h'equentes
3074 4490 3368 4542 mettaehos
3419 4488 3741 4549 habentem,

2180 4599 2337 4653 quam
2378 4582 2572 4635 milites
2620 4581 2668 4633 itt
2713 4580 2945 4633 exercitu
2992 4579 3101 4631 vela
3146 4578 3443 4641 tendentes,
3483 4588 3536 4628 et
3569 4576 3743 4626 hastas

2182 4673 2436 4742 figentes,
2465 4682 2516 4724 et
2541 4687 2569 4723 a
2599 4670 2817 4738 cuspide
2862 4668 3124 4722 hastarum
3153 4682 3337 4720 crt.ce:t
3368 4667 3517 4734 pallia
3544 4666 3742 4731 depen-

2180 4764 2409 4827 dentes;
2468 4762 2739 4814 hominum
2796 4758 3184 4813 multitudinem
3236 4759 3397 4810 a-neis
3441 4754 3742 4821 capitibus,

2182 4854 2440 4909 Umbones
2481 4852 2787 4921 clypeorum
2835 4849 3089 4917 fulgorem
3138 4846 3359 4899 ntulttttn
3407 4846 3741 4906 entittenttc,

2184 4946 2357 4999 loricis
2390 4944 2599 4996 indutos
2629 4941 2818 4995 ferreis
2840 4982 2854 5003 ,
2889 4941 3082 5007 regiam
3131 4947 3371 5004 prompte
3400 4947 3655 5004 paratam.
3687 4934 3736 4984 il-

2184 5039 2367 5104 losque
2393 5049 2579 5087 omnes
2609 5032 2922 5099 prantlentes
2966 5039 3019 5082 et
3061 5029 3181 5080 tibia
3227 5028 3483 5079 ludentes.
3519 5024 3633 5078 Non
3679 5034 3743 5074 tta

2176 5128 2465 5196 jucundum
2495 5126 2595 5179 hoc
2626 5124 2885 5177 theatrum
2932 5129 3046 5183 est,
3076 5136 3229 5187 quam
3264 5118 3363 5171 hoc
3386 5118 3450 5171 de
3477 5133 3585 5184 quo
3611 5126 3745 5167 nunc

2183 5222 2386 5288 loquor.
2418 5218 2545 5271 Natu
2572 5217 2613 5269 si
2639 5216 2687 5268 itt
2715 5212 3047 5266 solitudinem
3073 5212 3343 5272 abeamus,
3372 5208 3747 5273 videamusque

2183 5312 2408 5363 militum
2435 5307 2628 5361 Christi
2659 5304 2990 5358 tabernacula
3018 5342 3032 5364 ,
3076 5315 3179 5352 non
3210 5302 3320 5352 vela
3355 5307 3575 5351 extensa
3606 5296 3744 5347 vide-

2184 5402 2373 5462 bimus,
2421 5414 2523 5450 nott
2570 5398 2837 5449 hastarum
2881 5391 3143 5459 ettSpides,
3191 5405 3293 5442 non
3341 5388 3519 5456 peplos
3560 5396 3748 5438 aureos

2184 5490 2380 5540 tholum
2430 5488 2625 5554 regiunt
2671 5483 2992 5546 efficientes,
3040 5480 3131 5534 sed
3177 5497 3238 5533 ac
3280 5479 3325 5532 si
3366 5477 3482 5545 quis
3524 5476 3573 5527 itt
3610 5485 3745 5527 terra

2244 5602 2315 5661 (ιι)
2341 5596 2741 5661 Deltantaitobiis
2763 5596 2967 5661 Scythis.
2993 5593 3076 5653 ιιιιί
3109 5594 3157 5640 in
3180 5591 3405 5655 plaustris
3425 5588 3574 5635 vitam
3596 5584 3645 5633 dt
3663 5594 3747 5647 gr—

2182 5657 2312 5717 bant,
2339 5659 2473 5708 multi
2499 5659 2765 5719 scripsere.
2790 5657 3013 5703 Horatius
3036 5668 3047 5701 :

2396 5712 2610 5778 (moritur
2623 5717 2835 5777 plaustra
2859 5728 2998 5773 twth
3022 5712 3111 5778 rite
3135 5712 3325 5778 trahunt
3347 5716 3521 5758 (ternos.

2188 5783 2262 5833 De
2288 5773 2567 5829 :‘omadibus
2591 5773 2693 5828 sive
2716 5778 2956 5841 pecuariis
2979 5775 3153 5837 passim
3174 5773 3455 5822 Herodotus.
