4076 6142
384 358 484 412 hii?»

382 475 548 528 multo
568 473 664 524 hac
686 471 878 525 latiore
896 481 948 524 et
967 470 1222 525 immensa
1244 469 1438 522 multos
1453 467 1759 521 extenderet
1775 466 1952 528 ca-los,

385 576 574 616 novum
603 569 762 630 atque
788 560 1028 615 mirabile
1054 560 1321 613 theatrum
1350 558 1674 620 ostenderet,
1704 557 1772 610 ita
1799 565 1855 611 et
1882 557 1951 610 ibi

383 652 565 706 videre
608 661 688 705 est
713 668 725 703 :
753 650 1050 704 habitacula
1093 648 1288 718 quippe
1328 648 1537 702 illorum
1581 649 1712 702 caalo
1743 663 1847 700 non
1875 647 1956 698 in-

382 743 571 796 feriora
602 740 909 795 testimanda
941 746 1067 794 sunt
1090 758 1102 794 :
1128 756 1246 793 nam
1271 738 1442 810 angeli
1465 737 1528 792 ad
1551 753 1645 792 eos
1663 737 1952 800 divertunt,

381 833 485 885 into
506 832 624 900 ipse
647 831 956 900 angelorum
986 831 1257 883 Dominus.
1284 829 1416 884 Nam
1440 829 1483 882 si
1505 829 1569 881 ad
1598 828 1951 882 Abrahamnm

381 932 674 986 venerunt,
720 922 808 990 qui
853 936 1070 974 uxorem
1121 919 1348 973 habebat
1389 929 1443 974 et
1485 919 1620 972 filios
1647 918 1907 972 nutriebat
1934 959 1950 983 ,

377 1014 498 1082 quia
541 1011 852 1080 hospitalem
899 1011 1043 1064 illum
1073 1010 1320 1064 viderunt
1343 1026 1356 1063 :
1379 1024 1498 1062 cum
1524 1007 1770 1061 virtutem
1799 1007 1954 1077 longe

378 1106 632 1172 majorem
679 1103 988 1166 inveniunt,
1031 1112 1085 1156 et
1129 1101 1395 1154 hominem
1442 1115 1474 1154 a
1515 1114 1737 1168 corpore
1763 1099 1954 1153 libera-

376 1203 488 1247 tttm
514 1236 528 1253 .
561 1203 720 1262 atque
749 1194 798 1246 in
829 1206 988 1247 Carne
1014 1207 1226 1245 carnem
1257 1190 1661 1260 despicientem,
1688 1189 1856 1243 multo
1884 1190 1948 1241 lt-

375 1286 595 1338 hentius
623 1285 690 1336 ibi
721 1293 1022 1349 versantur,
1047 1292 1098 1336 et
1121 1283 1368 1336 choream
1393 1289 1556 1350 agunt
1580 1281 1705 1348 ipsis
1725 1295 1948 1335 consen-

375 1385 605 1428 laneam.
635 1375 810 1428 Mensa
839 1377 1033 1442 quippe
1060 1374 1196 1442 apttd
1226 1375 1343 1426 illos
1370 1373 1512 1426 omni
1543 1375 1666 1426 luxu
1695 1374 1948 1426 immunis

371 1476 455 1520 est
475 1507 490 1530 ,
535 1467 725 1520 munda
757 1477 810 1520 et
851 1467 1179 1535 philosophia
1211 1467 1384 1533 plena.
1414 1465 1526 1518 Non
1555 1464 1823 1534 sanguinis
1851 1465 1946 1518 rivi

369 1557 511 1622 apud
545 1557 684 1621 illos,
718 1574 886 1624 neque
913 1557 1156 1610 dissecta:
1183 1571 1394 1619 earnes,
1422 1573 1525 1608 non
1550 1555 1735 1623 capitis
1758 1570 1944 1623 grave-

375 1645 545 1711 dines,
570 1661 676 1700 non
696 1645 1054 1706 coadimenta,
1077 1661 1181 1698 non
1203 1645 1356 1698 nidor
1374 1645 1624 1710 insuavis,
1645 1662 1747 1699 non
1771 1645 1946 1700 fumus

369 1736 640 1805 ingratus,
685 1751 788 1790 non
835 1751 1058 1800 cursus,
1107 1736 1394 1800 tumultus,
1442 1736 1630 1800 turbm,
1683 1737 1942 1790 clamores

367 1827 618 1888 operosi;
665 1827 756 1880 sed
799 1827 947 1896 panis
973 1838 1026 1880 et
1053 1842 1219 1896 aqua;
1253 1828 1364 1880 ha-c
1401 1842 1464 1881 ex
1507 1827 1652 1895 pttris
1678 1827 1939 1889 fontibus,

370 1917 459 1971 ille
501 1933 566 1970 ex
607 1917 764 1984 jttstis
811 1917 1098 1971 laboribus.
1149 1917 1298 1981 Quod
1348 1917 1391 1969 si
1444 1917 1635 1970 lautius
1677 1916 1942 1969 voluerint

368 2008 573 2076 epulari
595 2049 610 2074 ,
653 2007 826 2060 bacca:
873 2007 1127 2061 lautitiam
1173 2007 1390 2075 itnplent
1421 2025 1434 2059 :
1462 2016 1516 2058 et
1556 2007 1722 2074 major
1750 2006 1834 2060 hic
1859 2015 1940 2060 est

367 2099 631 2168 voluptas,
655 2115 813 2168 qttam
841 2099 890 2151 in
920 2100 1079 2167 regiis
1108 2099 1324 2151 mettsis.
1355 2099 1537 2151 Nullus
1568 2099 1652 2151 hic
1676 2099 1832 2150 titnor
1851 2108 1941 2151 aut

366 2199 571 2242 tremor
601 2205 613 2240 :
645 2204 746 2240 non
794 2190 1131 2257 magistratus
1159 2203 1403 2252 accusat,
1435 2205 1537 2241 non
1572 2205 1704 2242 uxor
1732 2190 1935 2253 irritat,

365 2296 471 2331 non
505 2279 642 2332 liiius
670 2280 720 2333 in
752 2295 1032 2334 maerorem
1059 2281 1288 2348 conjicit,
1321 2298 1422 2333 non
1455 2282 1594 2335 risus
1627 2283 1819 2334 nimius
1847 2296 1936 2335 re-

361 2369 556 2432 Solvit,
589 2384 691 2422 non
723 2370 1051 2423 adulatorum
1101 2387 1352 2425 numerus
1383 2371 1564 2436 inflat;
1597 2372 1688 2424 sed
1716 2373 1936 2442 angelo-

362 2476 482 2513 rntn
527 2469 610 2514 est
655 2475 831 2513 mensa
855 2502 869 2522 ,
918 2462 1060 2514 omni
1093 2462 1252 2514 simili
1287 2463 1511 2514 tumultu
1544 2478 1726 2516 vacua.
1758 2463 1936 2517 Strato

363 2551 510 2604 farno
533 2550 598 2601 ad
620 2551 1030 2605 recumbentium
1049 2561 1286 2613 utuntur,
1307 2553 1444 2613 quod
1464 2566 1513 2606 et
1533 2554 1769 2606 Christus
1791 2553 1932 2616 fecit,

362 2657 484 2694 cuzn
532 2642 809 2710 prandium
854 2642 905 2695 in
946 2641 1161 2695 deserto
1205 2643 1366 2696 dedit.
1417 2643 1558 2696 Multi
1599 2660 1723 2694 vero
1766 2660 1936 2712 neque

361 2731 462 2783 sun
491 2741 630 2784 tecto
660 2731 708 2784 id
742 2732 968 2796 faciunt,
997 2733 1088 2784 sed
1117 2749 1212 2800 pro
1243 2743 1382 2786 tecto
1407 2735 1594 2786 ca-luut
1625 2735 1816 2787 habent
1837 2775 1852 2799 ,
1882 2746 1933 2789 ct

362 2823 541 2880 lunam
570 2838 668 2894 pro
712 2823 940 2876 lucernae
977 2825 1199 2887 lumine,
1241 2841 1358 2892 qua:
1389 2841 1483 2879 nec
1510 2826 1629 2878 oleo
1658 2835 1794 2895 eget,
1836 2841 1935 2880 nec

361 2913 650 2966 ministro:
686 2913 790 2966 illis
833 2924 981 2969 certe
1024 2914 1153 2968 solis
1200 2915 1460 2985 condigne
1507 2917 1625 2970 luna
1673 2918 1933 2971 ministrat

361 3004 553 3056 lucem.

429 3095 484 3148 4.
527 3095 670 3149 lianc
711 3097 879 3165 angeli
913 3113 1146 3152 mensam
1186 3114 1250 3154 ex
1280 3100 1412 3154 cado
1453 3111 1755 3167 spectantes
1789 3117 1921 3171 gau-

359 3186 484 3238 dent
510 3197 557 3240 et
591 3187 849 3241 la-tantur.
879 3189 1008 3240 Nam
1041 3191 1083 3242 si
1113 3189 1179 3243 de
1210 3206 1314 3242 uno
1355 3201 1631 3258 peccatore
1674 3195 1933 3258 pmniten-

363 3275 488 3328 tiam
519 3287 707 3344 agente
734 3278 965 3347 gaudent
990 3277 1138 3346 (Luc,
1184 3279 1267 3332 l5.
1290 3281 1376 3348 7),
1409 3280 1476 3334 de
1509 3290 1578 3332 tot
1598 3282 1756 3348 justis
1787 3281 1931 3349 ipsos

360 3366 690 3420 imitantibus
710 3368 833 3435 quid
866 3384 969 3422 non
1003 3370 1230 3422 facient?
1259 3369 1373 3422 Non
1403 3381 1484 3424 est
1511 3371 1578 3423 ibi
1605 3371 1852 3426 dominus
1878 3380 1931 3424 et

357 3473 543 3511 Servus
573 3475 587 3512 :
617 3475 802 3512 omnes
827 3460 993 3519 servi,
1025 3476 1210 3513 omnes
1244 3462 1413 3513 liberi.
1458 3461 1567 3516 Nec
1604 3472 1758 3533 ptttes
1801 3465 1929 3517 teni-

356 3565 474 3616 gnta
505 3563 624 3602 esse
647 3549 695 3602 id
732 3550 1084 3618 quoddieitur
1117 3568 1132 3605 :
1165 3568 1285 3604 nam
1320 3557 1458 3605 servi
1485 3562 1667 3606 mutuo
1695 3558 1828 3608 alter
1847 3561 1928 3607 al-

357 3640 556 3700 tcrius,
597 3650 644 3692 et
700 3640 897 3693 domini
940 3651 1126 3694 mutuo
1166 3653 1310 3696 sunt.
1359 3646 1652 3711 Ανρνιειιιρ
1708 3661 1926 3714 vespera

358 3743 514 3780 nemo
538 3739 757 3783 mmsttts
784 3740 865 3782 est
889 3746 901 3780 :
934 3730 1074 3798 qttod
1102 3733 1252 3783 multi
1300 3731 1570 3785 hominum
1619 3735 1888 3802 patittntur
1909 3775 1923 3795 ,

357 3822 482 3872 dum
513 3821 820 3874 diurnorum
851 3823 1106 3874 malorum
1150 3823 1530 3876 Sollicitudines
1561 3825 1930 3878 anitnorevol-

357 3919 505 3965 vnnt.
532 3911 654 3964 Post
673 3927 876 3967 caenam
904 3929 1006 3966 non
1040 3923 1162 3966 sunt
1195 3914 1332 3965 fures
1359 3914 1607 3981 timendi,
1637 3931 1738 3967 non
1783 3916 1929 3968 clan-

356 4003 718 4069 dendajanua,
739 4022 839 4057 non
863 4006 1210 4074 imponendos
1230 4007 1423 4072 vectis,
1450 4023 1619 4075 neque
1648 4008 1732 4060 alii
1757 4018 1927 4062 metus

355 4094 564 4149 adsunt.
595 4094 680 4162 qui
710 4095 961 4162 pluriutos
989 4099 1274 4163 cxagilan',
1300 4098 1384 4166 qui
1415 4107 1658 4150 accurate
1686 4099 1926 4151 lucernas

355 4185 769 4253 tastingtnmt‘,
810 4201 875 4238 ne
925 4187 1148 4239 scintilla
1201 4188 1342 4241 mdes
1395 4187 1659 4240 incendat.
1714 4188 1922 4241 Illorum

355 4275 614 4344 collotptia
641 4276 824 4330 eadem
851 4287 973 4330 sunt
1000 4278 1374 4346 tranquillitate
1403 4280 1552 4347 plena
1581 4298 1592 4331 :
1625 4295 1795 4348 neque
1832 4295 1923 4334 ea-

356 4367 498 4430 dem,
525 4382 644 4434 qum
695 4382 810 4429 nos,
850 4368 1154 4436 loquuntur,
1196 4387 1317 4438 qua:
1358 4371 1484 4423 nihil
1519 4371 1583 4423 ad
1623 4387 1719 4425 nos
1763 4373 1924 4437 perli-

357 4465 509 4508 neant
530 4472 542 4506 :
568 4457 656 4509 Ille
678 4457 953 4525 pl‘:l.'ft’.(.'lll~
974 4457 1139 4511 factus
1154 4471 1253 4526 est,
1277 4461 1364 4513 ille
1385 4461 1690 4528 praefectura
1710 4463 1922 4526 excidit;

360 4547 444 4599 ille
489 4557 725 4600 mortuus
759 4557 861 4611 est,
894 4559 942 4600 et
966 4549 1098 4601 alius
1122 4550 1466 4605 hereditatem
1505 4554 1732 4621 excepit,
1769 4567 1924 4623 atque

358 4639 651 4703 hujusmodi
679 4640 811 4703 alia;
843 4639 934 4693 sed
968 4640 1040 4693 illi
1083 4657 1295 4711 semper
1318 4642 1383 4693 de
1411 4642 1600 4696 futuris
1642 4645 1926 4714 loquuntur

359 4739 404 4779 et
458 4730 932 4798 philosophantur;
961 4747 1022 4785 ac
1049 4733 1090 4784 si
1125 4732 1176 4783 in
1215 4733 1319 4785 alio
1352 4733 1648 4788 habitarent
1672 4736 1831 4798 orbe,
1863 4751 1924 4789 ac

356 4818 396 4870 si
433 4820 481 4871 in
508 4820 698 4873 caelum
730 4821 969 4877 translati
994 4831 1194 4885 essent,
1223 4839 1284 4876 ac
1310 4824 1352 4877 si
1384 4824 1450 4877 ibi
1481 4826 1639 4878 vitam
1683 4838 1920 4896 agerent,

355 4908 428 4961 sic
452 4909 517 4962 de
540 4909 840 4964 ctelestibtts
865 4927 1076 4980 semper
1102 4913 1407 4982 loquuntur,
1436 4915 1502 4968 de
1532 4916 1650 4969 sinu
1674 4917 1921 4979 Abrahze,

357 4997 420 5048 de.
446 5001 656 5052 coronis
701 5011 1026 5066 sanctorum,
1070 5004 1137 5058 de
1161 5002 1356 5058 Christi
1401 5006 1629 5070 chorea;
1674 5007 1742 5060 de
1787 5025 1922 5076 pra:—

355 5091 590 5144 seotibus
612 5092 752 5146 nulla
776 5095 1004 5156 mentio;
1037 5095 1133 5151 sed
1154 5097 1289 5151 sicut
1313 5097 1378 5152 de
1415 5099 1475 5150 iis
1500 5140 1513 5161 ,
1547 5116 1663 5168 qua:
1691 5100 1923 5154 formica

358 5179 405 5230 in
448 5181 794 5236 foraminibus
821 5184 932 5237 suis
958 5197 1141 5257 agunt,
1187 5187 1327 5256 loqui
1356 5204 1458 5241 non
1498 5189 1776 5258 dignamur
1808 5209 1819 5242 :
1849 5192 1924 5245 sic

356 5287 522 5342 neque
552 5275 625 5328 illi
652 5274 718 5329 de
743 5275 902 5330 rebus
920 5280 1434 5348 nostrisloquuntur,
1464 5283 1553 5334 sed
1576 5282 1640 5336 de
1669 5283 1808 5352 Rege
1837 5301 1926 5338 sn-

355 5377 541 5430 perno,
570 5364 637 5418 de
664 5364 806 5418 bello
832 5368 1101 5434 pratsenti,
1141 5369 1208 5422 de
1235 5368 1430 5423 diaboli
1456 5373 1922 5436 machinamentis,

353 5451 418 5520 de
447 5464 750 5510 sanctorum
785 5451 968 5526 gestis.
999 5458 1054 5513 Si
1081 5473 1200 5512 cum
1246 5461 1350 5514 illis
1376 5477 1765 5529 comparemur,
1798 5465 1923 5532 quid

353 5558 380 5597 a
410 5545 642 5603 formicis
681 5546 1011 5601 differimus?
1050 5548 1190 5603 Nihil
1230 5561 1394 5605 certe.
1430 5551 1560 5606 Nam
1601 5560 1660 5607 ut
1693 5553 1926 5622 formica:

419 5765 432 5795 ¹
461 5764 573 5826 Alit,
597 5763 842 5832 quicautc
865 5761 1083 5816 lucernas
1103 5772 1306 5830 portatu.

1331 353 1395 409 IN
1434 351 1836 408 MAT’I‘IIEUM
1879 351 2102 408 IIOMIL.
2147 355 2332 412 LXIX.
2371 363 2444 415 ai.
2485 358 2653 416 LXX.

3544 375 3648 432 65$

2062 475 2354 540 corporalia
2385 492 2592 546 curant,
2624 483 2691 536 ita
2718 493 2768 537 et
2795 501 2922 546 nos;
2954 495 3110 557 atque
3138 488 3220 541 illa
3248 491 3419 544 solum
3443 493 3646 547 utinam

2061 577 2401 633 curarctnus;
2444 581 2498 624 at
2527 583 2672 629 certe
2699 593 2836 629 nunc
2863 577 3028 630 multo
3061 579 3260 648 pejora.
3292 583 3474 654 Neque
3497 591 3641 640 enim

2061 657 2128 709 de
2160 663 2478 716 necessariis
2507 663 2675 718 solum
2703 681 2826 720 cura
2871 679 2951 722 est
2991 671 3174 734 nobis,
3201 673 3337 728 sicut
3374 674 3640 743 formicis,

2061 749 2153 799 sed
2180 749 2338 803 etiam
2367 750 2432 804 de
2459 754 2765 820 superfluis.
2796 759 2908 812 lllat
2952 777 3180 832 namque
3212 779 3430 820 cursum
3459 777 3646 825 tenent

2059 842 2202 893 onmi
2247 843 2469 897 crimine
2515 845 2782 902 liberum:
2831 867 2926 903 nos
2975 865 3152 908 autem
3193 871 3404 912 omnem
3443 859 3644 929 rapinte

2060 932 2296 986 modum.
2336 932 2519 1004 Neque
2547 937 2796 1008 formicas
2829 941 3117 1010 imitamur,
3153 950 3245 999 sed
3275 948 3428 1018 lupos
3452 959 3506 1005 et
3531 951 3636 1005 leo-

2061 1023 2254 1089 pardus
2292 1042 2302 1074 :
2335 1025 2441 1078 imo
2483 1037 2537 1082 et
2592 1029 2695 1083 illis
2744 1031 2953 1100 pejores
2998 1049 3202 1089 sumus.
3262 1037 3368 1091 Illis
3411 1055 3641 1110 namque

2057 1130 2179 1166 eum
2228 1117 2474 1172 vescendi
2505 1118 2718 1174 modum
2767 1131 2950 1175 natura
2993 1125 3170 1178 tribuit
3205 1143 3217 1178 :
3253 1143 3350 1182 nos
3379 1144 3508 1184 vero
3547 1147 3637 1185 ra—

2057 1205 2198 1258 tione
2225 1215 2278 1260 et
2301 1209 2551 1277 {equitate
2575 1213 2783 1266 ornavit
2812 1213 2948 1266 Deus
2979 1215 3033 1278 ¹;
3063 1226 3112 1268 at
3147 1233 3242 1269 nos
3273 1217 3398 1272 feris
3432 1222 3637 1277 ratione

2055 1296 2318 1351 destitutis
2337 1299 2631 1355 deteriores
2658 1305 2924 1358 evasinms
2951 1307 3054 1359 :illi
3088 1324 3212 1361 vero
3239 1312 3438 1379 angelis
3457 1329 3634 1382 mqua-

2054 1387 2150 1448 les,
2174 1389 2309 1442 sicut
2333 1393 2591 1461 peregrini
2613 1402 2668 1448 et
2691 1394 2908 1449 advena:
2928 1396 3013 1451 hic
3035 1409 3153 1451 sunt
3175 1416 3189 1457 :
3213 1401 3262 1451 in
3285 1403 3635 1474 omnibusque

2052 1488 2178 1531 sunt
2197 1481 2350 1534 nobis
2376 1482 2684 1550 dissimiles,
2704 1486 2753 1539 in
2780 1487 3035 1554 vestibus,
3056 1490 3196 1554 cibo,
3217 1492 3394 1555 domo,
3416 1495 3630 1560 calceis,

2050 1583 2316 1623 sermone.
2350 1570 2404 1624 Si
2441 1572 2559 1640 quis
2595 1583 2650 1627 et
2694 1574 2812 1629 illos
2847 1585 2901 1629 et
2940 1592 3036 1632 nos
3078 1579 3355 1649 loquentes
3401 1585 3627 1650 audiret,

2052 1667 2176 1713 tunc
2211 1660 2366 1728 plane
2395 1672 2575 1718 nosset
2605 1665 2874 1732 quomodo
2913 1667 2986 1720 illi
3032 1669 3273 1724 cmlestes
3311 1673 3489 1737 cives,
3533 1690 3632 1730 nos

2050 1767 2117 1805 ne
2148 1762 2286 1806 terra
2314 1754 2528 1823 quidem
2572 1755 2717 1824 digni
2748 1759 2937 1811 simus.
2984 1759 3110 1816 Ideo
3158 1777 3279 1815 cum
3307 1764 3426 1833 quis
3458 1766 3630 1834 digni-

2052 1854 2158 1898 tate
2185 1846 2406 1912 insignis
2433 1848 2554 1902 illos
2581 1850 2713 1914 adit,
2757 1859 2881 1905 tunc
2903 1853 3132 1907 maxime
3152 1855 3317 1909 fastus
3347 1859 3522 1911 omnis
3543 1860 3630 1913 de-

2042 1937 2242 2002 jicitur.
2266 1937 2397 1993 Nam
2426 1941 2652 2009 agricola
2686 1943 2802 2007 ille,
2835 1944 3168 1998 smcularium
3197 1949 3431 2002 omnium
3460 1949 3626 2018 impe-

2047 2030 2198 2090 ritus,
2230 2045 2393 2097 prope
2421 2031 2610 2085 dttccm
2637 2032 2705 2085 de
2724 2033 2978 2102 dignitate
3004 2050 3096 2087 sua
3125 2037 3290 2090 altum
3325 2040 3618 2107 sapientem

2045 2123 2196 2174 sedet
2221 2137 2384 2188 super
2404 2133 2628 2176 stratum
2647 2125 2795 2190 fmni,
2820 2141 2939 2179 eum
2968 2127 3183 2180 sordido
3206 2130 3481 2196 pulvinari.
3508 2131 3622 2185 Non

2046 2213 2186 2264 enim
2217 2213 2406 2265 adsunt
2440 2215 2507 2267 ibi
2549 2215 2637 2282 qui
2675 2216 2846 2283 ipsum
2873 2218 3130 2271 extollant
3170 2229 3220 2272 et
3267 2221 3482 2285 inflent;
3527 2223 3620 2276 sed

2043 2299 2268 2369 idipsnm
2311 2304 2521 2368 accidit,
2571 2320 2630 2357 ac
2661 2307 2703 2358 si
2731 2307 2849 2374 quis
2885 2307 2948 2360 ad
2995 2308 3262 2362 aurificem
3294 2320 3349 2364 et
3385 2321 3620 2367 rosetum

2042 2395 2250 2457 veniat;
2282 2410 2400 2447 nam
2429 2405 2482 2448 et
2508 2397 2576 2447 ah
2610 2413 2740 2449 auro
2771 2407 2826 2451 et
2863 2415 2890 2451 a
2920 2401 3055 2454 rosis
3083 2401 3280 2470 aliquid
3323 2404 3622 2470 splendoris

2039 2481 2269 2548 accipit:
2312 2484 2379 2536 ita
2411 2495 2463 2538 et
2495 2486 2588 2547 illi,
2619 2503 2680 2539 ex
2714 2489 3093 2542 monachorum
3122 2492 3283 2543 radiis
3307 2492 3502 2563 aliquid
3543 2496 3622 2548 ln-

2039 2576 2115 2626 cri
2143 2576 2453 2640 referentes,
2474 2580 2743 2645 paululum
2766 2583 2890 2650 quid
2915 2600 2977 2637 ex
2996 2587 3294 2653 arrogantia
3327 2589 3618 2657 deponunt.

2040 2667 2115 2718 Ac
2161 2669 2602 2733 quemadmodum
2653 2673 2739 2739 qui
2793 2673 2841 2724 in
2895 2675 3060 2727 altum
3115 2679 3355 2731 ascendit
3404 2679 3615 2744 locum,

2037 2761 2374 2826 quantumvis
2395 2770 2592 2814 statura
2629 2780 2820 2831 parvus
2837 2767 2925 2828 sit,
2955 2784 3207 2836 procerus
3234 2771 3442 2827 videtur
3466 2789 3614 2829 esse:

2036 2850 2114 2902 sic
2133 2860 2182 2902 et
2212 2851 2314 2911 isti,
2339 2868 2458 2904 cutn
2486 2854 2738 2906 sublimes
2763 2857 2970 2911 illorum
2991 2859 3197 2913 animos
3222 2861 3440 2926 adeunt,
3471 2864 3620 2917 simi-

2039 2940 2113 2991 les
2158 2941 2260 2993 illis
2295 2953 2548 3010 apparent
2591 2947 2841 3012 quamdiu
2877 2948 2944 3000 ibi
2981 2960 3194 3004 manent
3230 2969 3242 3004 :
3274 2963 3394 3006 cum
3438 2964 3615 3008 autem

2035 3031 2429 3097 descenderint,
2462 3049 2647 3088 rursus
2673 3036 2982 3092 humiliores
3015 3039 3282 3106 videntur,
3315 3044 3382 3096 ab
3406 3045 3500 3098 illa
3533 3045 3616 3098 al-

2038 3123 2260 3177 titudine
2282 3125 2495 3192 dejecti.
2518 3126 2656 3180 Nihil
2681 3130 2818 3196 apud
2852 3130 2968 3183 illos
2993 3141 3070 3183 est
3106 3148 3193 3185 rex
3216 3174 3229 3195 ,
3263 3134 3390 3187 nihil
3431 3135 3616 3205 prmfe-

2033 3225 2149 3268 ctus
2182 3235 2194 3270 :
2223 3215 2314 3268 sed
2356 3217 2800 3285 quemadmodum
2845 3238 2941 3274 nos
2968 3221 3035 3275 de
3062 3223 3241 3293 βίοι-ῖς
3266 3225 3386 3279 illos
3411 3242 3612 3296 reprm-

2036 3301 2367 3361 sontanlibtts
2395 3308 2628 3363 ridemus
2659 3327 2672 3364 :
2704 3310 2780 3364 sic
2803 3321 2858 3365 et
2887 3313 2958 3365 illi
2992 3322 3252 3367 tumorem
3280 3330 3487 3380 eorum,
3525 3318 3614 3386 qui

2037 3398 2160 3452 foris
2191 3406 2386 3452 metttnt
2411 3401 2490 3453 sui
2516 3401 2749 3456 incutere
2769 3413 2971 3467 curant,
2998 3416 3273 3473 respuunt.
3293 3407 3347 3460 Id
3385 3407 3507 3462 inde
3532 3425 3616 3477 pa-

2037 3490 2137 3541 lam
2156 3501 2256 3554 est,
2286 3493 2427 3559 qttod
2457 3494 2500 3546 si
2527 3495 2644 3561 quis
2668 3494 2792 3563 ipsis
2817 3511 3036 3564 regnum
3059 3507 3170 3550 tuto
3193 3500 3514 3553 servandum
3529 3500 3613 3552 of-

2034 3582 2214 3647 ferret,
2240 3599 2525 3652 numquam
2555 3586 2628 3640 illi
2658 3589 2958 3656 aeciperent
2977 3606 2991 3651 ;
3011 3593 3312 3660 acciperent
3335 3591 3489 3660 forte,
3511 3595 3611 3648 nisi

2032 3672 2188 3724 altius
2208 3683 2478 3741 saperent,
2511 3677 2609 3729 nisi
2637 3687 3029 3744 Iemporancam
3060 3697 3173 3735 rem
3204 3698 3324 3736 esse
3346 3693 3609 3751 putarent.

2033 3765 2136 3818 Cur
2157 3781 2282 3834 ergo
2323 3782 2425 3818 non
2471 3769 2870 3834 properabimus
2899 3771 2964 3824 ad
3013 3773 3153 3826 illam
3204 3775 3606 3840 beatitudinem,

2033 3870 2136 3906 non
2165 3855 2262 3908 hus
2288 3857 2502 3923 angelos
2531 3857 2792 3912 adibimus
2812 3900 2825 3917 .
2856 3877 2958 3912 non
2993 3875 3149 3926 puras
3182 3872 3355 3917 vestes
3388 3865 3612 3934 accipie-

2034 3962 2148 3998 mtts
2169 3987 2182 4004 .
2227 3956 2278 3999 ct
2303 3962 2421 3999 cum
2465 3963 2652 4016 pompa
2702 3949 2795 4001 has
2825 3953 3033 4018 nuptias
3061 3952 3484 4018 celebrabimus,
3515 3955 3607 4009 sed

2031 4037 2257 4091 mendici
2288 4039 2639 4101 manebimus,
2669 4043 2986 4108 pauperibus
3013 4043 3180 4097 nihilo
3203 4044 3393 4099 melius
3413 4046 3603 4110 affecti,

2032 4128 2138 4179 imo
2185 4127 2364 4195 peiore
2404 4144 2467 4181 ac
2515 4131 2900 4185 miserabiliorc
2939 4147 3095 4200 quam
3145 4134 3216 4187 illi
3267 4134 3608 4190 conditione?

2031 4218 2159 4272 Nam
2191 4219 2291 4271 illis
2321 4229 2466 4271 certe
2503 4221 2802 4276 miseriores
2833 4233 2957 4276 sunt
2985 4224 3074 4291 qui
3106 4226 3244 4279 male
3275 4238 3450 4294 partas
3470 4227 3608 4281 divi-

2031 4311 2129 4362 tias
2161 4309 2429 4377 possident
2457 4328 2470 4363 :
2519 4312 2707 4365 melius
2750 4315 2942 4382 quippe
2970 4324 3053 4367 est
3093 4316 3416 4380 mendicare,
3449 4332 3606 4387 quam

2028 4401 2196 4454 aliena
2226 4416 2452 4468 rapere:
2488 4418 2607 4456 nam
2648 4403 2777 4457 illud
2818 4407 2965 4459 venia
2991 4446 3004 4464 .
3061 4407 3161 4461 hoc
3213 4409 3475 4475 supplicio
3528 4409 3610 4462 di-

2027 4506 2224 4557 gnum;
2271 4503 2322 4546 et
2355 4493 2441 4547 illc
2490 4495 2700 4562 quidem
2745 4497 2904 4549 Deum
2955 4515 3059 4551 non
3114 4500 3374 4564 offendit,
3421 4501 3504 4554 hic
3554 4513 3607 4554 ct

2032 4581 2196 4633 Deum
2221 4582 2439 4635 offendit
2476 4593 2530 4636 et
2585 4585 2867 4638 homines:
2901 4587 2989 4640 ille
3019 4591 3215 4656 rapina:
3249 4592 3347 4642 fert
3370 4591 3607 4659 labores,

2028 4669 2255 4723 fructum
2286 4681 2460 4724 autem
2495 4687 2706 4726 omnem
2737 4674 2823 4726 alii
2851 4690 2994 4743 saepe
3031 4679 3284 4730 tulerunt.
3317 4679 3441 4732 llaec
3481 4695 3602 4734 cum

2027 4762 2278 4822 :t:iamus,
2321 4763 2536 4815 avaritia
2586 4765 2727 4816 onmi
2755 4765 3014 4832 deposita,
3055 4770 3286 4821 caelestia
3318 4779 3474 4838 atque
3498 4787 3606 4823 cae-

2033 4855 2162 4907 leste
2187 4869 2406 4923 regnum
2433 4869 2552 4908 cum
2584 4855 2762 4908 smdio
2792 4859 2934 4910 omni
2969 4859 3255 4926 rapiamus.
3282 4859 3396 4912 Non
3428 4870 3603 4929 potest

2032 4946 2196 5010 enim,
2227 4961 2330 4998 non
2357 4954 2528 5014 potest
2555 4956 2703 4999 certe
2731 4948 2819 5016 qui
2859 4949 3126 5016 negligens
3165 4961 3244 5003 est
3287 4966 3350 5005 eo
3381 4952 3599 5005 intrare.

2035 5039 2240 5092 Utinam
2274 5053 2401 5093 vero
2427 5053 2616 5093 omnes
2635 5083 2647 5102 ,
2679 5041 2863 5108 vigiles
2887 5039 3016 5097 facit
3038 5052 3089 5096 et
3117 5042 3398 5113 diligentes
3418 5087 3432 5108 ,
3475 5045 3601 5099 illud

2029 5145 2449 5199 consequamur,
2498 5133 2665 5201 gratia
2720 5142 2774 5185 et
2826 5132 3145 5202 benignitate
3187 5135 3391 5190 Domini
3441 5139 3604 5192 nostri

2029 5221 2153 5274 Jesu
2183 5220 2400 5284 Christi,
2449 5223 2531 5275 cui
2557 5222 2721 5292 gloria
2749 5231 2800 5276 et
2832 5224 3111 5292 imperium
3131 5225 3184 5279 in
3206 5227 3399 5296 sarcula
3429 5243 3599 5281 sarcu-

2031 5313 2222 5366 lortnn.
2251 5316 2420 5366 Amen
2449 5315 2467 5344 ‘

2095 5413 2110 5438 ι
2131 5403 2224 5474 Hie
2242 5406 2426 5455 variant
2454 5405 2767 5474 exetuplaria.
2793 5405 2919 5453 Editi
2954 5405 3153 5474 habent.
3173 5416 3604 5474 "08_1‘67‘0_er

2029 5473 2075 5516 et
2098 5469 2319 5537 {equitate
2345 5468 2538 5539 ornati!
2568 5466 2804 5539 chrisma.
2831 5467 2989 5539 Pauci,
3015 5482 3121 5539 pro,
3147 5471 3388 5539 a'quitqle,
3407 5471 3604 5539 legunt,

2029 5527 2204 5606 imitate
2229 5527 2447 5599 numinis.
2475 5530 2778 5587 lectionem,
2801 5540 2911 5590 qua:
2941 5527 3180 5578 sincerior
3214 5533 3354 5580 nobis
3376 5527 3491 5580 visa
3510 5527 3604 5606 est;

2033 5593 2079 5638 in
2105 5597 2245 5650 textu
2269 5589 2536 5650 posuimus.

2094 5653 2113 5681 ³
2138 5649 2279 5711 Apud
2300 5650 2460 5711 Morel.
2484 5649 2678 5697 humilia
2711 5649 2893 5698 desinit
2915 5651 3005 5700 hoc
3317 5652 3506 5705 ατίεδιε
3531 5669 3601 5703 re-

2030 5710 2306 5787 grttmtcmrt
2477 5711 2633 5787 studio
2655 5711 2900 5775 rapiamus
2935 5722 2982 5762 at
3022 5714 3186 5779 futura
3204 5718 3326 5768 bona
3347 5729 3608 5787 consequu-

2034 5786 2160 5833 ntur,
2184 5779 2342 5834 gratia
2361 5778 2426 5829 et,
2453 5780 2548 5829 etc.
