4076 6142
396 321 499 375 (ἴτυς

417 437 573 449 -————
586 436 1095 449 ’.κῇ-*-

1111 314 1167 371 S.
1208 311 1486 371 JOANNIS
1522 315 1995 371 CllltYSOSTOMl
2035 316 2354 371 ARCIIIEP.
2396 315 2927 372 CONSTANTINOP.
3570 311 3669 367 656

1571 539 1905 600 HOMlLIA
1953 539 2153 600 LXX.
2201 540 2286 600 al.
2334 540 2561 607 LXXI.

443 708 689 764 (Inmiti.
730 723 782 761 γ.
823 707 909 761 15.
956 706 1100 760 Tunc
1145 708 1381 759 abeuntes
1420 703 1671 758 Plutrisa’i
1715 704 1980 758 consilium

690 797 926 859 inierunt,
955 809 1008 850 ut
1029 814 1139 851 eum
1166 798 1215 849 in
1246 813 1473 849 sermone
1500 806 1754 864 caperent.

502 890 547 942 1.
592 886 754 946 Tunc.
783 887 1117 955 ιίιιςιιιάοιιιιιιι
1140 888 1164 937 ’ἰ
1194 886 1417 951 Quando
1448 887 1677 938 maxime
1708 885 1827 938 illos
1862 899 2011 937 com-

433 980 593 1048 pungi
624 981 861 1048 oportuit
886 1021 901 1043 ,
933 978 1149 1046 quando
1191 978 1568 1048 benignitatem
1596 979 1713 1045 ejus
1735 974 2009 1041 admirari,

429 1070 640 1137 quando
668 1071 839 1123 futura
872 1070 1157 1123 formidare
1186 1086 1279 1136 par
1300 1079 1434 1133 erat,
1454 1069 1669 1138 quando
1686 1084 1750 1122 ex
1776 1067 2014 1136 praeteri-

433 1163 500 1215 tis
524 1162 590 1215 de
631 1161 819 1215 futuris
862 1160 1186 1214 credendum
1219 1171 1353 1214 erat.
1384 1161 1513 1214 Nam
1548 1176 1668 1213 cum
1696 1160 1846 1212 factis
1876 1158 2015 1211 dicta

435 1253 757 1316 clamabant;
790 1253 1053 1321 publicani
1083 1266 1133 1305 et
1158 1252 1466 1305 meretrices
1492 1250 1850 1317 crediderant,
1890 1266 2020 1319 pro-

439 1343 614 1411 pheta:
645 1354 696 1397 et
721 1342 847 1409 justi
879 1342 1137 1397 interfecti
1174 1343 1380 1397 fuerant
1409 1359 1421 1395 :
1448 1343 1513 1395 ab
1541 1342 1618 1395 his
1646 1358 1771 1395 vero
1798 1340 2020 1394 instituti

443 1450 547 1488 non
575 1435 845 1489 debebant
875 1438 1102 1488 futuram
1144 1449 1292 1487 suam
1345 1434 1635 1501 perniciem
1669 1450 1860 1502 negare
1885 1473 1898 1495 ,
1930 1431 2024 1485 sed

442 1538 496 1580 et
530 1527 749 1580 credere
778 1538 832 1582 et
881 1528 1211 1595 resipisrere.
1248 1530 1491 1579 Attamen
1537 1542 1708 1595 neque
1732 1525 1808 1579 sic
1833 1524 2028 1578 desinit

446 1619 656 1671 illorum
702 1618 958 1684 nequitia,
986 1618 1078 1670 sed
1118 1618 1311 1671 ert-scit
1338 1626 1391 1670 et
1422 1617 1642 1670 ulteritts
1670 1615 2028 1684 progreditur.

452 1708 645 1763 Verum
673 1710 795 1778 quia
828 1710 1007 1763 turbas
1037 1710 1302 1771 timentes,
1334 1708 1905 1775 illautapprehendere
1927 1724 2030 1760 non

450 1799 737 1862 audebant,
779 1801 934 1851 aliam
968 1799 1134 1852 iniere
1165 1800 1323 1859 viam,
1355 1810 1408 1851 ιιι
1451 1798 1502 1850 in
1543 1799 1830 1865 periculum
1862 1798 2032 1865 (τοιώ-

451 1900 655 1950 cerent,
685 1900 732 1942 et
756 1890 1081 1957 publicanum
1103 1889 1434 1956 iniquitatem
1459 1904 1606 1943 reum
1629 1889 2034 1943 constituerent.

456 1979 544 2033 16.
587 1979 796 2032 Mittunt
844 1980 984 2031 enim
1029 1979 1074 2032 ei
1116 1980 1393 2046 discipulos
1433 1996 1549 2032 suos
1571 1996 1683 2031 cum
1729 1978 2035 2034 llerodianis

455 2072 669 2123 dicentes
692 2087 710 2123 :
735 2070 784 2122 .11
793 2074 996 2139 ngister,
1020 2072 1204 2123 scimus
1232 2072 1349 2137 quia
1370 2087 1522 2123 etram
1548 2088 1621 2135 es,
1640 2083 1683 2123 et
1716 2072 1844 2124 viam
1864 2070 1960 2125 Dei
1987 2074 2039 2126 iu

459 2165 664 2216 veritate
691 2164 855 2221 dares,
910 2180 998 2215 nec
1046 2164 1108 2215 de
1130 2164 1298 2232 aliquo
1326 2164 1411 2215 tibi
1457 2182 1575 2216 cura
1624 2175 1694 2217 est
1720 2182 1738 2217 .·
1769 2184 1867 2217 nun
1910 2170 2042 2218 enim

461 2256 668 2323 respicis
692 2256 759 2306 ad
777 2273 1041 2321 personant
1067 2256 1345 2310 hominum.
1378 2257 1457 2309 l7.
1484 2255 1578 2307 Dic
1600 2273 1719 2325 ergo
1738 2259 1896 2317 nobis,
1923 2258 2043 2322 quid

464 2346 552 2399 tibi
590 2347 827 2400 videtur?
870 2348 979 2399 licet
1011 2364 1210 2400 censum
1240 2349 1362 2401 dare
1404 2348 1617 2413 Caesari,
1647 2366 1713 2401 an
1756 2351 1902 2402 non?
1927 2349 2045 2401 'l'ri-

469 2438 650 2490 butum
680 2439 819 2491 enim
848 2439 957 2504 jam
988 2438 1296 2501 solvebant,
1324 2455 1444 2492 cum
1470 2456 1554 2493 res
1586 2440 1817 2508 ipsorum
1864 2443 1913 2493 itt
1944 2441 2049 2493 ιιυ-

466 2547 746 2586 manorum
777 2532 1054 2600 imperium
1082 2534 1417 2587 transissent.
1454 2532 1587 2599 Quia
1617 2535 1774 2603 igitur
1800 2534 2050 2589 videbant

468 2620 740 2676 'l‘lteudam
771 2632 825 2676 et
852 2622 1038 2676 ludam
1071 2622 1171 2677 hac
1199 2624 1267 2678 de
1296 2638 1454 2679 causa
1480 2625 1636 2692 paulo
1657 2634 1780 2679 ante
1807 2627 2047 2694 periisse,

471 2725 529 2767 ιιι
573 2714 661 2784 qui
708 2715 1050 2770 rtbelliouem
1102 2716 1525 2783 meditarentur,
1555 2718 1841 2785 cupiebant
1879 2719 2050 2788 ipsum

471 2824 682 2876 quoque
711 2809 847 2862 eirea
882 2824 966 2862 res
994 2809 1206 2863 easdem
1229 2811 1517 2878 suspicioni
1547 2811 1833 2865 obnoxium
1867 2813 2057 2866 redde-

474 2914 551 2951 re.
588 2898 816 2968 ldenque
864 2899 1153 2967 discipulos
1195 2916 1324 2953 suos
1370 2918 1490 2953 cum
1536 2901 1761 2956 llerodis
1801 2903 2056 2958 militibus

474 2991 755 3055 miserunt,
799 2992 991 3057 dtulex
1024 2994 1371 3061 pra-cipitimn
1402 3004 1668 3063 parantes,
1697 3003 1753 3047 ut
1780 2996 2054 3065 putabant,

473 3092 529 3137 et
562 3083 792 3152 undique
838 3084 1082 3151 laqueum
1116 3084 1394 3139 tendentes
1422 3094 1511 3150 nt,
1540 3086 1792 3156 quidquid
1834 3088 2055 3154 diceret,

475 3186 758 3240 caperetur
787 3176 854 3225 ab
875 3174 953 3226 eis
974 3215 989 3237 ,
1021 3189 1084 3227 ac
1127 3175 1170 3227 si
1211 3190 1304 3243 pro
1351 3175 1665 3230 ilerod'aauis
1692 3177 2056 3244 responderet,

480 3264 576 3331 ipsi
605 3275 937 3329 accusarent,
968 3266 1048 3317 sin
1076 3280 1172 3333 pro
1198 3266 1342 3333 ipsis,
1394 3267 1480 3318 alii
1504 3267 1932 3320 criminarentur.
1961 3270 2060 3319 At-

478 3353 566 3421 qui
595 3354 903 3406 dltll'dt'iiltta
922 3354 1032 3423 jam
1066 3356 1299 3409 solverat
1330 3374 1341 3407 :
1371 3356 1463 3409 sed
1499 3356 1599 3409 hoc
1632 3357 1701 3407 illi
1728 3356 2060 3424 ignorabant,

480 3458 533 3500 et
558 3448 813 3499 utrumvis
839 3447 1060 3510 tilL‘t'l'Cl,
1093 3463 1151 3500 se
1194 3460 1444 3516 capturos
1469 3465 1587 3501 eum
1615 3450 1918 3516 sperabant.
1951 3450 2063 3502 Ma-

482 3537 704 3590 luisseut
728 3548 900 3590 t:uuen
925 3555 1043 3590 eum
1063 3549 1246 3592 eontra
1272 3540 1600 3594 llerodianos
1634 3541 1829 3609 aliquid
1860 3542 2058 3595 dicere.

486 3630 714 3700 Ideoque
742 3633 1031 3700 discipulos
1064 3635 1279 3687 tuittuut
1302 3675 1314 3697 ,
1358 3636 1443 3703 qui
1477 3636 1621 3688 illum
1661 3638 1937 3703 pra‘senlia
1970 3653 2063 3691 sua

482 3723 547 3773 ad
578 3724 626 3774 id
658 3723 992 3788 ἰι.ι]ιι(;υι·ιιιιι,
1013 3736 1067 3778 ιιι
1100 3726 1243 3778 illum
1270 3727 1478 3792 prasidi
1510 3728 1776 3782 trzulerent
1801 3739 1849 3780 nt
1885 3739 2067 3794 tyran-

488 3831 633 3866 nutn.
666 3815 776 3869 llnc
803 3817 947 3870 enim
977 3837 985 3862 ι
1011 3826 1029 3869 ι
1059 3816 1227 3871 Lucas
1254 3819 1553 3883 subiudirat
1577 3820 1643 3871 dit
1664 3835 1790 3884 cus,
1833 3836 1925 3873 eos
1952 3831 2065 3873 tur-

488 3906 568 3957 Itis
594 3908 944 3973 pra-sentibus
975 3909 1350 3977 interrogasse,
1377 3920 1433 3962 ιιι
1461 3911 1626 3978 majus
1656 3921 1799 3965 esset
1831 3915 2069 3965 testimo-

489 3999 655 4050 nium.
696 3998 1030 4053 Contrarium
1078 4016 1252 4054 au:ent
1283 4004 1502 4055 omnino
1531 4005 1734 4067 evenit;
1780 4004 1832 4055 in
1882 4004 2068 4072 majori

487 4087 683 4154 quippe
714 4087 923 4141 theatro
960 4090 1194 4143 .~tultiti:e
1220 4107 1330 4145 sua:
1375 4102 1743 4161 argutuCnlttttt
1788 4094 2068 4146 dederunt.

490 4181 569 4230 Ae
601 4178 717 4231 ride
758 4180 1121 4233 adulationem
1160 4197 1377 4244 eormn,
1432 4183 1806 4251 occultumque
1848 4184 2069 4236 dolum:

494 4267 763 4335 Nouimus,
793 4271 1052 4340 inquiunt,
1080 4272 1199 4333 quia
1229 4288 1381 4325 verax
1415 4289 1486 4325 es.
1513 4272 1621 4326 Cur
1645 4290 1773 4342 ergo
1795 4274 2070 4338 dicebatis,

491 4363 752 4417 Seductor
776 4372 876 4425 est,
902 4374 975 4427 et,
1005 4363 1214 4417 Sedacit
1242 4367 1455 4423 turbant.
1478 4371 1550 4425 et,
1579 4363 1895 4417 Dwntoniutn
1932 4365 2074 4418 liabet

491 4451 687 4522 (Joun.
714 4454 764 4506 7.
802 4454 866 4506 12
894 4463 939 4506 et
968 4455 1051 4507 10.
1070 4453 1183 4523 20).
1210 4462 1285 4518 et,
1310 4453 1421 4507 Non
1442 4463 1604 4509 estex
1632 4455 1771 4508 Deo?
1796 4471 1891 4509 cur
1921 4456 2076 4524 paulo

497 4555 627 4599 ante
657 4548 1051 4603 consultabatis
1078 4550 1354 4618 quomodo
1387 4551 1540 4606 illum
1572 4551 1939 4607 oecideretis?
1974 4551 2078 4606 Sed

500 4637 682 4691 oumia
704 4638 778 4690 illi
813 4638 970 4697 fiunt,
1000 4651 1160 4708 prout
1192 4641 1404 4697 insidia:
1427 4650 1747 4713 suggerunt.
1772 4643 1910 4708 Quia
1935 4644 2081 4697 enim

500 4730 655 4780 tmttln
681 4738 800 4778 ant-
833 4742 952 4780 eum
981 4730 1287 4798 arrogantia
1316 4729 1583 4795 dixerant,
1612 4729 1681 4784 In
1699 4748 1799 4799 qua
1836 4742 2080 4801 potestate

494 4821 602 4873 Iure
640 4820 767 4889 facis
798 4820 1007 4891 (Jlattlt.
1038 4819 1127 4874 2|.
1158 4820 1250 4891 25)
1275 4821 1297 4872 Υ
1326 4835 1427 4875 nec
1464 4822 1869 4889 responsionem
1894 4832 2078 4877 extor-

494 4929 662 4981 quere
694 4924 998 4983 potuerunt,
1048 4924 1268 4984 sperant
1298 4914 1446 4967 illiilli
1475 4915 1777 4969 adulatione
1803 4915 2081 4970 emollien-

494 5004 622 5056 dum
670 5020 824 5067 eSse,
854 5012 908 5058 et
935 5004 1289 5059 inducendum
1330 5014 1384 5058 ut
1421 5004 1688 5074 quidpiam
1718 5006 1860 5059 dicat
1897 5016 2079 5059 contra

502 5100 667 5167 Irges,
692 5115 810 5166 qua:
841 5111 963 5151 tunc
986 5100 1251 5166 rigebant,
1279 5110 1331 5155 et
1361 5099 1651 5153 dominanti
1687 5100 1935 5169 potentia:
1954 5115 2080 5154 enn-

499 5192 743 5245 trarium.
776 5191 1114 5261 Quapropter
1145 5194 1317 5263 ipsqu
1341 5208 1580 5247 remrem
1613 5195 1829 5256 dicunt,
1858 5193 1907 5247 id
1941 5192 2081 5263 quod

497 5292 612 5337 erat
661 5285 1008 5349 confitentes;
1057 5300 1243 5339 verum
1293 5300 1397 5337 non
1449 5293 1587 5337 rect't
1639 5288 1936 5347 sententia,
1991 5299 2082 5338 Ite-

496 5390 602 5442 qne
631 5377 876 5431 volentes
902 5376 950 5429 id
979 5376 1183 5439 dicunt,
1212 5386 1265 5430 et
1309 5377 1408 5430 line
1431 5375 1687 5441 adjiciunt
1717 5396 1729 5431 :
1759 5376 1873 5427 Non
1898 5385 1968 5428 est
1994 5374 2083 5427 tibi

498 5483 621 5519 cura
655 5466 720 5521 de
751 5470 943 5538 aliquo.
980 5468 1108 5523 Vide
1134 5487 1290 5538 quam
1322 5469 1577 5539 liquidum
1604 5470 1707 5531 sit,
1741 5470 1873 5523 velle
1902 5483 1997 5523 eos
2028 5468 2081 5520 in

501 5560 805 5627 ltujusmodi
848 5577 1152 5617 sermonem
1196 5563 1466 5631 conjicere
1492 5579 1645 5628 eum,
1690 5580 1795 5633 quo
1844 5561 2084 5616 Herodes

501 5652 821 5713 offendatur.
868 5664 922 5707 et
949 5654 1002 5706 in
1033 5653 1329 5723 tyrannidis
1364 5654 1726 5723 suspicionem
1768 5653 1982 5717 veniat,
2026 5659 2085 5705 ut

504 5759 590 5815 qut
611 5756 794 5801 contra
815 5750 981 5818 legem
1018 5758 1383 5813 utsm'rexertt,
1408 5766 1511 5815 quo
1531 5746 1676 5799 illum
1700 5756 1755 5798 ut
1771 5744 2082 5799 seditiosum

2109 714 2163 758 et
2192 714 2472 775 tyranuum
2499 705 2757 774 supplicio
2776 704 3063 758 traderent.
3098 701 3230 757 illud
3259 699 3399 755 enim
3426 740 3440 763 ,
3471 697 3589 751 Non
3620 707 3691 749 est

2112 799 2199 850 tibi
2239 814 2361 850 cura
2391 799 2453 849 (Ῑιι
2478 799 2663 864 utique,
2690 808 2765 861 et,
2814 797 2933 850 Non
2978 796 3187 865 respicis
3229 794 3297 846 ad
3331 806 3566 863 personas
3602 790 3689 840 Ito-

2118 891 2329 951 nn'nnm,
2358 890 2425 943 de
2456 890 2664 943 lli-rode
2697 900 2748 941 et
2777 890 2991 942 Ca-sarc
3015 889 3114 941 sub
3140 886 3325 939 multra
3353 882 3579 952 quadam
3610 880 3694 934 di-

2116 982 2352 1045 eebatnr,
2387 980 2480 1033 Dic
2506 981 2659 1049 igitur
2688 981 2829 1033 nobis
2850 1023 2862 1041 ,
2901 980 3023 1051 quid
3052 979 3139 1031 tibi
3164 976 3399 1030 videtur?
3427 974 3577 1028 Nunc
3607 972 3701 1023 lto-

2122 1076 2345 1135 noratis,
2373 1083 2426 1125 et
2452 1073 2723 1126 doctorem
2749 1074 2964 1140 putatis,
2990 1070 3076 1138 qui
3103 1069 3269 1130 illum,
3294 1083 3412 1121 cum
3435 1066 3501 1118 de
3530 1064 3702 1118 Salute

2124 1171 2294 1216 vestra
2327 1163 2633 1226 dissereret,
2667 1162 3063 1225 eontetnpsistis
3083 1201 3096 1221 ,
3124 1174 3266 1226 Stepe
3293 1166 3346 1211 et
3378 1153 3702 1210 contumelia

2124 1255 2413 1309 alit-cistis?
2434 1254 2579 1309 Unde
2602 1255 2760 1308 etiam
2781 1254 2864 1307 ltic
2881 1253 3132 1307 concordi
3152 1250 3413 1305 sententia
3437 1248 3702 1302 fuerunt‘.

2129 1349 2203 1400 Ac
2236 1347 2352 1400 \‘ide
2383 1347 2589 1400 illorum
2623 1346 2900 1399 vafritiem.
2922 1345 3033 1397 Non
3057 1345 3259 1403 dicunt,
3290 1343 3381 1395 Dic
3406 1341 3559 1393 nobis
3584 1338 3706 1407 quid

2133 1439 2348 1497 bonum,
2369 1438 2492 1507 quid
2515 1439 2662 1501 utile,
2685 1438 2808 1505 quid
2836 1438 3043 1506 legale?
3071 1436 3185 1499 sed,
3221 1434 3354 1501 Quid
3380 1434 3467 1485 tibi
3494 1432 3712 1484 ridetur?

2137 1529 2207 1581 Ita
2240 1529 2338 1582 ltoe
2372 1546 2529 1582 unum
2553 1530 2882 1597 Sptctaltaut,
2919 1539 2969 1581 ut
3000 1529 3429 1588 traderentemn,
3456 1533 3510 1577 et
3541 1532 3597 1575 ut
3620 1524 3714 1573 itu-

2136 1621 2370 1689 perantis
2401 1622 2606 1673 hostem
2655 1619 3008 1673 declararent.
3042 1618 3096 1670 Id
3138 1616 3439 1686 signiIiCaus
3487 1612 3715 1672 Marcus,

2136 1710 2601 1780 arrogantiamque
2646 1712 2878 1779 ipsorum
2934 1708 3434 1777 sanguinariumqne
3483 1704 3717 1757 animum

2141 1805 2454 1869 ostendens,
2483 1805 2679 1857 dixisse
2708 1804 2826 1857 illos
2853 1803 2959 1855 ait:
2985 1801 3237 1854 Demusne
3265 1798 3453 1854 Cesari
3479 1812 3719 1859 censum,

2140 1912 2206 1947 an
2250 1911 2349 1947 non
2386 1896 2565 1948 demus
2588 1896 2604 1964 (
2627 1894 2786 1947 Marc.
2822 1894 2905 1947 1‘2.
2943 1893 3076 1963 l4)?
3107 1892 3179 1945 lta
3224 1890 3461 1945 furorem
3513 1886 3723 1957 quidem

2144 1986 2419 2055 Spi:abant
2440 2028 2453 2049 ,
2486 1996 2539 2040 et
2571 1986 2789 2039 insidias
2836 1984 3234 2054 parturiebaut,
3266 1984 3389 2036 dum
3419 1981 3620 2035 cultum
3652 1979 3724 2031 si-

2146 2078 2430 2131 ruularent.
2459 2076 2594 2143 Quid
2629 2077 2786 2146 igitur
2808 2076 2929 2130 ille?
2956 2077 3039 2128 18.
3069 2074 3205 2140 Quid
3228 2091 3305 2127 me
3325 2072 3550 2133 tentatis,
3572 2070 3730 2139 hypo-

2147 2170 2595 2223 criueH’idistiu’
2617 2169 2887 2238 quomodo
2914 2168 3115 2237 majore
3143 2182 3263 2221 cum
3310 2163 3605 2218 acrimonia
3649 2178 3731 2214 re-

2149 2261 2446 2331 Spoudeat?
2486 2262 2618 2327 Quia
2661 2261 2800 2314 enim
2859 2259 3087 2329 nequitia
3114 2269 3165 2311 et
3210 2258 3438 2326 perfecta
3477 2263 3532 2309 et
3562 2267 3731 2306 mant-

2154 2353 2285 2405 festa
2312 2363 2446 2417 erat,
2474 2352 2652 2407 acrius
2683 2353 2866 2421 pungit
2904 2352 3044 2416 illos,
3076 2351 3251 2420 primo
3276 2346 3633 2408 confundens,
3672 2342 3734 2396 il-

2157 2446 2433 2513 Inrumque
2458 2460 2549 2497 ora
2577 2444 2881 2507 obstruens,
2913 2453 2968 2495 ut
3016 2450 3221 2495 secreta
3272 2440 3483 2492 illorum
3529 2437 3580 2489 in
3621 2450 3734 2487 me-

2154 2534 2299 2589 dium
2345 2534 2670 2599 adduceret,
2721 2542 2775 2587 et
2815 2533 2983 2602 palam
3014 2531 3263 2585 omnibus
3315 2528 3585 2589 redderet,
3634 2541 3737 2594 quo

2156 2628 2222 2681 ad
2251 2626 2397 2680 illum
2427 2627 2607 2679 aairno
2633 2626 2999 2679 accessissent.
3033 2624 3084 2677 ld
3109 2638 3269 2692 porro
3300 2620 3547 2682 faciebat,
3576 2626 3631 2670 ιιι
3650 2631 3738 2670 c0-

2161 2734 2279 2772 rmn
2311 2718 2599 2787 nequitiam
2631 2716 2964 2785 reprimeret,
3000 2730 3066 2769 ne
3110 2713 3231 2766 talia
3265 2714 3455 2765 itermu
3482 2710 3738 2763 auderent

2160 2813 2225 2865 ad
2268 2811 2588 2866 nocendum.
2628 2810 2884 2877 Quamvis
2913 2808 3072 2861 verba
3120 2804 3408 2858 honorifica
3453 2800 3738 2856 admodum

2161 2913 2370 2967 essent;
2404 2918 2523 2955 nam
2555 2912 2609 2955 et
2637 2901 2945 2970 magistrum
2969 2897 3265 2961 vocabant,
3299 2904 3351 2949 et
3396 2908 3664 2955 veracem,
3692 2898 3742 2943 et

2166 3010 2446 3064 personam
2480 3009 2582 3047 non
2616 2994 2963 3060 accipientem
2997 3007 3010 3044 :
3037 2990 3127 3043 sed
3161 2991 3298 3043 Deus
3324 3003 3443 3041 cum
3470 2993 3637 3048 esset,
3666 2981 3744 3034 bis

2164 3087 2336 3156 decipi
2358 3102 2463 3140 non
2492 3095 2715 3156 poterat.
2749 3084 2901 3139 Unde
2923 3091 3159 3151 poterant
3183 3080 3257 3133 illi
3274 3079 3559 3148 suSpicari,
3581 3077 3742 3146 ipsum

2167 3198 2274 3235 tum
2319 3179 2671 3249 etmjeetando
2718 3178 3054 3245 increpasse,
3094 3174 3186 3228 sed
3238 3174 3291 3226 id
3344 3186 3464 3226 esse
3518 3170 3741 3239 signum,

2169 3273 2315 3325 illum
2338 3280 2542 3323 δραι-ιιι
2565 3285 2750 3322 eorum
2784 3284 2959 3320 nosse.

2236 3369 2291 3422 9..
2334 3367 2439 3420 Nec
2468 3367 2595 3420 satis
2625 3366 2697 3418 illi
2728 3366 2821 3417 fuit
2850 3367 3006 3430 inet-el
3030 3376 3150 3416 asse
3178 3378 3190 3412 :
3221 3358 3427 3413 etiamsi
3462 3356 3743 3416 sufficeret,

2171 3460 2313 3512 illum
2344 3475 2462 3512 cum
2486 3458 2717 3509 animum
2751 3472 2932 3509 eorum
2976 3452 3362 3520 redarguisset,
3394 3449 3461 3502 de
3489 3457 3625 3501 tanta
3656 3462 3744 3500 ne-

2170 3551 2332 3620 quitia
2368 3549 2619 3617 pudorem
2651 3548 2751 3599 illis
2782 3548 3039 3610 ingerere.
3090 3543 3197 3598 Sed
3225 3560 3326 3596 non
3360 3542 3445 3594 hic
3478 3543 3639 3603 stetit,
3665 3554 3749 3591 ve-

2173 3659 2287 3695 rum
2317 3642 2422 3694 alio
2448 3640 2605 3694 etiam
2636 3639 2792 3693 modo
2834 3639 3040 3691 iilorum
3086 3652 3176 3690 ora
3206 3634 3436 3699 censuit,
3480 3650 3602 3688 cum
3628 3634 3700 3685 ait
3731 3648 3743 3683 :

2179 3736 2264 3788 19.
2299 3733 2558 3786 Ostendite
2589 3732 2709 3783 mihi
2749 3732 2997 3784 nutnisina
3026 3746 3221 3782 census.
3267 3727 3327 3782 Ut
3361 3738 3540 3780 autem
3570 3735 3748 3779 osten-

2173 3825 2383 3888 derunt,
2418 3840 2510 3891 pro
2535 3838 2680 3875 more
2710 3838 2808 3874 suo
2834 3837 3014 3873 coriua
3046 3820 3221 3888 lingua
3241 3817 3558 3872 sententiam
3585 3815 3747 3879 effert,

2176 3919 2422 3986 ipsosque
2450 3918 2737 3971 decernere
2764 3915 2924 3982 Cogit,
2959 3912 3008 3965 id
3053 3913 3211 3966 licere
3236 3930 3247 3963 :
3277 3927 3394 3980 qua:
3420 3918 3537 3963 erat
3578 3907 3750 3975 Splen-

2176 4012 2295 4063 dida
2319 4010 2564 4075 claraque
2593 4007 2830 4059 victoria.
2866 4005 3043 4072 Itaque
3073 4020 3193 4058 eum
3244 4004 3366 4055 iuten
3384 4010 3616 4071 rogaret,
3646 4013 3745 4051 non

2178 4102 2426 4170 ignorans
2454 4097 2827 4167 interrogalntt,
2861 4097 2951 4150 sed
2986 4105 3042 4149 ut
3070 4111 3135 4148 ex
3163 4095 3371 4149 illortun
3412 4091 3750 4161 responsione

2180 4210 2299 4248 rens
2320 4194 2436 4247 ill0s
2451 4208 2569 4247 esse
2593 4192 2883 4246 evincet-et.
2912 4190 3040 4243 Nam
3066 4206 3184 4243 cum
3205 4188 3534 4257 interrogati,
3552 4186 3638 4239 9.0.
3654 4183 3752 4237 Cn-

2170 4287 2260 4355 jns
2304 4296 2375 4337 est
2420 4284 2628 4353 imago?
2659 4281 3082 4351 respondissent,
3116 4280 3351 4340 Ctesaris,
3397 4279 3471 4331 ait
3518 4273 3749 4329 illezﬂl.

2183 4376 2393 4430 Reddite
2408 4392 2518 4444 qua:
2543 4385 2657 4428 sunt
2680 4374 2910 4437 Caesaris,
2931 4372 3141 4437 Cwsuri,
3161 4384 3206 4425 et
3224 4388 3336 4440 quin
3355 4381 3469 4424 sunt
3496 4369 3605 4432 Dei,
3633 4367 3751 4419 Deo.

2183 4468 2293 4521 lloc
2320 4468 2462 4523 enim
2503 4483 2607 4521 non
2655 4478 2737 4520 est
2787 4466 2935 4530 dare,
2989 4466 3080 4518 sed
3118 4463 3382 4517 reddere:
3418 4461 3467 4514 id
3508 4459 3645 4529 quod
3692 4471 3754 4509 ex

2182 4560 2409 4628 ituaginc
2450 4567 2503 4612 et
2528 4574 2591 4611 ex
2635 4556 2976 4625 inscriptione
3022 4553 3417 4607 ostendo-batur.
3470 4548 3665 4604 Deinde
3693 4562 3756 4601 ne

2182 4654 2441 4713 dicerent,
2462 4650 2843 4705 llominibusne
2872 4665 2967 4702 nos
2999 4648 3246 4715 subjicis?
3268 4644 3556 4712 StllljtlllXil,
3577 4640 3635 4694 Et
3652 4652 3757 4709 quae

2183 4754 2297 4798 sunt
2325 4744 2439 4810 Dei,
2469 4742 2600 4796 Deo.
2640 4742 2787 4796 Licet
2811 4742 2951 4795 enim
2980 4751 3033 4793 et
3062 4737 3362 4791 hominibus
3392 4750 3488 4789 sua
3519 4732 3752 4793 reddere,

2183 4846 2238 4891 et
2268 4838 2373 4891 Deo
2402 4836 2550 4900 dare,
2598 4842 2717 4904 qua:
2745 4833 2813 4886 ab
2842 4831 3142 4886 hominibus
3171 4830 3267 4898 ipsi
3314 4827 3593 4883 debentur.
3642 4820 3757 4874 ldeo

2185 4931 2313 4985 dicit
2357 4930 2592 4983 Paulus:
2626 4926 2840 4980 Reddite
2881 4926 3111 4978 omnibus
3150 4922 3315 4974 debita
3354 4936 3372 4973 :
3412 4918 3491 4971 cui
3523 4910 3754 4983 vectigal,

2186 5024 2397 5093 t'ectignl
2424 5041 2441 5072 :
2464 5023 2545 5075 cui
2573 5021 2837 5081 tributum,
2869 5019 3103 5070 tributum
3132 5030 3150 5068 :
3188 5014 3266 5067 cui
3292 5015 3529 5065 honorent
3548 5050 3562 5071 ,
3606 5007 3755 5058 Itono-

2186 5136 2290 5172 rem
2318 5116 2493 5187 (Itoni.
2538 5116 2623 5169 15.
2670 5112 2743 5185 7).
2774 5111 2852 5166 Tu
2889 5126 3015 5164 vero
3056 5124 3175 5161 cum
3208 5104 3385 5169 audis,
3427 5100 3607 5156 ltedde
3645 5107 3756 5165 qua:

2187 5222 2311 5265 sunt
2344 5208 2589 5274 Caesaris,
2616 5204 2829 5267 Caesari,
2874 5201 2941 5256 de
2968 5201 3031 5254 iis
3059 5199 3107 5252 id
3140 5198 3309 5251 solum
3351 5192 3602 5260 intellige,
3646 5197 3756 5255 qua:

2189 5303 2317 5356 nihil
2352 5304 2598 5369 pietatem
2630 5297 2857 5357 laedunt;
2894 5295 2961 5346 ita
2988 5301 3044 5345 ut
3075 5291 3117 5344 si
3151 5289 3365 5350 la-dant,
3388 5285 3495 5353 jam
3524 5294 3625 5334 non
3646 5277 3755 5330 Cae-

2188 5398 2344 5461 saris,
2394 5394 2486 5447 Sed
2515 5390 2710 5445 diaboli
2743 5388 2994 5443 tributum
3024 5396 3078 5438 et
3111 5379 3334 5449 vectigal
3362 5378 3486 5434 sint.
3527 5372 3756 5465 “ulc-9":

2187 5460 2395 5543 dientes
2408 5484 2745 5540 obticuerunt
2770 5478 2941 5540 im'iti,
2960 5486 3014 5533 et
3039 5471 3357 5544 sapientiam
3384 5467 3497 5539 ejus
3523 5460 3756 5518 admirati

2255 5689 2269 5715 ι
2293 5691 2420 5739 tusc,
2444 5678 2571 5729 unde
2594 5675 2739 5726 etiam
2767 5674 2845 5739 hic
2869 5667 3094 5722 concordi
3118 5661 3346 5735 sententia
3369 5658 3579 5726 factum;
3603 5643 3756 5700 οωίθη

2191 5745 2357 5807 δίιιᾲιη
2385 5737 2477 5793 nec
2501 5740 2626 5803 legit
2647 5737 2887 5800 (ἑαυνείυὸ
2904 5739 3274 5797 't’rapezuattus.
