4076 6142
386 193 491 251 657

386 322 530 367 sunt.
561 309 699 384 Ergo
723 309 973 379 credere,
1019 327 1149 383 ergo
1195 321 1411 383 stupere
1439 313 1721 383 Oportebat
1751 314 1791 366 ί.
1837 311 1969 367 Nam

387 404 678 458 divinitatis
723 418 834 459 suae
859 405 1368 460 demonStrationem
1409 406 1713 472 exhibebat,
1741 421 1862 460 eum
1887 421 1974 460 se-

387 506 531 549 creta
575 495 886 558 revelasset,
935 505 988 550 et
1037 496 1231 551 leuiter
1280 497 1516 564 ipsorum
1547 512 1639 551 ora
1685 497 1969 551 obstruxit.

389 585 523 650 Quid
548 585 753 653 igitur?
781 602 907 640 num
937 587 1313 641 crediderunt?
1340 588 1584 652 Minime;
1613 588 1728 653 sed,
1760 589 1852 650 ait,
1881 587 1972 642 22.

390 677 707 732 Dimittentes
740 694 854 732 eum
881 678 1141 743 abierunt,
1169 678 1262 734 25.
1296 689 1344 732 et
1385 689 1497 746 post
1540 696 1623 734 eos
1661 693 1972 734 accesserunt

389 769 684 823 Sadducwi.
736 769 782 824 Ο
823 771 1137 823 amentiam!
1211 771 1322 824 Illis
1367 770 1432 824 ad
1496 771 1972 825 obniutesceniluui

387 861 700 929 compulsis,
729 862 780 915 bi
810 861 1219 933 aggrediuntur,
1243 878 1362 916 cum
1394 864 1716 930 oportuisset
1743 863 1859 916 illos
1911 864 1974 916 ti-

389 953 581 1006 midius
597 952 872 1006 accedere.
889 952 992 1006 Sed
1018 953 1318 1022 liujusmodi
1342 961 1424 1006 est
1443 952 1680 1018 audacia,
1697 953 1976 1022 impudens

390 1042 758 1111 peiulausqiie,
785 1044 854 1096 ita
883 1053 939 1097 ut
964 1044 1050 1097 illa
1076 1053 1243 1098 tentet
1271 1060 1390 1113 qua:
1422 1044 1558 1099 efﬁci
1588 1061 1690 1098 non
1731 1054 1972 1114 possunt.

388 1131 724 1201 Quapmpter
752 1134 1077 1202 evangelista
1117 1135 1182 1187 de
1209 1136 1417 1189 illorum
1449 1136 1747 1205 arrogantia
1798 1145 1978 1204 stupe-

390 1223 580 1290 factus,
625 1225 849 1294 idipsuin
878 1225 1140 1296 signiﬁcat
1165 1227 1348 1282 dicens
1386 1246 1399 1280 :
1426 1226 1491 1280 In
1520 1228 1611 1282 illa
1640 1228 1721 1282 die
1755 1245 1977 1283 accesse-

396 1328 534 1370 runt.
562 1317 626 1372 In
653 1319 764 1384 illa,
789 1319 840 1373 in
859 1321 998 1388 qua?
1019 1320 1072 1373 In
1097 1336 1158 1375 ea
1187 1336 1305 1389 qua:
1331 1321 1542 1375 illorum
1574 1321 1861 1390 nequitiam
1891 1336 1978 1376 re-

387 1412 596 1481 darguit
615 1455 630 1477 ,
665 1413 913 1483 ipsosque
943 1413 1142 1482 pudore
1171 1413 1406 1468 suffudit.
1441 1415 1665 1480 Quinam
1693 1425 1816 1468 sunt
1847 1414 1978 1469 Sad-

388 1502 556 1557 1111οωί
578 1503 603 1554 ?
629 1504 857 1558 llzeresis
879 1513 960 1558 est
986 1503 1314 1569 Iudaeorum,
1344 1523 1462 1575 qua:
1511 1505 1688 1560 differt
1715 1493 1744 1559 ξι
1787 1505 1972 1560 Phari-

387 1595 530 1658 Saiis,
552 1594 758 1662 illisque
780 1595 936 1665 longe
955 1596 1195 1661 inferior,
1217 1599 1368 1662 cujus
1384 1599 1564 1668 opinio
1586 1607 1718 1660 erat,
1740 1615 1842 1652 non
1857 1613 1976 1653 esse

389 1686 854 1749 resurrectionem,
885 1704 1058 1756 neque
1079 1691 1348 1758 angelum,
1375 1705 1546 1759 neque
1575 1690 1838 1758 spiritum.
1861 1690 1974 1743 Hu-

387 1775 564 1830 diores
587 1778 728 1830 enim
755 1788 926 1844 erant,
949 1789 1003 1832 et
1029 1780 1321 1848 corporalia
1360 1789 1561 1832 tantum
1590 1780 1972 1848 agnoscebant.

388 1867 518 1922 Nam
543 1869 720 1924 multa:
745 1869 884 1940 apud
903 1869 1118 1925 Juda'os
1139 1882 1297 1924 secta:
1323 1881 1494 1925 erant.
1515 1871 1636 1925 Ideo
1656 1872 1728 1924 ait
1749 1871 1972 1926 Paulus:

395 1957 684 2012 I’Iiaristeus
720 1976 830 2012 sum
866 1958 1004 2028 (Act.
1033 1959 1123 2014 25.
1162 1960 1240 2026 6),
1273 1976 1391 2026 qua:
1416 1961 1810 2014 accuratissima
1837 1959 1974 2028 apud

391 2065 489 2103 nos
533 2060 680 2104 secta
726 2060 830 2105 est.
862 2051 928 2104 Hi
975 2060 1152 2105 autem
1197 2051 1472 2105 Sadducaai
1519 2051 1724 2105 direme
1764 2051 1976 2118 quidem

392 2140 524 2195 nihil
551 2141 617 2195 de
646 2143 1040 2197 resurrectione
1068 2142 1280 2196 dicunt:
1303 2141 1395 2196 sed
1415 2143 1769 2195 narratioiiem
1793 2157 1974 2210 quain-

394 2234 518 2288 dam
549 2232 881 2304 conﬁngunt,
912 2243 967 2289 et
991 2250 1102 2289 rem
1135 2250 1421 2302 numquam
1444 2276 1458 2300 ,
1513 2242 1569 2286 ut
1596 2243 1740 2302 puto,
1772 2244 1974 2301 gestam

389 2325 880 2392 comminiscuntur,
913 2334 1190 2393 sperantes
1219 2341 1277 2378 se
1303 2325 1447 2378 illum
1478 2323 1529 2377 in
1562 2323 1832 2392 angustias
1849 2337 1976 2375 con-

391 2418 626 2486 jectures
655 2432 776 2472 esse
802 2459 818 2482 ,
855 2417 1208 2486 volebantque
1248 2416 1360 2469 haec
1406 2415 1561 2468 ambo
1586 2413 1878 2474 confutare,
1923 2423 1976 2468 et

393 2509 846 2563 resurrectionem
868 2524 1007 2571 esse,
1040 2517 1094 2563 et
1123 2507 1568 2562 resurrectionem
1611 2506 1978 2574 talein,qualis

406 2598 702 2652 dicebatur.
757 2597 821 2651 Hi
863 2613 1075 2652 rursum
1106 2597 1344 2650 modeste
1383 2596 1664 2662 accedunt,
1697 2595 1931 2649 dicentes
1961 2612 1974 2649 :

393 2688 464 2742 24
494 2685 760 2757 Magister,
792 2687 995 2758 Moyses
1020 2688 1148 2740 diait
1166 2705 1186 2741 :
1230 2687 1292 2741 Si
1320 2687 1431 2755 quis
1459 2689 1722 2750 moriatur,
1765 2703 1863 2739 non
1886 2688 1978 2738 ha-

393 2777 509 2831 bens
533 2778 688 2845 ﬁlios,
721 2778 866 2831 ducet
893 2781 1049 2848 frater
1065 2779 1174 2848 ejus
1205 2794 1410 2830 uxorem
1440 2778 1597 2838 illius.
1628 2787 1676 2830 et
1719 2777 1978 2830 suscitabit

391 2884 558 2920 semen
588 2869 736 2938 fratri
788 2885 878 2923 suo
905 2870 1083 2938 (Deut.
1123 2869 1215 2923 25.
1258 2869 1340 2938 5).
1385 2869 1474 2922 25.
1515 2866 1677 2920 Erant
1712 2869 1850 2936 apud
1887 2884 1978 2920 nos

392 2970 580 3028 septem
607 2963 788 3028 fratres
821 2976 839 3014 :
868 2971 913 3013 et
959 2963 1151 3031 primus
1195 2961 1338 3014 duxit
1364 2978 1592 3026 uxorein,
1639 2973 1683 3015 et
1712 2962 1978 3030 defunctus

395 3062 466 3105 est
491 3069 589 3105 non
626 3052 812 3106 habens
846 3052 998 3120 ﬁlios.
1023 3053 1114 3107 26.
1149 3052 1392 3107 Similiter
1417 3054 1682 3118 secundus,
1715 3063 1758 3105 et
1782 3053 1974 3118 tertius,

396 3159 548 3210 usque
571 3143 640 3195 ad
667 3144 949 3212 septimum.
982 3143 1072 3196 27.
1099 3143 1386 3197 Novissime
1413 3156 1577 3196 autem
1603 3154 1823 3197 omnium
1854 3163 1978 3198 mor-

395 3245 480 3287 tua
505 3244 578 3288 est
619 3244 665 3288 et
710 3236 907 3290 mulier.
956 3237 1044 3290 28.
1080 3236 1144 3289 111
1173 3237 1533 3290 resurrectione
1559 3237 1871 3307 igitnrcujns
1902 3255 1967 3291 ea:

395 3338 580 3395 septem
615 3329 707 3380 erit
737 3329 903 3381 uxor?
935 3328 1063 3382 Vide
1095 3327 1502 3397 respondentem
1533 3328 1765 3382 doctoris
1803 3344 1974 3382 more.

397 3419 544 3473 Licet
583 3419 726 3474 enim
780 3429 828 3473 et
885 3420 981 3488 ipsi
1037 3420 1267 3486 maligne
1315 3429 1687 3480 accesserant,
1742 3431 1976 3475 attamen

398 3509 739 3579 interrogatio
785 3525 850 3565 ex
897 3511 1190 3579 ignorantia
1249 3512 1416 3579 magis
1471 3511 1810 3579 procedebat.
1855 3513 1978 3566 Ideo

398 3617 504 3654 non
532 3609 690 3654 vocat
717 3601 836 3654 illos
884 3601 1208 3671 bypocritas.
1243 3600 1441 3654 Deinde
1473 3618 1538 3653 ne
1562 3602 1836 3670 objiceret,
1883 3619 1978 3657 cur

397 3703 600 3762 septem
629 3709 786 3746 imam
814 3693 1122 3747 habuissent
1153 3709 1396 3755 uxorem,
1443 3692 1658 3762 Moysen
1703 3692 1932 3748 aﬁ'ernnt
1963 3713 1976 3749 :

397 3785 628 3846 etiamsi,
651 3793 709 3838 Iit
734 3785 844 3854 jam
876 3785 1006 3849 dixi,
1036 3784 1086 3838 id
1128 3784 1418 3837 secundum
1446 3800 1616 3838 uicani
1645 3785 1975 3852 Opinionem,

401 3894 606 3932 nierum
628 3886 987 3932 commentum
1016 3886 1178 3931 esset.
1212 3876 1391 3944 Neque
1436 3877 1576 3928 enim
1609 3877 1796 3930 tertius
1824 3892 1977 3929 acce-

406 3971 587 4036 pisset,
617 3969 753 4024 duos
774 3969 882 4038 jam
909 3984 1135 4038 sponsos
1157 3967 1433 4021 defunctos
1465 3966 1649 4019 videns
1676 3983 1691 4020 :
1722 3967 1764 4019 si
1803 3975 1977 4020 tamen

401 4063 605 4126 tertius,
651 4071 798 4116 certe
851 4077 956 4114 non
998 4069 1237 4129 quartus,
1273 4073 1370 4111 nec
1416 4059 1652 4127 quintus,
1708 4057 1979 4126 multoque

401 4153 574 4205 minus
612 4162 794 4205 sextus
839 4161 893 4205 et
933 4151 1224 4218 septimus;
1276 4149 1367 4202 sed
1414 4163 1631 4201 uxorem
1680 4157 1980 4216 suspectam

403 4245 732 4299 habuissent.
774 4243 929 4297 Tales
953 4243 1149 4312 quippe
1187 4253 1309 4294 sunt
1338 4241 1527 4294 Judaei.
1573 4239 1700 4293 Nam
1739 4239 1780 4291 si
1832 4240 1978 4292 inulti

402 4351 542 4391 nunc
573 4338 640 4390 ita
687 4345 812 4388 sunt
841 4334 1036 4398 affecti,
1088 4334 1252 4386 multo
1299 4333 1467 4401 magis
1514 4342 1637 4384 tunc
1685 4331 1977 4400 temporis:

363 4486 368 4490 ,
399 4424 968 4496 qiianquuidem,boc
994 4425 1154 4479 etiam
1184 4434 1362 4476 amoto
1388 4422 1560 4487 obice,
1582 4422 1696 4475 lucc
1717 4422 1979 4475 connubia

401 4527 526 4573 tunc
555 4517 845 4588 fugiebant,
874 4516 1082 4570 etiamsi
1136 4517 1185 4569 id
1231 4514 1312 4568 lex
1348 4515 1676 4582 praeciperet.
1722 4515 1808 4568 Sie
1839 4514 1978 4567 Rulli

402 4609 642 4663 Moabitis
670 4610 720 4662 in
746 4607 1086 4662 remotiorem
1108 4605 1438 4674 cognationis
1457 4621 1565 4656 81110
1592 4604 1762 4658 11011111
1791 4613 1840 4658 ta
1870 4617 1978 4668 est;

401 4713 454 4756 ct
480 4700 712 4755 Thamar
737 4715 765 4752 a
788 4713 978 4754 socero
999 4712 1182 4752 semen
1222 4696 1382 4748 furari
1411 4707 1592 4748 coacta
1619 4704 1719 4749 est.
1751 4695 1860 4748 Cur
1883 4711 1976 4749 au-

402 4803 508 4846 tem
538 4808 644 4846 non
695 4790 830 4846 duos
881 4799 971 4844 aut
1007 4799 1139 4855 tres,
1182 4787 1276 4841 sed
1327 4798 1530 4856 septem
1583 4787 1745 4842 fuisse
1792 4787 1983 4843 fratres

401 4882 691 4937 commenti
719 4880 888 4935 sunt?
920 4880 986 4934 Ut
1018 4879 1184 4949 magis
1213 4880 1303 4947 (ita
1329 4876 1604 4947 putabant)
1629 4881 1980 4933 resurrectio-

403 4992 524 5029 nem
553 4974 906 5029 traducerent.
937 4972 1059 5026 Ideo
1080 4971 1281 5035 dicunt,
1309 4970 1491 5024 Omnes
1517 4970 1794 5023 habuerunt
1818 4971 1975 5035 illam,

406 5078 462 5120 ut
487 5069 656 5137 ipsum
675 5067 726 5118 in
748 5066 1016 5135 angustias
1033 5063 1355 5132 conjicerent
1406 5061 1541 5129 Quid
1559 5079 1685 5132 ergo
1711 5063 1985 5116 Christus?

405 5161 486 5215 Ad
514 5171 796 5230 utrumque
824 5156 1148 5232 respondet,
1163 5170 1267 5208 non
1293 5155 1357 5206 ad
1390 5153 1568 5218 verba,
1606 5153 1698 5206 sed
1725 5154 1790 5208 ad
1832 5170 1982 5206 nien-

406 5264 510 5308 tein
533 5268 716 5308 eorum
740 5250 1121 5320 respiciens,et
1140 5249 1332 5317 ubique
1355 5255 1614 5299 secretam
1640 5246 1848 5298 illorum
1879 5245 1986 5313 opi-

406 5347 618 5400 nionem
647 5342 1003 5413 patel'aciens;
1031 5339 1311 5408 aliquando
1339 5337 1481 5390 illam
1516 5335 1793 5390 manifeste
1822 5335 1983 5388 refel-

406 5439 540 5502 lens,
557 5435 843 5510 aliquando
867 5432 1297 5502 interroganiium
1316 5429 1651 5483 conscientim
1669 5427 1982 5482 confutatio-

469 5589 489 5622 ί
515 5595 642 5695 rrec,
669 5594 794 5648 Ergo
828 5595 871 5632 ci
883 5582 1048 5642 edere,
1069 5592 1183 5642 ergo
1205 5586 1393 5642 stupere
1437 5577 1704 5642 oportebat,
1729 5576 1903 5626 desunt
1940 5578 1985 5624 in

469 5663 533 5695 ΠΕ
556 5685 570 5695 .

409 5657 570 5700 Morel.

1365 193 1430 250 IN
1469 193 1870 251 MATTHIEUM
1913 193 2142 250 HOMIL.
2183 195 2346 251 LXX.
2387 197 2457 254 al.
2498 196 2685 253 LXXI.

3567 207 3670 263 1158

2084 328 2206 366 110111
2226 313 2549 383 relinquens.
2570 314 2666 368 1110
2683 329 2825 368 nunc
2838 313 2956 369 ride
2973 316 3244 386 quomodo
3263 327 3315 375 et
3335 328 3679 376 resurrectio-

2081 419 2201 457 nem
2219 418 2338 457 esse
2365 403 2572 472 probet,
2590 415 2645 460 et
2673 423 2776 460 non
2802 408 2956 462 talem
2978 409 3189 478 qualem
3219 411 3316 480 ipsi
3338 415 3670 482 suspicaban-

2083 507 2186 552 tur.
2212 497 2348 562 Quid
2375 500 2516 554 enim
2537 500 2649 554 ait?
2685 501 2778 557 29.
2813 500 3014 557 Erratis
3057 507 3328 561 nescientes
3355 506 3667 577 Scripturas,

2080 607 2238 658 neque
2251 590 2524 660 potentiam
2537 590 2648 645 Dei.
2667 593 2798 659 Quia
2824 595 2984 660 enim,
3006 603 3059 649 ut
3081 596 3168 665 qui
3188 596 3404 667 Moysen
3428 611 3663 663 nossent,

2083 681 2250 752 legem
2290 683 2540 752 allegant,
2571 686 2807 739 ostendit
2835 687 3191 756 ignorantium
3219 689 3525 758 Scripturas
3551 707 3673 746 esse

2084 773 2241 825 talem
2268 773 2760 842 interrogationem.
2804 775 2939 830 Hinc
2959 779 3102 832 enim
3133 779 3198 833 ad
3229 780 3538 834 tentandum
3578 799 3670 833 ae.-

2081 873 2379 930 cesserunt,
2421 865 2564 935 quod
2586 866 2888 935 Scripturas
2915 886 3018 924 non
3063 879 3122 924 ut
3147 887 3241 939 par
3275 884 3391 926 erat
3411 873 3670 942 intellige-

2082 964 2219 1018 rent,
2251 965 2304 1010 et
2332 955 2424 1010 Dei
2455 957 2744 1026 potentiam
2777 958 3100 1027 ignorarent.
3131 962 3270 1030 Quid
3291 977 3421 1033 ergo
3449 964 3667 1026 mirum,

2083 1046 2272 1117 inquit,
2304 1050 2348 1101 si
2380 1063 2466 1103 me
2514 1049 2754 1114 tentatis,
2785 1065 2947 1118 quem
2991 1051 3165 1106 adhuc
3191 1069 3297 1109 non
3323 1055 3668 1124 cognoscitis,

2081 1139 2295 1208 quando
2316 1154 2384 1194 ne
2409 1140 2498 1194 Dei
2528 1139 2742 1209 quidem
2772 1143 3063 1209 potentiam
3086 1144 3274 1209 nostis,
3297 1145 3449 1214 cujus
3467 1154 3666 1198 tantam

2081 1229 2462 1296 experientiam
2495 1229 2725 1295 habetis,
2749 1246 2813 1284 ac
2839 1246 3009 1300 neque
3026 1248 3090 1286 ex
3117 1235 3492 1290 communibus
3519 1237 3667 1305 cogi-

2083 1319 2390 1385 tationibus,
2419 1337 2592 1392 neque
2615 1338 2679 1376 ex
2712 1323 3005 1392 Scripturis
3035 1325 3177 1378 illam
3209 1327 3396 1390 nostis,
3422 1328 3466 1382 si
3489 1337 3666 1383 tamen

2082 1425 2393 1467 communes
2418 1413 2768 1484 cogitationes
2789 1429 2908 1470 eam
2938 1416 3178 1470 notitiam
3223 1419 3528 1490 pra-beant,
3560 1420 3669 1475 Deo

2082 1502 2258 1554 omnia
2289 1518 2409 1557 esse
2435 1504 2754 1572 possibilia?

2155 1594 2205 1648 3.
2252 1594 2319 1648 Et
2347 1596 2518 1664 primo
2548 1597 2761 1665 quidem
2791 1596 2859 1650 ad
2890 1597 3173 1666 qumsitum
3203 1600 3509 1668 respondet.
3533 1599 3668 1666 Quia

2082 1685 2224 1739 enim
2255 1686 2306 1739 in
2328 1701 2485 1740 causa
2515 1687 2620 1741 illis
2644 1697 2755 1741 erat
2786 1702 2883 1741 cur
2912 1689 3360 1743 resurrectionem
3404 1705 3526 1744 esse
3563 1707 3666 1747 non

2083 1785 2348 1845 putarent,
2381 1777 2520 1846 quod
2548 1778 2828 1831 crederent
2853 1778 3014 1832 talem
3037 1787 3160 1832 tunc
3191 1795 3310 1834 esse
3335 1795 3513 1834 rerum
3543 1798 3663 1835 con-

2083 1866 2360 1930 ditionem,
2393 1882 2606 1920 causam
2646 1878 2905 1930 removet,
2935 1869 3145 1936 etquod
3177 1885 3242 1923 ex
3271 1870 3356 1924 illa
3387 1887 3545 1925 01111111
3576 1889 3666 1926 ac-

2083 1957 2292 2010 cidebat
2319 1957 2468 2026 (inde
2497 1959 2638 2011 enim
2664 1959 2882 2011 morbus
2911 1969 3061 2013 ortus
3105 1959 3267 2026 emt),
3313 1976 3376 2015 ac
3422 1978 3664 2017 resurre-

2081 2049 2272 2101 ctionis
2322 2048 2536 2102 modum
2568 2049 2804 2102 ostendit
2832 2067 2846 2102 :
2879 2050 2952 2102 ait
2988 2050 3129 2102 enim
3161 2068 3174 2104 :
3205 2050 3293 2104 50.
3347 2050 3411 2104 111
3440 2070 3665 2106 resurre-

2082 2141 2246 2193 ctione
2297 2157 2453 2210 neqne
2483 2140 2666 2193 nubent
2696 2184 2711 2206 ,
2759 2158 2917 2204 neque
2968 2141 3238 2209 nubentur,
3287 2145 3376 2198 sed
3426 2156 3570 2197 erunt
3615 2158 3668 2198 ut

2082 2232 2249 2301 angeli
2276 2231 2373 2284 Dei
2394 2231 2443 2284 in
2461 2233 2602 2284 cwlo.
2630 2232 2798 2286 Lucas
2824 2248 2950 2285 vero
2979 2233 3073 2297 ait,
3105 2235 3248 2286 Sicut
3273 2235 3368 2301 lilii
3388 2234 3487 2290 Dei
3516 2235 3666 2307 (Luc.

2081 2319 2172 2373 20.
2200 2321 2310 2388 56).
2340 2322 2394 2376 Si
2425 2339 2554 2391 ergo
2584 2338 2691 2376 non
2722 2324 2943 2389 nubunt,
2968 2324 3231 2394 superﬂua
3254 2337 3335 2380 est
3367 2327 3664 2398 interroga-

2085 2414 2176 2467 tio.
2204 2413 2386 2484 Neque
2417 2416 2536 2470 ideo
2579 2416 2750 2486 angeli
2783 2429 2930 2483 sinit,
2975 2419 3114 2486 quod
3157 2435 3262 2472 non
3302 2421 3530 2478 nubant:
3571 2421 3666 2475 sed

2083 2507 2204 2573 quia
2233 2517 2289 2560 ut
2315 2509 2483 2577 angeli
2512 2521 2656 2575 sunt,
2683 2509 2802 2564 ideo
2829 2527 2933 2563 non
2959 2512 3334 2566 nubiml.|linc
3353 2516 3513 2567 multa
3535 2529 3667 2583 quo-

2083 2613 2186 2664 que
2206 2598 2307 2650 alia
2335 2599 2566 2660 sustulit,
2597 2615 2713 2667 qua:
2739 2602 2914 2653 omnia
2939 2616 3041 2653 una
3074 2617 3206 2655 voce
3239 2602 3434 2656 Paulus
3480 2605 3666 2658 subin-

2082 2687 2279 2740 dieavit
2314 2688 2500 2742 dicens
2549 2706 2563 2743 :
2609 2688 2844 2744 Pra'terit
2891 2692 3023 2744 enim
3078 2694 3241 2761 ﬁgura
3287 2692 3442 2761 hujus
3494 2695 3668 2747 mundi

2085 2778 2163 2848 (1.
2197 2779 2314 2835 Cor.
2346 2782 2398 2834 7.
2427 2780 2516 2852 51)
2559 2782 2758 2852 Hisque
2773 2784 3002 2837 ostendit
3035 2786 3206 2850 qualis
3223 2786 3294 2839 sit
3321 2786 3664 2846 resurrectio,

2085 2881 2140 2926 et
2167 2874 2306 2941 quod
2348 2889 2472 2928 rere
2514 2877 2834 2930 resurrectio
2862 2876 2931 2929 sit
2974 2876 3147 2929 futura
3179 2895 3191 2928 :
3221 2877 3321 2929 etsi
3366 2893 3494 2930 νο·ιό
3535 2878 3663 2931 1111111

2086 2979 2186 3016 una
2218 2965 2495 3031 probatum
2529 2966 2706 3030 fuerit,
2729 2976 2960 3020 attamen
2985 2984 3047 3022 ex
3070 2969 3360 3022 abundanti
3391 2969 3519 3023 illud
3546 2985 3666 3023 rur-

2085 3069 2202 3108 som
2234 3056 2434 3124 adjicit.
2466 3057 2648 3126 Neque
2673 3059 2812 3112 enim
2872 3059 3273 3128 interrogationi
3317 3061 3478 3114 modo
3506 3061 3660 3113 satis-

2085 3147 2226 3211 fecit,
2260 3148 2350 3201 si-d
2375 3149 2533 3202 etiam
2569 3150 2776 3204 illorum
2805 3152 3134 3221 cogitationi.
3187 3151 3276 3206 Sic
3309 3151 3520 3220 quando
3563 3169 3666 3207 non

2084 3252 2149 3290 ex
2205 3248 2346 3290 tanta
2398 3241 2629 3303 malitia,
2687 3240 2779 3295 sed
2836 3257 2901 3294 ex
2954 3241 3247 3310 ignorantia
3301 3241 3667 3310 interrogant,

2085 3330 2313 3396 amplius
2362 3332 2515 3384 dot-et
2557 3332 2811 3399 :quando
2840 3341 3018 3385 autem
3066 3349 3129 3385 ex
3185 3333 3414 3399 nequitia
3463 3342 3668 3386 tantum

2087 3422 2428 3488 interrogatio
2474 3424 2862 3490 prolicisi-itiir,
2915 3439 3086 3492 neque
3141 3423 3539 3491 interrogationi
3580 3439 3669 3476 re-

2085 3513 2332 3580 Spondet.
2358 3514 2586 3566 liursuui
2617 3528 2792 3566 autem
2817 3530 2879 3567 ex
2905 3514 3085 3584 Moyse
3107 3515 3226 3567 illos
3251 3513 3510 3580 cunfutat,
3547 3517 3670 3583 quia

2086 3602 2182 3672 ipsi
2229 3603 2443 3674 Moysen
2473 3605 2848 3665 obtendebant.
2873 3615 2926 3658 et
2953 3607 3026 3658 ait
3049 3622 3062 3659 :
3087 3607 3173 3660 5|.
3207 3606 3282 3659 De
3307 3607 3672 3661 resurrectione

2087 3711 2201 3749 vero
2245 3707 2558 3749 mortuorum
2599 3712 2700 3748 non
2740 3696 2951 3764 legistis,
2991 3695 3081 3750 52.
3136 3696 3390 3761 Quoniam
3437 3713 3528 3768 ego
3558 3715 3670 3750 sum

2087 3788 2224 3841 Deus
2264 3789 2537 3850 Abraham,
2567 3799 2612 3840 et
2638 3785 2777 3840 Deus
2805 3785 2956 3840 Isaac
2980 3829 2995 3853 ,
3039 3797 3084 3839 et
3113 3785 3249 3839 Deus
3277 3785 3438 3840 Iacob
3473 3787 3669 3858 (Exod.

2086 3880 2138 3930 6.
2170 3879 2264 3944 5)?
2293 3877 2413 3930 Non
2441 3887 2514 3929 est
2542 3877 2679 3929 Deus
2700 3886 3029 3940 mortuorum,
3057 3877 3144 3929 sed
3171 3878 3415 3931 vivorum.
3445 3877 3558 3930 Non
3589 3893 3672 3932 est

2089 3967 2273 4035 inquit,
2311 3982 2413 4020 non
2453 3967 2848 4030 exsistentium,
2879 3976 2933 4018 et
2979 3981 3164 4018 eorum
3209 3966 3296 4034 qui
3349 3981 3565 4033 prorsus
3599 3984 3664 4021 ex

2089 4058 2264 4111 medio
2304 4057 2496 4112 sublati
2545 4068 2703 4123 sunt,
2738 4072 2837 4111 nec.
2876 4072 3123 4125 umquam
3156 4058 3526 4111 resurrecturi.
3553 4057 3668 4110 Non

2087 4151 2229 4203 enim
2256 4150 2406 4208 dixit,
2439 4149 2619 4214 Eram,
2648 4149 2764 4211 sed,
2798 4149 2950 4212 Sion,
2979 4150 3352 4203 exsistentium
3399 4166 3590 4217 nempe
3617 4161 3671 4202 et

2090 4241 2397 4293 viventium.
2431 4242 2582 4295 Sicut
2620 4241 2761 4294 enim
2795 4241 2992 4303 Adam,
3028 4241 3151 4294 licet
3200 4241 3400 4293 vireret
3443 4257 3545 4308 qua
3585 4242 3672 4295 die

2090 4334 2425 4388 iranducavit
2447 4333 2514 4388 de
2542 4335 2707 4404 ligno,
2740 4333 3006 4387 sententia
3037 4332 3238 4400 prolata
3273 4343 3516 4386 mortuus
3545 4343 3622 4386 est
3657 4352 3670 4387 :

2088 4444 2162 4479 μα
2191 4438 2243 4478 ut
2273 4426 2376 4486 isti,
2405 4425 2528 4479 licet
2555 4425 2749 4478 mortui
2780 4435 2979 4485 essi-nt,
3015 4440 3078 4477 ex
3113 4425 3466 4490 promissimie
3497 4441 3672 4478 resur-

2088 4517 2344 4570 rectionis
2387 4516 2655 4568 rivi-bant.
2701 4514 2979 4580 Quomodo
3019 4514 3176 4578 igitur
3206 4515 3279 4565 ait
3330 4514 3477 4577 alibi,
3517 4513 3582 4567 Ut
3626 4525 3672 4567 et

2090 4609 2297 4661 mortuis
2326 4619 2371 4660 et
2399 4607 2517 4658 vivis
2563 4606 2845 4658 dominetur
2891 4605 3062 4675 (Rom.
3109 4606 3195 4657 14.
3220 4604 3316 4672 9)?
3347 4604 3538 4657 Verum
3567 4623 3673 4658 non

2088 4711 2168 4755 est
2197 4701 2296 4752 lioc
2322 4699 2395 4752 illi
2423 4696 2772 4751 Contrarium.
2803 4695 2932 4747 Nam
2962 4694 3047 4746 1110
3070 4693 3137 4746 110
3166 4694 3388 4747 mortuis
3418 4693 3671 4764 loquitur,

2088 4795 2174 4860 qui
2209 4801 2391 4861 pes-tea
2439 4789 2626 4842 victuri
2658 4796 2802 4841 sunt.
2845 4786 3092 4855 Alioquin
3141 4797 3318 4839 autem
3367 4785 3514 4840 aliud
3563 4797 3670 4852 est,

2090 4885 2200 4954 Ego
2231 4882 2367 4937 Deus
2397 4882 2669 4943 Abraham,
2690 4888 2741 4932 et
2767 4877 2931 4943 aliud,
2951 4877 3018 4932 Ut
3046 4886 3354 4929 mortuorum
3377 4888 3424 4930 et
3448 4877 3672 4931 vivorum

2089 4977 2393 5029 dominetur.
2421 4973 2576 5027 Novit
2599 4981 2652 5025 et
2669 4971 2824 5024 aliam
2849 4979 3096 5034 mortem,
3119 4967 3186 5022 de
3207 4984 3307 5036 qua
3327 4967 3454 5026 dicit
3476 4987 3489 5023 :
3509 4969 3673 5024 Sinite

2089 5077 2312 5120 mortuos
2342 5064 2552 5134 sepelire
2578 5073 2799 5115 mortuos
2820 5076 2937 5114 suos
2955 5059 3105 5130 (Luc.
3134 5059 3188 5114 9.
3218 5059 3331 5129 60).
3354 5061 3442 5119 55.
3478 5058 3544 5113 Et
3571 5078 3673 5113 au-

2090 5161 2277 5212 dientes
2312 5157 2468 5209 turba:
2507 5155 2820 5208 mirabuntur
2858 5154 2921 5206 de
2954 5153 3182 5207 doctrina
3207 5154 3339 5223 ejus.
3371 5152 3554 5222 Neque
3584 5157 3670 5208 hic

2089 5249 2396 5312 Sadduciei;
2451 5249 2543 5302 sed
2573 5247 2696 5300 victi
2749 5255 3122 5300 recesserunt:
3174 5245 3461 5298 multitudo
3489 5255 3669 5301 autem

2093 5362 2196 5398 non
2249 5343 2454 5397 addicta
2514 5341 2750 5410 partibus
2794 5341 2916 5393 hinc
2970 5339 3246 5391 utilitatem
3291 5337 3481 5406 carpit.
3537 5337 3670 5404 Quia

2092 5437 2250 5505 igitur
2279 5433 2398 5487 talis
2425 5439 2507 5486 est
2529 5430 2873 5494 resurrectio,
2905 5444 3024 5498 age,
3055 5428 3183 5481 nihil
3213 5443 3322 5482 non
3348 5442 3589 5496 agamus,
3616 5441 3670 5484 ut

2092 5534 2300 5604 primas
2329 5529 2442 5584 illic
2463 5528 2787 5583 referamus.
2820 5524 2949 5580 Etsi
2977 5526 3174 5595 placet,
3201 5523 3554 5577 ostendamus
3579 5537 3676 5574 νος

2095 5625 2180 5680 bis
2207 5621 2473 5694 quosdam
2499 5619 2590 5690 qui
2622 5618 2784 5671 etiam
2819 5627 2942 5671 ante
2966 5615 3454 5678 resurrecﬁonem,
3487 5626 3676 5667 resus-
