4076 6142
395 267 490 329 861
1341 257 1405 314 lN
1441 254 1848 314 MATTHEUM
1887 254 1961 308 η(

2066 255 2112 308 [ι.
2155 256 2340 312 LXXI.
2381 257 2452 313 al.
2493 259 2702 315 LXXII.

396 384 826 452 Undensmergo
855 358 970 435 haec
1004 374 1303 448 colligitur?
1346 376 1421 430 Ex
1453 373 1703 445 lacrymis
1732 374 1975 427 innume-

392 491 486 539 ris,
515 490 579 529 ex
611 473 885 528 viduarum
918 469 1121 540 spoliis,
1151 462 1216 524 ex
1252 469 1421 537 raptis
1448 466 1765 537 pupillorum
1804 464 1973 520 facul-

390 565 591 620 tatibus
618 581 631 618 :
663 564 752 619 illa
783 579 909 618 vero
945 577 1011 619 ex
1043 561 1202 630 justis
1237 559 1503 615 laboribus
1532 566 1749 628 paratur
1776 575 1790 611 :
1822 557 1973 613 simi-

390 658 560 728 lisque
584 667 667 713 est
693 656 943 711 formose
979 654 1340 724 speciosaque
1382 650 1628 716 mulieri,
1667 665 1788 720 quae
1826 648 1974 704 nullo

386 750 654 802 exteriore
680 755 800 815 eget
825 753 1044 809 ornatu;
1084 742 1178 800 sed
1222 742 1520 799 naturalem
1549 739 1711 797 habet
1739 739 1972 811 pulchri—

384 836 663 903 tudinem;
705 836 796 891 illa
838 851 967 891 vero
1000 834 1268 890 meretrici
1296 832 1520 889 deformi
1549 840 1606 888 et
1633 832 1808 904 turpi,
1853 847 1974 902 qum

385 927 507 982 fuco
535 927 704 983 multo
732 927 919 993 utitur,
961 940 1133 996 neque
1176 932 1353 996 potest
1393 923 1788 980 deformitatem
1818 923 1971 980 obte-

383 1035 540 1089 gere,
571 1018 665 1076 sed
693 1034 799 1090 quo
825 1019 1040 1089 propius
1069 1016 1324 1073 accedere
1353 1024 1556 1081 tentat,
1587 1030 1654 1071 eo
1680 1015 1851 1086 magis
1880 1030 1968 1071 re-

384 1120 663 1176 mOvettrr;
705 1127 826 1166 nam
866 1119 1064 1181 quanto
1100 1110 1269 1180 magis
1302 1108 1507 1164 accedit
1530 1107 1597 1164 ad
1623 1116 1927 1162 consortem
1949 1146 1971 1172 ,

384 1212 533 1258 tanto
553 1204 721 1275 rnagis
746 1204 862 1273 ejus
880 1202 1195 1258 deformitas
1217 1202 1654 1272 deprehenditur.
1682 1200 1760 1257 Ne
1784 1216 1974 1256 ascen-

381 1293 572 1348 dentes
596 1294 846 1348 convivas
870 1294 1180 1362 aspexeris,
1226 1292 1323 1348 sed
1363 1292 1707 1359 recedentes,
1753 1300 1809 1347 et
1848 1301 1973 1347 tunc

382 1384 499 1454 ejus
528 1383 907 1454 turpitudinem
951 1383 1174 1440 videbis.
1208 1383 1304 1439 illa
1336 1398 1462 1438 vero
1487 1383 1586 1437 alia
1606 1423 1622 1450 ,
1652 1382 1816 1438 libera
1844 1397 1968 1437 cum

380 1485 480 1541 stt,
517 1476 649 1531 nihil
686 1477 814 1531 siuit
836 1484 1115 1532 consortes
1139 1476 1453 1532 obscmnum
1480 1475 1696 1540 dicere;
1729 1475 1843 1530 haec
1869 1490 1968 1529 au-

382 1577 488 1624 tem
517 1569 649 1624 nihil
677 1568 959 1624 honestum
977 1609 994 1636 ,
1027 1577 1216 1638 utpote
1245 1584 1364 1640 qua:
1389 1569 1642 1625 meretrix
1680 1577 1732 1623 ct
1758 1567 1970 1623 infamis

378 1659 470 1713 sit.
526 1658 652 1714 llaec
692 1660 958 1715 consortis
997 1661 1078 1714 sui
1121 1660 1399 1716 utilitatem
1447 1659 1670 1729 quatrit;
1715 1659 1802 1713 illa
1848 1674 1968 1730 per-

380 1749 575 1805 niciem
620 1750 755 1822 ejus.
806 1750 932 1806 Htrc
987 1767 1092 1806 non
1141 1752 1400 1821 permittit
1439 1750 1710 1807 offendere
1749 1751 1962 1817 Deum;

379 1838 495 1895 lucc
534 1856 638 1895 non
680 1842 806 1896 sinit
843 1858 951 1897 non
996 1841 1289 1897 offendere.
1322 1841 1592 1898 Adeamus
1614 1842 1777 1914 igitur
1805 1842 1962 1908 illos;

379 1931 504 1987 inde
522 1933 753 1988 sciemus
778 1942 904 2004 quot
926 1934 1095 1990 simus
1114 1934 1337 1990 vinculis
1356 1936 1662 2003 constricti;
1691 1936 1814 1992 inde
1837 1936 1966 1992 scie-

378 2039 499 2079 mus
526 2040 766 2081 mensam
790 2042 1059 2100 apponere
1085 2029 1233 2084 mille
1254 2029 1411 2085 bonis
1433 2029 1666 2100 plenam,
1688 2029 1965 2101 jucundis-

376 2116 595 2183 simam,
624 2117 821 2174 nullius
840 2118 1116 2188 impensae,
1141 2120 1515 2188 sollicitudine,
1545 2121 1765 2188 invidia,
1793 2121 1963 2176 livore

3562 266 3664 326 6Εέ

2079 386 2321 439 vacuam,
2350 374 2420 431 ab
2444 377 2586 430 omni
2619 375 2805 431 morbo
2836 375 3076 439 liberam,
3108 377 3246 434 bona
3270 396 3365 452 spe
3394 383 3660 453 refertam,

2079 463 2257 517 multis
2287 474 2529 520 ornatam
2561 468 2793 537 tropmis.
2833 467 2986 522 Nulla
3029 478 3112 524 est
3153 470 3223 526 ibi
3257 473 3419 527 animi
3450 485 3666 544 pertur-

2079 558 2251 623 batio,
2295 576 2401 615 non
2439 561 2652 619 tristitia
2672 564 2710 626 ⁸,
2753 577 2858 618 non
2898 563 2977 618 ira
3018 566 3241 620 :omnia
3268 568 3661 639 tranquillitas,

2076 657 2254 711 omnia
2280 672 2403 727 pax.
2432 656 2510 712 Ne
2538 657 2665 711 mihi
2693 658 2960 714 silentium
2986 660 3347 717 ministrorttm
3380 663 3431 717 in
3464 665 3663 720 mensis

2075 749 2297 804 divitum
2336 763 2632 815 memores,
2672 749 2767 804 sed
2807 751 3092 807 clamorem
3131 754 3471 816 convivarum
3506 772 3521 809 :
3556 770 3661 809 non

2075 839 2222 894 illum
2250 853 2358 909 quo
2382 850 2567 893 mutuo
2588 848 2827 905 utuntur,
2857 841 2979 896 licet
3001 852 3053 897 et
3073 842 3159 898 hic
3180 844 3435 902 ridiculus
3452 838 3661 911 sit,'sed

2077 930 2383 985 interiorem
2403 970 2419 997 ,
2451 931 2539 999 qui
2572 930 2624 984 in
2652 930 2833 985 animo
2853 975 2867 997 ,
2908 933 2996 1002 qui
3039 949 3280 1003 magnam
3310 936 3462 991 affert
3486 940 3658 1007 capti-

2076 1024 2323 1090 vitatem,
2362 1024 2743 1094 cogitationum
2781 1025 3095 1093 tumultum,
3129 1030 3443 1097 procellam,
3473 1031 3661 1101 caligi-

2074 1131 2219 1183 nem,
2253 1125 2641 1186 tempestatem,
2676 1117 2871 1188 quibus
2895 1118 3077 1174 omnia
3115 1120 3421 1178 minuuntur
3452 1133 3507 1179 et
3536 1141 3658 1194 per-

2074 1209 2383 1275 miscentur,
2429 1217 2484 1263 et
2520 1218 2797 1264 nocturna:
2834 1224 3024 1281 pugnae
3060 1210 3249 1268 similis
3275 1222 3375 1269 est.
3414 1214 3521 1272 Sed
3550 1231 3657 1273 non

2075 1299 2197 1355 talia
2227 1301 2279 1355 in
2312 1300 2668 1356 tabernaculis
2697 1300 3115 1370 monachorum;
3160 1303 3256 1359 sed
3299 1305 3462 1361 multa
3503 1314 3657 1362 tran-

2071 1393 2335 1464 quillitas,
2364 1393 2516 1464 quies
2546 1395 2732 1449 multa.
2764 1393 2833 1449 Et
2867 1394 3008 1451 illam
3042 1395 3256 1466 quidem
3287 1413 3526 1454 mensam
3565 1418 3658 1455 ex-

2070 1487 2202 1558 cipit
2216 1502 2437 1543 somnus
2460 1488 2618 1543 morti
2642 1488 2852 1553 similis,
2880 1488 3018 1544 hanc
3042 1504 3169 1544 vero
3188 1489 3486 1560 vigilantia;
3510 1491 3655 1546 illaut

2071 1581 2406 1652 supplicium,
2433 1581 2569 1637 hanc
2589 1596 2810 1650 regnum
2826 1581 3082 1637 caelorum
3103 1593 3159 1637 et
3178 1582 3496 1639 immortalia
3518 1600 3655 1654 pras-

2071 1672 2198 1728 mia.
2230 1672 2378 1727 Illam
2413 1672 2574 1742 igitur
2610 1675 2973 1742 insequamur,
3004 1683 3064 1729 ut
3090 1673 3348 1729 fructibus
3374 1674 3491 1744 ejus
3516 1675 3658 1729 frua-

2070 1781 2192 1819 mur
2219 1782 2234 1819 :
2265 1779 2398 1835 quos
2419 1765 2624 1821 utinam
2653 1780 2841 1821 omnes
2868 1780 3277 1837 consequamur,
3301 1769 3466 1836 gratia
3491 1778 3549 1822 et
3573 1769 3654 1822 be-

2070 1856 2327 1927 nignitate
2367 1855 2577 1911 Domini
2619 1858 2786 1911 nostri
2830 1857 2956 1912 Jesu
3004 1857 3231 1922 Christi,
3274 1860 3359 1913 cui
3399 1858 3563 1929 gloria
3598 1864 3647 1913 et

2069 1949 2348 2018 imperium
2382 1949 2434 2002 in
2461 1948 2655 2004 saecula
2681 1950 3017 2003 saeculorum.
3048 1949 3237 2004 Amen.

2188 2117 2210 2152 ι
2235 2118 2366 2170 Tres
2397 2134 2516 2171 mss.
2545 2124 2729 2174 habent
2753 2122 2966 2185 morbus,
2991 2136 3098 2186 pro,
3120 2123 3342 2177 tristitia.

671 2229 3408 2256 __________________________________________________________

1513 2296 1853 2358 HOMILIA
1886 2298 2120 2360 LXX].
2163 2296 2250 2358 al.
2296 2294 2556 2356 LXXII.

374 2411 505 2467 Car.
547 2412 638 2468 22.
678 2430 730 2468 v.
771 2416 860 2471 5-1.
914 2416 1160 2472 Pharisrei
1192 2430 1359 2473 atatem
1395 2421 1685 2486 audientes,
1714 2421 1848 2491 quod
1885 2423 1960 2476 si-

452 2505 661 2558 lentium
701 2507 1019 2577 imposuisset
1052 2509 1354 2565 Saddurwis
1373 2552 1387 2573 ,
1440 2513 1728 2583 congregati
1755 2522 1873 2568 sunt
1901 2514 1953 2568 in

447 2614 633 2665 unum,
659 2600 747 2655 35.
770 2609 819 2653 et
847 2601 1169 2673 interregarit
1195 2620 1325 2657 unus
1351 2621 1412 2658 ex
1450 2605 1578 2673 ipsis
1595 2604 1923 2675 jurispcritus
1944 2648 1958 2671 ,

449 2698 648 2745 tentans
673 2707 807 2759 eum,
839 2703 887 2746 et
932 2694 1100 2748 dicens
1124 2710 1143 2749 :
1172 2695 1432 2767 Magister,
1479 2697 1612 2764 quod
1636 2707 1709 2752 est
1735 2696 1964 2750 manda-

450 2792 553 2836 tum
580 2801 819 2853 magnum
853 2785 904 2838 in
927 2786 1035 2855 lege
1056 2786 1082 2839 ?

456 2873 507 2925 1.
567 2873 771 2928 Rursus
818 2890 1033 2929 causam
1082 2876 1231 2946 ponit
1283 2878 1604 2948 evangelista
1630 2922 1644 2940 ,
1678 2894 1774 2933 cur
1802 2880 1961 2935 silere

379 2973 673 3031 oporteret,
701 2965 909 3019 illorum
939 2982 1152 3037 quoque
1180 2967 1453 3023 audaciam
1484 2970 1715 3025 indidetn
1744 2972 1961 3042 signifi—

381 3063 491 3108 cat.
520 3054 636 3122 Quo
679 3058 875 3126 pacto?
900 3058 1031 3126 Quia
1059 3074 1179 3114 cum
1212 3060 1314 3114 illis
1338 3061 1604 3116 silentium
1654 3062 1958 3131 impositum

383 3146 587 3213 fuisset,
606 3147 656 3202 hi
685 3165 867 3204 rursus
887 3151 1283 3220 aggrediuntur.
1309 3151 1440 3206 Cum
1469 3153 1793 3221 oportuisset
1815 3154 1957 3208 enim

384 3239 508 3295 inde
524 3242 818 3310 quiescere,
836 3243 909 3299 illi
942 3259 1128 3298 rursus
1156 3253 1487 3309 concertant,
1512 3254 1566 3300 et
1597 3245 1957 3315 legisperitum

383 3342 659 3402 opponunt
692 3352 705 3387 :
734 3351 838 3388 non
880 3336 1018 3405 quod
1061 3336 1271 3391 discere
1291 3377 1306 3401 ,
1339 3335 1435 3391 sed
1460 3336 1600 3406 quod
1630 3345 1834 3392 tentare
1863 3352 1959 3391 cu-

381 3434 604 3494 perent;
651 3433 705 3480 et
756 3426 1129 3496 interrogant:
1158 3427 1310 3493 Quod
1362 3435 1446 3481 est
1494 3426 1798 3482 mandatum
1849 3429 1960 3497 pri-

380 3517 569 3570 mum?
598 3518 730 3586 Quia
767 3519 910 3573 cnim
944 3519 1175 3590 primunt
1208 3518 1333 3574 illud
1360 3529 1475 3574 erat
1505 3538 1517 3572 :
1543 3517 1736 3591 Diliges
1777 3518 1957 3573 Domi-

381 3623 503 3660 num
523 3606 688 3662 Deum
716 3619 875 3676 tuum,
903 3618 1180 3681 sperantes
1207 3609 1351 3664 illum
1376 3626 1560 3665 ansam
1594 3611 1954 3681 praebiturum,

378 3698 692 3768 corrigendo
719 3701 922 3755 scilicet
963 3700 1157 3771 ipsum,
1212 3709 1271 3755 ut
1315 3716 1375 3756 se
1405 3716 1615 3772 quoque
1644 3702 1809 3757 Deum
1840 3718 1959 3757 esse

377 3791 705 3857 ostenderet,
739 3791 816 3848 sic
863 3792 1207 3865 interrogant.
1235 3794 1369 3860 Quid
1410 3810 1536 3866 ergo
1562 3793 1845 3849 Christus?
1891 3793 1961 3850 Ut

382 3881 647 3947 ostendat,
678 3899 779 3952 qua
808 3883 876 3938 de
903 3900 1063 3939 causa
1091 3885 1355 3950 venerint,
1384 3884 1524 3954 quod
1556 3885 1752 3940 nullam
1800 3884 1963 3941 hahe-

380 3981 497 4025 rent
517 3973 812 4037 caritatem,
840 3974 981 4044 quod
1013 3974 1208 4029 invidia
1242 3974 1589 4041 tabescerent,
1624 3974 1765 4046 quod
1793 3976 1961 4031 livore

379 4073 720 4130 caperentur,
752 4064 825 4118 ait
858 4065 985 4120 :57.
1033 4063 1227 4135 Diliges
1253 4062 1526 4118 Dominum
1555 4064 1716 4119 Deum
1768 4074 1909 4118 tuum
1940 4080 1959 4117 :

377 4154 468 4210 58.
496 4155 590 4208 hoc
618 4157 833 4226 primum
860 4168 909 4212 et
941 4174 1179 4229 magnum
1204 4168 1276 4211 est
1301 4156 1616 4211 mandatum.
1643 4157 1730 4212 59.
1766 4157 1960 4212 Secun-

376 4247 498 4301 dum
525 4258 691 4301 autem
735 4248 900 4303 simile
925 4249 1041 4303 huic
1076 4265 1093 4301 :
1119 4247 1314 4320 Diliges
1342 4250 1624 4320 proximum
1650 4262 1791 4304 tuum
1831 4251 1958 4305 sicut

377 4338 609 4407 teipsum.
634 4339 762 4404 Cur,
786 4338 967 4394 Simile
996 4339 1149 4394 huic?
1179 4340 1309 4406 Quia
1334 4340 1433 4395 hoc
1461 4340 1526 4394 ad
1555 4341 1679 4396 illud
1710 4342 1845 4395 viam
1868 4357 1959 4410 pa-

376 4437 474 4491 rat,
503 4437 556 4483 et
588 4427 655 4482 ab
684 4427 775 4481 illo
820 4443 1006 4483 rursus
1032 4430 1282 4484 munitur.
1315 4430 1445 4484 Nam
1490 4430 1800 4501 Quicumque
1826 4433 1957 4485 male

374 4517 498 4587 agit,
523 4517 626 4570 odit
652 4517 834 4584 lucem,
869 4527 915 4571 et
953 4534 1051 4571 non
1074 4520 1202 4572 venit
1228 4519 1296 4573 ad
1327 4520 1487 4575 lucem
1519 4520 1699 4589 (Joan.
1729 4522 1782 4576 5.
1822 4523 1952 4590 ‘20);

372 4618 430 4662 et
456 4624 640 4663 rursus
669 4627 682 4662 :
716 4607 859 4663 Dixit
887 4609 1128 4680 insipiens
1152 4611 1203 4664 in
1225 4611 1377 4665 corde
1399 4626 1528 4665 suo:
1559 4611 1677 4665 Non
1703 4623 1774 4665 est
1815 4610 1954 4666 Deus

377 4701 547 4772 (Psnl.
578 4702 668 4757 5‘2.
699 4702 774 4771 1).
830 4702 896 4756 Et
921 4703 1048 4771 quid
1079 4703 1240 4758 inde?
1270 4704 1506 4771 Corrupti
1533 4719 1647 4758 sunt
1674 4714 1721 4758 et
1758 4706 1952 4757 abomi-

374 4793 563 4846 nabiles
594 4793 715 4862 facti
753 4785 869 4845 sunt
897 4793 947 4846 in
975 4793 1154 4847 studiis
1181 4795 1283 4849 suis
1322 4792 1492 4865 (Psal.
1518 4796 1604 4847 15.
1632 4794 1715 4864 9.).
1750 4795 1815 4849 Et
1853 4798 1958 4850 itc-

378 4898 493 4936 rutn
524 4901 537 4935 :
566 4881 740 4935 Radix
763 4898 990 4935 omnium
1018 4883 1277 4937 malorum
1303 4882 1600 4938 esteem-ilia
1626 4924 1639 4946 ,
1669 4901 1818 4953 quant
1840 4885 1954 4955 qui-

374 4977 493 5027 dum
544 4984 833 5043 appetentes
863 4985 1149 5027 errat-erunt
1181 4991 1211 5026 α
1238 4974 1338 5040 ﬁde
1364 4975 1440 5045 (1.
1468 4966 1600 5028 Tim.
1626 4976 1678 5030 6.
1710 4975 1797 5044 10)
1830 4993 1843 5037 ;
1879 4987 1952 5040 et,

374 5066 473 5130 Qui
500 5065 662 5134 diligit
693 5083 789 5129 nte,
814 5065 1051 5118 mandata
1084 5081 1190 5117 mea
1215 5065 1427 5118 servabit
1453 5066 1470 5135 (
1485 5063 1640 5120 Joan.
1692 5067 1778 5120 H.
1829 5067 1894 5121 15
1911 5077 1949 5135 ).

372 5162 608 5223 Quorum
636 5158 871 5209 omnium
914 5166 1073 5224 caput
1099 5165 1183 5209 est
1210 5173 1222 5208 :
1255 5156 1446 5228 Diliges
1471 5155 1745 5211 Dominum
1794 5157 1953 5211 Deum

372 5258 539 5308 tuum,
570 5257 614 5300 et
665 5249 950 5317 proximum
985 5257 1126 5299 tuum
1153 5246 1282 5300 sicut
1337 5249 1567 5317 teipsmn.
1600 5247 1653 5302 Si
1683 5264 1809 5316 ergo
1836 5249 1953 5302 dili-

374 5355 501 5409 pere
524 5338 708 5401 Deum,
736 5336 957 5406 dtligerc
989 5338 1288 5407 proximum
1316 5349 1399 5392 est
1440 5339 1583 5407 (nam
1610 5340 1714 5394 ait:
1750 5341 1954 5395 Sidilie

371 5432 447 5502 gis
474 5447 568 5493 nte,
600 5428 766 5494 l’etre,
795 5448 941 5500 pasce
962 5446 1074 5484 oves
1096 5447 1230 5484 meas
1248 5429 1424 5503 [Joan.
1452 5433 1542 5487 21.
1569 5430 1705 5506 16]),
1732 5433 1952 5504 diligere

369 5533 549 5581 autem
574 5523 869 5590 proximum
901 5521 1018 5574 facit
1046 5530 1102 5574 ut
1126 5521 1369 5575 mandata
1397 5523 1679 5590 custodias,
1695 5526 1814 5594 jure
1839 5525 1911 5578 ait
1935 5542 1947 5577 :

368 5614 462 5667 liii.
486 5610 552 5664 In
577 5613 654 5667 his
677 5621 779 5665 tom
805 5612 886 5664 lea:
911 5611 1087 5676 pendet
1110 5618 1157 5662 rt
1178 5610 1453 5685 propheta.
1481 5611 1604 5668 Ideo
1630 5615 1768 5685 quod
1796 5626 1951 5671 antea

378 5703 524 5759 fecit.
592 5704 639 5756 id
695 5712 747 5758 ct
792 5713 930 5752 nunc
961 5698 1101 5750 facit.
1137 5700 1340 5754 Etenim
1383 5701 1453 5756 ii.i
1498 5705 1846 5776 interrogatus
1886 5707 1950 5764 de

703 5800 978 5861 PATROL.
1030 5802 1142 5860 (in.
1198 5800 1416 5862 LVJll.

2068 2408 2226 2463 modo
2244 2407 2682 2472 resurrectionis,
2706 2408 2880 2476 ipsam
2904 2406 3357 2461 resurrectionem
3383 2405 3639 2473 asseruit,

2068 2500 2219 2574 plura
2241 2500 2444 2553 docens
2469 2514 2632 2569 quam
2655 2497 2832 2553 fuerat
2862 2498 3266 2568 interrogatus:
3291 2505 3342 2552 et
3367 2496 3453 2551 hic
3472 2496 3637 2552 etiam

2065 2605 2131 2655 de
2160 2600 2332 2670 primo
2360 2599 2737 2670 interrogatus,
2774 2597 3066 2653 secundum
3098 2598 3308 2661 recitat,
3346 2599 3516 2667 primo
3542 2615 3646 2652 non

2066 2690 2288 2746 multum
2336 2689 2552 2745 inferius
2602 2688 2914 2760 (secundum
2957 2687 3101 2743 enim
3144 2698 3250 2754 est,
3278 2698 3335 2743 et
3362 2690 3531 2758 primo
3577 2690 3651 2744 si-

2066 2782 2244 2851 mile),
2268 2779 2620 2836 snbindicans
2645 2780 2796 2850 ipsis,
2826 2778 2967 2833 unde
2996 2780 3344 2850 interrogatio
3371 2780 3503 2834 facta
3533 2782 3601 2834 sit
3628 2822 3645 2846 ,

2067 2888 2263 2943 nempe
2304 2889 2368 2929 ex
2415 2871 2718 2927 inimicitia.
2774 2870 2976 2925 Caritas
3027 2873 3169 2926 enim
3229 2889 3331 2926 non
3378 2872 3648 2927 a'ntulatur

2070 2967 2146 3037 (l.
2179 2964 2297 3019 Cor.
2326 2964 2414 3019 15.
2447 2964 2527 3030 4).
2555 2963 2689 3017 llinc
2727 2975 2786 3016 se
2816 2962 3047 3016 ostendit
3072 2972 3126 3016 et
3152 2960 3263 3030 legi
3285 2974 3336 3017 et
3371 2963 3646 3033 prophetis

2063 3056 2305 3126 obsequi.
2336 3054 2442 3110 Sed
2468 3068 2564 3108 cur
2591 3052 2868 3109 Mattbams
2897 3053 2990 3118 ait,
3022 3053 3191 3122 ipsum
3225 3055 3459 3109 tentandi
3487 3070 3645 3109 causa

2067 3147 2444 3216 interrogasse,
2456 3144 2663 3199 Marcus
2676 3160 2801 3198 vero
2816 3152 2998 3198 contra
3015 3144 3039 3197 ?
3069 3142 3271 3205 Videas,
3292 3144 3479 3214 inquit.
3496 3143 3647 3199 Jesns

2063 3239 2182 3309 quia
2208 3238 2461 3304 sapienter
2488 3235 2845 3307 respondisset,
2876 3235 2996 3288 dicit
3034 3234 3150 3299 illi,
3185 3234 3305 3289 Non
3331 3237 3478 3306 longe
3522 3252 3573 3289 es
3615 3253 3646 3287 n

2064 3347 2217 3404 regno
2237 3328 2636 3403 Dei(Marc.12.
2656 3326 2767 3400 51).
2787 3326 2969 3397 Neque
2990 3338 3166 3382 tamen
3194 3328 3531 3389 dissentiunt.
3551 3331 3644 3383 sed

2064 3426 2346 3481 admodum
2378 3439 2615 3480 consona
2640 3423 2844 3478 dicunt.
2864 3423 3221 3494 Interrogavit
3247 3423 3390 3477 enim
3437 3433 3647 3477 tentaus

2064 3531 2093 3569 a
2124 3517 2415 3587 principio;
2442 3531 2471 3568 a
2501 3514 2849 3585 responsione
2898 3524 3073 3569 autem
3100 3513 3295 3584 aliquid
3336 3524 3521 3568 nactus
3546 3515 3645 3567 uti—

2064 3607 2247 3672 litatis,
2276 3606 2519 3661 laudatus
2537 3617 2638 3660 est.
2658 3604 2841 3674 Neque
2859 3607 3000 3660 enim
3034 3605 3186 3659 initio
3207 3604 3377 3674 ipsum
3394 3605 3641 3660 Christus

2065 3697 2298 3752 laudavit
2330 3713 2341 3749 :
2370 3695 2464 3751 sed
2505 3694 2717 3764 quando
2767 3695 2897 3748 dixit
2924 3710 3106 3749 amare
3136 3696 3439 3764 proximum
3474 3694 3646 3763 majus

2064 3803 2186 3842 esse
2208 3801 2366 3857 quam
2398 3785 2703 3839 holocausta
2735 3784 2948 3850 offerre,
2984 3796 3109 3839 tunc
3137 3785 3269 3838 dixit
3296 3803 3306 3836 :
3340 3783 3459 3837 Non
3498 3785 3645 3855 longe

2064 3897 2116 3933 es
2140 3897 2171 3932 a
2197 3895 2350 3950 regno
2380 3876 2513 3931 Dei:
2540 3877 2760 3931 humilia
2789 3878 2930 3931 enim
2963 3888 3015 3931 ct
3043 3876 3245 3945 objecta
3286 3875 3591 3946 despiciens
3617 3918 3632 3939 ,

2064 3971 2379 4041 principium
2409 3970 2618 4024 virtutis
2664 3968 2893 4039 attingit.
2927 3969 3138 4024 Etenim
3193 3969 3281 4021 illa
3312 3967 3489 4023 omnia
3514 3983 3641 4037 pro.

2065 4073 2182 4134 pter
2207 4062 2310 4116 hoc
2336 4072 2510 4125 erant,
2534 4058 2753 4115 sabbata
2781 4074 2972 4128 nempe
2997 4067 3051 4112 et
3080 4058 3303 4128 reliqua.
3334 4057 3525 4112 Verum
3552 4074 3643 4111 uc-

2063 4169 2166 4226 que
2191 4153 2271 4209 sic
2296 4153 2371 4207 illi
2401 4150 2691 4223 perfectam
2718 4150 2925 4204 laudem
2957 4149 3141 4203 tribuit
3165 4189 3178 4211 ,
3206 4149 3299 4204 sed
3326 4148 3411 4203 cui
3440 4147 3637 4219 aliquid

2062 4248 2219 4303 desit.
2247 4245 2381 4301 Nam
2405 4261 2525 4300 cum
2551 4244 2767 4311 dicitur,
2799 4241 2919 4297 Non
2952 4245 3101 4313 longe
3125 4257 3197 4307 es,
3223 4240 3526 4296 declaratur
3542 4241 3639 4295 ali-

2060 4341 2187 4413 quid
2216 4342 2391 4398 adhuc
2442 4341 2714 4397 interstitii
2765 4354 2903 4404 esse,
2937 4350 2992 4394 ut
3018 4339 3159 4410 quod
3211 4339 3637 4409 tlcficitqumrat.
3674 4336 3675 4339 “

2061 4435 2212 4502 Quod
2236 4436 2279 4489 si
2314 4435 2460 4489 illum
2488 4434 2669 4490 laudet
2701 4432 2842 4503 quod
2869 4432 3081 4496 dixerit,
3118 4431 3260 4486 Unus
3287 4443 3358 4486 est
3389 4430 3557 4494 Deus,
3588 4442 3639 4484 et.

2062 4536 2242 4596 printer
2271 4543 2382 4580 eum
2423 4541 2522 4579 non
2570 4535 2643 4579 est
2690 4524 2820 4577 alius
2848 4521 3023 4593 (Ibid.
3051 4537 3098 4574 υ.
3128 4521 3196 4576 52
3222 4524 3260 4589 ),
3280 4537 3349 4576 ne
3376 4520 3583 4574 mireris
3613 4536 3628 4583 ;

2058 4618 2153 4683 sed
2179 4619 2338 4673 etiam
2371 4617 2493 4672 inde
2520 4616 2689 4682 disce,
2721 4616 2990 4686 quomodo
3015 4613 3305 4668 secundum
3333 4613 3637 4682 opinionem

2058 4708 2422 4765 accedentium
2454 4705 2792 4776 reSpondcat.
2828 4705 2937 4758 Etsi
2971 4705 3113 4758 enim
3140 4703 3300 4758 millia
3331 4702 3398 4757 de
3424 4703 3637 4758 Christo

2056 4800 2237 4855 dicant
2261 4799 2431 4869 gloria
2463 4798 2604 4852 illius
2635 4796 2872 4866 indigna,
2912 4796 2961 4850 id
2990 4805 3165 4850 tamen
3191 4795 3370 4850 dicere
3396 4809 3500 4850 non
3535 4811 3632 4850 au-

2059 4889 2295 4954 debunt,
2348 4889 2519 4958 ipsum
2563 4887 2783 4941 omnino
2834 4902 2937 4940 non
2993 4899 3111 4939 esse
3157 4884 3343 4939 Deum.
3373 4885 3481 4940 Cur
3507 4901 3634 4954 ergo

2061 4983 2233 5049 ipsum
2285 4982 2464 5036 laudat
2506 4979 2650 5049 quod
2682 4978 2825 5034 dicat
2855 4986 3051 5049 praeter
3102 4977 3310 5032 Patrem
3360 4993 3464 5031 nou
3516 4995 3638 5034 esse

2056 5075 2217 5127 alium
2246 5074 2456 5129 Deum?
2489 5073 2602 5126 Non
2631 5072 2771 5141 quod
2796 5074 3029 5139 seipstun
3072 5086 3177 5125 non
3208 5086 3328 5125 esse
3358 5071 3524 5125 Deum
3558 5058 3637 5124 fa-

2058 5176 2232 5220 tentur
2256 5184 2267 5217 :
2293 5166 2460 5229 absit;
2488 5164 2580 5218 sed
2608 5167 2727 5233 quia
2765 5164 3000 5218 nondum
3058 5173 3268 5232 tempus
3312 5171 3427 5217 erat
3469 5176 3621 5218 rere-

2060 5256 2201 5311 laudi
2258 5256 2588 5311 divinitatem
2621 5271 2769 5309 suam
2791 5298 2806 5319 ,
2836 5255 2963 5308 sinit
3002 5270 3122 5308 eum
3155 5254 3207 5308 in
3237 5267 3336 5308 suo
3386 5254 3636 5324 dogmate

2058 5348 2363 5417 persistere,
2405 5357 2459 5400 et
2491 5345 2670 5400 laudat
2692 5362 2810 5398 eum
2853 5343 2991 5413 quod
3021 5356 3200 5398 vetera
3238 5344 3402 5412 probe
3430 5357 3627 5413 cognov

2054 5449 2190 5501 scan,
2222 5448 2277 5492 ut
2308 5438 2455 5490 illum
2483 5436 2669 5491 reddat
2708 5437 2954 5490 idoneum
2985 5433 3050 5488 ad
3083 5448 3235 5488 nova:
3262 5432 3395 5504 legis
3438 5432 3634 5488 doctri-

2057 5542 2180 5582 nam
2208 5526 2597 5596 suscipicndam
2625 5566 2639 5588 ,
2667 5538 2763 5579 suo
2813 5533 3051 5592 tempore
3080 5522 3450 5579 inducendam.
3484 5523 3603 5581 Alio
3621 5557 3633 5565 -

2055 5617 2182 5689 qttin
2208 5633 2336 5672 vero
2364 5617 2493 5674 illud
2524 5657 2539 5679 ,
2575 5616 2720 5671 Unus
2749 5625 2821 5670 est
2870 5615 3039 5682 Dens,
3070 5628 3116 5671 et
3151 5621 3476 5687 praetereunt
3528 5632 3630 5673 non

2063 5723 2136 5765 est
2161 5707 2317 5773 alius,
2349 5709 2477 5763 etin
2513 5705 2722 5772 Veteri,
2754 5717 2802 5761 et
2838 5707 3052 5777 ultique,
3101 5721 3207 5762 non
3236 5707 3303 5760 ad
3331 5705 3628 5775 negandum

3258 5806 3330 5868 13
