4076 6142
383 270 490 337 €65

384 383 665 453 πρώτουςς
700 401 762 436 ου
805 390 914 452 γάρ
952 383 1111 453 ἀρκεῖ
1158 381 1294 452 πρὸς
1324 382 1530 444 πάντας
1570 376 1651 444 εἷς
1698 379 1792 443 καὶ
1824 380 1853 433 6
1890 380 2049 442 αὐτὸς

382 467 562 534 λόγος.
589 464 850 519 Βούλεσθε
874 458 1097 518 οὗν⁹³οθδ
1124 466 1257 536 πρὸς
1282 465 1407 528 τοὺς
1425 465 1516 517 ἐπὶ
1544 465 1878 536 ἐλεημοσύνη
1894 480 2048 517 κενο-

383 548 702 613 δοξοῦνταςς
736 548 961 617 Ἔμοιγε
1003 547 1177 600 δοκεῖ·
1221 548 1314 600 καὶ
1343 549 1452 618 γὰρ
1484 548 1688 620 σφόδρα
1730 547 1792 602 τὸ
1817 549 2049 619 πρᾶγμα

382 631 542 684 τοῦτο
577 629 735 698 φιλῶ,
769 629 861 682 καὶ
890 628 1041 698 ἀλγῶ
1067 629 1461 700 λυμαινόμενον
1494 631 1656 701 ὀρῶν,
1681 632 1773 686 καὶ
1798 630 2049 700 καθάπερ

382 713 492 765 τινὶ
521 711 770 782 βασιλικῇ
799 712 938 783 κόρῃ
954 712 1154 783 τροφὸν
1178 712 1502 782 προαγωγὸν
1525 714 1570 747 ’⁸
1598 714 2047 767 ἐπιϐουλεύουσαν

381 795 483 865 τὴν
511 793 833 858 κενοδοξίαν.
863 795 905 847 Τ
913 794 1064 864 ρέφει
1104 795 1202 865 μὲν
1226 795 1337 865 γὰρ
1381 795 1568 866 αὐτὴν,
1600 797 1686 850 ἐπ’
1720 795 1948 869 αἰσχύνῃ
1991 796 2048 849 66

384 880 477 932 καὶ
496 878 687 950 ζημίᾳ,
732 877 1204 948 μαστροπεύουσα,
1240 877 1450 932 καὶτοῦ
1489 879 1588 949 μὲν
1617 880 1823 950 πατρὸς
1861 877 2049 933 κελεύ-

381 976 519 1015 ουσα
551 964 932 1032 καταφρονεῖν,
973 960 1412 1022 καλλωπίζεσθαι
1450 961 1508 1014 δέ
1541 963 1675 1033 πρὸς
1708 962 1916 1033 μιαρῶν
1953 963 2048 1016 καὶ

382 1043 777 1097 καταπτύστων
797 1041 1056 1105 πολλάκις
1078 1042 1291 1112 ἀνδρῶν
1330 1043 1621 1111 ἀρέσκειαν
1640 1062 1655 1076 ·
1688 1046 1782 1097 καὶ
1808 1044 2046 1098 τοιοῦτον

382 1128 518 1199 αὐτῇ
554 1126 865 1197 περιτίθησι
895 1127 1119 1194 κόσμον,
1145 1122 1257 1179 οἷον
1280 1128 1328 1180 οί
1356 1127 1460 1193 ἔξω
1486 1126 1782 1198 βούλονται,
1822 1127 2046 1198 αἰσχρὸν

381 1210 477 1263 καί
507 1211 721 1279 ἄτιμον,
743 1210 841 1279 οὐχ
887 1204 998 1262 οἷον
1027 1210 1057 1261 6
1097 1210 1298 1279 πατήρ.
1326 1210 1461 1279 Φέρε
1506 1209 1570 1281 δὴ
1607 1206 1699 1263 οὖν
1748 1211 1881 1280 πρὸς
1917 1210 2043 1262 1013-

378 1309 504 1356 τους
524 1292 572 1325 ⁸⁸
595 1291 1025 1361 ἀποτεινώμεθα,
1044 1291 1138 1346 καὶ
1167 1290 1305 1344 ἐστω
1331 1307 1417 1353 τις
1436 1290 1770 1362 ἐλεημοσύνη
1788 1286 2043 1364 γινομένη

382 1376 523 1446 μετὰ
547 1375 824 1445 δαψιλείας
863 1374 997 1444 πρὸς
1024 1373 1120 1445 τὴν
1151 1373 1259 1427 τῶν
1289 1373 1498 1426 πολλῶν
1530 1373 1806 1441 ἐπίδειξιν.
1836 1375 2044 1428 Οὐκοῦν

380 1458 598 1530 πρῶτον
641 1459 688 1492 ⁸⁷
737 1458 907 1529 αὐτὴν
940 1457 1122 1525 ἐξάγει
1170 1456 1266 1510 τοῦ
1316 1456 1561 1527 θαλάμου
1611 1455 1708 1510 τοῦ
1750 1458 2039 1528 πατρικοῦ.

378 1542 489 1597 Καὶ
520 1544 549 1595 ὀ
576 1543 673 1612 μέν
698 1542 878 1613 πατὴρ
904 1540 1023 1594 οὐδὲ
1047 1542 1114 1612 τῇ
1138 1541 1401 1611 ἀριστερᾷ
1424 1539 1708 1609 φαίνεσθαι
1731 1540 1942 1593 κελεύει
1961 1541 2006 1573 ’⁸
2025 1556 2040 1570 ·

380 1621 520 1694 αῦτη
550 1625 607 1678 δέ
634 1623 803 1695 αὐτὴν
825 1626 938 1685 τοῖς
967 1622 1173 1686 δούλοις
1210 1622 1541 1676 ἐπιδείκνυσι
1564 1623 1660 1677 καὶ
1685 1626 1797 1681 τοῖς
1823 1623 2043 1694 τυχοῦσι

378 1709 475 1761 καὶ
497 1707 617 1762 οὐδέ
644 1706 839 1761 είδόσιν
866 1707 1056 1777 αὐτήν.
1088 1702 1242 1769 Εἶδες
1272 1705 1478 1776 πόρνην
1506 1706 1597 1758 καὶ
1624 1706 1937 1778 μαστροπὸν
1964 1709 2044 1772 είς

379 1792 559 1863 ἔρωτα
591 1789 758 1861 αὐτὴν
784 1787 1155 1860 ἐμϐάλλουσαν
1179 1788 1395 1843 ἀτόπων
1421 1787 1740 1858 ἀνθρώπων,
1764 1788 1850 1842 ἴνα
1874 1789 1950 1853 ὡς
1979 1792 2045 1844 ἂν

379 1876 575 1928 ἐκεῖνοι
607 1870 923 1931 κελεύωσιν,
953 1870 1126 1935 οὕτως
1148 1870 1286 1943 αῦτη
1323 1871 1650 1944 ρυθμίζηται
1671 1888 1686 1933 ;
1709 1871 1895 1926 Βούλει
1918 1873 2044 1926 ἰδεῖν

378 1955 498 2020 πῶς
529 1956 587 2008 οὐ
613 1946 816 2026 πόρνην
842 1954 1022 2024 μόνον,
1041 1954 1177 2007 ἀλλά
1201 1957 1295 2008 καὶ
1318 1956 1550 2027 μανικὴν
1579 1959 1721 2009 ποιεῖ
1745 1956 1843 2029 τὴν
1865 1958 2047 2011 1010115-

377 2056 478 2109 την
522 2037 733 2108 ψυχήνς
778 2037 986 2091 Οὐκοῦν
1027 2036 1411 2107 καταμάνθανε
1460 2038 1629 2108 αὐτῆς
1670 2039 1768 2109 τὴν
1797 2038 2022 2110 γνώμην

381 2122 552 2174 Ὅταν
571 2119 678 2189 γάρ
704 2119 796 2173 τὸν
812 2118 1037 2190 οὐρανὸν
1057 2120 1256 2186 ἀφεῖσα
1280 2119 1447 2191 τρέχῃ
1461 2120 1634 2173 ὀπίσω
1654 2122 1931 2192 δραπετῶν
1953 2123 2045 2176 καὶ

379 2203 718 2274 οἰκοτρίϐων,
742 2201 881 2255 κατά
897 2200 965 2255 τά
978 2200 1193 2271 ἄμφοδα
1211 2200 1444 2264 καὶτοὺς
1458 2203 1761 2266 στενωποὺς
1779 2201 2044 2257 διώκουσα

379 2287 507 2349 τοὺς
563 2282 852 2356 μισοῦντας
907 2282 1097 2353 αὐτὴν,
1155 2284 1280 2346 τοὺς
1320 2283 1577 2354 αἰσχροὺς
1609 2286 1721 2338 ’καὶ
1762 2286 2042 2354 δυσειδεῖς,

379 2368 505 2430 τοὺς
526 2366 571 2398 ’³
600 2365 720 2418 οὐδὲ
744 2364 872 2420 ἰδεῖν
905 2363 1075 2433 αὐτὴν
1103 2362 1480 2435 βουλομένους,
1505 2366 1649 2432 τούς,
1679 2366 1862 2438 ἐπειδὴ
1896 2384 2046 2437 περι-

380 2449 596 2505 καίεται
628 2447 826 2511 αὐτῶν,
868 2446 1158 2517 μισοῦντας
1204 2447 1393 2518 αὐτὴν,
1427 2449 1480 2502 τί
1511 2449 1710 2518 γένοιτ’
1743 2450 1811 2504 ἂν
1855 2449 2043 2504 τούτου

384 2530 789 2604 μανικώτερον;
820 2529 1022 2584 Οὐδένα
1055 2529 1163 2600 γὰρ
1184 2528 1328 2583 οὕτω
1364 2531 1610 2599 μισοῦσιν
1646 2532 1695 2585 οἱ
1735 2533 1940 2600 πολλοὶ,
1970 2535 2046 2598 ὡς

379 2615 506 2678 τούς
549 2614 836 2685 δεομένους
870 2613 969 2684 τῆς
1017 2614 1150 2684 παρ’
1192 2613 1371 2666 αὐτῶν
1413 2613 1588 2684 δόξης.
1642 2616 1857 2687 Μυρίας
1913 2619 2044 2686 γοῦν

379 2698 717 2769 κατηγορίας
754 2697 873 2751 κατ’
917 2695 1098 2751 αὐτῶν
1142 2696 1422 2759 πλέκουσι,
1450 2699 1545 2751 καὶ
1587 2700 1782 2755 ταύτὸν
1811 2701 2041 2770 γίνεται,

380 2778 492 2838 οἷον
520 2781 586 2837 ἂν
606 2781 659 2835 εί
678 2798 762 2844 τις
786 2781 1056 2852 παρθένον
1076 2780 1171 2835 καὶ
1201 2779 1475 2853 θυγατέρα
1502 2781 1799 2852 βασιλέως,¹
1820 2787 1929 2840 ἀπὸ
1949 2788 2043 2842 τοῦ

383 2866 572 2940 θρόνου
604 2861 948 2932 κατενεγκὼν
972 2862 1065 2916 τοῦ
1095 2863 1397 2934 βασιλικοῦ,
1428 2864 1640 2920 κελεύοι
1670 2867 1691 2898 ⁸
1716 2871 2046 2940 μονομάχοις

382 2948 607 3020 ἀνδράσι
635 2947 729 3000 καὶ
766 2945 1111 3001 διαπτύουσιν
1142 2948 1310 3018 αὐτὴν
1327 2948 1347 2980 ³
1364 2949 1561 3019 ἐαυτὴν
1582 2950 1864 3007 ἐκδιδόναι.
1888 2948 2047 3008 Οὗτοι

387 3033 487 3104 μὲν
529 3027 621 3085 οὖν
642 3029 687 3095 ’⁵,
717 3031 839 3083 ὅσον
884 3030 1082 3092 αὐτοὺς
1108 3029 1348 3094 διώκεις,
1398 3032 1649 3085 τοσοῦτόν
1682 3050 1741 3087 σε
1782 3035 2049 3108 ἀποστρέ-

386 3130 610 3191 φονται·
638 3115 668 3167 6
709 3113 766 3166 66
822 3112 977 3175 Θεὸς,
1030 3112 1097 3165 ἂν
1129 3114 1228 3184 τὴν
1271 3115 1404 3183 παρ’
1444 3115 1608 3168 αὐτοῦ
1657 3114 1814 3180 δόξαν
1855 3117 2045 3189 ζητῇς,

384 3195 626 3266 τοσούτῳ
680 3194 878 3265 μᾶλλον
925 3196 1019 3248 καὶ
1076 3195 1359 3264 ἐφέλκεταί
1425 3213 1484 3249 σε
1540 3199 1630 3250 καὶ
1671 3198 1918 3266 ἐπαινεῖ,
1955 3203 2049 3255 καὶ

387 3277 585 3348 πολλὴν
608 3276 896 3330 ἀποδίδωσί
919 3293 1001 3329 σοι
1029 3277 1126 3346 τὴν
1154 3278 1408 3349 ἀμοιϐήν.
1441 3280 1502 3331 Εἰ
1525 3279 1580 3332 66
1609 3279 1785 3347 βούλει
1815 3283 1906 3336 καὶ
1934 3282 2050 3335 ἐτέ-

390 3359 562 3430 ρωθεν
608 3359 780 3428 αὐτῆς
827 3358 926 3429 τὴν
962 3358 1165 3429 ζημίαν
1201 3360 1573 3429 καταμαθεῖν,
1606 3363 1732 3415 ὅταν
1760 3361 1865 3432 δῷς
1912 3363 2050 3434 πρὸς

389 3441 650 3508 ἐπίδειξιν
683 3442 778 3494 καὶ
824 3440 1168 3512 φιλοτιμίαν,
1214 3442 1533 3511 ἀναλόγισαι
1575 3444 1715 3512 πόση
1764 3461 1824 3497 σε
1864 3444 2050 3498 λοιπὸν

390 3523 764 3594 ἐπεισέρχεται
797 3524 830 3592 ή
873 3522 1040 3595 λύπη,
1069 3526 1164 3579 καὶ
1193 3524 1310 3588 πῶς
1350 3524 1600 3597 διηνεκὴς
1633 3528 1666 3596 ἡ
1701 3526 1930 3598 ἀθυμία,
1961 3530 2047 3580 ἐν⁹

387 3610 647 3682 ηχοῦντός
682 3626 764 3664 σοι
789 3609 885 3663 τοῦ
917 3610 1177 3681 Χριστοῦ,
1209 3611 1303 3663 καὶ
1331 3609 1602 3678 λέγοντος,
1626 3610 1707 3664 ὅτι
1736 3612 1918 3665 Πάντα
1944 3612 2049 3665 άπ-

389 3692 597 3758 ῶλεσάς
629 3708 723 3746 σου
765 3692 858 3746 τὸν
905 3693 1113 3762 μισθόν.
1161 3691 1440 3763 Πανταχοῦ
1485 3693 1585 3763 μὲν
1627 3693 1736 3766 γάρ
1780 3696 2051 3761 κενοδοξία

389 3777 580 3840 κακὸν,
602 3776 837 3848 μάλιστα
855 3774 913 3828 66
934 3775 1041 3829 ἀπὸ
1065 3774 1473 3846 φιλανθρωπίας
1501 3776 1550 3843 ³,
1576 3777 1658 3831 ὅτι
1677 3779 1878 3848 ἐσχάτη
1906 3780 2052 3833 ἐστὶν

389 3861 627 3932 ὠμότης,
661 3859 761 3923 τὰς
793 3858 1077 3930 ἀλλοτρίας
1122 3857 1549 3929 ὲκπομπεύουσα
1600 3859 1907 3930 συμφορὰς,
1957 3863 2050 3914 καὶ

394 3945 553 4015 μόνον
585 3943 705 4012 οὐχὶ
746 3941 1077 4006 ὀνειδίζουσα
1102 3942 1229 4003 τοὺς
1251 3944 1309 3994 ἐν
1337 3943 1600 4015 πτωχείᾳ.
1636 3944 1697 3996 Εἰ
1732 3943 1842 4015 γάρ
1867 3944 1929 3997 τὸ
1955 3946 2054 4009 τὰς

396 4024 530 4087 ίδίας
555 4023 731 4090 λέγειν
759 4022 1074 4091 εὐεργεσίας
1102 4021 1384 4086 ὀνειδίζειν
1415 4025 1559 4090 ἐστὶ,
1594 4023 1654 4077 τὸ
1687 4026 1779 4078 καὶ
1821 4025 1902 4088 είς
1934 4025 2053 4077 ἐτέ-

397 4123 523 4176 ρους
550 4103 777 4167 πολλούς
795 4102 998 4167 ταύτας
1027 4102 1276 4171 ἐξάγειν,
1322 4106 1375 4158 τί
1422 4108 1521 4159 οίει
1568 4102 1747 4173 εἷναις
1791 4109 1915 4171 Πῶς
1958 4104 2051 4162 οὖν

393 4185 789 4257 διαφευξόμεθα
814 4186 877 4238 τὸ
918 4185 1126 4249 δεινόν;
1166 4186 1262 4237 Ἂν
1293 4186 1551 4256 μάθωμεν
1584 4189 1771 4248 ἐλεεῖν,
1801 4188 1951 4260 [699]
1982 4189 2049 4243 ἂν

397 4270 596 4338 ἴδωμεν
621 4269 781 4320 τίνων
808 4267 907 4335 τὴν
933 4267 1089 4333 δόξαν
1106 4267 1126 4299 ⁸
1147 4267 1528 4339 ἐπιζητοῦμεν.
1562 4269 1695 4323 Είπέ
1716 4272 1824 4341 γάρ
1847 4274 2052 4341 μοι,τίς

394 4356 425 4406 6
450 4354 547 4422 τῆς
568 4350 689 4419 ἐλεη
700 4347 932 4418 μοσύνης
953 4348 1202 4419 τεχνίτης
1227 4350 1410 4415 ἐστίν;
1451 4351 1510 4403 '0
1538 4353 1600 4404 16
1627 4354 1858 4422 πρᾶγμα
1886 4371 2054 4407 κατα-

395 4424 576 4497 δείξας
604 4430 736 4494 Θεὸς
766 4429 1028 4502 δηλονότι,
1053 4432 1081 4483 ὀ
1110 4430 1341 4500 μάλιστα
1362 4433 1577 4487 πάντων
1602 4435 1733 4487 αὐτὸ
1760 4432 1936 4500 εἰδὼς,
1960 4437 2054 4489 καὶ

396 4517 535 4588 πρὸς
562 4516 786 4585 ἄπειρον
814 4512 945 4566 αὐτὸ
977 4512 1389 4584 μεταχειρίζων.
1407 4515 1472 4568 Τί
1502 4512 1595 4569 οὖν
1619 4533 1633 4582 ;
1664 4517 1728 4570 ἂν
1755 4516 2054 4587 παλαιστὴς

401 4597 700 4670 μανθάνῃς,
727 4595 864 4668 πρὸς
902 4595 1053 4660 τίνας
1088 4596 1107 4627 ⁷
1143 4596 1349 4668 ὀρᾷς,ἢ
1381 4597 1523 4651 τίσιν
1560 4598 1927 4653 ἐπιδείκνυσαι
1959 4601 2016 4652 ἐν
2037 4601 2059 4632 ⁸

395 4684 462 4751 τῇ
491 4680 818 4749 παλαίστρᾳ,
847 4676 927 4749 τῷ
952 4677 1160 4748 λάχανα
1199 4678 1466 4733 πωλοῦντι
1499 4681 1592 4735 καὶ
1622 4682 1749 4744 τοὺς
1778 4679 1984 4751 ἰχθύας,
2024 4680 2057 4751 ἢ

396 4763 476 4833 τῷ
502 4760 819 4833 παιδοτρίϐῃ
842 4779 858 4828 ς
890 4762 999 4815 Καὶ
1028 4762 1135 4833 μὴν
1159 4764 1209 4817 οί
1243 4765 1340 4833 μὲν
1362 4765 1471 4817 εἰσὶ
1512 4764 1717 4830 πολλοὶ,
1742 4767 1771 4819 ὀ
1791 4764 1847 4818 δέ
1874 4760 1973 4827 είς.
1995 4763 2059 4816 Τί

396 4844 512 4910 οὖν,
556 4845 622 4900 ἂν
663 4844 868 4899 ἐκείνου
901 4842 1271 4916 θαυμάζοντος
1317 4848 1467 4902 ἄλλοι
1511 4848 1906 4916 καταγελῶσιν,
1940 4847 2060 4916 οὐχὶ

398 4930 495 4985 καὶ
522 4929 586 4981 σὺ
615 4926 962 5000 καταγελάσῃ
1015 4929 1130 4998 μετ’
1181 4930 1386 4983 ἐκείνου
1422 4933 1442 4963 ⁹
1492 4929 1723 4996 αὐτούς;
1765 4931 1831 4983 Τί
1858 4930 1945 4993 δὲ,
1991 4930 2058 4982 ἀν

401 5008 690 5064 πυκτεύειν
724 5007 1030 5078 μανθάνῃς;
1060 5010 1158 5079 οὐχ
1183 5012 1382 5079 ὁμοίως
1417 5012 1552 5083 πρὸς
1578 5014 1785 5066 ἐκεῖνον
1813 5012 1932 5081 ὕψει
1967 5011 2058 5064 τὸν

400 5090 558 5144 τοῦτο
586 5087 860 5141 παιδεύειν
897 5089 1108 5157 εἰδότας
1141 5095 1237 5145 Ἂν
1262 5093 1319 5145 66
1346 5094 1536 5162 λόγους
1573 5095 1782 5166 μετίῃς,
1816 5095 1936 5165 οὐχὶ
1963 5092 2056 5147 τοῦ

1161 273 1217 328 S.
1261 270 1547 327 JOANNIS
1575 269 2060 333 CIIRYSOSTOMI
2103 270 2419 331 ARCIIIEP.
2461 270 3004 331 CONSTANTINOP.

3699 272 3794 332 660

2153 382 2381 452 ῥήτορος
2413 384 2536 448 τοὺς
2564 385 2813 447 ἐπαίνους
2842 382 3128 453 καταδέξῃ,
3167 382 3259 436 καὶ
3289 382 3399 437 τῶν
3442 383 3613 439 ἄλλων
3639 406 3790 444 κατα-

2151 468 2477 537 φρονήσειςς
2518 467 2640 532 Πῶς
2683 463 2777 520 οὖν
2823 469 2923 519 οὐκ
2965 466 3184 530 ἀτοπίαν,
3226 466 3284 518 ἐν
3322 467 3420 536 μὲν
3462 471 3582 537 ταῖς
3617 471 3789 536 ἄλλαις

2148 549 2363 618 τέχναις
2393 549 2532 619 πρὸς
2571 549 2664 602 τὸν
2711 547 3030 602 διδάσκαλον
3072 549 3204 618 ὀρᾷν
3249 548 3436 617 μόνον,
3470 550 3700 605 ἐνταῦθα
3740 554 3791 607 δέ

2147 631 2450 685 τούναντίον
2480 634 2686 696 ποιείνς
2721 631 2961 699 καίτοιγε
2995 631 3094 683 οὐκ
3116 631 3205 699 ίση
3235 632 3267 700 ἡ
3295 629 3485 701 ζημία.
3529 633 3672 687 Ἐκεῖ
3700 637 3792 705 μὲν

2147 715 2274 786 γὰρ,
2308 714 2374 767 ἂν
2414 714 2550 785 πρὸς
2577 715 2640 766 τὸ
2667 713 2856 767 δοκοῦν
2894 716 3007 776 τοῖς
3047 714 3259 778 πολλοῖς
3306 715 3555 789 παλαίῃς,
3600 720 3692 772 καὶ
3721 719 3792 789 μὴ

2147 796 2285 867 πρὸς
2324 797 2385 850 τὸ
2415 797 2494 867 τῷ
2534 796 2854 868 διδασκάλῳ,
2898 799 2955 849 ἐν
2990 799 3055 867 τῇ
3095 796 3239 867 πάλῃ
3274 799 3306 868 ἠ
3337 798 3528 867 ζημία·
3570 801 3793 856 ἐνταῦθα

2144 879 2202 932 δέ
2227 882 2285 932 ἐν
2310 880 2510 950 αίωνίῳ
2536 879 2670 949 ζωῇ.
2698 880 2930 947 Γέγονας
2958 881 3141 949 ὅμοιος
3166 878 3284 949 Θεῷ
3315 880 3456 933 κατά
3494 881 3555 934 τὸ
3592 882 3789 947 ἐλεεῑν;

2145 961 2303 1030 γενοῦ
2341 957 2433 1015 οῦν
2466 960 2614 1032 αὐτῷ
2643 963 2845 1032 ὅμοιος,
2881 962 2973 1014 καὶ
3004 961 3147 1014 κατά
3185 962 3245 1014 16
3276 962 3351 1033 μὴ
3376 963 3789 1021 ἐπιδείκνυσθαι.

2145 1045 2255 1098 Καὶ
2287 1044 2396 1116 γὰρ
2424 1044 2577 1114 ἔλεγε
2615 1043 2958 1115 θεραπεύων,
3007 1045 3096 1111 ἵνα
3144 1046 3329 1115 μηδενὶ
3362 1047 3603 1101 εἴπωσιν.
3640 1048 3793 1103 Ἀλλά

2147 1125 2325 1195 βούλει
2354 1125 2597 1196 ἐλεήμων
2632 1126 2893 1197 κληθῆναι
2925 1126 3075 1198 παρά
3116 1130 3226 1192 τοῖς
3254 1128 3595 1200 ἀνθρώποιςς
3627 1133 3717 1184 καὶ
3741 1130 3790 1184 τί

2144 1210 2205 1263 τὸ
2235 1210 2456 1281 κέρδος;
2487 1209 2560 1286 Τὸ
2584 1208 2773 1279 κέρδος
2798 1209 2897 1279 μὲν
2932 1210 3106 1277 οὐδὲν,
3158 1212 3191 1281 ἡ
3239 1211 3297 1280 66
3336 1211 3509 1282 ζημία
3554 1214 3788 1286 ἄπειρος,

2144 1293 2305 1345 Αὐτοὶ
2337 1293 2445 1363 γάρ
2475 1283 2640 1357 οὗτοι,
2674 1291 2769 1356 οὓς
2797 1294 2877 1355 είς
2909 1293 3212 1364 μαρτυρίαν
3246 1295 3450 1359 καλεῖς,
3492 1283 3791 1367 λῃσταὶ-γί-

2143 1390 2321 1428 νονται
2347 1375 2455 1427 τῶν
2497 1374 2785 1446 θησαυρῶν
2813 1374 2919 1427 τῶν
2954 1377 3012 1429 ἐν
3043 1376 3289 1447 οὐρανοῖς
3313 1395 3326 1408 ·
3365 1377 3565 1447 μᾶλλον
3601 1379 3657 1433 66
3700 1380 3792 1452 οὐχ

2143 1452 2310 1524 οὗτοι,
2337 1457 2451 1511 ἀλλ’
2479 1459 2661 1529 ἡμεῖς,
2687 1459 2736 1511 οί
2771 1456 2839 1512 τὰ
2873 1459 3118 1529 ἡμέτερα
3157 1459 3422 1523 συλῶντες
3444 1500 3460 1523 ,
3501 1461 3595 1514 καὶ
3638 1478 3792 1535 σκορο

2145 1539 2395 1603 πίζοντες
2418 1541 2463 1571 ¹⁰
2497 1540 2564 1595 τά
2604 1540 2718 1595 ἀνω
2757 1540 3000 1611 κείμενα.
3041 1543 3105 1593 Ὢ
3154 1541 3254 1612 τῆς
3285 1543 3482 1612 καινῆς
3516 1546 3790 1614 συμφορᾶς

2145 1622 2239 1675 καὶ
2275 1623 2370 1674 τοῦ
2403 1621 2690 1675 ἀλλοκότου
2720 1621 2912 1674 τούτου
2941 1620 3167 1685 πάθουςί
3193 1623 3367 1677 Ὅπου
3409 1625 3510 1693 σὴς
3539 1626 3634 1677 οὐκ
3666 1627 3793 1694 ἀφαο

2143 1703 2301 1768 νίζει,
2348 1705 2467 1757 οὐδέ
2505 1704 2744 1773 κλέπτης
2774 1701 3041 1775 διορύττει
3075 1704 3139 1770 ¹¹,
3185 1704 3462 1770 κενοδοξία
3497 1706 3789 1777 σκορπίζει.

2140 1780 2315 1855 Οὗτος
2341 1789 2370 1840 6
2403 1788 2503 1859 σὴς
2529 1785 2636 1841 τῶν
2674 1789 2791 1839 ἐκεῖ
2821 1787 3128 1857 θησαυρῶν·
3169 1783 3321 1851 οὗτος
3356 1790 3385 1842 6
3419 1789 3656 1858 κλέπτης
3697 1792 3790 1862 τῆς

2143 1871 2404 1942 εὐπορίας
2434 1869 2534 1939 τῆς
2578 1870 2635 1923 ἐν
2677 1869 2945 1939 οὐρανοῖς·
2975 1864 3131 1933 οὗτος
3165 1870 3257 1923 16v
3298 1869 3495 1923 ἄσυλον
3542 1871 3792 1941 ὑποσύρει

2143 1953 2389 2008 πλοῦτον·
2407 1954 2565 2007 τοῦτο
2583 1953 2759 2007 πάντα
2778 1954 3095 2023 λυμαίνεται
3118 1955 3209 2009 καὶ
3232 1954 3555 2025 διαφθείρει.
3583 1956 3789 2027 Ἐπειδὴ

2142 2037 2251 2106 γὰρ
2283 2030 2423 2089 εἶδεν
2448 2037 2476 2087 ὀ
2509 2034 2772 2098 διάϐολος,
2809 2036 2890 2089 ὃτι
2931 2037 3027 2089 καὶ
3055 2035 3281 2109 λῃσταῖς
3311 2039 3404 2090 καὶ
3432 2037 3671 2108 σκώληκι
3703 2042 3792 2091 καὶ

2141 2124 2260 2183 ταῖς
2287 2118 2475 2181 ἄλλαις
2505 2118 2815 2181 ἐπιϐουλαῖς
2857 2119 3129 2174 ἀνάλωτον
3154 2121 3217 2175 τὸ
3243 2121 3442 2192 χωρίον
3470 2124 3642 2176 ἐκεῖνο
3660 2162 3676 2188 ,
3711 2123 3794 2178 διὰ

2143 2204 2447 2272 κενοδοξίας
2467 2204 2638 2259 ὐποσύ
2646 2221 2728 2274 ρει
2751 2204 2843 2258 τὸν
2869 2204 3115 2260 πλοῦτον.

2213 2365 2273 2419 6'.
2313 2363 2472 2417 Ἀλλά
2497 2362 2654 2432 δόξης
2672 2360 2994 2432 ἐπιθυμεῖς;
3028 2355 3162 2414 Εἶτα
3190 2360 3289 2414 οὐκ
3315 2361 3481 2432 ἀρκεῖ
3504 2378 3584 2415 σοι
3606 2363 3639 2433 ή
3668 2361 3795 2433 παρ’

2144 2447 2307 2502 αὐτοῦ
2337 2446 2429 2501 τοῦ
2453 2445 2834 2516 λαμϐάνοντος,
2866 2446 2899 2515 ἡ
2930 2444 3079 2515 παρά
3104 2442 3197 2496 τοῦ
3223 2442 3605 2514 φιλανθρώπου
3632 2444 3790 2509 Θεοῦ,

2144 2531 2278 2586 ἀλλά
2310 2531 2405 2584 καὶ
2443 2529 2541 2600 τῆς
2572 2529 2722 2600 παρά
2750 2527 3053 2599 ἀνθρώπων
3086 2530 3254 2598 ἐρᾷς;
3290 2528 3434 2599 Ὅρα
3483 2528 3556 2599 μὴ
3591 2528 3792 2581 τούναν-

2143 2614 2255 2668 τίον
2282 2615 2604 2687 ὐπομείνῃς·
2640 2614 2712 2684 μή
2739 2612 2823 2675 τίς
2854 2629 2946 2665 σου
2985 2610 3240 2682 καταγνῷ
3273 2610 3348 2674 ὡς
3373 2611 3478 2664 οὐκ
3505 2610 3790 2674 ἐλεοῦντο;,

2144 2698 2259 2753 ἀλλ’
2307 2697 2752 2769 ἐκπομπεύοντος
2798 2696 2893 2750 καὶ
2927 2693 3415 2764 φιλοτιμουμένου,
3457 2693 3534 2757 ὡς
3570 2695 3793 2764 ἐκτραγο

2144 2781 2402 2853 ῳδοῦντος
2432 2780 2531 2844 τὰς
2566 2779 2849 2848 ἀλλοτρίας
2879 2776 3183 2849 συμφοράς.
3216 2777 3325 2829 Καὶ
3356 2777 3470 2849 γὰρ
3511 2778 3791 2848 μυστήριόν

2146 2866 2291 2919 ἐστιν
2323 2867 2356 2937 ή
2389 2862 2744 2934 ἐλεημοσύνη.
2784 2862 3012 2915 Κλεῖσον
3049 2859 3228 2912 τοίνυν
3260 2861 3357 2922 τάς
3396 2860 3587 2929 θύρας,
3613 2860 3695 2913 ἵνα
3722 2861 3792 2930 μή

2146 2965 2228 3012 τις
2258 2948 2342 3019 ἴδῃ
2383 2947 2523 3019 άπερ
2548 2945 2811 3010 ἐπιδεῖξαι
2842 2944 2902 2997 οὐ
2934 2943 3108 3014 θέμις.
3145 2941 3257 2998 Καὶ
3287 2942 3394 3012 γάρ
3431 2943 3504 2996 τὰ
3541 2944 3794 3013 μυστήρια

2145 3031 2216 3085 τὰ
2237 3031 2482 3101 ἡμέτερα
2516 3027 2674 3083 τοῦτο
2701 3026 2937 3097 μάλιστά
2969 3028 3135 3091 ἐστιν,
3182 3025 3524 3096 ἐλεημοσύνη
3572 3025 3664 3078 καὶ
3691 3024 3824 3091 φιλο.

2147 3111 2430 3182 ανθρωπία
2467 3110 2621 3164 Θεοῦ.
2653 3110 2808 3162 Κατὰ
2839 3108 2948 3178 γὰρ
2989 3108 3050 3162 16
3095 3106 3230 3160 πολύ
3269 3108 3417 3170 ἔλεος
3451 3106 3614 3160 αὐτοῦ
3647 3105 3794 3167 ὄντας

2147 3198 2293 3267 ἡμᾶς
2331 3195 2573 3257 ἀπειθεῖς
2617 3193 2836 3263 ἠλέησε.
2877 3192 2986 3245 Καὶ
3032 3194 3066 3261 ἡ
3115 3190 3305 3263 πρώτη
3328 3191 3386 3244 66
3413 3191 3599 3262 δέησις
3628 3190 3795 3251 ἐλέους

2148 3280 2330 3350 γέμει,
2363 3279 2490 3331 ὅταν
2516 3276 2653 3346 ὐπὲρ
2678 3276 2785 3328 τῶν
2815 3273 3222 3345 ἐνεργουμένων
3255 3273 3682 3344 παρακαλῶμεν·
3710 3270 3796 3324 καὶ

2147 3366 2181 3434 ἠ
2211 3362 2440 3434 δευτέρα
2468 3360 2647 3425 πάλιν,
2682 3359 2820 3429 ὑπὲρ
2854 3359 3053 3429 ἐτέρων
3086 3356 3194 3409 τῶν
3229 3357 3287 3409 ἐν
3337 3359 3617 3427 μετανοίᾳ,
3669 3355 3793 3408 πολὺ

2147 3443 2209 3495 τὸ
2232 3443 2381 3506 ἔλεος
2405 3440 2757 3511 ἐπιζητοῦσα·
2785 3440 2876 3493 καὶ
2905 3441 2938 3509 ἡ
2967 3438 3125 3510 τρίτη
3167 3437 3224 3491 δὲ
3257 3438 3444 3505 πάλιν,
3481 3440 3618 3508 ὑπὲρ
3648 3437 3795 3507 ἡμῶν

2149 3528 2347 3594 αὐτῶν,
2377 3527 2471 3580 καὶ
2499 3524 2639 3594 αὐτη
2663 3522 2731 3576 τά
2760 3521 2945 3575 παιδία
2965 3522 3034 3573 τὰ
3055 3521 3260 3591 ἄμωμα
3290 3523 3331 3553 ι’
3356 3522 3452 3576 τοῦ
3478 3523 3645 3592 δήμου
3671 3536 3797 3590 προ-

2150 3610 2439 3670 ϐάλλεται,
2491 3609 2581 3660 τὸν
2630 3605 2761 3657 Θεὸν
2815 3604 2907 3656 ἐπὶ
2956 3603 3101 3656 ἔλεον
3154 3604 3597 3673 παρακαλοῦντα.
3652 3603 3794 3676 1700]

2162 3692 2380 3763 Ἐπειδὴ
2406 3691 2514 3762 γάρ
2542 3690 2695 3743 αὐτοὶ
2731 3686 3152 3758 κατεγνώκαμεν
3175 3689 3384 3742 ἑαυτῶν
3416 3692 3795 3762 ἁμαρτήματα,

2150 3777 2289 3847 ὑπὲρ
2330 3775 2428 3845 μὲν
2472 3772 2580 3825 τῶν
2617 3770 2788 3825 πολλὰ
2817 3771 3215 3841 ἡμαρτηκότων
3262 3772 3355 3825 κα)¹
3407 3775 3730 3846 ὲγκληθῆναι
3759 3778 3797 3808 ιι

2149 3858 2469 3930 ὀφειλόντων
2498 3855 2649 3909 αὐτοὶ
2679 3854 2906 3924 βοῶμεν·
2942 3854 3080 3924 ὑπὲρ
3110 3854 3168 3909 δέ
3200 3855 3355 3925 ἡμῶν
3384 3858 3565 3913 αὐτῶν
3597 3862 3646 3912 οί
3680 3863 3799 3913 παῖ-

2149 3947 2256 4010 δες,
2290 3939 2366 3999 ὧν
2417 3941 2516 4010 τῆς
2558 3938 2861 4008 ἁπλότητος
2907 3937 3032 3999 τοὺς
3078 3937 3322 4007 ζηλωτάς
3354 3942 3388 4010 ἠ
3430 3941 3672 4011 βασιλεία
3697 3942 3798 3996 τῶν

2150 4027 2394 4099 οὐρανῶν
2426 4025 2593 4094 μένει.
2638 4021 2696 4074 ’0
2725 4021 2835 4092 γὰρ
2876 4019 3043 4083 τύπος
3074 4014 3230 4083 οὗτος
3258 4021 3416 4075 τοῦτο
3458 4024 3795 4083 ἐνδείκνυται,

2154 4116 2237 4168 ὅτι
2263 4114 2313 4165 οἱ
2350 4107 2470 4162 κατ’
2504 4106 2746 4168 ἐκείνους
2773 4106 2900 4166 τοὺς
2921 4104 3113 4168 παῖδας
3133 4105 3379 4158 ταπεινοὶ
3404 4107 3498 4159 καὶ
3526 4107 3794 4168 ἄπλαστοι,

2155 4191 2299 4250 οὗτοι
2345 4193 2576 4263 μάλιστα
2621 4188 2870 4243 δύνανται
2917 4187 3244 4251 ἐξαιτεῖσθαι
3289 4188 3415 4251 τοὺς
3454 4188 3793 4251 ὑπευθύνους.

2155 4278 2296 4334 Αὐτὸ
2317 4278 2375 4331 δέ
2404 4275 2465 4328 τὸ
2487 4273 2781 4344 μυστήριον
2801 4270 2967 4322 πόσου
2984 4269 3156 4334 ἐλέου,
3182 4270 3352 4340 πόσης
3375 4271 3792 4344 φιλανθρωπίας,

2159 4362 2336 4415 ίσασιν
2360 4359 2408 4411 οί
2447 4356 2802 4427 μεμνημένοι.
2831 4352 2939 4404 Καὶ
2967 4355 3031 4404 σύ
3056 4352 3234 4405 τοίνυν
3265 4355 3406 4407 κατὰ
3435 4354 3660 4424 δύναμιν
3703 4354 3796 4423 τὴν

2159 4445 2257 4516 σὴν
2287 4441 2451 4495 ἐλεῶν
2496 4437 2779 4507 ἄνθρωπον
2812 4437 2874 4500 ιδ,
2911 4434 3232 4516 ἀπόκλεισον
3268 4436 3365 4499 τὰς
3412 4437 3581 4512 θύρας
3602 4454 3616 4466 ·
3647 4436 3796 4516 αὐτὸς

2164 4514 2546 4595 ὀέλεούμενος
2583 4521 2736 4574 ίδέτω
2767 4520 2954 4589 μόνος·
2990 4520 3038 4570 εί
3080 4517 3137 4570 66
3181 4514 3289 4570 οἷόν
3319 4536 3412 4582 τε,
3458 4519 3590 4590 μηδὲ
3633 4515 3797 4580 οὗτος,

2158 4612 2254 4662 Ἂν
2297 4608 2353 4661 δέ
2393 4603 2771 4675 ἀναπετάσῃς,
2814 4598 3181 4670 ἐκπομπεύεις
3239 4616 3332 4652 σου
3379 4601 3440 4654 τὸ
3493 4602 3795 4672 μυστήριον.

2168 4692 2449 4761 Ἐννόησον
2478 4689 2560 4742 ὅτι
2586 4687 2678 4741 καὶ
2706 4685 2865 4748 αὐτὸς
2890 4686 3115 4748 ἐκεῖνος,
3136 4676 3198 4736 οὗ
3218 4683 3315 4755 τὴν
3335 4685 3490 4751 δόξαν
3511 4684 3794 4755 ἐπιζητεῖς,

2154 4777 2250 4829 καὶ
2283 4773 2443 4836 αὐτός
2477 4787 2569 4824 σου
2614 4767 3055 4835 καταγνώσεται·
3101 4765 3203 4819 κᾶν
3233 4768 3332 4836 μὲν
3380 4770 3532 4836 φίλος
3564 4765 3631 4840 ᾗ,
3674 4766 3795 4835 παρ’

2156 4852 2334 4922 ἐαυτῷ
2360 4868 2453 4903 σου
2483 4852 2866 4917 κατηγορήσει·
2898 4845 2963 4898 ἂν
2996 4846 3052 4898 66
3080 4845 3299 4915 ἐχθρὸς,
3329 4848 3421 4899 καὶ
3450 4848 3581 4917 παρ’
3605 4846 3795 4916 ἑτέροις

2162 4953 2221 4989 σε
2252 4934 2592 5004 κωμῳδήσει.
2623 4931 2732 4982 Καὶ
2758 4928 3017 4982 τάναντία
3061 4930 3347 4999 ὑπομενεῖς
3392 4925 3467 4984 ὧν
3506 4929 3794 4999 ἐπιθυμεῖς.

2108 5078 2111 5083 ,
2160 5021 2234 5090 Σύ
2264 5018 2390 5090 μὲν
2420 5016 2529 5090 γάρ
2559 5012 2863 5090 ἐπιθυμεῖς,
2915 5011 3206 5090 ἵνα..εἱςπῃ·,
3247 5014 3431 5090 δτι-’0
3472 5013 3707 5090 ἐλεήμων
3734 5010 3792 5042 ³⁸·

2162 5069 2405 5151 ἆίτὸξδὲ
2430 5069 2536 5139 οὐκ
2572 5085 2686 5152 ἐρεῖ
2720 5069 2897 5146 τοῦτο,
2933 5081 3045 5133 ἀλλ’
3074 5081 3104 5133 6
3145 5069 3439 5146 κενόδοξος,
3485 5086 3513 5135 ὀ
3559 5069 3795 5151 ἀνθρωπ-

491 5214 609 5248 ’ωδ
637 5210 731 5267 οὖν
762 5229 870 5268 om.
901 5211 964 5267 (ἶ.
1007 5212 1069 5266 H.
1115 5212 1180 5269 Κ.
1211 5210 1464 5290 πρᾶγμα]
1493 5219 1676 5289 τάγμα
1704 5218 1768 5272 Il.
1796 5218 1869 5273 M.
1958 5218 2005 5251 "
2040 5236 2047 5249 ί

497 5284 774 5330 “mod-mw
799 5283 935 5330 μετὰ
958 5282 1005 5330 δ-
1041 5284 1212 5330 ποιῶν
1246 5287 1377 5330 πηὸς
1404 5288 1444 5330 M
1505 5287 1619 5330 Mm-
1670 5305 1775 5330 mu,
1804 5289 1939 5330 una.
1964 5287 1992 5330 δ
2025 5286 2044 5330 Ἰ

2149 5216 2237 5283 φὸν
2271 5214 2366 5268 καὶ
2395 5229 2492 5283 119.
2522 5210 2591 5264 Μ.
2623 5211 2791 5264 invilo
2818 5209 2911 5264 Ge.
2982 5211 3028 5242 "
3056 5213 3180 5274 τοὺς
3234 5213 3502 5274 τοιούτους
3560 5209 3617 5263 L.

2149 5286 2202 5330 τὰ
2239 5284 2285 5330 δ,
2319 5301 2427 5330 γιν-
2461 5282 2518 5330 L.
2609 5282 2651 5312 ⁵⁷
2685 5281 2905 5330 πρώτην
2935 5280 2998 5330 G.
3059 5280 3104 5312 ⁸⁸
3132 5281 3363 5330 κελεύει]
3391 5283 3512 5330 add.
3541 5281 3701 5330 αὐτην
3774 5313 3788 5329 .

405 5284 774 5354 ἐλεημοσύνην
798 5283 935 5351 μετά
958 5282 1005 5337 6.
1041 5284 1212 5338 ποιῶν

405 5355 461 5437 μ’
501 5353 730 5437 Κ..ρ..ρ.
766 5355 1170 5437 αὐξτὴνάεὲιίλεξχ
1196 5353 1258 5437 ΚΣ

1402 5280 1467 5340 Μ’.
1505 5280 1637 5342 Μὸἶκ
1670 5305 1779 5356 γιν.
1803 5289 1940 5359 μετά
1964 5286 2044 5360 6.]

1246 5396 1258 5409 .
1332 5398 1345 5409 .
1380 5358 1447 5409 Μ.
1492 5375 1587 5409 nm
1614 5362 1829 5409 vulgato
1857 5358 2047 5409 ἑαυτήν

2149 5280 2203 5338 τὰ
2239 5284 2286 5337 6.
2319 5301 2427 5350 γιν.
2446 5280 2518 5334 ⁷1..
2609 5282 2651 5312 ’⁷
2685 5297 2725 5331 π
2763 5281 2905 5350 ὡτην
2935 5280 2998 5334 G.
3059 5280 3104 5312 ⁸⁸
3132 5281 3364 5353 κελεύει]
3391 5283 3512 5334 add.
3541 5280 3701 5333 a61i~v

2149 5358 2163 5387 ⁵
2191 5353 2337 5409 τοὺς]
2372 5353 2461 5406 καὶ
2476 5353 2600 5409 τούς
2629 5350 2692 5403 G.
2816 5356 2908 5403 καὶ
2939 5350 3071 5403 Edd.
3106 5352 3120 5381 ί
3154 5355 3251 5409 τὴν
3280 5369 3340 5405 π.
3375 5368 3428 5403 κ.
3460 5349 3506 5401 0.
3540 5348 3626 5401 τοῦ
3648 5316 3701 5409 βο

1332 5398 1345 5410 .
1380 5358 1447 5410 Μ.
1492 5375 1587 5424 pro
1614 5350 1829 5425 vulgalb
1857 5350 2081 5425 ἑαυτήνξ
2118 5358 2163 5388 ’⁸
2188 5353 2338 5425 τοὺς]
2372 5353 2461 5406 καὶ
2476 5353 2600 5425 τούς
2629 5350 2692 5403 G.

2772 5391 2785 5402 .
2816 5348 2908 5403 καὶ
2939 5350 3071 5403 Ειια.
3106 5352 3120 5381 ί
3154 5355 3251 5420 τὴν
3280 5348 3428 5405 π.’κ.
3540 5348 3626 5420 τοῦ
3648 5348 3789 5420 βασι-

406 5417 627 5488 λέωςίξ.
663 5417 733 5476 Μ.
762 5417 968 5475 κελεύει
1000 5424 1065 5477 G.
1092 5423 1165 5477 M.
1239 5420 1270 5457 ’Δ
1290 5417 1575 5497 κελεύῃᾘ.
1603 5427 1666 5481 Κ.
1687 5417 2036 5498 μονομάχοις]
2064 5424 2156 5479 Sic
2188 5423 2250 5477 Ι..
2282 5417 2347 5475 Μ’.
2389 5422 2567 5474 matari
2595 5437 2715 5474 cum
2745 5424 2938 5485 lnlm‘p.
2976 5417 3470 5543 μοιχρῖςξάνδράσι]
3505 5417 3787 5500 ἁνθρώποξς

406 5495 478 5544 Μ.
558 5495 577 5525 ³
599 5493 766 5544 αὐτὴν
795 5492 1010 5544 ἑαυτὴν]
1038 5496 1207 5544 αὐτὴν
1230 5496 1295 5544 G.
1330 5499 1394 5544 H-
1431 5497 1602 5544 αὐτῆς
1631 5497 1826 5544 ἑαυτὴν
1855 5497 1914 5544 1,.
1952 5496 2022 5544 Μ.
2127 5496 2144 5526 ⁸
2169 5491 2283 5544 οὖν]
2316 5492 2424 5544 γὰο
2464 5492 2534 5544 Μ.
2625 5491 2647 5522 ⁸
2675 5490 3048 5544 φιλανθρωπία
3132 5532 3140 5541 .
3172 5491 3297 5544 Dmn
3342 5508 3369 5541 ιι
3396 5490 3476 5541 ὃτι
3504 5490 3721 5544 ἐσκατης
3743 5499 3784 5536 ε·

3132 5532 3140 5541 .
3172 5501 3369 5543 υριιιιιιι
3396 5501 3476 5541 ότι
3504 5501 3721 5543 εσγατης

405 5495 478 5568 ῌ.
513 5563 523 5568 _
558 5495 577 5525 ³
599 5493 766 5568 αὐτὴν
795 5492 1295 5568 ἑαυτῂν]-αὐτὴνϐ.
1329 5499 1394 5552 Η.
1431 5492 1602 5568 αὐτῆς
1631 5492 1832 5568 ἑαυτὴν
1854 5492 1929 5550 1ιῖ
1952 5496 2022 5549 Μ.

2127 5496 2144 5526 ⁸
2169 5491 2283 5565 οὖν]
2316 5492 2439 5565 γάρί
2464 5492 2534 5565 Μ.

2625 5491 2647 5522 ⁸
2675 5490 3048 5561 φιλανθρωπία
3080 5490 3140 5561 ἰ..
3172 5490 3369 5561 Οοίιιᾴει
3396 5490 3476 5561 ὅτι
3504 5490 3765 5561 ἐσχάτης-ξ

407 5517 478 5549 nl.
558 5517 576 5525 '
599 5517 766 5562 αυτην
795 5517 1010 5563 εαυτην]
1038 5517 1207 5565 αυτ-ην
1230 5517 1295 5551 υ.
1329 5517 1394 5552 η.
1431 5517 1602 5563 αυτης
1631 5517 1826 5568 εαυτην
1854 5517 1914 5550 ιλ.
1955 5517 2022 5549 Μ.
2127 5517 2144 5526 ‘
2169 5517 2283 5565 ουν]
2316 5517 2424 5562 γαρ
2464 5517 2534 5545 Μ.
2626 5517 2645 5522 '
2675 5517 3048 5561 ψιλανυρω-ιιιᾳ
3080 5517 3140 5543 ιλ.
3172 5517 3369 5544 uruqu
3396 5517 3476 5541 υἰι
3504 5517 3717 5556 ιυχυιυψι
3743 5517 3784 5536 σο

407 5563 687 5637 ᾠμότητος
819 5562 878 5615 ll.
914 5563 1067 5637 61?};
1093 5564 1323 5637 ἐσχάτης
1347 5568 1392 5620 ἐ.
1423 5568 1489 5620 ὼ.
1526 5566 1658 5620 ΕιΜ.
1699 5584 1748 5636 p.
1785 5584 1838 5637 p.
1872 5564 2345 5637 6.1111091111361161.
2394 5563 2627 5637 _‘_1£vp>v
2655 5559 2751 5637 ’τη-ν
2893 5560 2991 5637 τῂν
3027 5560 3073 5637 6:
3108 5560 3174 5637 ᾖν
3205 5560 3278 5637 H._
3304 5558 3375 5637 Μ.
3451 5558 3611 5637 [τίνα
3637 5555 3693 5609 ι..
3720 5549 3783 5637 Μ(

407 5629 471 5703 ἢ]
495 5629 680 5707 καίᾸ..
708 5629 741 5699 ἢ
775 5647 885 5707 οῳ.
915 5629 1033 5707 δίης
1085 5629 1230 5707 Δδὲἐν]
1255 5629 1331 5707 131
1346 5638 1402 5688 ἐν
1444 5638 1576 5707 ΕΜ.
1616 5629 1749 5707 p.j).
1884 5636 1952 5707 τά
1992 5629 2047 5707 λεί

2149 5651 2197 5686 ια
2223 5632 2287 5687 ll.

412 5697 780 5772 σκορπίζομεν
808 5699 876 5754 G.
986 5701 1025 5732 “
1049 5697 1277 5756 κλέπται
1315 5697 1649 5775 διορύττουσι
1677 5697 1736 5758 Ε.
1773 5697 1843 5758 ΜΖ
1920 5706 1962 5737 ¹¹
1991 5697 2284 5773 τόίάμωμα
2340 5718 2449 5755 om.
2483 5701 2546 5754 G.
2585 5697 2649 5751 Η.
2679 5699 2743 5751 Κ.
2768 5697 2838 5751 Μ.
2874 5698 2969 5751 τοῦ
2997 5699 3059 5767 δή

409 5770 612 5843 ρςεεεὶι
638 5767 741 5843 (ἒς-
804 5769 1331 5843 Α¹⁸Αέκκλησιασθῆναι
1358 5773 1420 5826 Κ.
1450 5774 1510 5827 L.
1544 5775 1615 5828 M.
1688 5776 1730 5807 ιθ
1758 5776 2041 5843 ἄνθρωπον
2072 5788 2181 5827 om.
2215 5772 2284 5826 M.
2319 5788 2372 5841 p.
2408 5786 2459 5839 ρ.
2484 5769 2583 5843 τὴν
2616 5768 2785 5841 θύραν
2808 5771 2883 5826 id.
2961 5769 3059 5823 ⁸³6·

2392 5634 2413 5665 ⁸
2448 5631 2669 5684 ἐκείνων
2695 5620 2758 5685 C.
2798 5620 2861 5684 Hd.
2897 5620 2965 5680 Μ’.
3027 5628 3069 5660 ¹⁶
3108 5620 3187 5682 ὅτι
3226 5630 3294 5683 τά
3322 5633 3377 5695 ἡ.
3415 5627 3669 5695 συλῶμεν,
3706 5620 3789 5673 καὶ

3069 5704 3165 5769 μου
3199 5714 3308 5769 οιιι.
3338 5695 3399 5753 L.
3426 5695 3671 5769 δεύῃ-αξη
3703 5704 3788 5769 εξ·

812 5755 1335 5845 ξ’ᾼέκκλησιασμθῆναι
1358 5755 1420 5826 ΚΪ
1637 5755 1647 5758 ν
1677 5755 1735 5807 Ῑθ-
2072 5755 2181 5827 οὐ).
2200 5755 2284 5845 ἧι.
2319 5788 2372 5841 p.
2408 5786 2459 5839 p.
2484 5769 2583 5845 τὴν
2616 5768 2785 5841 θύραν
2808 5771 2883 5826 id.
2961 5769 3002 5801 “
3022 5755 3103 5823 ὅτι
3135 5769 3163 5821 ὀ
3197 5768 3300 5844 ἐλ.]
3317 5772 3398 5823 ὅτι
3428 5765 3504 5821 ἐλ.
3534 5766 3595 5821 G.
3625 5755 3808 5829 611676

416 5835 473 5901 ὲὶ
498 5838 562 5897 H.
592 5838 656 5895 1..
691 5835 761 5893 Μ.
793 5839 822 5893 ὀ
851 5838 928 5894 ἐλ.
951 5835 1277 5897 ΚᾘΜράίιιὶη
1307 5843 1609 5914 lectionem,
1646 5835 1917 5912 prwbcnie
1939 5844 2047 5899 81m

2149 5883 2158 5896 .
2191 5835 2698 5912 189,'primulimus.'
