4076 6142
365 275 470 332 685

369 402 503 440 nem.
535 412 602 423 -
627 381 898 437 Adversus
924 393 1057 447 quos
1108 393 1236 448 ergo
1285 378 1458 447 primo
1501 376 1761 432 stabimus
1801 383 1857 430 et
1895 375 1982 429 a-'

369 481 504 535 ciem
537 476 902 533 instruemus?
929 474 1046 528 Non
1082 473 1211 527 satis
1260 472 1455 542 quippe
1503 481 1587 526 est
1625 471 1796 523 oratio
1851 483 1955 522 una

375 570 630 624 adversus
657 581 866 621 omnes.
911 565 1151 618 Vultisne
1190 579 1284 618 eos
1333 562 1703 631 aggrediamur
1745 560 1835 630 qui
1890 558 1956 612 de

373 663 710 731 cleemosyna
726 656 1066 726 gloriantur?
1097 655 1218 708 Mihi
1264 663 1409 709 certe
1439 654 1490 708 id
1531 661 1953 707 consentaneum

373 754 622 809 videtur:
657 767 778 806 nam
815 765 926 804 rem
959 749 1126 817 ipsam
1167 748 1320 801 valde
1342 747 1537 816 diligo,
1581 753 1636 799 et
1675 744 1957 799 labefacta-

375 858 481 902 tam
511 844 756 914 deploro,
816 852 870 897 et
893 841 1043 910 quasi
1094 839 1254 909 regia:
1301 839 1490 908 puella:
1534 836 1794 889 nutricem
1826 834 1957 888 iusi-

376 937 608 996 diantem
637 949 826 986 vanam
856 931 1078 1001 gloriam
1114 930 1326 993 habeo;
1360 928 1456 981 alit
1480 929 1674 997 quippe
1696 926 1860 991 illam,
1891 922 1959 978 ad

379 1027 756 1096 turpitudinem
802 1033 854 1078 et
894 1023 1146 1077 damnum
1176 1037 1270 1091 per
1295 1021 1618 1089 voluptatem
1672 1019 1910 1072 alliciens
1939 1057 1955 1082 ,

379 1133 433 1178 ct
477 1123 641 1194 patris
666 1124 810 1191 justa
855 1121 1134 1188 despicere
1176 1117 1394 1181 docens,
1430 1127 1485 1169 ut
1513 1115 1755 1169 scelestis
1783 1111 1962 1182 perdi-

380 1217 552 1286 lisque
573 1231 716 1284 saepe
749 1213 874 1267 viris
912 1215 1154 1282 placeat:
1206 1221 1424 1264 ornatus
1465 1208 1720 1263 adhibere
1742 1204 1959 1268 suadet,

379 1319 562 1379 turpes
589 1307 943 1376 infamesque,
976 1306 1162 1376 quales
1197 1305 1415 1368 exteris,
1449 1317 1555 1355 non
1587 1299 1720 1370 patri
1753 1299 1964 1368 placere

379 1401 601 1471 possint.
633 1402 745 1469 Age
766 1413 894 1469 ergo
924 1398 1020 1451 hos
1044 1395 1411 1466 aggrediamur
1429 1435 1445 1458 ,
1477 1405 1530 1447 et
1559 1395 1629 1446 sit
1654 1391 1958 1459 eleemosy-

381 1511 448 1550 na
478 1496 620 1564 large
643 1491 809 1547 ell'usa
833 1491 900 1546 ad
930 1490 1356 1545 ostentationem.
1374 1484 1633 1553 Sicigitur
1649 1483 1790 1538 illam
1806 1497 1834 1534 a
1850 1481 1965 1535 tha-

380 1589 520 1643 lamo
539 1596 758 1657 paterno
781 1583 976 1639 educit.
1006 1583 1165 1638 Pater
1211 1589 1389 1634 autem
1421 1578 1571 1648 jubet
1590 1591 1658 1630 ne
1687 1574 1750 1629 ad
1781 1573 1966 1628 dexte-

381 1695 497 1734 ram
521 1677 734 1748 quidem
759 1676 1029 1744 respicere
1059 1691 1072 1728 :
1098 1673 1183 1726 illa
1205 1685 1332 1727 vero
1361 1671 1591 1738 seipsam
1614 1666 1784 1722 servis
1803 1663 1965 1718 exhi-

383 1769 477 1824 bet
505 1784 568 1822 ac
597 1767 873 1836 quibusvis
913 1765 1251 1830 hominibus,
1300 1764 1392 1833 qui
1431 1777 1497 1816 ne
1523 1760 1704 1816 norint
1752 1757 1966 1827 quidem

384 1863 549 1918 illam.
585 1861 772 1915 Vidisti
821 1858 1157 1913 meretricem
1183 1867 1236 1911 et
1276 1857 1450 1910 lenam
1501 1853 1576 1908 ad"
1603 1850 1967 1922 improborum

388 1967 626 2006 amorem
681 1965 802 2006 sese
844 1950 1128 2004 dedentem
1155 1989 1170 2010 ,
1220 1954 1272 2001 ut
1292 1960 1390 2016 pro
1433 1944 1671 2016 ipsorum
1723 1940 1969 2011 cupidine

386 2057 508 2098 sese
537 2041 806 2097 exornet?
841 2039 935 2094 Vis
956 2039 1137 2094 videre
1158 2036 1425 2108 quomodo
1481 2050 1586 2089 non
1634 2031 1970 2087 meretricem

387 2132 581 2199 modo,
640 2132 733 2186 sed
788 2131 1040 2185 furiosam
1085 2129 1228 2183 illam
1282 2127 1512 2180 animam
1555 2123 1792 2179 reddat?
1842 2120 1972 2190 Ejus

387 2233 623 2279 mentem
649 2222 848 2278 edisce.
880 2222 1012 2276 Cum
1043 2221 1185 2276 enim
1228 2219 1360 2273 ca‘lo
1401 2218 1590 2272 relicto
1636 2222 1817 2268 currat
1853 2219 1974 2282 post

393 2315 645 2386 fugitivos
675 2323 728 2367 et
757 2328 948 2368 vernas
986 2327 1081 2380 per
1102 2311 1248 2364 vicos
1275 2317 1328 2364 et
1368 2307 1700 2377 angiportus,
1733 2303 1800 2358 ad
1827 2303 1973 2357 inse-

392 2405 635 2477 quendos
675 2405 816 2468 illos,
872 2404 959 2474 qui
989 2405 1156 2474 ipsam
1179 2403 1440 2465 oderunt,
1498 2410 1680 2468 turpes
1709 2412 1772 2452 ac
1800 2396 1976 2452 defor—

400 2512 514 2551 mes
543 2497 810 2560 homines,
837 2495 1016 2564 quine
1042 2493 1225 2548 videre
1264 2491 1475 2561 quidem
1527 2490 1695 2559 ipsam
1740 2487 1926 2542 volunt
1957 2527 1973 2552 ,

393 2587 484 2656 qui
531 2587 777 2656 quoniam
809 2586 889 2638 sui
919 2598 1105 2638 amore
1153 2592 1361 2650 captam
1401 2579 1604 2646 vident,
1633 2578 1860 2633 oderunt
1907 2577 1976 2630 i1-

396 2679 500 2732 lam
533 2695 547 2730 :
579 2678 705 2747 quid
727 2691 978 2746 umquam
1009 2675 1258 2728 furiosius
1283 2670 1475 2726 fuerit?
1497 2669 1708 2724 Nullum
1734 2669 1875 2723 enim
1905 2667 1985 2720 ita~

397 2769 625 2823 oderunt
653 2769 788 2822 bene
819 2767 992 2830 multi,
1026 2775 1082 2819 ut
1106 2780 1199 2819 eos
1230 2763 1322 2833 qui
1348 2776 1500 2816 suam
1541 2775 1697 2829 opem
1736 2766 1982 2828 quaerunt

407 2861 472 2914 ad
503 2861 721 2930 gloriam
768 2859 1078 2928 parandam.
1122 2857 1264 2911 Mille
1316 2867 1544 2923 namque
1581 2851 1983 2908 criminationes

401 2951 660 3007 adversus
689 2967 783 3006 eos
802 2951 1111 3020 confingunt
1137 2967 1149 3003 :
1184 2948 1520 3016 idipsumque
1548 2945 1606 2999 fit
1628 2985 1642 3009 ,
1686 2958 1750 2998 ac
1789 2943 1833 2997 si
1864 2943 1982 3012 quis

401 3041 660 3112 virginem
690 3044 827 3112 regis
857 3043 1044 3107 ﬁliam,
1073 3055 1138 3095 ex
1161 3040 1308 3109 regio
1339 3038 1474 3092 solio
1507 3036 1798 3105 dejectam,
1825 3034 1982 3104 jube-

403 3144 488 3190 ret
554 3135 942 3205 gladiatoribus
1001 3133 1173 3202 ipsam
1235 3129 1614 3187 aversantibus
1676 3142 1795 3183 sese
1857 3140 1986 3195 pro-

410 3227 654 3281 stituere.
681 3227 744 3280 l'li
770 3226 935 3291 enim,
957 3233 1153 3295 quanto
1170 3223 1339 3293 magis
1359 3221 1504 3292 ipsos
1525 3218 1843 3289 insequeris,
1864 3226 1984 3273 tan-

405 3327 464 3373 to
489 3318 660 3388 magis
687 3325 740 3371 te
767 3327 1118 3371 aversantur:
1177 3315 1318 3368 Deus
1355 3324 1553 3378 autem,
1576 3321 1774 3382 quanto
1822 3312 1989 3381 majo-

406 3425 521 3464 rem
548 3409 617 3464 ab
638 3410 750 3478 ipso
778 3409 1000 3479 gloriam
1024 3408 1219 3478 quzeris
1247 3450 1262 3473 ,
1306 3415 1452 3461 tanto
1480 3405 1646 3475 magis
1669 3415 1721 3459 te
1749 3404 1910 3458 trahit
1936 3412 1991 3459 et

409 3501 610 3567 laudat,
644 3513 993 3570 magnamque
1024 3499 1116 3553 tibi
1163 3499 1465 3553 mercedem
1494 3498 1692 3552 tribuit.
1721 3496 1776 3552 Si
1819 3497 1992 3565 placet

408 3603 587 3648 autem
617 3601 670 3646 et
698 3593 911 3647 aliunde
939 3599 1196 3661 quantum
1235 3592 1303 3645 sit
1347 3591 1596 3645 damnum
1627 3589 1754 3644 illud
1787 3589 1994 3644 edisce-

411 3699 492 3749 re,
512 3682 725 3758 quando
767 3682 862 3737 das
886 3682 951 3736 ad
998 3682 1407 3737 ostentationem
1433 3689 1488 3736 ct
1519 3681 1725 3736 laudem
1754 3723 1767 3748 ,
1816 3689 1992 3735 tecum

412 3789 601 3847 reputa
635 3785 863 3848 quantus
893 3777 984 3831 tibi
1011 3774 1166 3830 dolor
1190 3774 1409 3830 accedat
1438 3790 1453 3840 ;
1481 3783 1534 3829 et
1563 3790 1720 3844 quam
1751 3773 1995 3829 assiduus

414 3884 636 3935 mmror,
665 3868 880 3923 Christo
911 3867 1002 3922 tibi
1031 3868 1321 3938 inspirante
1351 3883 1414 3922 ac
1435 3867 1664 3931 dicente,
1714 3867 1996 3923 Perdidisti

415 3975 633 4013 onmem
663 3959 961 4014 mercedem
993 3968 1133 4012 tuam
1159 3959 1178 4031 (
1206 3959 1395 4014 Matth.
1421 3959 1474 4014 6.
1502 3959 1591 4029 Ξ).
1625 3958 1832 4029 Ubique
1863 3975 1996 4013 vana

415 4051 586 4119 gloria
613 4052 775 4116 mala,
806 4051 1044 4105 maxime
1070 4065 1201 4105 vero
1223 4050 1436 4120 quando
1462 4051 1825 4106 misericordia
1848 4050 1999 4106 exhi-

419 4145 596 4210 betur,
629 4145 679 4198 id
708 4145 848 4215 quod
877 4156 1114 4200 extrema
1132 4144 1420 4200 crudelitas
1441 4154 1542 4210 cst,
1559 4144 1770 4214 quando
1796 4145 1862 4200 de
1878 4145 2001 4199 alio-

425 4251 542 4290 rum
591 4236 890 4290 calamitate
933 4251 1052 4291 sese
1091 4236 1329 4302 extollit,
1387 4243 1442 4290 et
1485 4237 1634 4305 quasi
1686 4236 2002 4304 pauperibus

418 4328 729 4395 eXprobrat.
753 4326 884 4381 Nam
913 4327 956 4381 si
976 4341 1068 4381 sua
1092 4327 1292 4382 referre
1314 4327 1593 4391 beneﬁcia,
1624 4328 1676 4382 id
1713 4327 1998 4382 conviciari

421 4427 534 4475 est:
563 4419 628 4474 ad
655 4420 786 4474 alios
807 4420 1004 4474 multos
1031 4418 1118 4474 illa
1151 4419 1456 4486 traducere,
1484 4420 1608 4489 quid
1633 4434 1750 4474 esse
1765 4420 2003 4475 dixeris?

420 4512 700 4578 Quomodo
731 4525 858 4584 ergo
896 4513 996 4569 hoe
1045 4513 1242 4567 malum
1291 4513 1593 4582 fugiemus?
1645 4514 1699 4568 Si
1739 4513 2005 4568 discamus

419 4605 688 4675 quomodo
712 4605 957 4659 misereri
985 4613 1274 4675 Oporteat;
1326 4605 1371 4658 si
1417 4605 1820 4660 consideremus
1865 4621 2005 4676 quo-

420 4709 666 4750 rumuam
695 4695 918 4765 gloriam
963 4697 1272 4765 quaerimus.
1305 4697 1397 4752 Dic
1423 4697 1575 4762 mihi,
1625 4697 1744 4768 quis
1770 4698 2008 4752 eleemo-

419 4803 571 4858 syna:
602 4787 789 4842 artifex
815 4790 938 4843 est?
965 4789 1062 4856 Qui
1089 4805 1201 4844 rem
1232 4789 1374 4843 illam
1403 4789 1602 4855 docuit,
1636 4806 1828 4860 nempe
1844 4791 2006 4858 Deus,

423 4879 550 4948 quid
595 4879 721 4934 illud
754 4881 984 4935 maxime
1043 4883 1222 4948 novit,
1256 4891 1310 4937 et
1359 4883 1409 4936 in
1461 4883 1722 4936 infinitum
1770 4893 2004 4939 exercet.

422 4968 560 5036 Quid
592 4971 752 5039 ergo?
782 4972 826 5024 si
861 4972 1159 5040 palmstram
1194 4973 1427 5028 disceres
1447 5016 1461 5039 ,
1501 4973 1566 5028 ad
1619 4990 1752 5044 quos
1781 4976 2013 5044 respice-

423 5074 531 5123 res,
559 5077 624 5115 an
654 5062 719 5117 ad
748 5078 867 5117 eum
895 5064 983 5133 qui
1007 5065 1154 5119 olera
1177 5067 1380 5133 vendit,
1401 5078 1452 5121 et
1481 5068 1672 5135 pisces,
1703 5083 1769 5122 an
1798 5071 1862 5123 ad
1903 5085 2014 5139 pc-

427 5151 692 5207 dotribam
721 5152 925 5210 ?Certe
969 5158 1041 5211 illi
1071 5160 1218 5212 multi
1248 5169 1390 5224 sunt,
1433 5159 1517 5214 hic
1559 5177 1692 5215 unus
1720 5171 1821 5218 est.
1864 5163 1998 5230 Quid

426 5247 652 5314 ergo,si
679 5245 770 5301 illo
799 5257 848 5302 te
876 5248 1174 5304 admirante
1219 5252 1306 5304 alii
1353 5251 1672 5316 irriderent,
1730 5269 1907 5308 annon
1960 5267 2013 5310 ιιι

425 5349 549 5387 cum
576 5335 668 5388 illo
694 5338 840 5406 ipsos
872 5340 1168 5393 irrideres?
1213 5342 1347 5406 Quid
1378 5341 1423 5396 si
1465 5344 1757 5412 pugilatum
1809 5345 2018 5400 edisce-

427 5427 557 5482 res?
581 5443 758 5484 annon
784 5432 1032 5486 similiter
1057 5431 1123 5486 ad
1150 5448 1270 5486 eum
1299 5435 1617 5504 respiceres,
1648 5436 1736 5505 qtti
1767 5453 1828 5490 ea
1854 5437 1904 5490 in
1933 5452 2020 5491 ar-

428 5525 486 5571 te
510 5518 700 5574 doctor
717 5523 842 5577 est?
886 5523 941 5578 Si
972 5524 1156 5577 orandi
1203 5525 1434 5579 studium
1465 5527 1785 5596 susciperes,
1840 5541 2018 5582 annon

432 5613 667 5667 rhetoris
693 5613 876 5672 laudes
905 5618 1178 5687 cxcipcres
1205 5660 1219 5687 ,
1266 5620 1489 5679 aliorum
1516 5636 1644 5677 vero
1697 5630 2008 5678 contemne-

1341 265 1404 323 ΙΝ
1443 262 1850 321 ΜᾹΤἹῊᾸΞΒΜ
1891 263 2118 319 HOMIL.
2162 265 2342 322 LXXI.
2375 267 2449 321 al.
2490 265 2700 324 LXX".

3546 273 3651 329 666

2061 375 2486 444 res?Quomodo
2511 396 2640 451 ergo
2665 380 2955 436 absurdum
3000 397 3104 436 non
3151 381 3352 449 fuerit,
3415 384 3466 439 in
3524 386 3651 442 aliis

2073 466 2279 523 artibus
2302 469 2369 524 ad
2400 471 2676 527 doctorem
2707 480 2911 528 tantum
2934 475 3224 544 respicere,
3249 474 3336 531 hic
3356 490 3486 532 vero
3511 491 3646 532 con-

2063 559 2286 613 trarium
2333 560 2535 628 facere,
2563 565 2775 618 etiamsi
2810 581 2915 620 non
2948 581 3042 636 par
3069 568 3321 639 utrinque
3375 569 3447 623 sit
3479 569 3641 624 adam-

2061 652 2226 704 num?
2257 651 2329 708 lbi
2347 655 2512 720 enim,
2533 656 2574 710 si
2607 657 2674 712 ad
2701 659 2843 730 vulgi
2871 660 3143 729 placitum,
3175 677 3280 717 non
3301 661 3368 718 ad
3388 661 3646 729 doctoris.

2063 755 2285 810 pugnes,
2316 744 2368 798 in
2399 761 2572 817 pugna
2619 756 2790 804 totum
2835 751 3215 808 detrimentum
3253 763 3366 820 est;
3403 755 3489 809 hic
3518 769 3647 808 vero

2071 850 2126 888 tn
2161 835 2268 888 vita
2293 843 2514 888 aeterna.
2549 834 2861 892 Secundum
2893 838 3322 893 misericordiam
3356 838 3554 893 similis
3574 851 3640 893 en

2073 926 2182 982 Deo
2205 945 2218 982 :
2241 939 2358 982 esto
2388 927 2552 995 igitur
2579 929 2653 981 illi
2681 929 2903 995 similis,
2940 931 3358 986 ostentationem
3390 932 3639 988 vitando.

2066 1015 2286 1072 Dicebat
2307 1018 2452 1074 enim
2481 1019 2571 1075 ille
2596 1034 2718 1075 cum
2749 1029 3007 1085 curaret,
3040 1020 3239 1074 nemini
3284 1029 3344 1074 ut
3383 1019 3648 1074 dicerent.

2064 1109 2168 1162 Sed
2203 1110 2284 1164 vis
2311 1111 2621 1166 misericors
2643 1110 2783 1180 apud
2809 1111 3053 1166 homines
3070 1111 3290 1166 vocari?
3335 1110 3471 1179 Quid
3525 1109 3651 1164 inde

2066 1199 2244 1253 lucri?
2299 1200 2441 1255 Nihil
2495 1203 2708 1272 utique,
2751 1203 2845 1257 sed
2887 1202 3140 1257 damnum
3210 1202 3496 1257 infinitum.
3546 1201 3653 1271 Ipsi

2067 1301 2230 1357 enim,
2260 1311 2397 1365 quos
2421 1296 2486 1350 ad
2514 1297 2876 1351 testimonium
2904 1311 3084 1361 vocas,
3108 1296 3251 1351 fures
3279 1306 3406 1350 sunt
3437 1295 3654 1349 thesau-

2068 1404 2248 1443 rorum
2277 1389 2328 1442 in
2355 1390 2502 1444 caelis
2548 1391 2940 1459 repositorum;
2986 1392 3092 1444 imo
3123 1408 3227 1444 non
3257 1390 3370 1456 illi,
3413 1388 3508 1444 sed
3559 1403 3658 1442 nos

2071 1480 2170 1548 ipsi
2198 1481 2287 1549 qui
2320 1488 2501 1535 nostra
2533 1481 2686 1535 nobis
2717 1481 2980 1546 furatnur,
3005 1491 3058 1538 et
3080 1497 3198 1552 quae
3217 1482 3268 1536 in
3300 1481 3432 1536 cado
3482 1481 3656 1551 posita

2071 1581 2196 1627 sunt
2227 1572 2568 1643 dissipamus.
2616 1572 2661 1629 Ο
2715 1590 2904 1630 novam
2957 1576 3345 1630 calamitatem!
3379 1589 3413 1629 ο
3441 1583 3659 1643 stupen-

2072 1664 2198 1719 dum
2225 1667 2505 1720 morbum!
2538 1666 2638 1724 Ubi
2673 1669 2814 1722 tinea
2843 1682 2949 1722 non
2998 1667 3288 1722 demolitur
3313 1709 3329 1734 ,
3375 1668 3463 1723 ubi
3515 1665 3661 1722 fures

2081 1772 2186 1810 non
2242 1757 2542 1823 eﬂ‘odiunt,
2589 1774 2723 1814 vana
2753 1759 2923 1828 gloria
2976 1759 3219 1828 dissipat.
3261 1759 3386 1814 Haec
3410 1758 3671 1813 esttiuca.

2074 1849 2308 1903 etclestis
2336 1849 2602 1915 thesauri,
2626 1849 2714 1905 hic
2744 1850 2831 1904 fur
2855 1850 3144 1920 opulentiae
3170 1850 3423 1915 cmlestis,
3454 1851 3543 1918 qui
3577 1850 3660 1904 di-

2075 1943 2233 1997 vitias
2264 1942 2384 1996 illas
2418 1951 2532 1998 tuto
2552 1944 2841 1999 collocatas
2879 1944 3094 2014 abripit.
3152 1943 3264 1998 lloc
3316 1943 3494 1997 omnia
3543 1959 3666 2014 pes-

2076 2033 2286 2088 sumdat
2336 2043 2390 2088 et
2448 2034 2642 2106 perdit.
2693 2036 2825 2104 Quia
2895 2037 3036 2091 enim
3086 2037 3219 2090 vidit
3281 2035 3560 2100 diabolus,
3611 2045 3666 2090 et

2078 2123 2282 2178 furibus
2325 2136 2379 2180 et
2426 2126 2598 2181 vermi
2641 2126 2864 2193 aliisque
2914 2125 3119 2180 insidiis
3169 2127 3496 2180 inaccessum
3546 2138 3668 2178 esse

2078 2215 2251 2269 locum
2283 2215 2565 2286 illum,'per
2585 2232 2772 2271 vanam
2800 2215 3024 2287 gloriam
3045 2217 3258 2271 divitias
3279 2216 3396 2270 illas
3417 2215 3664 2284 subripit.

2151 2308 2205 2362 4..
2269 2307 2710 2374 Quemadmodum
2737 2308 2877 2364 Deus
2897 2310 2989 2363 sub
3005 2310 3230 2381 mysterii
3252 2310 3360 2363 velo
3383 2325 3530 2364 suam
3573 2308 3672 2360 mi-

2078 2397 2404 2450 sericordiam
2444 2397 2658 2469 largitur
2692 2409 2741 2452 et
2771 2399 3021 2471 signiﬁcat
3042 2441 3058 2466 ,
3083 2401 3154 2454 sic
3183 2416 3276 2453 nos
3304 2399 3668 2468 eleemosynam

2081 2498 2305 2542 nostram
2319 2490 2570 2543 occultare
2591 2490 2846 2545 debemus.
2874 2521 2946 2531 --
2971 2489 3076 2546 Sed
3107 2490 3291 2561 glorim
3315 2489 3538 2560 cupidus
3564 2502 3622 2543 cs
3647 2487 3672 2540 ’ἒ

2083 2581 2274 2635 Annon
2315 2582 2409 2636 tibi
2437 2584 2567 2637 satis
2598 2593 2679 2637 est
2719 2583 2808 2636 illa
2837 2597 2994 2652 quam
3023 2583 3092 2637 ab
3118 2583 3413 2652 accipiente
3461 2581 3624 2635 habes
3654 2620 3670 2642 ,

2083 2685 2113 2723 a
2142 2671 2523 2740 benignissimo
2540 2673 2674 2736 Deo,
2701 2673 2796 2726 sed
2823 2673 2982 2726 etiam
3009 2673 3232 2741 gloriam
3261 2671 3399 2741 apud
3429 2672 3675 2726 homines

2085 2764 2322 2831 qmeris?
2378 2762 2511 2818 Vide
2536 2780 2606 2818 ne
2649 2765 2976 2818 contrarium
3025 2764 3277 2834 patiaris;
3330 2779 3398 2818 ne
3441 2763 3561 2833 quis
3612 2772 3666 2816 te

2086 2854 2309 2909 damnet
2337 2856 2487 2925 quasi
2524 2870 2629 2910 non
2659 2858 3002 2911 miserantem
3032 2898 3047 2922 ,
3079 2856 3174 2911 sed
3205 2855 3362 2910 fastui
3413 2865 3468 2911 et
3509 2852 3678 2908 ambi-

2086 2947 2218 3004 tioni
2246 2946 2504 3013 deditum,
2533 2958 2692 3019 atque
2710 2950 2911 3003 alienas
2935 2949 3259 3003 calamitates
3291 2947 3674 3002 traducentcm.

2089 3041 2221 3097 Nam
2254 3042 2566 3112 mysterium
2598 3051 2679 3097 est
2707 3044 3071 3112 eleemosyna.
3095 3040 3294 3094 Claude
3315 3055 3444 3110 ergo
3461 3041 3675 3107 januas,

2091 3147 2159 3187 ne
2206 3131 2326 3202 quis
2371 3132 2459 3186 illa
2499 3132 2680 3187 videat
2729 3147 2850 3202 qua:
2903 3141 3174 3186 ostentare
3222 3129 3374 3186 nefas
3414 3139 3517 3184 est.
3566 3127 3680 3183 lloc

2091 3225 2289 3296 quippe
2318 3235 2441 3280 sunt
2471 3225 2701 3281 maxime
2722 3225 2974 3297 mysteria
3015 3233 3196 3279 nostra
3221 3265 3236 3291 ,
3270 3221 3633 3277 misericordia
3658 3229 3678 3288 ’,

2093 3327 2149 3373 et
2195 3319 2497 3389 benignitas
2555 3319 2691 3374 Dei:
2743 3334 2864 3372 nam
2913 3316 3204 3372 secundum
3256 3315 3680 3371 misericordiam

2095 3428 2245 3468 suam
2285 3428 2532 3483 magnam
2561 3428 2660 3468 nos
2681 3413 3093 3482 inobsequentes
3133 3411 3419 3464 miseratus
3461 3417 3562 3463 est.
3607 3407 3676 3462 Et

2095 3504 2266 3574 prima
2298 3504 2554 3573 precatio,
2579 3519 2736 3573 quam
2784 3519 2879 3571 pro
2899 3501 3272 3572 energumenis
3324 3499 3642 3555 adhibemus
3663 3541 3683 3568 ,

2098 3594 2480 3649 misericordia:
2521 3596 3033 3650 commemoratione
3081 3595 3239 3664 plena
3278 3602 3402 3658 est;
3451 3591 3684 3647 secunda

2099 3702 2330 3758 quoque,
2357 3703 2454 3757 pro
2477 3689 2540 3742 iis
2562 3689 2650 3758 qui
2678 3689 2731 3742 in
2756 3689 3066 3757 poenitentia
3088 3695 3234 3754 sunt,
3265 3688 3488 3741 multam
3518 3688 3683 3741 mise-

2099 3781 2385 3835 rieordiam
2432 3781 2692 3850 postulat:
2744 3781 2897 3836 tertia
2941 3781 3186 3845 demum,
3217 3794 3317 3848 pro
3346 3778 3500 3833 nobis
3536 3779 3686 3848 ipsis,

2102 3872 2281 3942 populi
2307 3871 2534 3926 infantes
2561 3872 2877 3926 innocentes
2905 3871 3142 3938 inducit,
3179 3871 3348 3926 Deum
3375 3869 3442 3925 ad
3475 3871 3688 3924 miseri-

2102 3963 2340 4017 cordiam
2372 3969 2744 4032 provocantes.
2777 3962 2908 4031 Quia
2931 3962 3074 4017 enim
3120 3975 3219 4016 nos
3261 3966 3480 4031 peccata
3504 3968 3689 4015 nostra

2103 4055 2441 4120 damnamus,
2470 4069 2568 4125 pro
2616 4054 2680 4108 iis
2704 4055 2791 4124 qui
2824 4055 3048 4108 multum
3079 4060 3392 4124 peccarunt,
3432 4056 3487 4106 et-
3528 4067 3689 4106 accu-

2106 4147 2213 4201 sari
2239 4146 2472 4210 debent,
2519 4159 2618 4200 nos
2663 4161 2982 4215 precamur:
3015 4161 3112 4215 pro
3141 4144 3298 4200 nobis
3341 4157 3471 4198 vero
3498 4133 3689 4212 'pucri,

2108 4251 2337 4308 quorum
2363 4237 2718 4307 simplicitatis
2749 4237 3044 4291 imitatores
3068 4251 3290 4306 regnum
3317 4235 3569 4291 emlorum
3591 4247 3690 4288 ex.

2108 4340 2337 4402 spectat.
2369 4330 2484 4402 Ipsa
2515 4331 2656 4386 enim
2688 4330 2938 4401 precandi
2981 4330 3152 4385 forma
3181 4329 3232 4384 id
3261 4328 3525 4384 ostendit:
3569 4342 3693 4382 nam

2108 4423 2382 4494 quiinstar
2398 4437 2692 4494 puerorum
2711 4425 2938 4478 humiles
2968 4431 3092 4477 sunt
3111 4431 3163 4477 et
3190 4421 3406 4488 sinceri,
3435 4420 3488 4474 hi
3517 4419 3690 4473 maxi-

2110 4533 2197 4573 me
2226 4525 2446 4586 possunt
2471 4531 2570 4586 pro
2596 4516 2702 4571 reis
2726 4515 2953 4586 precari.
2980 4515 3152 4584 Ipsum
3175 4513 3484 4583 mysterium
3524 4525 3696 4580 quan-

2112 4609 2578 4665 tmtnisericordiaa
2608 4649 2623 4674 ,
2676 4615 2888 4677 quantm
2945 4605 3286 4675 benignitatis
3331 4605 3401 4660 sit
3437 4603 3692 4674 plenum,

2119 4705 2296 4759 sciunt
2317 4703 2528 4757 initiati.
2557 4701 2626 4756 Et
2646 4710 2699 4755 tu
2723 4700 2901 4770 igitur,
2933 4713 3053 4753 cum
3074 4696 3278 4752 homini
3312 4697 3441 4752 facis
3460 4695 3696 4750 eleemo-

2115 4811 2301 4868 syuam
2323 4835 2337 4861 ,
2364 4793 2552 4849 claude
2573 4792 2788 4862 januam
2818 4799 2960 4844 tuam
2993 4807 3007 4845 :
3042 4789 3155 4858 ipse
3179 4789 3271 4857 qui
3297 4787 3522 4855 accipit,
3549 4785 3698 4840 solus

2116 4888 2312 4954 videat;
2336 4887 2444 4942 imo
2470 4886 2515 4941 si
2548 4883 2663 4938 fieri
2695 4883 2882 4953 possit,
2909 4882 3106 4952 neipse
3131 4880 3366 4951 quidem.
3397 4878 3453 4934 Si
3477 4878 3697 4950 ianuam

2117 4979 2344 5048 aperias,
2372 4977 2680 5048 mysterium
2705 4984 2848 5029 tuum
2875 4983 3129 5030 ostentas.
3152 4974 3334 5043 Cogita
3359 4987 3480 5027 cum
3499 4972 3697 5042 ipsum,

2119 5085 2147 5122 a
2178 5084 2284 5140 quo
2311 5069 2529 5140 gloriam
2553 5066 2760 5136 expetis
2782 5109 2797 5132 ,
2831 5075 2880 5120 te
2909 5065 3282 5120 damnatorum
3309 5079 3448 5118 esse.
3481 5064 3536 5119 Si
3568 5062 3703 5115 ami-

2121 5179 2214 5218 cus
2241 5165 2330 5226 sit,
2379 5171 2432 5217 te
2461 5162 2599 5231 apud
2630 5176 2688 5215 se
2713 5157 3115 5223 criminabitur;
3149 5158 3193 5212 si
3244 5158 3508 5222 inimicus,
3559 5154 3700 5223 apud

2123 5258 2258 5311 alios
2288 5264 2340 5309 te
2367 5255 2642 5319 traducet,
2689 5263 2741 5307 et
2762 5253 3030 5307 contraria
3071 5248 3163 5303 tibi
3211 5251 3498 5311 evenient,
3542 5261 3700 5316 quam

2121 5346 2484 5401 desiderabas.
2515 5344 2593 5398 Tu
2624 5345 2763 5398 enim
2801 5341 3079 5412 cupiebas,
3129 5349 3187 5392 ut
3246 5339 3358 5406 ipse
3403 5337 3605 5392 diceret
3653 5346 3704 5391 te

2123 5437 2524 5494 misericordem
2550 5453 2564 5503 ;
2612 5437 2700 5491 ille
2727 5449 2859 5490 vero
2891 5449 2995 5487 non
3025 5433 3126 5486 hoc
3148 5432 3321 5495 dicet,
3353 5429 3447 5484 sed
3480 5438 3531 5483 te
3553 5443 3704 5485 vana:

2124 5530 2307 5599 gloria:
2327 5528 2581 5595 cupidum
2608 5567 2622 5593 ,
2654 5540 2837 5580 auram
2869 5524 3144 5578 hominum
3169 5529 3473 5592 captantem
3519 5519 3704 5588 appela

2129 5621 2276 5686 labit,
2305 5619 2512 5690 aliaque
2538 5618 2779 5688 graviora
2810 5615 3042 5687 adjicict.
3073 5615 3162 5671 Siti
3193 5612 3538 5671 occultaveris
3565 5655 3578 5679 ,
3610 5611 3691 5665 his
