4076 6142
440 294 542 352 669

435 413 640 465 siileres
659 408 817 464 velim
833 446 849 470 .
877 406 1149 478 quomodo
1172 407 1379 465 crimen
1415 417 1628 478 augeat.
1653 407 1836 478 Neque
1857 413 2003 464 enin.

430 505 586 567 dixit,
606 502 720 558 Non
740 509 987 572 possunt,
1003 499 1120 566 sed,
1138 501 1373 555 Nolunt:
1388 516 1563 572 neque
1583 502 1739 567 dixit,
1763 503 2004 566 Portare,

431 598 545 660 sed,
572 594 752 665 Digito
768 610 988 660 movere,
1014 594 1190 658 idest,
1209 608 1309 648 nec
1331 608 1494 663 prope
1518 595 1801 672 accedere,
1827 607 2006 668 neque

437 696 672 754 tangere.
714 685 818 741 Sed
863 685 1075 740 ubinam
1117 684 1336 739 studiosi
1372 692 1425 738 et
1450 685 1732 753 diligentes
1759 680 1925 734 sunt?
1950 681 2005 734 In

434 779 713 849 prohibitis
738 794 753 842 ;
782 793 901 832 nam
927 778 1002 832 ait
1028 795 1042 828 :
1074 777 1128 832 5.
1162 777 1349 829 Omnia
1375 775 1507 841 enim
1522 791 1674 842 opera
1689 789 1780 828 sua
1792 774 2007 845 faciunt,

432 879 489 922 ut
533 869 794 921 videantur
834 868 898 921 ab
934 866 1232 920 hominibus.
1260 865 1432 920 Inanis
1458 865 1643 937 gloria:
1666 865 2007 934 cupiditatem

432 974 615 1012 eorum
665 956 748 1010 his
778 956 1033 1023 traducit,
1060 970 1164 1026 qua
1192 957 1479 1024 perierunt.
1511 955 1689 1009 Priora
1717 954 1859 1009 enim
1882 969 2005 1008 cru-

431 1047 661 1102 delitatis
698 1058 749 1102 et
791 1047 1007 1101 desidia:
1051 1058 1237 1110 erant,
1286 1045 1401 1100 hinc
1428 1056 1603 1100 autem
1631 1046 1800 1099 inanis
1825 1043 2008 1113 gloria:

432 1139 754 1207 cupiditatis.
801 1138 912 1192 Hoc
955 1137 1075 1191 illos
1120 1152 1150 1189 a
1194 1138 1302 1191 Deo
1328 1138 1591 1192 removit:
1620 1136 1722 1191 hoc
1750 1135 1924 1190 effecit
1952 1141 2009 1188 ut

433 1230 486 1284 in
528 1229 632 1283 alio
674 1228 879 1282 theatro
920 1235 1318 1292 concertarent,
1359 1237 1412 1282 et
1456 1228 1710 1296 perirent.
1741 1225 1873 1283 Nam
1897 1224 2007 1279 suis

434 1321 821 1390 spectatoribus
857 1320 1078 1389 quisque
1110 1318 1319 1389 placere
1340 1318 1519 1375 studet
1545 1335 1640 1389 per
1659 1318 2007 1374 certaminum

434 1413 738 1482 qualitatem
768 1429 781 1464 :
813 1412 900 1481 qui
927 1423 1051 1467 ante
1073 1413 1214 1466 viros
1243 1424 1488 1467 strenuos
1518 1420 1716 1482 pugnat
1746 1411 1863 1466 talia
1890 1422 2006 1465 stu-

435 1501 525 1557 det
551 1503 837 1557 certamina
860 1503 1094 1568 reierre;
1124 1503 1211 1575 qui
1238 1519 1366 1558 vero
1394 1514 1518 1559 ante
1539 1504 1753 1559 timidos
1776 1514 1831 1559 et
1858 1505 2006 1575 igna-

434 1607 563 1658 vos,
615 1592 728 1660 ipse
773 1608 982 1663 quoque
1012 1593 1232 1663 ignavus
1260 1593 1505 1650 efﬁcitur.
1538 1594 1696 1649 Verbi
1724 1595 1887 1665 gratia
1913 1632 1928 1657 ,
1960 1594 2008 1648 si

436 1682 555 1752 quis
583 1691 931 1751 spectatorem
959 1681 1154 1737 habeat
1177 1683 1341 1737 risqu
1372 1694 1635 1738 amantem
1654 1726 1670 1752 ,
1697 1684 1861 1737 risum
1891 1685 2008 1752 ipse

438 1782 648 1836 movet,
696 1780 748 1827 ut
796 1782 1147 1841 Spectatorem
1189 1773 1455 1840 delectet;
1488 1775 1626 1829 alios
1654 1774 1741 1845 qui
1775 1773 2003 1843 philoso-

435 1860 595 1930 phum
642 1873 696 1917 et
739 1863 1032 1917 studiosum
1060 1863 1218 1921 habet
1243 1874 1594 1933 spectatorem
1615 1906 1631 1932 ,
1666 1866 1784 1919 talis
1809 1874 1863 1920 et
1893 1865 2007 1934 ipse

435 1951 569 2005 ellici
609 1960 789 2016 curat,
821 1955 938 2022 quia
970 1954 1091 2007 talis
1121 1963 1203 2008 est
1227 1954 1492 2008 laudantis
1513 1956 1741 2009 animus.
1766 1954 1863 2010 I‘Iic
1890 1971 2007 2009 ror-

432 2056 549 2095 sum
598 2042 712 2095 vide
756 2044 1022 2112 quomodo
1063 2044 1264 2098 crimen
1308 2044 1613 2114 ampliﬁcet.
1656 2045 1837 2116 Neque
1863 2045 2003 2099 enim

432 2131 532 2184 alia
577 2131 652 2186 sic
672 2174 686 2196 ,
718 2132 820 2186 alia
842 2149 967 2187 vero
994 2150 1098 2187 non
1126 2136 1203 2189 sic
1232 2134 1461 2201 faciunt;
1493 2135 1585 2190 sed
1613 2137 1790 2192 omnia
1817 2135 2007 2191 simili-

435 2231 533 2274 ter.
584 2222 779 2277 Deinde
828 2233 1107 2295 postquam
1154 2243 1301 2282 vana:
1348 2228 1535 2298 gloria:
1579 2229 2002 2284 criminationem

432 2311 561 2380 ipsis
605 2312 907 2379 obtulerat,
952 2323 1212 2369 monstrat
1253 2331 1347 2370 eos
1372 2331 1476 2371 non
1506 2317 1571 2371 de
1602 2323 1804 2387 magnis
1830 2328 1883 2373 et
1910 2334 2002 2373 ne-

432 2403 677 2456 cessariis
722 2403 935 2472 gloriari
981 2403 1132 2476 (nihil
1179 2409 1321 2461 enim
1368 2408 1473 2461 tale
1516 2405 1817 2473 habebant;
1851 2418 2003 2464 erant

431 2494 623 2562 quippe
668 2493 819 2549 bouis
856 2497 1103 2564 cperibus
1146 2512 1365 2566 prorsus
1406 2499 1555 2553 vacui
1579 2498 1620 2568 ),
1660 2500 1754 2554 sed
1805 2499 1872 2555 de
1909 2498 2003 2554 fri-

433 2584 567 2653 gidis
602 2592 658 2639 et
702 2585 770 2641 de
813 2588 1045 2641 minimis
1087 2589 1247 2643 rebus
1296 2589 1350 2655 ⁸,
1395 2604 1513 2659 qua:
1558 2600 1712 2644 erant
1753 2592 2000 2661 nequitiac

432 2679 638 2732 illorum
670 2679 880 2733 indicia.
913 2678 1140 2733 Dilatant
1170 2682 1303 2735 enim
1329 2682 1637 2752 pltylactcria
1661 2700 1773 2749 sua,
1800 2684 1998 2753 inquit;

430 2776 476 2820 et
497 2768 817 2837 magni/ierint
835 2768 1057 2835 ﬁmbrias
1074 2771 1471 2824 vestimentOrum
1491 2789 1719 2826 suorum.

497 2855 823 2927 Phylacteria
866 2861 985 2928 quid
1030 2872 1209 2915 essent.
1239 2893 1310 2905 ---
1348 2864 1522 2934 Ecqua
1549 2875 1672 2919 sunt
1703 2866 1786 2919 illa
1812 2865 2001 2937 phyla-

425 2947 589 3001 cteria
610 2986 626 3013 ,
669 2963 786 3017 qua:
816 2948 1080 3004 limbrirc‘?
1105 2951 1236 3019 Quia
1269 2968 1411 3023 stupe
1437 2954 1880 3011 obliviscebantur
1911 2956 2003 3011 be-

427 3035 733 3092 neﬁciorum
766 3039 877 3104 Dei,
902 3040 1060 3109 jussit
1087 3045 1138 3095 in
1170 3043 1403 3099 minima:
1430 3045 1746 3101 molislihris
1772 3048 1999 3101 describi

426 3131 675 3185 miracula
717 3133 918 3201 ipsius,
968 3142 1021 3189 et
1063 3137 1289 3205 appendi
1318 3139 1559 3193 manibus
1588 3154 1793 3193 eorum.
1825 3141 1999 3207 Quare

424 3220 557 3275 dixit
596 3242 610 3276 :
663 3221 770 3276 Nec
818 3226 1197 3279 removebuntur
1235 3228 1298 3281 ab
1323 3229 1481 3282 oculis
1507 3231 1605 3283 tuis
1632 3228 1808 3302 (Deut.
1838 3233 1889 3287 6.
1919 3229 1995 3302 8).

422 3315 553 3382 Quae
598 3316 950 3387 phylacteria,
995 3322 1145 3389 quasi
1188 3321 1335 3375 dicas
1377 3324 1811 3390 conservatoria‘,
1841 3339 1998 3378 voca-

422 3407 642 3473 bantur,
676 3416 732 3461 ut
767 3409 946 3463 multze
987 3426 1128 3464 nunc
1166 3412 1419 3467 mulieres
1456 3413 1729 3484 evangelia
1764 3429 1830 3468 ex
1858 3414 1997 3469 collo

423 3497 705 3566 pendentia
750 3499 945 3554 habent
969 3518 984 3567 ;
1012 3510 1066 3556 et
1093 3510 1151 3556 ut
1176 3502 1389 3558 aliunde
1420 3504 1471 3557 in
1499 3507 1810 3559 memoriam
1837 3506 1997 3560 redu-

422 3600 647 3654 cantur,
690 3588 742 3643 id
789 3590 930 3660 quod
974 3591 1123 3646 multi
1148 3607 1291 3662 saepe
1333 3593 1569 3661 faciunt,
1616 3595 1895 3651 oblivionis
1918 3596 1997 3650 vi-

424 3677 598 3732 tanda:
617 3693 773 3733 causa
802 3680 908 3734 lino
933 3690 1023 3735 aut
1050 3680 1137 3735 ﬁlo
1158 3682 1377 3753 digitum
1405 3684 1629 3754 ligantes
1646 3725 1662 3751 ,
1690 3686 1790 3741 hoc
1814 3687 1917 3742 illis
1941 3696 1998 3741 ut

426 3771 603 3840 pueris
642 3772 778 3826 Deus
815 3771 991 3828 facere
1017 3775 1285 3844 praecepit,
1310 3775 1702 3846 hyaeinthinam
1732 3779 1914 3834 vittam
1943 3781 1994 3834 in

424 3875 520 3915 ora
547 3864 707 3917 vestis
730 3863 869 3917 circa
899 3864 1063 3933 pedes
1093 3879 1307 3921 assuere
1336 3866 1523 3935 (Num.
1554 3869 1642 3922 I5.
1667 3869 1758 3939 58)
1784 3910 1799 3934 ,
1829 3881 1882 3924 ut
1911 3871 1996 3925 his

422 3955 657 4008 animum
683 3955 996 4010 adhibentes
1027 3968 1411 4027 prmceptorum
1433 3960 1843 4016 recordareutur
1865 3978 1878 4027 ;
1904 3976 1995 4016 vo-

421 4044 781 4115 eabanturque
824 4047 1065 4102 ﬁmbriae.
1106 4049 1163 4104 In
1209 4048 1290 4105 his
1318 4065 1443 4120 ergo
1470 4051 1692 4106 studiosi
1717 4061 1902 4119 erant,
1933 4054 1995 4107 li-
2046 4113 2054 4123 ,

421 4135 606 4203 gacula
646 4136 903 4190 librorum
944 4138 1290 4194 extendentes
1314 4180 1329 4205 ,
1376 4149 1429 4195 et
1471 4142 1707 4198 ﬁmbrias
1747 4145 1877 4198 latas
1920 4144 1995 4200 fa-

421 4226 623 4280 cientes
646 4243 660 4291 ;
688 4227 828 4296 quod
857 4229 1027 4285 inanis
1056 4231 1237 4301 gloria:
1262 4244 1557 4289 extremum
1578 4245 1711 4290 erat.
1736 4235 1844 4290 Cur
1867 4253 1995 4307 ergo

423 4316 511 4369 illa
541 4317 819 4374 ambitiose
839 4319 1125 4375 extendis?
1147 4336 1213 4376 an
1241 4321 1293 4378 id
1319 4324 1438 4378 boni
1460 4328 1636 4394 operis
1659 4328 1774 4382 loco
1796 4327 1996 4383 habes?

423 4422 549 4461 num
577 4409 701 4477 quid
728 4410 818 4465 tibi
849 4421 1100 4479 prosunt,
1131 4414 1232 4468 nisi
1275 4415 1397 4470 hinc
1424 4417 1547 4485 quid
1591 4419 1853 4475 lucreris?
1877 4421 1991 4477 Non

420 4500 563 4552 enim
606 4500 797 4566 qumrit
824 4501 963 4555 Dens
990 4511 1045 4557 ut
1072 4504 1159 4558 illa
1182 4507 1436 4562 extendas
1469 4517 1519 4562 et
1547 4511 1837 4579 ampliﬁces
1858 4553 1872 4577 ,
1899 4513 1992 4568 sed

423 4597 479 4642 ut
504 4590 698 4644 eximia
720 4604 879 4660 opera
895 4594 1278 4660 ejusmemoria
1304 4606 1502 4654 teneas.
1525 4600 1674 4666 Quod
1703 4604 1744 4657 si
1766 4603 1834 4658 de
1848 4605 1992 4661 elec-

422 4696 641 4754 mosyna
670 4690 725 4737 et
744 4682 966 4752 jejunio,
997 4700 1115 4756 qua:
1139 4688 1399 4743 laboriosa
1419 4700 1543 4745 sunt
1572 4702 1624 4746 et
1650 4695 1782 4748 bona
1807 4712 1987 4765 cpera,

423 4784 525 4824 non
556 4771 676 4825 licet
696 4773 908 4841 gloriari
940 4795 954 4830 :
984 4791 1080 4830 cur
1099 4784 1151 4831 tu
1171 4778 1256 4832 illa
1281 4789 1548 4847 ostentas,
1572 4800 1604 4836 ο
1631 4784 1845 4853 Iudaee,
1876 4804 1993 4857 qua:

423 4859 680 4915 desidiam
706 4872 848 4917 tuam
872 4867 1102 4921 maxime
1126 4871 1389 4937 arguunt?
1413 4872 1488 4925 Illi
1512 4889 1637 4928 vero
1666 4892 1769 4930 non
1792 4878 1855 4930 ad
1880 4877 1993 4933 lucc

419 4952 592 5004 Solum
612 4992 629 5018 ,
651 4953 743 5007 sed
776 4963 830 5007 et
855 4955 922 5009 ad
942 4957 1045 5011 alia
1070 4959 1269 5012 minora
1298 4963 1539 5016 morbum
1568 4982 1720 5020 suum
1748 4972 1994 5026 extende-

419 5041 568 5095 bant.
593 5042 649 5098 6.
676 5044 861 5100 Amant
893 5050 1043 5111 enim,
1083 5051 1281 5120 inquit,
1312 5055 1498 5121 primos
1526 5061 1780 5115 accubitus
1810 5065 1860 5116 in
1889 5081 1990 5118 cae-

418 5133 528 5195 nis,
569 5145 618 5187 et
660 5136 847 5203 primos
888 5155 1144 5195 consessus
1182 5143 1556 5216 insynagogis,
1583 5151 1631 5204 7.
1662 5161 1707 5204 et
1729 5155 1994 5210 salutatio-

418 5237 507 5277 nes
544 5224 599 5278 in
641 5229 784 5296 foro,
827 5237 871 5281 et
897 5233 1064 5284 vocari
1092 5233 1153 5286 ab
1182 5236 1491 5307 hominibus,
1530 5240 1707 5296 Rabbi.
1742 5246 1864 5300 Ηιηο
1892 5251 1992 5304 etsi

419 5328 579 5381 parva
627 5319 906 5375 videantur
949 5339 1098 5389 esse,
1144 5328 1418 5396 grandium
1468 5342 1639 5387 tamen
1687 5350 1805 5392 sunt
1834 5356 1990 5395 causa

419 5407 702 5462 malorum.
749 5407 873 5466 Hinc
913 5421 963 5467 et
1005 5416 1243 5471 civitates
1289 5429 1341 5475 et
1373 5421 1636 5479 Eetlosias
1665 5440 1989 5487 everterunt.

420 5491 602 5566 Neque
649 5514 682 5554 a
729 5500 975 5574 laerymis
1018 5506 1285 5566 abstinere
1330 5530 1582 5586 possunt,
1631 5533 1751 5576 cum
1795 5524 1993 5593 primos

486 5646 505 5680 ⁸
532 5648 651 5705 Alii.
668 5653 731 5707 de
748 5655 889 5710 rebus
910 5656 1117 5712 minim‘s
1140 5668 1184 5714 et
1205 5663 1383 5718 nullius
1403 5668 1570 5730 pretii.

1373 290 1440 346 IN
1472 291 1888 351 MAT'I'IIIEUM
1925 290 2155 349 IIOMIL.
2194 291 2404 353 LXXII.
2447 296 2517 351 al.
2558 296 2790 354 LXXIII.

3196 376 3199 379 ν
3592 304 3694 362 ero

2114 410 2603 467 eonsessusaudio
2649 421 2702 466 et
2745 412 3124 481 salutationes,
3173 422 3229 472 et
3275 417 3450 489 cogito
3496 433 3692 492 quanta

2113 497 2238 553 hinc
2288 501 2426 554 mala
2472 502 2567 558 Dei
2616 502 2868 559 Ecelesiis
2916 505 3226 573 pariantur;
3257 523 3377 578 quae
3399 510 3509 579 jam
3542 512 3695 567 vobis

2110 590 2376 644 recenseri
2424 605 2557 658 opus
2602 608 2706 646 non
2758 602 2840 648 est
2871 611 2884 647 :
2917 596 3154 651 seniores
3187 599 3381 668 quippe
3407 600 3457 655 id
3482 616 3510 654 a
3540 603 3694 658 nobis

2111 676 2346 733 ediscere
2391 695 2494 734 non
2545 680 2761 737 debent.
2808 683 2886 738 Tu
2935 701 3063 740 vero
3109 690 3411 758 perpende,
3439 704 3695 763 quantum

2110 778 2255 825 esset
2299 770 2470 826 inanis
2521 772 2705 841 gloriae
2748 775 3015 844 studium,
3060 779 3148 833 ubi
3184 781 3506 848 jubebantur
3546 784 3691 839 illam

2111 857 2333 929 fugere;
2382 861 2436 914 in
2484 864 2768 933 synagogis
2798 882 3018 937 nempe,
3050 868 3136 922 ubi
3163 872 3297 927 alios
3324 873 3568 929 edoctum
3598 891 3694 931 ve-

2111 948 2350 1006 niebant.
2384 950 2439 1005 In
2469 953 2640 1007 ccenis
2664 954 2804 1008 enim
2837 956 2965 1011 illud
2992 958 3196 1015 admitti
3226 965 3391 1033 magis
3418 965 3692 1021 ferendum

2111 1040 2322 1093 videtur
2365 1056 2380 1094 :
2428 1057 2749 1113 quamquam
2798 1054 2853 1099 et
2891 1047 2996 1101 illic
3035 1049 3304 1105 doctorem
3331 1057 3537 1109 caneris
3560 1073 3695 1127 prte-

2110 1139 2255 1186 stare
2299 1147 2393 1202 par
2433 1144 2582 1202 erat,
2614 1151 2719 1191 non
2749 1137 2801 1192 in
2827 1139 3067 1195 ecclesiis
3093 1137 3292 1198 tantum
3316 1187 3332 1212 ,
3364 1148 3459 1203 sed
3488 1156 3545 1203 et
3574 1151 3693 1204 ubi-

2077 1220 2087 1227 ’
2111 1237 2235 1291 que.
2258 1224 2715 1289 Quemadmodum
2748 1229 2889 1283 enim
2918 1229 3112 1299 homo,
3143 1250 3476 1308 quocumque
3501 1240 3694 1297 inloco

2110 1323 2398 1381 appareat,
2429 1315 2637 1370 caeteris
2665 1319 3022 1376 animantibus
3051 1334 3302 1392 priestare
3324 1326 3689 1397 dignoscitur:

2110 1405 2189 1459 sic
2231 1404 2505 1461 doctorem
2533 1418 2586 1463 et
2612 1409 2917 1480 loquentem
2944 1421 2998 1467 et
3024 1422 3285 1471 tacentem
3303 1459 3318 1483 ,
3346 1429 3401 1474 et
3428 1421 3695 1490 pranden-

2112 1505 2217 1549 tem
2261 1505 2315 1550 et
2342 1497 2552 1566 quidvis
2587 1498 2900 1568 facientem,
2930 1505 3134 1561 caneris
3164 1518 3419 1577 praestare
3448 1526 3541 1580 par
3568 1523 3653 1569 est
3672 1556 3690 1582 ,

2087 1583 2164 1638 'in
2211 1584 2456 1653 incessu,
2508 1590 2559 1644 in
2612 1604 2861 1661 aspectu,
2902 1595 2952 1649 iu
2995 1595 3211 1667 habitu,
3256 1608 3311 1655 et
3339 1601 3392 1657 in
3421 1605 3692 1663 omnibus.

2112 1673 2190 1728 Illi
2230 1692 2358 1730 vero
2395 1678 2628 1749 undique
2677 1682 2884 1738 ridiculi
2914 1694 3100 1753 erant,
3129 1698 3182 1743 et
3210 1690 3442 1761 undique
3470 1702 3649 1764 turpes
3669 1738 3687 1763 ,

2088 1765 2229 1835 quia
2259 1768 2346 1821 illa
2378 1771 2624 1840 persequi
2664 1774 2987 1841 studebant,
3016 1793 3134 1847 qua:
3160 1778 3343 1850 fugere
3387 1786 3687 1853 oportebat.

2107 1857 2327 1924 Amant,
2375 1861 2576 1931 inquit;
2624 1864 2668 1917 si
2716 1878 2896 1920 amare
2939 1869 3138 1923 crimen
3174 1880 3290 1937 est,
3324 1871 3498 1931 facere
3522 1892 3691 1946 quan-

2112 1957 2220 2000 tmn
2265 1950 2404 2003 erit?
2453 1951 2539 2006 illa
2579 1954 2794 2022 venari,
2826 1966 2879 2010 et
2905 1959 3116 2029 assequi
3160 1963 3689 2036 stndere,‘quantum

2110 2039 2213 2090 erit
2242 2040 2435 2094 malum
2464 2044 2488 2092 ‘I

2180 2128 2233 2181 5.
2264 2126 2321 2183 In
2348 2132 2558 2187 crcteris
2584 2132 2799 2203 quidem
2824 2149 3076 2194 accusare
3104 2142 3231 2196 satis
3261 2141 3477 2212 habuit,
3505 2158 3689 2217 utpote

2109 2232 2227 2286 qua:
2273 2234 2433 2289 parva
2479 2233 2659 2279 essent
2704 2235 2758 2280 et
2801 2227 2958 2295 vilia,
3004 2245 3102 2286 nee
3149 2233 3407 2291 deberent
3442 2238 3689 2310 discipuli

2108 2311 2247 2364 circa
2297 2313 2383 2367 illa
2432 2316 2624 2386 corrigi
2682 2334 2697 2374 :
2746 2318 2885 2387 quod
2934 2330 3111 2377 autem
3159 2329 3397 2383 omnium
3425 2331 3687 2389 malorum

2107 2412 2267 2453 causa
2312 2412 2460 2470 erat,
2509 2409 2836 2477 principatus
2879 2427 3115 2468 amorem
3135 2455 3150 2476 ,
3180 2424 3236 2470 et
3261 2417 3518 2475 doctrina:
3543 2423 3688 2478 sedis

2090 2487 2437 2549 .invasiouem
2458 2536 2473 2561 ,
2525 2498 2656 2554 illud
2678 2543 2691 2566 ,
2745 2503 2956 2572 inquam
2979 2545 2994 2569 ,
3025 2504 3076 2558 in
3107 2507 3341 2562 medium
3372 2511 3640 2569 adducens
3667 2557 3684 2582 ,

2106 2583 2391 2653 diligenter
2429 2591 2696 2662 corrigere
2742 2597 2950 2662 studet,
2989 2597 3040 2650 in
3072 2597 3157 2653 his
3183 2600 3527 2658 vehementer
3553 2606 3685 2661 insi—

2107 2681 2274 2728 stens.
2303 2677 2438 2742 Quid
2468 2681 2607 2735 enim
2635 2683 2752 2736 ait?
2778 2686 2828 2739 8.
2872 2684 2972 2741 Vos
2999 2703 3115 2741 vero
3134 2689 3289 2744 nolite
3312 2695 3480 2747 vocari
3500 2694 3684 2752 Rabbi.

2108 2763 2240 2819 Hine
2279 2780 2435 2821 causa
2475 2770 2850 2843 subjungitur:
2883 2775 3028 2832 Unus
3067 2789 3139 2833 est
3167 2784 3299 2837 enim
3330 2784 3575 2857 Magister
3594 2804 3683 2843 ve-

2105 2862 2246 2920 ster;
2290 2871 2463 2912 omnes
2487 2871 2650 2914 autem
2677 2878 2763 2918 vos
2805 2865 2991 2933 fratres
3031 2870 3188 2938 estis;
3218 2888 3315 2928 nec
3346 2875 3481 2930 alter
3508 2879 3680 2933 altero

2107 2948 2441 3011 praestantior
2475 2960 2557 3005 est
2576 2992 2591 3016 ,
2617 2968 2736 3008 eum
2766 2957 2894 3011 nihil
2925 2974 2993 3014 ex
3022 2964 3198 3031 seipse
3224 2964 3434 3024 habeat.
3465 2968 3587 3026 Ideo
3610 2973 3683 3029 ait

2105 3032 2297 3089 Paulus
2341 3054 2357 3091 :
2411 3039 2534 3106 Quis
2582 3041 2778 3098 Paulus
2829 3062 2848 3101 :
2888 3054 2999 3120 quis
3032 3050 3259 3119 Apollo?
3298 3059 3410 3126 quis
3446 3059 3685 3131 Cap/tas?

2104 3139 2268 3177 nonne
2296 3128 2509 3184 ministri
2535 3133 2612 3199 (1.
2646 3134 2761 3189 Cor.
2797 3138 2849 3191 ὅ.
2879 3140 2933 3194 4.
2965 3141 3065 3210 5)?
3091 3143 3206 3199 Non
3225 3145 3375 3215 dicit,
3401 3128 3679 3210 Doctores.

2103 3214 2171 3269 Et
2216 3218 2406 3275 iterum
2453 3239 2469 3275 :
2514 3223 2566 3277 9.
2617 3225 2699 3280 Ne
2742 3232 2925 3285 vocetis
2955 3231 3160 3289 Patrem
3188 3250 3208 3292 :
3235 3253 3339 3294 non
3361 3214 3425 3295 ut
3450 3259 3554 3297 non
3580 3261 3680 3301 vo-

2103 3319 2255 3377 cent,
2304 3313 2398 3366 sed
2439 3324 2497 3369 ut
2532 3317 2703 3372 sciant
2740 3336 2895 3390 quem
2944 3328 3155 3393 proprie
3178 3328 3388 3387 Patrem
3415 3338 3683 3405 appellare

2088 3454 2093 3461 ,
2103 3414 2198 3467 par
2243 3401 2330 3457 sit.
2375 3403 2831 3471 Quemadmodum
2865 3414 3009 3469 enim
3036 3417 3224 3474 doctor
3254 3438 3359 3477 non
3387 3401 3468 3479 est
3487 3401 3683 3498 prioci-

2102 3502 2236 3557 pnus
2263 3491 2450 3548 doctor
2481 3512 2494 3548 :
2525 3497 2605 3551 sic
2631 3514 2802 3569 neque
2828 3512 2998 3571 pater.
3030 3505 3122 3562 Ille
3147 3510 3289 3565 enim
3318 3521 3374 3568 et
3399 3491 3679 3575 doctorum

2087 3588 2173 3634 .et,
2188 3591 2395 3650 patrum
2439 3588 2677 3643 omnium
2701 3605 2860 3647 causa
2887 3604 2991 3649 est.
3022 3595 3215 3655 Iterum
3246 3602 3517 3679 subjungit
3544 3626 3559 3662 :
3591 3611 3678 3666 10.

2103 3671 2215 3728 Nec
2240 3678 2481 3732 vocemini
2507 3683 2737 3751 magistri
2765 3701 2785 3738 :
2803 3702 2935 3742 unus
2960 3699 3033 3743 est
3055 3693 3188 3746 enim
3217 3695 3461 3766 Magister
3487 3702 3678 3766 vester'.

2103 3761 2351 3820 Christus.
2393 3766 2502 3823 Nec
2525 3769 2687 3837 dicit,
2720 3773 2853 3843 Ego.
2880 3776 3029 3833 Sicut
3053 3782 3195 3835 enim
3227 3784 3277 3836 in
3308 3761 3676 3855 superioribus

2101 3853 2178 3906 sic
2205 3854 2433 3923 loquitur
2453 3898 2467 3921 ,
2501 3859 2639 3924 Quid
2664 3862 2799 3917 vobis
2819 3865 3013 3920 videtur
3035 3869 3099 3921 de
3119 3869 3320 3927 Christo
3344 3853 3554 3947 (Matth.
3584 3881 3675 3936 22.

2099 3943 2193 4013 42)
2215 3946 2238 3996 ?
2264 3961 2434 4016 neque
2459 3949 2621 4017 dicit,
2655 3951 2729 4007 De
2753 3970 2839 4009 me
2864 3974 2876 4010 :
2900 3956 2978 4011 sic
3002 3959 3178 4016 ethoc
3203 3943 3475 4022 loco.'Sed
3505 3969 3681 4026 liben-

2103 4040 2182 4087 ter
2214 4033 2300 4089 hic
2329 4035 2712 4108 interrogarem
2733 4085 2748 4111 ,
2777 4045 2903 4114 quid
2929 4046 3196 4118 dixerint,
3222 4055 3311 4123 qtti
3339 4072 3483 4127 δεῦρο
3507 4060 3632 4115 illttd
3657 4102 3677 4129 ,

2105 4124 2250 4179 Unus
2274 4134 2329 4180 et
2358 4125 2501 4182 Unus
2519 4170 2535 4197 ,
2562 4130 2701 4186 Patri
2730 4134 3041 4193 adscribunt
3066 4142 3187 4207 soli,
3218 4144 3284 4199 ad
3313 4124 3678 4219 contemptum

2102 4216 2390 4288 Unigeniti.
2441 4222 2630 4277 Annon
2664 4225 2821 4282 Pater
2846 4238 2929 4284 est
2957 4234 3253 4303 magister?
3278 4237 3478 4296 Omnes
3507 4216 3679 4298 faten-

2101 4317 2218 4375 tttr,
2269 4327 2532 4384 nemoque
2578 4320 2870 4388 negaverit.
2921 4323 3082 4395 Atqui
3133 4344 3308 4397 unus,
3356 4334 3558 4405 inquit,
3599 4347 3681 4392 est

2098 4410 2392 4470 prteceptor
2426 4414 2632 4474 vester,
2682 4407 2946 4466 Christus.
2994 4417 3065 4470 At
3106 4419 3245 4473 sicut
3277 4421 3517 4481 Christus
3544 4442 3682 4483 unus

2100 4504 2396 4563 prteceptor
2436 4497 2609 4553 dictus
2640 4516 2743 4554 non
2772 4505 3008 4561 excludit
3036 4508 3247 4566 Patrem
3281 4531 3295 4568 :
3325 4515 3401 4570 sic
3430 4519 3682 4586 magister

2097 4582 2271 4639 dictus
2314 4586 2473 4641 Pater
2517 4605 2622 4645 non
2646 4594 2882 4650 excludit
2907 4614 2936 4651 a
2964 4601 3276 4669 magistratu
3298 4582 3680 4665 Filiumilllud

2098 4676 2271 4744 enim,
2304 4676 2448 4732 Unus
2484 4689 2538 4734 et
2576 4680 2749 4749 Unus,
2784 4686 2848 4740 ad
2870 4686 3222 4745 differentiam
3253 4693 3522 4751 hominum
3551 4700 3683 4755 dici-

2098 4772 2185 4819 tur
2209 4807 2226 4832 ,
2277 4768 2706 4841 reliquarumque
2739 4786 3121 4835 creaturarum.
3153 4781 3283 4836 Cum
3313 4799 3439 4853 ergo
3462 4803 3678 4856 gravent

2097 4857 2246 4913 illum
2275 4862 2516 4918 morbum
2543 4864 2832 4933 depulisset
2858 4878 2913 4923 et
2941 4883 3201 4940 curasset,
3228 4875 3386 4932 docet
3409 4883 3681 4950 quomodo

2098 4949 2189 5005 ille
2219 4951 2500 5021 ell‘ugiatur
2541 4970 2635 5024 per
2659 4957 3033 5015 humilitatem.
3065 4949 3632 5039 Quamobremiadjicit
3660 4992 3680 5031 :

2098 5038 2186 5093 11.
2223 5040 2321 5104 Qui
2347 5051 2421 5095 est
2450 5049 2614 5113 major
2640 5058 2884 5113 uestrum,
2914 5052 2978 5105 sit
3001 5056 3232 5110 minister
3255 5070 3431 5115 vester.
3458 5038 3542 5117 η.
3582 5065 3682 5133 Qui

2096 5131 2228 5183 enim
2262 5148 2316 5186 se
2347 5135 2638 5190 excitaverit
2659 5179 2674 5201 ,
2719 5140 3107 5211 Itumiliabitur;
3132 5158 3179 5202 et
3202 5151 3288 5218 qui
3308 5167 3362 5204 se
3379 5131 3682 5209 humiliore-

2096 5223 2199 5285 rit,
2248 5225 2569 5280 exaltabitur.
2618 5229 2759 5284 Nihil
2803 5234 2944 5288 enim
2995 5239 3253 5293 modestia
3300 5247 3676 5312 przestantius;

2097 5311 2320 5384 ideoque
2363 5318 2497 5373 hanc
2540 5321 2792 5377 virtutem
2837 5324 3141 5395 frequenter
3187 5330 3289 5385 illis
3319 5336 3678 5392 commendat.

2097 5405 2161 5458 Et
2184 5408 2394 5476 quando
2414 5413 2663 5479 parvulos
2683 5414 2732 5466 in
2756 5416 2984 5470 medium
3008 5418 3311 5486 adduxit,et
3333 5440 3472 5479 nunc
3489 5430 3672 5494 etiam,

2095 5510 2158 5549 ac
2186 5512 2304 5551 cmn
2334 5499 2382 5552 in
2412 5512 2592 5557 monte
2620 5503 2970 5561 beatitudines
3006 5509 3252 5579 eﬂ’erret,
3288 5513 3413 5569 hinc
3439 5515 3669 5588 incepit:

2099 5585 2187 5640 hic
2214 5603 2340 5643 vero
2366 5591 2669 5658 superbiam
2702 5595 2957 5652 radicitus
2985 5600 3196 5666 evellit,
3229 5618 3348 5658 cum
3377 5605 3507 5661 dicit
3534 5585 3677 5675 :qui

2102 5679 2335 5733 humiliat
2384 5682 2626 5752 scipsum,
2665 5687 2965 5744 excitabitur
2992 5690 3141 5761 (Luc.
3178 5695 3260 5750 Η.
3294 5696 3403 5761 11).
3435 5698 3672 5755 Vidistin'
