4076 6142
425 301 523 360 671
1149 300 1205 356 S.
1244 295 1521 356 JOANNIS
1547 293 2021 352 CHRYSOSTOMI
2057 295 2372 356 ARCHIEP.
2413 302 2951 367 CONSTANTINOP.

425 425 695 496 quomodo
739 425 805 480 ad
845 421 1165 479 contrarium
1197 437 1263 477 ex
1285 419 1548 476 diametro
1574 417 1868 473 auditorem
1901 415 2004 469 im-

428 516 634 587 pellat?
679 517 858 586 Neque
894 530 1034 570 etum
1061 512 1234 568 solum
1265 511 1484 582 impedit
1507 511 1765 583 primatus
1791 520 2006 573 amare,

425 609 520 662 sed
547 618 599 663 et
623 619 856 663 extrema
883 604 1030 676 sequi
1052 604 1224 672 jubet.
1256 603 1343 658 Sic
1363 603 1502 657 enim
1520 609 1694 671 optata
1711 613 2008 667 conseque-

424 701 534 764 ris,
565 701 750 769 inquit.
794 696 916 752 Ideo
945 705 1156 766 oportet
1182 712 1301 750 cum
1322 738 1338 765 ,
1368 696 1456 766 qui
1484 695 1775 766 primarum
1803 693 2005 748 sedium

423 790 767 859 cupiditatem
823 787 1019 859 pellit,
1077 798 1376 842 extremum
1427 789 1669 842 ordinem
1727 796 2003 856 appetere.

421 881 553 936 Nam
586 879 687 946 Qui
709 897 761 934 se
787 880 1124 932 humiliavcrit
1144 921 1159 943 ,
1186 879 1509 933 excitabitur.
1541 879 1606 932 Et
1631 877 1718 932 ubi
1748 877 1883 932 hanc
1909 878 2008 933 hu-

423 973 704 1028 militatem
748 972 1123 1041 reperiemus?
1154 969 1394 1026 Vultisne
1439 987 1649 1026 rursum
1697 973 1749 1026 in
1795 975 2004 1030 virtutis

418 1065 686 1119 civitatem
734 1079 958 1130 eamus,
1009 1073 1312 1118 sanctorum
1368 1064 1746 1132 tabernacula,
1795 1077 2004 1122 montes

418 1156 559 1220 dico,
591 1165 751 1226 atque
775 1156 978 1210 saltus?
1004 1156 1076 1210 lbi
1103 1173 1328 1228 namque
1356 1159 1636 1214 sublimem
1666 1162 1808 1216 illam
1832 1163 2006 1220 humi-

420 1247 624 1302 litatem
670 1247 1015 1316 reperiemus.
1068 1248 1324 1303 Homines
1365 1252 1560 1321 quippe
1581 1293 1597 1318 ,
1631 1254 1718 1324 qui
1745 1255 1826 1310 vel
1856 1271 1885 1309 a
1914 1257 1998 1311 di-

417 1342 652 1411 gnitate,
683 1342 767 1396 vel
813 1357 841 1395 a
870 1342 1070 1396 divitiis
1100 1345 1367 1413 conspicui
1401 1356 1552 1401 erant
1574 1389 1587 1412 ,
1621 1349 1851 1419 undique
1879 1366 2000 1408 sese

391 1426 751 1502 'deprimuut,
793 1448 823 1486 a
853 1443 998 1490 veste
1017 1475 1032 1499 ,
1061 1450 1091 1489 a
1121 1435 1308 1502 domo,
1337 1453 1368 1491 a
1395 1438 1720 1505 ministerio,
1751 1451 1909 1512 atque
1933 1459 1998 1498 ex

396 1525 501 1580 "his
543 1527 790 1582 omnibus
829 1528 976 1598 quasi
1005 1527 1170 1583 literis
1201 1529 1549 1585 humilitatem
1575 1531 1996 1602 descripserunt.

415 1617 545 1684 Quae
568 1633 694 1672 vero
731 1617 796 1672 ad
825 1620 1125 1688 superbiam
1154 1622 1474 1687 incendunt,
1507 1625 1730 1677 vestium
1759 1626 2000 1695 magnifi-

414 1713 624 1774 centia,
671 1711 892 1767 aulilicia
936 1714 1208 1782 splendida
1240 1754 1256 1778 ,
1304 1715 1622 1770 famulorum
1673 1718 1995 1785 multitudo,

418 1818 536 1871 qua:
567 1802 648 1856 vel
677 1802 870 1858 invitos
911 1819 1055 1874 stcpc
1088 1805 1139 1858 in
1169 1807 1472 1874 superbiam
1504 1808 1828 1878 conjiciunt;
1859 1810 1992 1876 lucc,

413 1895 663 1964 inquam,
717 1895 893 1950 omnia
939 1897 1082 1951 illinc
1127 1897 1333 1953 sublata
1373 1908 1514 1953 sunt.
1561 1899 1637 1954 llli
1689 1901 1786 1969 ipsi
1819 1902 1994 1972 ignem

409 1987 709 2042 acccmluut
730 2027 744 2050 ,
795 1987 932 2058 ligna
961 1998 1145 2043 secant
1169 2029 1184 2054 ,
1211 2001 1443 2059 coquunt
1463 2032 1479 2056 ,
1514 1992 1807 2061 h03pitibus
1834 1995 1994 2048 mini-

409 2089 601 2135 strant.
640 2079 918 2135 Neminem
962 2081 1068 2136 illic
1095 2083 1539 2138 coutumcliosmu
1571 2087 1757 2140 audire
1781 2087 1993 2142 coutin-

408 2171 516 2239 git,
551 2185 721 2239 neque
741 2173 1078 2228 contumeliis
1104 2174 1351 2228 allectum
1378 2175 1559 2230 videre
1581 2218 1595 2242 ,
1621 2178 1886 2232 neminem
1907 2181 1992 2234 etti

411 2265 784 2333 praecipiatur,
827 2265 1095 2320 nemiuem
1143 2268 1542 2336 prmcipicutent
1602 2287 1616 2323 :
1666 2271 1760 2325 sed
1804 2287 1992 2327 omnes

410 2356 635 2410 ministri
685 2366 841 2423 sunt,
882 2357 1075 2426 singuli
1125 2359 1392 2429 hospitum
1441 2362 1602 2431 pedes
1635 2363 1891 2430 abluunt,
1937 2374 1993 2419 et

407 2464 598 2518 magna
641 2449 740 2503 hac
767 2450 816 2504 iu
847 2467 904 2505 re
941 2459 1024 2505 est
1047 2455 1373 2506 concertatio
1410 2455 1449 2506 ί.
1481 2454 1533 2508 ltl
1561 2470 1720 2524 porro
1751 2456 1988 2523 faciunt,

410 2555 514 2594 nou
563 2541 891 2608 inquirentes
935 2543 1054 2611 quis
1097 2544 1199 2607 sit,
1245 2560 1311 2599 an
1344 2561 1532 2602 servus
1555 2589 1570 2614 ,
1602 2563 1669 2602 an
1693 2548 1866 2615 liber;
1896 2551 1990 2606 sed

405 2647 530 2702 erga
559 2647 746 2688 omnes
773 2634 872 2688 hoc
911 2634 1264 2690 ministerium
1291 2637 1532 2707 implent.
1561 2639 1747 2695 Nullus
1775 2641 1844 2695 ibi
1878 2658 1991 2696 ma-

404 2737 576 2790 guus,
617 2731 710 2778 aut
753 2739 964 2792 parvus.
1009 2727 1144 2792 Quid
1173 2728 1328 2799 igitur
1355 2731 1462 2784 Z’an
1488 2731 1773 2786 confusio?
1799 2733 1986 2797 Absit;

404 2813 498 2867 sed
539 2813 772 2884 optimus
815 2817 966 2869 ordo.
998 2817 1217 2873 Etiamsi
1241 2819 1382 2873 enim
1408 2821 1527 2890 quis
1555 2837 1746 2890 parvus
1770 2824 1870 2887 sit,
1899 2825 1986 2894 qui

404 2921 629 2978 magnus
654 2918 737 2963 est
765 2908 829 2961 ad
860 2909 909 2962 id
939 2925 1043 2963 non
1074 2913 1322 2981 respicit,
1355 2914 1448 2968 sed
1476 2928 1535 2968 se
1561 2915 1652 2968 illo
1683 2911 1987 2971 inferiorem

404 3010 588 3070 putat,
639 3009 694 3056 et
733 3001 854 3057 ideo
891 3005 1061 3072 major
1086 3005 1337 3059 eflicitur.
1367 3006 1480 3061 Una
1510 3024 1691 3063 mensa
1717 3011 1986 3078 onmibus,

403 3094 776 3161 servientibus,
804 3095 1131 3161 sedentibus,
1155 3099 1341 3154 eadem
1362 3101 1631 3168 alimenta,
1654 3105 1984 3174 indumenta,

403 3184 606 3239 aedem
648 3184 822 3251 domi,
860 3195 915 3240 et
941 3202 1107 3256 genus
1130 3189 1336 3244 vivendi
1365 3193 1525 3247 idem.
1557 3195 1776 3262 Magnus
1805 3198 1874 3252 ibi
1905 3209 1988 3253 est

402 3275 491 3344 qui
523 3277 709 3329 viliora
737 3292 899 3346 opera
926 3279 1139 3349 abripit.
1165 3282 1281 3337 Non
1312 3293 1395 3338 cst
1422 3285 1492 3338 ibi
1525 3284 1694 3342 Meum
1708 3298 1762 3344 et
1778 3287 1982 3356 Tuum;

402 3366 497 3420 sed
540 3368 640 3423 hoc
681 3371 902 3424 verbum
945 3372 1071 3428 inde
1105 3375 1311 3430 exsulat
1341 3416 1357 3441 ,
1385 3378 1526 3447 quod
1551 3379 1696 3433 mille
1722 3379 1983 3440 bellorum

397 3480 563 3523 causa
581 3476 687 3524 est.

472 3561 524 3612 ὁ.
559 3559 757 3628 Ecquid
787 3561 1018 3627 miraris,
1047 3564 1090 3618 si
1123 3579 1292 3635 genus
1320 3566 1553 3636 vivendi,
1587 3584 1790 3634 mensa,
1819 3573 1984 3628 vestis

401 3665 506 3705 una
536 3654 606 3707 sit
647 3653 893 3708 onmibus
918 3695 934 3720 ,
983 3659 1408 3727 quandoquidem
1452 3670 1508 3714 et
1545 3663 1720 3716 anima
1751 3680 1852 3717 una
1901 3675 1983 3720 est

401 3745 653 3800 omnibus
684 3744 781 3818 (α).
815 3762 920 3801 non
951 3748 1242 3804 secundum
1268 3752 1618 3808 substantiam
1646 3755 1803 3810 modo
1831 3758 1850 3828 (
1868 3757 1983 3812 haec

398 3838 540 3891 enim
567 3852 668 3891 una
697 3839 750 3892 in
775 3839 1020 3895 omnibus
1049 3841 1175 3911 est),
1207 3842 1299 3897 sed
1330 3845 1622 3901 secundum
1649 3849 1926 3904 caritatem
1955 3850 1980 3903 ?

396 3929 676 3995 Quomodo
720 3931 877 4001 igitur
906 3931 1016 4002 ipsa
1047 3947 1227 3988 contra
1273 3937 1503 4006 seipsam
1540 3941 1812 4010 superbiat
1860 3959 1980 3996 um-

399 4026 597 4093 quam?
621 4025 736 4080 Non
767 4036 852 4081 est
879 4027 950 4082 ibi
983 4039 1264 4098 paupertas
1284 4072 1298 4094 ,
1349 4048 1452 4087 nou
1484 4034 1700 4099 divitiaz,
1732 4052 1836 4090 non
1865 4038 1979 4108 glo-

397 4117 474 4170 ria
499 4156 514 4180 ,
547 4131 651 4172 nou
693 4118 929 4173 infamia.
959 4120 1238 4187 Quomodo
1267 4123 1392 4176 illuc
1430 4137 1701 4194 receptum
1752 4128 1981 4183 habeant

393 4208 643 4276 superbia
671 4218 724 4262 et
760 4211 1102 4279 arrogantia?
1130 4211 1264 4266 Sunt
1291 4214 1434 4267 enim
1457 4224 1514 4270 et
1539 4217 1743 4271 minimi
1783 4229 1840 4273 et
1867 4236 1980 4275 ma-

392 4297 482 4366 gni
513 4300 802 4353 secundum
835 4301 1092 4355 rationem
1120 4304 1363 4369 virtutis;
1391 4306 1484 4359 sed
1511 4349 1526 4373 ,
1556 4317 1615 4362 ιιι
1638 4309 1746 4364 dixi
1773 4350 1788 4375 ,
1818 4327 1978 4366 nemo

395 4387 496 4442 hoc
523 4388 685 4442 videt.
726 4389 825 4457 Qui
857 4406 1053 4460 parvus
1092 4403 1174 4448 est
1203 4411 1306 4448 non
1338 4398 1550 4466 angitur
1593 4403 1743 4470 quasi
1783 4403 1975 4474 despe-

389 4489 546 4535 ctus:
590 4497 748 4536 nemo
787 4483 982 4553 quippe
1023 4494 1108 4540 est
1149 4487 1236 4556 qui
1281 4488 1567 4558 despiciat;
1606 4495 1812 4549 etiamsi
1849 4513 1976 4554 vero

389 4583 534 4628 esset
557 4574 646 4644 qui
671 4573 971 4644 deSpiceret
994 4617 1008 4641 ,
1043 4578 1094 4631 in
1123 4577 1224 4634 hoc
1267 4582 1499 4637 maxime
1526 4584 1844 4642 erudiuntur
1867 4629 1882 4653 ,
1918 4599 1974 4644 ut

388 4665 681 4731 contemni,
704 4666 926 4737 despici,
949 4670 1198 4739 vilipendi
1222 4685 1548 4744 assuescant,
1570 4678 1766 4746 verbis,
1792 4682 1972 4748 rebus,

387 4774 510 4813 cum
539 4760 796 4816 mendicis
825 4770 880 4816 et
907 4763 1104 4819 mutilis
1134 4777 1412 4821 versentur
1435 4810 1449 4835 ,
1481 4779 1537 4824 et
1573 4771 1625 4825 in
1655 4787 1841 4828 mensa
1888 4776 1973 4843 ip;

385 4866 570 4905 serum
601 4852 796 4908 multos
843 4853 1143 4924 hujusmodi
1182 4859 1434 4913 convivas
1478 4860 1697 4929 videas;
1745 4863 1972 4934 ideoque

320 4997 328 5003 ,
387 4945 522 4998 calo
545 4957 668 4999 sunt
692 4946 859 5016 digni.
890 4950 1040 5003 Alius
1065 4951 1287 5004 vulnera
1325 4961 1478 5007 curat
1499 4955 1626 5024 :egri
1649 4997 1663 5022 ,
1694 4957 1830 5011 alius
1857 4974 1966 5014 cac-

384 5052 509 5090 cum
539 5036 705 5102 ducit,
735 5039 871 5092 alius
893 5043 1134 5095 muti‘uzn
1159 5054 1350 5112 gestat.
1377 5045 1490 5100 Non
1529 5049 1598 5104 ibi
1627 5051 1963 5109 adulatorum

384 5139 608 5194 coetum,
639 5145 744 5185 non
771 5133 1124 5199 parasitorum
1150 5137 1330 5190 videas
1355 5156 1366 5188 :
1394 5139 1500 5193 imo
1521 5157 1621 5198 nec
1645 5145 1821 5199 sciunt
1841 5147 1965 5215 quid

382 5226 456 5279 sit
498 5224 752 5280 adulatio.
787 5225 1058 5281 Undenam
1086 5244 1215 5298 ergo
1241 5231 1520 5299 superbire
1549 5239 1803 5303 possent?
1830 5239 1960 5292 Nam

385 5319 548 5372 multa
579 5317 717 5389 apud
748 5318 866 5374 illos
895 5319 1168 5390 aequalitas
1195 5330 1278 5376 cst
1311 5339 1323 5374 :
1355 5323 1475 5379 ideo
1508 5327 1672 5381 multa
1699 5328 1764 5383 ad
1797 5333 1964 5384 virtu-

449 5515 466 5547 ί
495 5510 575 5578 llis
586 5515 764 5577 adjecit
787 5517 970 5578 tttorel.,
996 5525 1128 5569 tanta
1150 5528 1219 5571 est
1241 5520 1435 5574 illorum
1456 5523 1718 5577 humilitas.

447 5577 672 5654 (punice,
682 5579 1082 5654 quandoquidem
1099 5589 1144 5654 et
1166 5583 1328 5654 anima
1348 5598 1445 5634 una
1465 5592 1534 5654 est
1557 5589 1793 5654 omnibus,
1819 5605 1846 5640 ι
1869 5591 1963 5644 Co-

383 5639 492 5707 dice
513 5637 622 5689 θυι.
649 5637 749 5707 (ιςδ
771 5637 938 5690 savilio
962 5649 1178 5707 nmtuata
1195 5653 1334 5705 sunt;
1360 5647 1483 5707 apud
1508 5648 1672 5700 Morel.
1687 5637 1967 5704 adﬁnita-

383 5700 471 5749 lm.
495 5711 668 5747 omissa
690 5700 882 5751 fuerant
904 5709 1099 5766 propter
1118 5700 1552 5759 honunoteléuton.

3597 316 3698 376 672

2121 421 2229 468 tem
2255 415 2500 474 facilitas.
2532 421 2741 480 Etenim
2772 425 2836 480 iis
2863 425 3103 482 rudiores
3129 431 3295 501 magis
3325 433 3694 505 instituuntur,

2115 524 2270 579 quam
2298 513 2342 565 si
2371 524 2689 584 cogerentur
2717 517 2846 586 ipsis
2891 520 3089 589 primas
3129 523 3442 580 concedere.
3493 527 3694 594 Quem-

2113 601 2398 659 admodum
2427 607 2568 661 enim
2598 609 2852 666 audacem
2885 653 2900 678 ,
2931 613 3020 682 qui
3059 629 3341 684 percussus
3363 618 3540 687 cedit,
3567 637 3693 675 eru-

2112 693 2228 750 dire
2269 697 2406 752 solet
2442 715 2458 753 :
2503 699 2581 755 sic
2623 711 2677 756 et
2731 703 3067 758 ambitiosum
3111 705 3155 760 is
3195 709 3281 777 qui
3326 710 3545 778 gloriam
3585 729 3691 770 non

2111 789 2300 857 quaerit
2327 832 2343 857 ,
2387 791 2481 847 sed
2507 794 2753 864 despicit.
2801 796 2856 850 Id
2882 797 3021 866 quod
3061 798 3136 852 illi
3171 799 3573 870 diligentissime
3611 807 3691 859 fa-

2111 880 2258 934 ciunt
2283 899 2297 934 :
2329 890 2384 936 et
2413 894 2666 953 quantum
2694 901 2791 940 nos
2814 903 3108 958 pugnamus
3133 931 3145 954 ,
3177 900 3235 945 ut
3274 893 3471 962 primas
3498 911 3692 954 cense»

2109 988 2358 1044 quamur,
2393 986 2594 1032 tantum
2626 980 2699 1033 illi
2726 980 3023 1049 decertant,
3053 993 3110 1038 ut
3135 1002 3239 1040 non
3269 1001 3689 1059 consequantur,

2110 1064 2203 1120 sed
2226 1067 2576 1136 dejiciantur;
2605 1071 2928 1144 studentque
2949 1083 3008 1128 ut
3034 1075 3254 1130 honoris
3280 1077 3501 1134 multum
3540 1080 3692 1136 dele»

2108 1166 2249 1222 rant,
2281 1173 2386 1213 non
2418 1168 2474 1212 ut
2498 1160 2815 1230 recipiant‘.

2181 1248 2465 1305 Monachus
2493 1254 2600 1322 ipse
2644 1256 2841 1309 vivendi
2866 1257 3045 1310 modus
3069 1257 3137 1310 ad
3162 1259 3497 1316 humilitatem
3543 1256 3691 1318 indis-

2107 1349 2217 1395 nat.
2259 1340 2511 1412 Exempla
2538 1345 2837 1402 humilitatis
2864 1365 2894 1400 a
2919 1349 3105 1403 sanctis
3143 1352 3359 1418 tradita,
3391 1355 3567 1424 quibus
3588 1372 3690 1411 non

2107 1430 2442 1486 humilitatem
2469 1437 2741 1504 perniciem
2771 1437 3337 1510 afferent—Alioquin
3369 1454 3546 1499 autem
3575 1447 3687 1515 ipsa

2107 1537 2268 1591 opera
2300 1525 2614 1581 modestiam
2647 1528 2902 1585 exhibere
2926 1530 3140 1599 docent,
3175 1548 3272 1588 nec
3299 1536 3484 1590 sinunt
3519 1547 3690 1593 tume-

2103 1629 2182 1667 re.
2231 1615 2361 1683 Quis
2385 1617 2525 1671 enim
2551 1661 2567 1684 ,
2613 1635 2794 1690 quaeso
2816 1661 2831 1686 ,
2866 1631 3058 1676 terram
3089 1625 3296 1680 fodiens
3325 1669 3341 1694 ,
3383 1628 3608 1698 irrigans
3633 1639 3688 1684 et

2105 1705 2369 1772 plantans,
2394 1710 2658 1777 sportulas
2685 1721 2928 1780 nectens,
2953 1727 3272 1786 saccumque
3294 1732 3579 1786 consuens,
3603 1720 3688 1774 vel

2102 1800 2204 1852 alia
2235 1801 2475 1870 qurcdam
2509 1811 2762 1869 tractans,
2793 1807 2956 1860 altum
2982 1823 3232 1877 umquam
3255 1811 3464 1880 sapiat?
3488 1814 3606 1882 quis
3631 1817 3686 1869 in

2102 1902 2413 1961 paupertate
2441 1896 2645 1958 vivens,
2677 1908 2727 1952 et
2753 1913 2872 1953 cum
2905 1898 3043 1955 fame
3063 1917 3301 1971 pugnans
3323 1943 3339 1967 ,
3370 1904 3471 1960 hoc
3497 1907 3688 1962 morbo

2101 1982 2400 2037 laborabit?
2424 1985 2590 2040 Nemo
2617 1997 2781 2042 certe.
2817 1989 2938 2044 Ideo
2965 1991 3131 2045 facilis
3158 1992 3260 2048 illis
3285 2003 3367 2048 est
3392 1995 3683 2051 humilitas.

2099 2073 2178 2128 Ac
2205 2077 2649 2145 quemadmodum
2677 2079 2764 2136 hic
2789 2082 3046 2137 modestia
3078 2083 3312 2142 difficilis
3340 2097 3424 2142 est
3448 2089 3518 2142 ob
3541 2090 3682 2143 mul-

2101 2165 2378 2222 titudinem
2428 2169 2788 2238 plaudentium
2820 2183 2872 2227 et
2901 2172 3205 2229 mirantium
3231 2194 3244 2230 :
3275 2179 3354 2232 sic
3385 2178 3454 2232 ibi
3494 2179 3682 2236 admo-

2107 2257 2232 2312 dum
2279 2259 2447 2314 facilis
2487 2272 2587 2315 est.
2639 2261 2927 2318 Monachus
2980 2267 3122 2321 enim
3169 2268 3439 2324 solitudini
3483 2279 3684 2325 tantum

2099 2351 2348 2418 attendit,
2371 2367 2497 2408 aves
2521 2354 2664 2409 videt
2691 2357 2953 2425 volantes,
2975 2361 3299 2430 arboresque
3326 2373 3487 2417 vento
3514 2365 3682 2433 agita-

2100 2452 2199 2510 tas,
2232 2446 2521 2514 spirantem
2553 2448 2866 2520 zephyrum,
2901 2461 3168 2509 torrentes
3193 2471 3288 2524 per
3314 2458 3478 2511 valles
3502 2458 3681 2513 defer-

2096 2534 2162 2588 ri.
2196 2535 2348 2591 Unde
2373 2552 2502 2608 ergo
2526 2539 2814 2595 extollatur
2854 2542 2942 2610 qui
2971 2543 3021 2596 in
3051 2544 3356 2614 hujusmodi
3395 2549 3683 2606 solitudine

2096 2629 2268 2682 vivat?
2292 2629 2409 2684 Non
2440 2641 2615 2687 tamen
2644 2631 2762 2687 ideo
2783 2636 3180 2691 excusationem
3209 2653 3309 2692 nos
3341 2638 3680 2707 habebimus,

2095 2723 2217 2789 quia
2273 2721 2324 2775 in
2374 2722 2550 2778 media
2594 2725 2934 2782 multitudine
2973 2738 3282 2794 versantes,
3327 2730 3492 2783 altum
3535 2731 3680 2800 sapi-

2094 2827 2233 2866 mus.
2281 2812 2494 2870 Etenim
2549 2815 2817 2871 Abraham
2884 2819 3024 2874 inter
3075 2820 3404 2875 Cbananazos
3461 2837 3681 2878 versans

2095 2904 2342 2960 dicebat:
2377 2906 2488 2976 Ego
2519 2926 2628 2962 sum
2658 2920 2810 2974 terra,
2845 2920 2891 2964 et
2919 2913 3045 2966 cinis
3066 2911 3220 2974 (Gen.
3250 2915 3339 2969 18.
3362 2914 3482 2984 26);
3502 2926 3551 2970 et
3579 2916 3678 2969 Da-

2094 2996 2179 3050 vid
2207 2998 2257 3052 in
2286 2999 2463 3053 medio
2495 3003 2733 3056 exercitu
2759 3019 2771 3055 :
2808 3001 2919 3073 Ego
2945 3016 3111 3058 autem
3135 3022 3246 3058 sum
3276 3009 3477 3071 verutis,
3509 3018 3676 3063 etnon

2093 3089 2241 3141 homo
2272 3089 2444 3157 (Paul.
2493 3093 2585 3145 21.
2635 3092 2689 3164 6)
2719 3108 2733 3145 ε
2768 3102 2822 3148 et
2851 3094 3136 3162 Apostolus
3185 3096 3238 3148 iu
3286 3096 3463 3151 modo
3509 3097 3672 3152 orbe:

2093 3179 2215 3234 Non
2244 3199 2357 3236 sum
2380 3185 2560 3254 dignus
2589 3184 2759 3239 vocari
2785 3187 3042 3255 apostolus
3067 3187 3144 3257 (ί.
3176 3186 3292 3243 Cor.
3330 3191 3417 3244 15.
3446 3191 3521 3261 9).
3547 3190 3675 3258 Quae

2092 3272 2252 3342 igitur
2281 3275 2433 3328 nobis
2459 3279 2560 3330 erit
2602 3280 2899 3333 consolatio
2921 3318 2936 3342 ,
2966 3295 3084 3348 qua:
3113 3280 3355 3338 defensio
3374 3324 3396 3348 ν
3435 3299 3553 3338 cum
3599 3294 3675 3339 tot

2091 3366 2379 3435 propositis
2397 3371 2656 3438 exemplis
2677 3386 2782 3424 non
2806 3372 3047 3427 modeste
3073 3389 3293 3442 agamus
3310 3376 3333 3428 ?
3361 3375 3510 3430 Sicut
3529 3377 3673 3431 enim

2091 3456 2167 3509 illi
2197 3457 2339 3512 mille
2369 3467 2492 3512 sunt
2515 3462 2728 3516 coronis
2761 3461 2940 3532 digni,
2974 3465 3063 3534 qui
3093 3467 3248 3535 primi
3295 3467 3504 3522 virtutis
3534 3469 3670 3523 viam

2090 3547 2325 3602 inierunt
2353 3566 2364 3601 :
2394 3549 2472 3604 sic
2499 3566 2596 3604 nos
2621 3554 2767 3608 mille
2802 3556 3073 3624 suppliciis
3111 3558 3188 3612 rei
3210 3574 3395 3614 sumus
3414 3601 3429 3626 ,
3458 3561 3547 3629 qui
3593 3571 3673 3617 tot

2088 3641 2329 3708 exempla
2380 3643 2650 3711 proposita
2691 3653 2746 3700 et
2785 3645 3048 3716 descripta
3080 3647 3371 3716 habentes,
3420 3662 3539 3721 post
3580 3652 3668 3708 illa

2088 3745 2194 3784 non
2217 3731 2457 3787 modeste
2485 3735 2722 3803 sapimus
2744 3775 2761 3801 ,
2788 3752 2961 3806 neque
2993 3739 3112 3794 illos
3134 3739 3412 3796 defunctos
3437 3781 3452 3807 ,
3495 3758 3670 3812 neque

2087 3820 2185 3875 hos
2215 3839 2355 3878 nunc
2388 3826 2629 3882 viventes
2649 3868 2666 3892 ,
2707 3836 2762 3882 et
2787 3842 2853 3884 ex
2872 3831 3038 3898 gestis
3062 3830 3401 3886 admirationi
3433 3833 3666 3900 habitos,

2086 3915 2277 3969 imitari
2309 3919 2699 3974 contendimus.
2726 3921 2862 3988 Quid
2889 3923 3030 3976 enim
3053 3924 3230 3978 dicere
3261 3926 3454 3995 possis,
3487 3926 3530 3980 si
3560 3941 3668 3982 non

2085 4010 2401 4078 resipiscas?
2425 4012 2632 4067 Literas
2661 4029 2767 4067 non
2797 4016 2958 4080 nosti,
2990 4030 3087 4069 nec
3112 4015 3417 4085 Scripturas
3454 4020 3622 4086 legisti
3647 4061 3664 4083 .

2085 4109 2144 4154 ut
2185 4111 2427 4157 vetermn
2472 4104 2694 4159 virtutes
2735 4104 3044 4160 edisceres?
3072 4107 3229 4177 Atqui
3271 4107 3385 4162 [me
3437 4111 3664 4165 maxima

2083 4194 2236 4263 culpa
2267 4204 2352 4248 tua
2383 4204 2482 4258 est,
2517 4197 2659 4266 quod
2687 4197 2913 4252 ecclesia
2943 4198 3034 4253 tibi
3065 4214 3281 4270 semper
3307 4210 3502 4270 pateat,
3531 4213 3584 4255 ut
3611 4205 3664 4258 in

2083 4285 2230 4352 puris
2275 4286 2380 4339 illis
2426 4286 2640 4342 fluentis
2687 4287 2920 4343 haurias.
2970 4291 3230 4346 Cancrum
3279 4293 3324 4346 si
3375 4294 3496 4348 illos
3535 4296 3664 4351 olim

2083 4384 2295 4430 sanctos
2344 4393 2437 4445 per
2479 4378 2766 4448 Scriptura:
2797 4381 3076 4435 lectionem
3121 4397 3226 4436 non
3277 4385 3531 4451 noveris,
3565 4385 3664 4440 hos

2081 4481 2211 4522 sane
2238 4468 2478 4524 viventes
2501 4470 2695 4524 vidisse
2722 4471 2971 4540 Oportuit.
3008 4472 3114 4529 Sed
3150 4475 3326 4529 nullus
3366 4487 3449 4530 est
3475 4478 3564 4545 qui
3609 4487 3664 4533 te

2081 4558 2277 4614 ducat?
2304 4561 2382 4614 Ad
2407 4577 2493 4616 me
2520 4563 2733 4627 accede,
2765 4579 2866 4633 ego
2893 4565 2984 4618 tibi
3016 4568 3326 4622 monstrabo
3356 4577 3663 4625 sanctorum

2079 4649 2390 4704 diversoria.
2446 4651 2616 4719 Veni,
2650 4664 2701 4708 et
2745 4654 2812 4708 ab
2836 4655 2953 4709 aliis
2995 4671 3116 4724 qum
3166 4657 3375 4713 utilitati
3414 4661 3510 4715 tibi
3554 4663 3664 4717 siut

2078 4743 2220 4796 audi.
2274 4744 2334 4796 lli
2365 4745 2596 4799 lacerum
2637 4756 2759 4798 sunt
2791 4761 2885 4815 per
2912 4755 3078 4801 totum
3124 4749 3308 4804 orbem
3357 4751 3657 4823 fulgentes:

2081 4850 2176 4904 pro
2234 4839 2402 4890 muris
2443 4845 2567 4889 sunt
2606 4837 2840 4893 urbibus.
2889 4838 3011 4893 Ideo
3054 4841 3395 4896 solitudinem
3435 4859 3664 4915 occupa-

2081 4935 2235 4991 runt,
2267 4937 2324 4980 ut
2353 4937 2402 4982 te
2430 4927 2657 4982 doceant
2703 4930 2956 4983 tumultus
2985 4931 3217 4986 civitatis
3245 4932 3538 5005 despicere.
3581 4937 3660 4992 illi

2083 5019 2223 5072 enim
2255 5028 2433 5088 utpote
2466 5021 2715 5075 fortiores
2742 5062 2757 5085 ,
2788 5031 3010 5090 possunt
3049 5023 3100 5076 in
3128 5025 3304 5080 media
3345 5036 3658 5097 tempestate

2079 5112 2458 5182 tranquillitate
2484 5113 2582 5166 frui
2609 5129 2622 5165 :
2655 5113 2746 5167 tibi
2777 5129 2904 5168 vero
2926 5154 2942 5179 ,
2974 5115 3062 5183 qui
3092 5115 3326 5187 undique
3348 5118 3653 5187 exagitaris,

2075 5205 2253 5274 quiete
2279 5221 2413 5273 opus
2442 5215 2543 5270 est,
2573 5215 2629 5259 ut
2655 5206 2925 5274 paululum
2955 5221 2982 5258 a
3008 5207 3375 5277 frequentibus
3404 5211 3655 5269 procellis

2073 5296 2340 5365 respirare
2385 5297 2579 5365 possis.
2625 5297 2748 5352 lllos
2795 5298 2970 5367 itaque
3015 5296 3319 5368 frequenter
3359 5300 3557 5367 adeas,
3599 5309 3656 5357 ιιι

2074 5402 2258 5441 eorum
2309 5388 2554 5456 precibus
2587 5399 2642 5445 et
2673 5389 2887 5443 monitis
2923 5389 3157 5444 maculas
3195 5389 3378 5458 cluas,
3421 5402 3475 5446 et
3516 5391 3653 5446 hanc

2073 5482 2231 5534 vitam
2260 5483 2462 5551 Optime
2488 5482 2692 5536 emetiri
2736 5483 2942 5552 possis,
2985 5491 3041 5536 ut
3066 5481 3242 5538 futura
3291 5483 3429 5538 bona
3458 5498 3648 5539 conse-

2073 5723 2093 5774 I
2137 5665 2155 5698 ι
2178 5663 2392 5775 Quadam,
2415 5662 2695 5728 studetuque
2734 5664 2915 5728 primas
2956 5671 3142 5728 tenere,
3169 5662 3528 5727 humitlationis,
3554 5677 3652 5716 non

2089 5737 2219 5775 (otior
2257 5741 2282 5774 ·.

2089 5737 2282 5775 ρωποι-ιδ.
