4076 6142
547 245 650 305 673

544 363 767 435 quaris,
825 365 993 436 gratia
1040 373 1098 422 et
1143 363 1471 436 benignitate
1526 364 1737 420 Domini
1783 363 1952 420 nostri
2001 361 2130 418 Jesu

542 454 763 522 Christi,
813 472 912 527 per
946 473 1105 527 quem
1145 466 1202 515 et
1244 474 1367 514 eum
1406 473 1515 529 quo
1554 458 1698 515 Patri
1721 457 1888 527 gloria
1911 496 1928 523 ,
1954 454 2128 525 impe-

1493 245 1562 304 IN
1599 245 2001 306 MATTlItEUM
2039 245 2106 301 Ili

2211 245 2271 303 [..
2311 247 2545 307 LXXIII.
2583 252 2634 307 al
2673 252 2907 312 LXXIV.
3722 268 3829 325 στι

2239 363 2400 429 rium,
2431 366 2604 424 honor
2625 409 2641 435 ,
2669 386 2774 425 una
2798 386 2920 426 cum
2948 380 3136 430 sancto
3174 374 3396 446 Spiritu,
3425 395 3570 437 nunc
3593 392 3647 438 et
3675 399 3825 440 sem-

2237 469 2357 524 per,
2387 465 2442 511 et
2470 456 2525 512 in
2557 460 2752 515 szecula
2778 463 3119 520 seculorum.
3149 471 3344 524 Amen.

549 567 654 589 Μ
1614 641 1963 704 HOMILIA
2004 633 2297 699 LXXIII.
2343 634 2431 697 al.
2476 636 2764 702 LXXIV.

541 783 672 843 Cn.
710 786 801 843 25.
830 803 883 842 ν.
912 787 998 843 14.
1037 785 1128 842 Ve
1166 787 1337 854 vobis,
1368 787 1545 841 scribta
1585 794 1632 840 et
1671 783 1923 840 Pharisaei
1965 783 2127 855 hypo-

610 883 753 938 critte
778 923 794 949 ,
839 883 961 954 quia
1016 884 1264 937 devoratis
1311 882 1487 937 domos
1546 882 1812 935 viduarum
1836 921 1852 946 ,
1900 878 2128 933 oratione

611 973 762 1044 longa
792 983 993 1029 orantes
1031 973 1104 1046 (a)
1139 989 1159 1029 :
1188 983 1455 1045 propterea
1474 972 1735 1044 judicium
1765 971 1985 1042 amplius
2031 986 2122 1024 ac-

609 1065 831 1134 cipietis.

529 1164 537 1173 ‘
613 1155 667 1209 i.
698 1154 832 1210 Hinc
878 1154 990 1225 jam
1024 1165 1240 1225 propter
1269 1156 1555 1227 ingluviem
1583 1155 1634 1211 in
1667 1156 1785 1211 illos
1813 1155 2121 1211 invehitur:

537 1245 786 1316 quodque
811 1248 1023 1316 gravius
1051 1258 1153 1314 est,
1169 1248 1289 1318 quia
1311 1265 1415 1301 non
1444 1262 1507 1302 ex
1536 1247 1759 1301 divitum
1780 1288 1796 1315 ,
1821 1247 1915 1302 sed
1945 1262 2009 1302 ex
2040 1247 2121 1300 vi-

538 1337 764 1392 duarum
811 1338 1106 1392 substantia
1156 1350 1374 1393 ventres
1430 1339 1763 1408 implebant,
1808 1339 2123 1408 illarumque

537 1438 902 1500 paupertatem
933 1431 1260 1496 atterebant,
1304 1431 1391 1485 cui
1441 1431 1724 1486 subvenire
1778 1431 2121 1499 Oportuisset.

534 1520 651 1576 Non
695 1523 836 1576 enim
880 1521 1194 1592 simpliciter
1234 1521 1493 1586 edebant,
1538 1520 1632 1576 sed
1674 1530 1731 1575 et
1768 1519 2118 1576 devorabam.

536 1611 739 1668 Deinde
764 1627 893 1668 vero
922 1612 1125 1667 fraudis
1152 1612 1339 1667 modus
1364 1613 1577 1683 gravior
1603 1611 1918 1681 exprimitur
1944 1628 1957 1664 :
1989 1610 2122 1663 Ora.

537 1706 671 1759 tione
695 1704 847 1776 longa
869 1715 1087 1759 orantes.
1113 1703 1363 1775 Quisquis
1388 1704 1527 1759 male
1551 1715 1825 1773 Operatur,
1859 1702 2120 1771 supplicio

536 1796 726 1868 dignus
753 1807 871 1851 est:
901 1797 1143 1867 quisquis
1184 1808 1364 1852 autem
1391 1796 1601 1867 pietatis
1629 1797 1850 1851 obtentu
1881 1795 1931 1850 id
1970 1795 2116 1862 facit,

534 1896 593 1942 et
622 1886 794 1941 fallaci
824 1887 1003 1957 specie
1045 1887 1209 1940 utitur
1237 1887 1303 1941 ad
1331 1887 1619 1958 nequitiam
1647 1929 1661 1951 ,
1692 1886 1848 1956 longe
1886 1887 2117 1956 graviori

535 1987 618 2034 est
646 1978 907 2048 supplicio
948 1978 1230 2033 obnoxius.
1274 1979 1342 2033 Et
1368 1993 1465 2033 cur
1502 1994 1607 2033 non
1635 1978 1803 2048 gradu
1831 1978 2025 2047 dejecit
2050 1978 2117 2031 il-

535 2068 656 2123 los?
701 2068 834 2138 Quia
882 2068 934 2124 id
978 2069 1215 2124 nondum
1247 2079 1456 2140 tempus
1487 2070 1847 2140 permittebat.
1879 2071 2003 2125 ideo
2033 2070 2116 2125 in-

535 2162 689 2217 terim
729 2161 851 2217 illos
896 2161 1317 2233 relinquit:sed
1348 2162 1523 2217 verbis
1575 2164 1688 2218 suis
1738 2172 1889 2219 curat
1945 2174 2002 2218 ut
2049 2179 2118 2219 ne

533 2255 765 2326 papulas
776 2254 1087 2325 decipiatur,
1109 2270 1176 2309 ne
1202 2255 1340 2323 illos,
1360 2265 1541 2324 utpote
1567 2257 1620 2311 in
1647 2256 1903 2327 dignitate
1918 2247 2118 2313 consti-

535 2354 676 2401 tutos
699 2388 713 2412 ,
760 2345 953 2400 imitari
999 2345 1295 2401 studerent.
1343 2345 1474 2414 Quia
1506 2347 1651 2402 enim
1678 2347 1927 2413 dixerat,
1963 2348 2116 2416 Quie-

532 2455 741 2510 cumque
783 2439 919 2493 vobis
961 2438 1181 2492 dixerint
1227 2438 1414 2508 facile,
1462 2438 1695 2493 ostendit
1740 2454 1982 2508 quaenam
2028 2439 2115 2494 illa

534 2532 639 2586 sint
667 2548 680 2585 :
712 2544 775 2585 ea
818 2528 1024 2584 scilicet
1051 2544 1170 2599 qua:
1196 2527 1296 2599 ipsi
1337 2544 1441 2584 non
1474 2537 1669 2597 praeter
1690 2530 1779 2601 jus
1810 2529 1994 2601 fasque
2037 2530 2114 2585 fe-

532 2620 736 2687 cerint,
768 2635 837 2675 ne
864 2620 1038 2674 minus
1066 2634 1195 2673 sana
1225 2629 1401 2674 mente
1431 2619 1634 2688 prtediti
1664 2633 1910 2691 putarent
1935 2625 2112 2677 omnia

530 2726 650 2781 quae
678 2712 752 2765 illi
792 2712 1026 2765 facerent
1073 2711 1329 2780 permitti.
1376 2713 1464 2767 15.
1519 2710 1608 2766 Vw
1634 2712 1806 2780 vobis,
1854 2713 2029 2768 scriba:
2068 2724 2114 2769 et

530 2802 823 2870 Pharistei,
874 2804 993 2871 quia
1036 2803 1273 2857 clauditis
1310 2820 1517 2874 regnum
1558 2816 1677 2860 ante
1720 2806 1962 2862 homines.
2014 2805 2114 2863 Vos

528 2897 662 2950 enim
691 2913 791 2950 non
817 2896 1020 2949 intratis
1044 2937 1059 2961 ,
1093 2912 1185 2950 nec
1211 2897 1455 2951 intrantes
1485 2900 1772 2967 permittitis
1801 2900 2011 2953 intrare.
2054 2900 2111 2956 Si

528 2991 670 3044 enim
701 2988 902 3043 nemini
947 2988 1206 3058 prodesse
1233 2990 1438 3045 crimen
1476 2999 1560 3045 est
1581 3032 1597 3057 ,
1643 3006 1838 3046 nocere
1862 3001 1916 3046 et
1945 2992 2114 3062 impe-

527 3078 642 3134 dire
665 3095 822 3149 quam
852 3079 1062 3135 veniam
1090 3080 1391 3134 mereatur?
1417 3080 1552 3148 Quid
1581 3092 1664 3136 est
1702 3082 1829 3137 illud
1848 3124 1864 3150 ,
1895 3081 2109 3138 Intran-

529 3170 642 3223 tes?
672 3169 723 3223 Id
753 3180 854 3233 est,
884 3168 1125 3224 idoneos.
1151 3169 1282 3224 Nam
1309 3170 1520 3240 quando
1544 3170 1661 3225 aliis
1688 3183 1953 3242 prmcepta
1979 3172 2109 3229 dare

524 3262 827 3332 oportebat,
857 3277 1018 3316 onera
1059 3262 1411 3317 intolerabilia
1456 3263 1835 3334 imponebant;
1866 3282 1986 3321 cum
2015 3282 2110 3321 au-

526 3363 632 3406 tem
662 3353 807 3422 ipsos
829 3353 954 3423 quid
986 3364 1239 3424 prmstare
1270 3370 1365 3424 par
1397 3364 1541 3419 erat,
1577 3366 1702 3411 tunc
1731 3373 1763 3413 e
1791 3358 2062 3415 contrario
2087 3401 2106 3427 ,

526 3459 631 3499 non
658 3445 818 3501 modo
848 3445 980 3500 nihil
1022 3447 1325 3512 faciebant,
1358 3449 1449 3503 sed
1480 3449 1623 3519 quod
1664 3451 1823 3521 longe
1871 3452 2105 3508 deterius

525 3545 626 3603 est,
656 3538 790 3592 alios
814 3538 972 3593 etiam
995 3540 1428 3608 corrumpebant.
1459 3540 1522 3595 Hi
1544 3552 1671 3597 sunt
1692 3543 1781 3612 qui
1814 3555 1992 3611 pestes
2012 3561 2105 3614 ap-

525 3628 829 3698 pellantur,
858 3629 946 3698 qni
992 3628 1042 3682 in
1075 3644 1209 3698 Opus
1249 3629 1351 3683 sibi
1377 3640 1614 3685 statuunt
1656 3632 1883 3687 aliorum
1926 3635 2105 3703 perni-

521 3723 697 3788 ciem,
724 3722 863 3776 veris
889 3722 1201 3778 doctoribus
1226 3738 1291 3777 ex
1320 3722 1582 3779 diametro
1612 3725 1864 3793 Oppositi.
1895 3726 2024 3780 Nam
2055 3726 2101 3781 si

520 3811 756 3867 doctoris
781 3821 862 3866 est
893 3822 1202 3880 pereuntem
1231 3828 1445 3868 scrvare
1468 3853 1483 3879 ,
1530 3814 1757 3883 perdere
1800 3830 1920 3870 eum
1947 3858 1964 3882 ,
2011 3816 2102 3886 qui

521 3900 814 3955 servandus
840 3913 956 3956 erat
977 3944 993 3968 ,
1033 3901 1266 3972 pestiferi
1320 3903 1551 3957 hominis
1577 3913 1680 3958 est.
1707 3905 1866 3959 Aliud
1906 3905 2101 3960 deinde

520 3991 723 4046 crimen
771 3993 1047 4062 sequitur:
1082 3994 1168 4047 15.
1216 3993 1453 4048 Circuitis
1503 4012 1641 4049 mare
1668 4004 1717 4049 et
1759 3997 1957 4050 aridam
1984 4040 2000 4063 ,
2047 4008 2100 4052 ut

520 4085 825 4155 proselytum
851 4101 1009 4138 unum
1038 4086 1271 4156 faciatis;
1316 4095 1365 4141 et
1405 4103 1520 4140 cum
1558 4088 1881 4154 inveneritis,
1931 4090 2099 4157 facitis

518 4174 665 4229 illum
708 4178 868 4245 ﬁlium
912 4177 1153 4248 gehennae
1182 4179 1336 4249 duplo
1367 4180 1526 4251 magis
1553 4197 1704 4251 quan:
1734 4198 1850 4248 vos,
1884 4182 1934 4236 id
1971 4192 2051 4236 est
2078 4224 2093 4248 ,

517 4264 648 4320 Cum
674 4266 757 4321 vix
783 4283 906 4322 eum
949 4279 1001 4323 et
1047 4279 1166 4338 post
1190 4271 1384 4326 multos
1430 4274 1640 4327 labores
1669 4275 1917 4344 ceperitis
1939 4317 1952 4339 ,
1990 4293 2096 4330 non

517 4359 733 4427 parcitis
759 4369 936 4414 tamen
978 4360 1087 4427 illi;
1132 4377 1254 4416 cum
1285 4371 1461 4419 tamen
1502 4380 1563 4418 ea
1602 4381 1720 4434 qua:
1747 4366 1830 4419 vix
1873 4382 2093 4435 compa-

519 4463 639 4502 rare
678 4451 950 4519 potuimus
974 4492 989 4515 ,
1023 4451 1209 4517 majori
1239 4453 1415 4507 studio
1454 4469 1763 4509 servemus:
1797 4472 1893 4511 vos
1917 4468 2095 4510 autem

516 4555 585 4594 ne
634 4539 682 4595 id
727 4542 937 4612 quidem
984 4543 1369 4600 moderatiores
1406 4545 1599 4600 reddit.
1654 4547 1749 4601 Hic
1792 4563 1951 4617 porro
1988 4548 2095 4602 duo

515 4632 620 4688 illis
648 4634 871 4689 crimina
913 4630 1103 4703 offert;
1138 4636 1343 4706 primo,
1380 4639 1520 4707 quod
1557 4639 1621 4692 ad
1648 4641 1869 4694 salutem
1898 4640 2095 4695 multo-

515 4740 633 4779 rum
660 4727 872 4782 inutiles
900 4729 1040 4792 sint,
1074 4743 1196 4783 cum
1237 4730 1404 4785 multo
1432 4730 1629 4786 sudore
1664 4748 1799 4801 opus
1830 4733 2055 4788 habeant
2076 4776 2091 4801 ,

514 4826 574 4871 nt
616 4834 777 4873 unum
808 4819 1111 4886 attraham;
1155 4821 1391 4877 secundo
1412 4864 1426 4887 ,
1456 4823 1595 4893 quod
1624 4825 1950 4895 negligentes
1987 4827 2096 4881 sint

514 4907 580 4962 ad
605 4910 897 4965 custodiam
930 4912 1046 4982 ejus
1070 4928 1225 4982 quem
1255 4913 1432 4983 adepti
1463 4923 1620 4981 sunt;
1650 4917 1758 4970 imo
1794 4933 1898 4972 non
1931 4919 2091 4974 modo

514 5000 836 5070 negligentes
859 5043 874 5067 ,
903 5003 998 5058 sed
1026 5004 1186 5057 etiam
1213 5004 1540 5074 proditores,
1569 5022 1689 5062 cum
1731 5023 1825 5064 eos
1853 5025 1917 5064 ex
1946 5012 2082 5066 male

512 5090 720 5146 vivendi
749 5094 995 5163 exemplo
1039 5094 1335 5149 deteriores
1362 5097 1576 5151 faciant.
1625 5096 1755 5152 Cum
1786 5102 1927 5154 enim
1962 5103 2092 5156 tales

512 5183 760 5238 doctores
781 5185 1070 5255 discipulus
1098 5186 1307 5251 viderit,
1341 5189 1491 5257 pejor
1519 5189 1752 5243 redditur
1778 5209 1788 5242 :
1822 5208 1924 5247 non
1951 5195 2090 5248 enim

511 5274 732 5342 gradum
762 5276 901 5328 sistit
932 5278 981 5330 in
1011 5277 1244 5331 doetoris
1274 5280 1352 5333 sui
1384 5282 1651 5350 nequitia;
1682 5282 1774 5336 sed
1819 5284 1861 5338 si
1897 5287 2091 5354 probus

512 5364 708 5431 fuerit,
738 5366 909 5435 ipsum
940 5368 1209 5433 imitatur;
1242 5371 1320 5423 siu
1351 5372 1620 5440 improbus
1642 5417 1654 5439 ,
1686 5376 1847 5429 etiam
1875 5389 2092 5445 superat

509 5456 580 5513 ob
620 5457 926 5514 facilitatem
963 5461 1029 5515 ad
1068 5463 1246 5533 pejora
1280 5466 1620 5534 procedendi.
1669 5467 1864 5524 Filium
1911 5483 2086 5528 autem

946 5651 1198 5711 Itan-12909413}:
1353 5656 1623 5704 πρθσινχὸμινοι
1637 5684 1650 5704 ,
1683 5660 1795 5711 (ιιιςε
1816 5648 1876 5697 ad
1899 5648 2089 5703 literam

505 5697 799 5759 signiﬁcant,
823 5697 875 5747 in
898 5697 1347 5762 medem'diutm’ne
1369 5697 1636 5767 precantes.

2231 776 2475 872 qehennte
2495 790 2669 847 vocat,
2703 784 2754 839 id
2778 797 2878 853 cst,
2905 789 3071 858 ipsam
3097 792 3414 862 gehennam.
3449 799 3589 856 Dixit
3615 811 3818 872 autem,

2230 867 2407 940 Duplo
2433 875 2594 944 magis
2636 892 2787 946 quam
2816 894 2901 933 vos
2922 922 2937 944 ,
2985 893 3041 937 ut
3080 894 3134 939 et
3163 887 3288 942 illos
3328 900 3592 960 terreret,
3636 905 3689 950 et
3718 867 3819 952 bos

2231 961 2599 1018 vehementius
2648 970 3064 1039 pet-stringeret,
3111 979 3232 1045 quia
3278 979 3526 1037 doctores
3569 987 3821 1055 nequitia:

2230 1061 2372 1104 sunt.
2420 1050 2605 1122 Neque
2639 1054 2741 1110 hoc
2781 1067 3021 1129 tantum,
3067 1064 3161 1118 sed
3186 1067 3348 1123 etiam
3389 1072 3528 1138 quod
3561 1050 3819 1143 majorem

2229 1139 2506 1211 discipulis
2551 1146 2811 1203 malitiam
2846 1151 3030 1207 indere
3061 1165 3289 1225 curent,
3326 1139 3820 1235 inducentes'ipsos

2230 1232 2295 1284 ad
2325 1234 2604 1303 majorem,
2633 1254 2790 1302 quam
2820 1241 2922 1310 ipsi
2946 1243 3196 1312 habeant,
3222 1251 3511 1317 nequitiam
3538 1271 3551 1307 :
3583 1255 3633 1310 id
3664 1232 3806 1326 quod

2228 1323 2459 1377 maxime
2474 1326 2538 1379 ad
2566 1328 2796 1383 animam
2811 1342 3115 1403 corruptam
3135 1337 3382 1404 pertinet.
3406 1341 3602 1398 Deinde
3628 1323 3817 1402 amen-

2231 1413 2357 1467 tiam
2390 1414 2518 1484 ipsis
2549 1421 2854 1487 exprobrat,
2882 1424 3023 1492 quod
3053 1427 3254 1497 majora
3282 1443 3546 1502 praecepta
3572 1433 3817 1504 despice-

2227 1519 2287 1559 re
2307 1505 2594 1574 juberent:
2623 1512 2768 1580 atqui
2789 1516 3112 1572 contrarium
3143 1534 3303 1590 supra
3328 1522 3561 1591 dicebat,
3590 1526 3821 1598 Alligans

2226 1611 2381 1650 onera
2416 1601 2650 1669 graviora
2675 1612 2722 1657 et
2749 1605 3089 1676 importabilia
3116 1609 3327 1680 (Matth.
3351 1613 3440 1670 23.
3460 1616 3537 1687 4).
3564 1618 3669 1673 Sed
3699 1618 3815 1675 iure

2226 1686 2387 1776 etiam
2418 1704 2603 1745 rursus
2623 1692 2889 1750 faciebant
2921 1739 2936 1761 ,
2966 1697 3205 1770 nihilque
3234 1717 3341 1758 non
3366 1686 3596 1776 agebant
3631 1717 3687 1762 ut
3711 1710 3815 1765 sibi

2224 1773 2466 1835 subditos
2528 1796 2980 1856 corrumperent,
3030 1791 3082 1845 in
3133 1794 3370 1851 minimis
3405 1773 3813 1858 accurationem

2224 1885 2543 1941 quaerentes,
2569 1886 2621 1931 et
2643 1894 2831 1949 magna
2845 1881 3219 1952 despicientes.
3239 1886 3331 1943 25.
3354 1889 3627 1948 Decimatis
3641 1896 3806 1961 enim,

2224 1962 2416 2033 inquit,
2447 1968 2701 2022 mentitam
2728 1979 2772 2024 et
2792 1972 3049 2037 anethum,
3069 1984 3114 2028 et
3142 1977 3414 2048 reliquistis
3436 1996 3552 2049 qua
3579 1986 3811 2053 graviora

2222 2064 2340 2107 sunt
2383 2055 2535 2126 legis,
2560 2059 2814 2130 judicium
2855 2070 2904 2114 et
2944 2064 3342 2121 misericordiam
3375 2078 3425 2123 et
3459 2072 3633 2137 ﬁdem.
3683 2074 3810 2131 Haec

2221 2147 2480 2213 oportebat
2503 2151 2669 2218 facere
2690 2190 2707 2217 ,
2745 2159 2793 2204 et
2832 2152 2925 2207 illa
2970 2170 3073 2209 non
3111 2157 3355 2211 omittere.
3390 2160 3501 2216 Hoc
3528 2163 3646 2219 loco
3681 2181 3809 2237 ergo

2202 2249 2253 2290 'e
2279 2252 2337 2291 re
2365 2237 2603 2307 loquitur
2632 2257 2645 2296 :
2669 2242 2758 2297 ubi
2783 2243 2990 2299 decima
3020 2256 3121 2311 est,
3154 2248 3223 2303 ibi
3252 2249 3413 2305 etiam
3438 2254 3800 2327 cleemosyna.

2220 2326 2356 2393 Quid
2385 2331 2528 2384 enim
2571 2332 2969 2407 eleemosynam
3015 2337 3144 2394 dare
3179 2343 3381 2397 nocet?
3405 2344 3511 2400 Sed
3554 2348 3654 2403 hoc
3680 2326 3802 2405 non

2219 2417 2348 2474 dicit
2391 2423 2545 2491 quasi
2585 2425 2683 2494 ipsi
2708 2426 2880 2496 legem
2924 2428 3312 2498 observarent;
3342 2450 3514 2506 neque
3543 2439 3684 2494 enim
3726 2442 3805 2496 sic

2219 2509 2335 2580 ipse
2379 2512 2632 2584 loquitur.
2668 2516 2793 2572 Ideo
2837 2520 2923 2574 hic
2963 2522 3178 2590 quidem
3223 2525 3391 2581 dicit:
3422 2528 3546 2584 Haec
3581 2536 3804 2602 oportuit

2219 2604 2386 2671 facere
2416 2644 2431 2669 ,
2464 2614 2512 2659 et
2548 2607 2641 2661 illa
2666 2624 2768 2663 non
2791 2612 3034 2667 omittere.
3069 2614 3167 2669 Ubi
3198 2627 3375 2672 autem
3417 2620 3483 2674 de
3508 2624 3719 2679 mundis
3748 2636 3804 2682 et

2219 2694 2506 2750 immundis
2533 2696 2787 2767 disputat,
2821 2717 2926 2754 non
2948 2703 3084 2757 ultra
3118 2704 3218 2760 hoc
3247 2708 3448 2778 adjicit,
3482 2713 3575 2767 sed
3602 2713 3797 2769 distin-

2216 2785 2368 2853 guit,
2401 2795 2455 2841 et
2484 2788 2718 2844 ostendit
2764 2806 2831 2846 ex
2879 2793 3131 2850 interiore
3176 2800 3432 2855 munditia
3476 2805 3796 2860 exteriorem

2217 2881 2521 2933 necessario
2547 2882 2695 2952 sequi
2727 2900 2741 2937 :
2773 2898 2878 2938 non
2910 2895 3085 2940 autem
3106 2889 3221 2943 vice
3251 2906 3422 2945 versa.
3452 2893 3546 2948 Ubi
3568 2897 3708 2951 enim
3732 2899 3800 2954 de

2216 2970 2579 3027 misericordia
2609 2973 2881 3042 agebatur,
2922 2977 3379 3036 indiscriminatim
3408 2984 3536 3040 illud
3574 2998 3800 3057 praeter-

2214 3061 2393 3126 mittit,
2421 3070 2531 3117 tum
2564 3075 2780 3135 propter
2809 3067 3036 3137 idipsum
3056 3112 3072 3136 ,
3100 3079 3154 3125 et
3172 3075 3291 3141 quia
3319 3075 3554 3131 nondum
3587 3090 3797 3148 tempus

2214 3163 2329 3207 erat
2349 3153 2535 3223 legalia
2566 3167 2750 3225 aperte
2780 3158 2995 3213 tollendi
3021 3177 3036 3224 ;
3068 3161 3155 3215 ubi
3186 3173 3362 3219 autem
3386 3168 3687 3224 observatio
3716 3183 3801 3227 est

2213 3244 2572 3313 corporalium
2602 3245 3047 3314 puriﬁcationem,
3077 3251 3269 3307 clarius
3295 3253 3410 3309 hzec
3429 3262 3637 3312 evertit.
3672 3260 3794 3316 Ideo

2212 3331 2281 3389 de
2310 3334 2616 3406 elemosyna
2639 3336 2806 3391 dicit:
2834 3336 2961 3392 Haec
2988 3345 3211 3410 oportuit
3239 3344 3408 3413 facere
3435 3388 3451 3413 ,
3495 3358 3542 3402 et
3574 3350 3666 3403 illa
3696 3368 3797 3406 non

2211 3426 2482 3491 omittere;
2510 3427 2576 3481 de
2604 3430 3009 3499 purgationibus
3037 3448 3167 3488 vero
3196 3452 3302 3490 non
3344 3438 3421 3492 sic
3451 3455 3465 3493 :
3496 3441 3588 3494 sed
3618 3443 3789 3510 quid?

2208 3514 2300 3569 25.
2333 3514 2618 3584 Mendetis,
2646 3519 2831 3589 inquit,
2862 3522 2998 3587 quod
3026 3522 3215 3594 deforis
3255 3537 3328 3580 est
3363 3530 3535 3584 colicis
3559 3541 3607 3585 et
3642 3550 3796 3602 paro—

2212 3606 2374 3674 psidis
2397 3609 2578 3675 ,ﬁintra
2622 3619 2788 3662 autem
2819 3612 2953 3680 pleni
2983 3615 3101 3667 estis
3135 3616 3318 3684 rapina
3355 3629 3402 3671 et
3434 3622 3666 3675 avaritia.
3696 3625 3787 3678 26.

2209 3696 2407 3752 Munda
2437 3716 2556 3771 ergo
2579 3702 2787 3756 calicem
2811 3713 2859 3756 et
2882 3706 3169 3776 paropsidis
3184 3710 3445 3779 interiora,
3465 3725 3519 3766 ut
3540 3718 3789 3771 exteriora

2206 3788 2398 3841 munda
2425 3790 2572 3857 ﬁant.
2602 3793 2643 3844 Α
2674 3807 2733 3846 re
2761 3797 3030 3850 communi
3068 3807 3122 3852 et
3162 3799 3442 3856 manifesta
3485 3808 3790 3877 exemplum

2205 3880 2429 3946 accepit,
2457 3895 2487 3933 a
2509 3881 2675 3935 calice
2697 3891 2751 3936 et
2777 3884 3080 3953 paropside.

2273 3969 2329 4022 2.
2364 3970 2564 4026 Deinde
2591 3974 2900 4040 ostendens,
2925 3976 3127 4032 nullum
3166 3980 3295 4035 oriri
3322 3981 3574 4040 damnum
3597 4002 3664 4043 ex
3691 4002 3786 4043 ne-

2202 4061 2376 4131 glectu
2423 4066 2779 4132 corporalium
2845 4068 3268 4140 mundationum,
3321 4090 3567 4145 magnum
3615 4094 3791 4139 autem

2205 4153 2484 4210 imminere
2517 4158 2830 4227 supplicium
2887 4160 2952 4214 iis
3006 4164 3094 4231 qui
3142 4167 3336 4221 anima:
3385 4171 3787 4230 nmndatiouem

2203 4258 2309 4299 non
2334 4258 2542 4313 curant,
2574 4264 2692 4318 qme
2714 4251 2987 4308 mundatio
3033 4263 3114 4307 est
3158 4256 3347 4325 virtus,
3401 4258 3514 4316 ba:c
3566 4266 3789 4322 culicem

2200 4338 2432 4403 vocavit,
2478 4355 2638 4407 parva
2665 4342 2806 4396 enim
2853 4343 3092 4415 niltilque
3134 4358 3321 4414 erant;
3367 4356 3627 4412 camelum
3662 4375 3791 4414 vero

2201 4429 2291 4483 illa
2314 4470 2328 4493 ,
2361 4430 2717 4487 intolerabilia
2748 4436 2946 4504 quippe
2991 4451 3162 4494 erant.
3209 4442 3333 4498 Ideo
3376 4447 3451 4501 ait
3480 4466 3493 4501 :
3524 4448 3613 4503 24.
3647 4452 3789 4506 Culi-

2201 4537 2305 4575 cem
2333 4525 2639 4588 excotantes,
2675 4535 2721 4578 et
2767 4528 3014 4582 camelum
3057 4532 3407 4602 deglutientcs.
3453 4538 3582 4593 Nam
3621 4552 3675 4597 et
3705 4545 3790 4601 illa

2202 4625 2419 4684 pr0pter
2453 4616 2567 4670 haec
2609 4618 2776 4685 posita
2819 4630 2963 4687 sunt,
3017 4636 3236 4691 propter
3274 4629 3696 4688 misericordiam
3737 4648 3791 4690 et

2196 4707 2473 4776 judicium.
2495 4708 2674 4777 Itaque
2702 4725 2799 4764 nec
2823 4720 2945 4765 tunc
2969 4712 3243 4783 juvabant,
3274 4718 3384 4773 sola
3416 4736 3537 4775 cum
3575 4739 3788 4782 essent:

2200 4810 2320 4851 cum
2348 4797 2488 4851 enim
2520 4813 2677 4866 parva
2716 4808 2932 4868 propter
2958 4818 3146 4872 magna
3178 4806 3316 4861 dicta
3348 4809 3590 4878 fuissent,
3638 4815 3792 4870 dein—

2200 4888 2370 4957 deque
2392 4888 2594 4957 magnis
2621 4890 2894 4959 neglectis,
2927 4908 3085 4961 parva
3133 4897 3304 4951 soluat
3334 4902 3682 4973 curabantur,
3704 4909 3792 4963 ni-

2199 4977 2273 5032 hil
2303 4979 2424 5033 inde
2446 4979 2561 5047 plus
2590 4982 2896 5050 emergebat
2923 5000 2937 5037 :
2967 5000 3152 5054 magna
3180 4991 3319 5043 enim
3344 5001 3462 5058 post
3483 5009 3642 5062 parva
3674 5014 3781 5054 non

2199 5068 2592 5137 sequebantur;
2643 5081 2825 5125 contra
2874 5088 3002 5128 vero
3045 5086 3165 5145 post
3212 5095 3400 5150 magna
3442 5099 3600 5152 parva
3631 5090 3790 5156 plane

2198 5169 2508 5228 sequuntur.
2546 5161 2669 5215 Haec
2700 5178 2829 5216 vero
2870 5163 3017 5230 dicit,
3053 5170 3364 5237 ostendens,
3425 5176 3585 5229 etiam
3627 5189 3784 5233 ante-

2128 5285 2139 5289 ~
2197 5266 2354 5320 quam
2396 5254 2562 5322 gratia
2610 5253 2920 5323 adveniret,
2967 5274 3071 5312 non
3133 5264 3395 5332 pra-cipue
3438 5266 3523 5319 illa
3558 5270 3781 5337 qumsita

2196 5342 2381 5407 fuisse,
2414 5343 2506 5397 sed
2534 5343 2631 5397 alia
2655 5347 2882 5414 potiora.
2928 5347 2981 5401 Si
3033 5361 3209 5403 autem
3262 5364 3385 5407 ante
3429 5358 3652 5424 gratiam
3686 5363 3777 5416 tali

2197 5433 2356 5487 modo
2380 5448 2466 5488 res
2491 5450 2548 5488 se
2571 5436 2818 5501 habebat,
2843 5438 3008 5491 multo
3027 5442 3213 5509 magis,
3239 5452 3517 5512 postquam
3535 5449 3781 5507 sublimia

2197 5523 2282 5577 illa
2313 5533 2578 5593 praecepta
2605 5537 2887 5593 venerunt,
2920 5527 3032 5582 hmo
3069 5530 3270 5584 inutilia
3301 5545 3444 5600 sunt,
3476 5553 3574 5593 nec
3599 5539 3787 5595 obser-

2194 5615 2386 5669 vanda.
2445 5615 2648 5683 Ubique
2701 5632 2827 5686 ergo
2876 5619 3111 5689 nequitia
3160 5624 3355 5678 malum
3408 5636 3524 5694 est;
3556 5631 3789 5687 maxime

2196 5721 2323 5764 vero
2344 5721 2463 5761 cum
2517 5708 2647 5762 nihil
2698 5718 2845 5778 putat
2891 5712 3266 5772 emendatione
3313 5730 3504 5788 egere;
3561 5730 3614 5776 et
3643 5724 3784 5792 quod
