4076 6142
310 269 416 320 675
1001 268 1064 324 S.
1105 265 1382 324 JOANNIS
1405 256 1879 321 CllllYSOSTOMl

1991 263 2249 319 l‘tClllEP.
2282 263 2814 324 CONS'I'ANTINOP.
3488 268 3592 329 C73

304 383 518 454 gratius
556 392 673 449 est,
707 397 827 437 cum
873 393 1022 451 putat
1069 382 1198 435 satis
1228 395 1347 435 esse
1383 380 1427 433 si
1457 378 1590 432 alios
1619 376 1883 445 corrigat;

304 491 425 545 quae
479 475 783 545 signiﬁcans
837 475 1079 527 Chri~tus
1129 473 1291 526 duces
1362 467 1480 519 illos
1514 478 1670 523 vocat
1718 482 1891 521 caacos

304 583 566 623 caecorum
636 571 653 638 (
698 568 841 620 Vera.
885 566 949 618 16
982 566 1020 632 ).
1078 565 1208 620 Nam
1252 569 1298 623 si
1353 578 1471 616 cum
1500 576 1671 614 carens
1700 576 1804 613 non
1834 574 1892 612 se

304 669 455 730 putat
477 660 612 713 doce
641 673 775 727 opus
800 658 1016 718 habere,
1052 656 1101 708 id
1132 664 1366 709 extrema
1397 653 1670 706 calamitas
1696 661 1747 705 et
1795 651 1895 703 mi-

301 752 440 804 seria
463 759 543 803 est
573 766 586 801 :
610 764 729 801 cum
755 748 869 816 ipse
898 747 1030 798 alios
1064 745 1179 798 vult
1202 744 1419 806 ducere,
1448 743 1618 811 cogita
1649 742 1699 794 in
1723 758 1891 810 (μιμη-

306 854 418 895 tum
451 840 764 894 barathrum
793 838 1027 906 t’ejiciat.
1060 836 1184 890 ιιευε
1224 847 1400 889 autem
1446 834 1676 897 dicebat,
1709 833 1890 886 subitis

304 935 487 989 dicans
518 934 726 988 illorum
775 935 1006 997 stadium
1035 932 1099 986 ad
1132 947 1319 985 vanam
1361 931 1582 999 gloriam
1623 945 1891 998 aucupan-

302 1028 445 1093 dam,
472 1038 521 1082 et
550 1027 769 1097 hujusce
800 1027 970 1080 morbi
999 1025 1253 1093 grandem
1286 1026 1336 1078 in
1374 1025 1476 1077 illis
1505 1024 1726 1077 rabietn.
1778 1023 1889 1077 lloc

300 1119 442 1171 enim
498 1118 623 1186 ipsis
665 1118 901 1170 omnium
947 1115 1207 1168 malorum
1263 1128 1421 1167 causa
1470 1111 1594 1176 fuit,
1637 1111 1776 1180 quod
1823 1110 1890 1165 ad

299 1210 706 1262 ostentationem
727 1210 906 1260 omnia
928 1205 1182 1259 facerent.
1210 1204 1319 1258 lluc
1341 1220 1368 1255 a
1388 1204 1490 1256 ﬁde
1514 1203 1632 1255 illos
1648 1202 1885 1267 abduxit,

298 1313 590 1367 veramque
640 1298 889 1351 virtutem
937 1297 1206 1365 negligere
1243 1294 1429 1357 suasit,
1462 1303 1516 1347 et
1542 1294 1672 1347 solis
1701 1307 1891 1359 corpo-

298 1393 496 1447 ralibus
546 1390 979 1444 mundationibus
1029 1388 1359 1452 incumbere,
1401 1386 1593 1439 anima:
1648 1386 1887 1455 neglecta

298 1482 662 1539 muttdatione.
717 1481 836 1535 Ideo
861 1481 925 1533 ad
957 1496 1135 1534 veram
1164 1480 1417 1532 virtutem
1448 1479 1567 1532 illos
1595 1477 1886 1539 deducens,

297 1584 352 1629 et
382 1574 446 1627 ad
476 1573 874 1627 mundationem
929 1571 1141 1637 animm,
1190 1570 1471 1640 judicium,
1519 1569 1779 1637 justitiam
1835 1579 1890 1623 ct

298 1665 456 1719 fidem
484 1674 761 1718 memorat.
797 1663 919 1717 lla-c
941 1664 1136 1732 quippe
1162 1670 1286 1715 sunt
1312 1678 1430 1731 qua:
1464 1661 1621 1714 vitam
1649 1670 1887 1714 nostram

296 1758 498 1821 fovent,
530 1772 646 1825 qua:
691 1756 922 1808 animam
964 1764 1191 1824 purgant
1224 1771 1236 1805 :
1263 1753 1490 1822 iustitia,
1552 1751 1883 1820 benignitas,

299 1850 527 1912 veritas;
561 1863 783 1917 quarunt
832 1848 957 1909 alia,
1012 1861 1201 1914 nempe
1254 1844 1638 1909 misericordia,
1684 1845 1750 1898 ad
1800 1860 1889 1898 ve-

298 1941 439 1994 niant
473 1954 568 1992 nos
612 1938 845 2000 deducit,
876 1954 975 1991 nec
1007 1937 1261 2006 permittit
1287 1945 1342 1989 ut
1385 1937 1683 1990 severiores
1703 1951 1887 2006 pecea-

299 2033 500 2085 toribus
529 2031 715 2096 simus,
748 2045 920 2098 neque
951 2029 1015 2082 ad
1048 2028 1255 2082 veniam
1296 2027 1693 2083 concedendam
1742 2027 1886 2080 difﬁ-

298 2124 429 2177 ciles
483 2122 605 2191 (sic
659 2122 801 2175 enim
858 2120 1051 2187 duplex
1103 2120 1307 2172 lttetunt
1356 2128 1712 2187 reportamus,
1762 2118 1887 2172 dunt

299 2214 672 2270 misericordes
701 2212 979 2275 eflicimur,
1005 2220 1053 2263 et
1086 2210 1507 2264 misericm-diam
1538 2210 1757 2263 multam
1794 2228 1890 2261 no-

299 2306 382 2360 bis
408 2322 435 2359 a
466 2306 573 2359 Deo
603 2304 970 2357 universorum
996 2300 1311 2354 attrahimus
1334 2299 1385 2369 ),
1415 2300 1501 2353 illa
1528 2315 1736 2369 quoque
1762 2315 1885 2353 sua-

299 2397 389 2451 det
420 2396 571 2449 nobis
596 2402 653 2446 ut
677 2393 945 2463 oppressis
987 2390 1365 2444 condoleamus
1400 2390 1621 2458 illosque
1648 2389 1885 2443 vindice-

301 2500 459 2550 mus;
510 2484 713 2551 justitia
763 2498 887 2536 vero
939 2482 1299 2535 fraudulentos
1326 2492 1377 2535 et
1407 2481 1585 2534 vafras
1623 2496 1743 2535 esse
1782 2496 1885 2534 non

301 2579 446 2631 sinit.
475 2575 696 2644 Quando
725 2584 901 2628 autem
932 2574 1094 2633 dixit.
1120 2572 1244 2626 Ha'c
1266 2574 1485 2643 aportuit
1515 2573 1699 2641 facere,
1730 2584 1774 2625 ct
1796 2572 1888 2625 iifa

304 2684 403 2721 non
429 2668 672 2727 omittere,
700 2682 805 2719 uott
829 2665 878 2716 id
916 2676 971 2717 ut
1016 2664 1236 2733 legalem
1284 2664 1707 2717 observationem
1730 2665 1886 2718 indu-

300 2759 405 2822 cit;
450 2758 632 2812 absit:
668 2757 768 2810 hoc
820 2758 960 2811 enim
1004 2756 1114 2825 jam
1163 2770 1320 2824 supra
1368 2756 1883 2821 demonstravimus;

300 2865 526 2918 cumque
556 2849 623 2903 de
650 2848 930 2918 paropside
955 2857 1009 2901 et
1035 2848 1103 2901 de
1130 2848 1297 2902 calice
1342 2847 1494 2913 dixit,
1546 2849 1738 2901 Munda
1761 2851 1887 2903 intc-

298 2943 435 2995 riora
464 2942 635 2994 calicis
658 2952 705 2993 et
727 2940 1031 3011 parapsidis,
1074 2950 1126 2992 ut
1151 2940 1241 3006 [iat
1279 2941 1333 2992 id
1377 2942 1511 3002 quod
1558 2942 1773 2993 exterius
1813 2952 1885 2995 est

299 3034 565 3098 mundum,
600 3051 703 3088 ttou
734 3033 801 3088 ad
830 3044 1039 3087 veteres
1065 3046 1164 3085 nos
1209 3033 1458 3086 minutias
1488 3032 1690 3087 reducit
1716 3050 1729 3098 ;
1754 3049 1883 3087 con-

301 3139 380 3183 tra
408 3144 534 3181 vero
558 3128 673 3181 htcc
694 3127 959 3196 snperﬁua
985 3140 1104 3180 esse
1124 3125 1376 3180 ostendit.
1410 3125 1523 3179 Non
1550 3128 1690 3180 enim
1719 3128 1883 3193 dixit,

300 3219 354 3273 ld
385 3220 568 3283 etiam,
594 3217 732 3286 quod
762 3217 995 3271 exterius
1033 3225 1132 3282 est,
1157 3226 1395 3285 purgate,
1421 3216 1536 3282 sed,
1567 3217 1719 3283 Quod
1743 3218 1886 3273 intus

299 3320 380 3363 est
404 3327 418 3374 ;
438 3317 491 3361 et
518 3308 735 3361 omnino
760 3306 860 3359 hoc
885 3306 951 3358 ab
978 3306 1068 3359 illo
1112 3307 1372 3374 sequitur.
1404 3307 1652 3376 Alioquin
1707 3317 1884 3361 autem

300 3415 405 3454 non
436 3399 502 3453 de
522 3399 687 3453 calice
714 3408 766 3451 et
789 3396 1069 3468 paropside
1099 3398 1346 3467 loquitur,
1381 3398 1474 3452 sed
1516 3399 1585 3453 de
1628 3400 1802 3453 anima
1834 3409 1888 3454 et

298 3505 525 3560 corpore
558 3508 571 3543 :
602 3488 743 3558 quod
790 3489 1026 3543 exterius
1078 3498 1199 3551 est,
1247 3504 1441 3558 corpus
1490 3506 1707 3556 vocans,
1743 3492 1884 3562 quod

300 3592 474 3635 autem
499 3582 737 3644 interius,
772 3581 1021 3633 animam.
1067 3580 1122 3634 Si
1169 3596 1296 3634 vero
1348 3582 1399 3634 in
1450 3582 1728 3651 parapside
1752 3599 1886 3652 Opus

298 3683 381 3728 est
422 3672 671 3727 interiora
714 3686 818 3725 non
869 3671 1159 3741 negligere,
1190 3671 1358 3725 ntulto
1393 3674 1562 3742 magis
1593 3674 1644 3727 itt
1677 3685 1747 3729 te.
1778 3675 1884 3729 Vos

300 3782 428 3820 vero
464 3776 648 3820 contra
692 3764 882 3829 facitis,
915 3763 1115 3833 inquit;
1151 3779 1270 3817 nam
1318 3780 1475 3834 parva
1525 3776 1574 3820 et
1620 3767 1884 3821 exteriora

300 3858 663 3922 observantes,
716 3872 905 3925 magna
960 3866 1013 3909 et
1069 3856 1319 3909 interiora
1373 3856 1637 3926 negligitis
1684 3875 1696 3910 :
1746 3858 1885 3914 unde

301 3951 587 4004 maximum
614 3947 836 4001 infertur
854 3946 1127 4007 damnum,
1155 3947 1295 4016 quod
1321 3956 1562 4015 putantes
1590 3962 1682 4001 vos
1713 3958 1881 4002 totum

301 4040 630 4109 praestitisse,
663 4040 862 4108 reliqua
892 4038 1213 4107 negligatis;
1246 4054 1367 4092 cum
1413 4050 1587 4092 autem
1611 4056 1673 4094 ea
1701 4041 1883 4109 despi-

299 4132 473 4196 ciatis,
526 4130 612 4183 illa
665 4129 953 4184 emendare
1006 4129 1133 4183 nihil
1182 4132 1400 4183 curatis.
1449 4131 1649 4185 Deinde
1694 4148 1787 4187 eos
1816 4134 1884 4187 de

301 4238 450 4276 vana:
480 4222 662 4291 gloria:
687 4237 871 4275 amore
903 4222 1231 4290 perstringit,
1259 4222 1501 4289 sepulcra
1529 4223 1767 4276 dralbata
1793 4240 1884 4278 vo-

299 4328 428 4367 rans
457 4313 595 4376 illos,
624 4312 1030 4381 hypocritasque
1052 4312 1356 4379 appellans;
1380 4314 1518 4379 quod
1546 4324 1625 4367 est
1646 4317 1882 4369 onmium

298 4420 457 4458 causa
487 4404 764 4467 malorum,
798 4412 851 4457 et
882 4402 1133 4471 perniciei
1163 4412 1561 4471 argumentum.
1589 4404 1767 4473 Neque
1797 4420 1884 4459 so.

300 4496 408 4549 lum
436 4494 555 4549 illos
583 4493 828 4563 sepulcra
874 4492 1117 4547 dealbata
1148 4494 1373 4558 vocavit,
1428 4495 1521 4548 sed
1577 4497 1735 4551 etiam
1786 4498 1882 4551 itn-

300 4586 555 4640 munditia
595 4596 647 4639 et
680 4585 949 4656 hypocrisi
992 4586 1178 4653 plenos
1214 4600 1332 4641 esse
1372 4587 1522 4642 dixit.
1578 4588 1669 4642 llis
1722 4606 1882 4660 porro

296 4693 513 4733 causam
568 4679 835 4743 ostendit,
898 4686 1113 4747 propter
1158 4694 1317 4748 quam
1372 4694 1476 4732 non
1520 4680 1877 4747 crediderunt,

294 4771 545 4841 quoniam
579 4770 717 4838 pleni
739 4778 892 4823 erant
920 4768 1185 4840 hypocrisi
1215 4779 1269 4822 et
1298 4770 1591 4838 iniquitate.
1631 4771 1754 4825 ΙΙωο
1781 4788 1881 4826 au-

297 4875 402 4917 tent
427 4879 529 4917 non
551 4863 796 4917 Christus
826 4862 1005 4928 tnodo,
1036 4864 1128 4917 sed
1152 4864 1311 4917 etiant
1336 4865 1607 4934 pr0pheta:
1634 4864 1882 4937 frequen-

297 4964 379 5007 ter
407 4955 772 5019 crimtuantur,
824 4955 965 5023 quod
1011 4970 1229 5023 rapaces
1253 4956 1379 5019 sint,
1426 4957 1565 5026 quod
1616 4958 1881 5029 principes

307 5060 497 5100 eorum
529 5060 632 5099 nott
670 5046 964 5100 secundum
990 5048 1077 5113 jus
1121 5056 1177 5102 et
1228 5049 1485 5103 rationem
1508 5050 1747 5118 judicent
1779 5069 1792 5106 :
1826 5061 1881 5107 et

298 5138 492 5208 ubique
519 5136 752 5205 reperias
790 5136 1049 5191 sacriﬁcia
1076 5138 1291 5207 rejecta,
1342 5139 1456 5195 hrrc
1498 5152 1677 5196 autem
1704 5144 1882 5212 requi-

295 5230 417 5283 sita.
466 5229 648 5297 Itaque
701 5227 831 5282 nihil
879 5228 1177 5293 insolitttm,
1216 5230 1343 5284 nihil
1375 5248 1590 5298 novum,
1623 5250 1796 5303 neque
1826 5236 1879 5289 in

296 5320 431 5387 lege,
462 5336 630 5390 neque
668 5322 719 5373 in
762 5321 1119 5385 accusatione,
1155 5338 1327 5393 neque
1357 5325 1515 5377 etiam
1570 5326 1620 5377 in
1650 5328 1881 5397 imagine

294 5428 349 5465 et
376 5414 620 5480 exemplo
659 5414 911 5482 sepulcri.
945 5413 1053 5467 Hoc
1084 5414 1276 5484 quippe
1309 5417 1875 5485 tnemorathpheta,

297 5518 402 5557 non
436 5505 738 5571 sepulcrum
770 5505 928 5558 modo
970 5520 1191 5569 vocans,
1246 5504 1382 5559 sed:
1430 5506 1730 5574 Sepulcrum
1782 5526 1877 5577 pa-

295 5611 404 5652 tens
426 5606 496 5648 est
525 5607 698 5665 guttur
717 5613 888 5651 eorum
914 5597 1093 5668 (Psal.
1126 5598 1179 5651 5.
1204 5600 1263 5651 H
1368 5598 1522 5653 Tales
1547 5609 1671 5653 sunt
1694 5601 1878 5656 hodie-

298 5700 401 5756 quc
433 5687 602 5755 multi,
629 5690 714 5757 qui
746 5703 864 5744 sese
890 5690 1121 5744 exterius
1162 5698 1373 5757 ornant,
1439 5690 1684 5760 intusque
1729 5692 1870 5761 pleni

1998 377 2141 430 onmi
2175 375 2452 446 iniquitate
2480 388 2624 433 sunt.
2653 380 2802 434 Nune
2829 381 2970 435 enim
2998 380 3191 436 multus
3222 380 3394 448 labor,
3424 390 3591 437 multa

1997 468 2299 521 sollicitudo
2328 480 2563 524 externa:
2609 471 2886 525 munditiei
2921 472 3276 539 impenditur;
3315 473 3589 529 munditiei

1997 573 2124 610 vero
2151 559 2342 611 animae
2370 559 2514 613 nulla
2543 577 2690 614 ettra.
2722 561 2825 615 Sed
2863 563 2906 614 si
2934 563 3311 617 Conscientiam
3344 564 3587 633 singulo-

1998 664 2114 702 rum
2145 649 2265 717 quis
2296 650 2545 718 aperiret,
2584 646 2780 706 multos
2827 668 3059 718 vermes,
3116 655 3335 707 multam
3382 657 3585 710 saniem

1998 740 2277 805 inveniret,
2327 741 2678 812 actoremque
2722 743 3419 799 incredibilem:absurdas
3467 744 3589 801 dico

1997 841 2049 883 et
2080 833 2243 885 malas
2273 834 2735 902 concupiscentias
2758 876 2772 900 ,
2806 851 2923 904 qua:
2956 845 3082 889 sunt
3104 837 3375 891 vermibus
3419 837 3581 907 impn-

1997 922 2186 978 riores.
2260 924 2261 927 “

2067 1015 2120 1092 ξ).
2149 1014 2252 1068 Sed
2283 1015 2421 1083 quod
2462 1016 2533 1070 illi
2561 1017 2694 1071 tales
2724 1019 2849 1084 sint,
2882 1034 2988 1072 non
3019 1019 3087 1072 ita
3116 1035 3276 1089 grave
3300 1027 3380 1075 est
3401 1064 3415 1088 ,
3450 1032 3584 1077 tam-

1995 1105 2091 1157 etsi
2122 1121 2281 1173 grave
2321 1117 2399 1160 est
2434 1124 2449 1160 :
2479 1108 2619 1177 quod
2651 1123 2778 1163 vero
2806 1124 2902 1162 nos
2930 1151 2944 1174 ,
2990 1110 3080 1180 qui
3114 1111 3307 1179 templa
3353 1111 3446 1165 Dei
3473 1113 3585 1166 ﬁeri

1994 1194 2190 1264 dignati
2222 1212 2424 1263 sumus,
2455 1202 2695 1268 sepulcra
2722 1200 2899 1254 statim
2933 1211 3130 1255 tantum
3162 1203 3405 1258 faetorem
3433 1207 3588 1259 emit-

1998 1287 2157 1340 tentia
2179 1288 2494 1354 efﬁciamur,
2526 1293 2623 1344 hoc
2650 1303 2904 1346 extremm
2928 1294 3160 1348 miseri-.e
3182 1306 3283 1349 ρει.
3315 1295 3412 1350 Ubi
3440 1296 3588 1351 Citri-

1995 1387 2106 1430 stus
2155 1377 2387 1443 habitat,
2422 1381 2653 1450 Spiritus
2692 1396 2907 1439 sanctus
2950 1395 3201 1455 operatus
3236 1398 3352 1452 est,
3406 1398 3587 1457 totque

1997 1470 2243 1539 mysteria
2297 1482 2527 1539 peracta,
2586 1473 2685 1527 hoc
2728 1475 3028 1543 sepulcrum
3079 1491 3219 1542 esse,
3269 1487 3465 1548 quanta
3496 1480 3583 1534 illa

1994 1561 2208 1615 miseria
2239 1564 2357 1616 est?
2386 1575 2514 1634 quot
2558 1566 2768 1621 ﬂetibus
2797 1579 2849 1620 et
2877 1569 3159 1637 gentilibus
3202 1570 3421 1639 dignum
3462 1583 3582 1638 est,

1995 1665 2114 1703 cum
2157 1654 2398 1707 membra
2446 1655 2640 1709 Christi
2688 1659 2989 1725 sepulcrum
3046 1661 3375 1714 immundum
3411 1662 3586 1717 ﬁunt?

1993 1738 2176 1809 Cogita
2206 1744 2474 1811 quomodo
2523 1757 2677 1798 natus
2704 1747 2811 1813 sis,
2861 1748 3052 1816 quibus
3094 1750 3341 1819 dignatus
3389 1751 3582 1816 fueris.

1994 1846 2151 1899 quem
2177 1837 2448 1905 acceperis
2478 1837 2751 1902 amictum,
2797 1839 3061 1909 quomodo
3091 1844 3344 1911 templum
3378 1845 3585 1899 firmum

1993 1924 2311 1977 constitutus
2337 1925 2430 1990 sis,
2472 1943 2630 1994 quam
2656 1930 2935 1997 pulchrum
2965 1948 2979 1995 ;
3008 1946 3111 1984 non
3153 1948 3281 1986 auro
3312 1944 3582 2002 ornatum,

1993 2030 2166 2085 neque
2210 2020 2525 2087 margaritis,
2578 2021 2671 2074 sed
2714 2021 2794 2075 his
2841 2022 2995 2091 IOnge
3032 2025 3347 2092 pretiosiore
3386 2026 3585 2096 Spiritu

1993 2119 2199 2164 sancto.
2250 2110 2434 2180 Cogita
2486 2114 2753 2168 neminem
2805 2115 2856 2169 itt
2914 2117 3043 2170 urbe
3088 2119 3388 2187 sepulcrum
3445 2136 3579 2175 cou-

1994 2207 2199 2252 struere
2224 2201 2300 2271 (α)
2327 2219 2340 2265 ;
2386 2218 2514 2271 ergo
2542 2219 2715 2272 neque
2748 2214 2799 2257 ttt
2830 2206 2880 2259 itt
2913 2221 3143 2276 superna
3190 2211 3400 2265 civitate
3430 2228 3580 2265 cout-

1998 2306 2185 2359 parete
2242 2295 2459 2360 poteris.
2492 2293 2622 2347 Nam
2673 2298 2715 2348 si
2747 2296 2831 2350 hic
2878 2296 3005 2351 illud
3056 2298 3387 2368 prohibetur,
3420 2312 3585 2355 multo

1993 2380 2160 2451 magis
2194 2383 2317 2436 illic.
2350 2383 2462 2437 luto
2507 2400 2632 2438 vero
2659 2386 2818 2439 etiam
2864 2387 2949 2441 hic
2976 2389 3083 2443 risu
3112 2390 3302 2459 dignus
3333 2393 3584 2447 omnibus

1993 2488 2233 2542 appares,
2264 2474 2387 2528 dum
2418 2485 2680 2530 mortuam
2706 2478 3019 2533 circumfers
3046 2481 3314 2546 animant;
3346 2498 3443 2536 nec
3474 2486 3583 2538 risu

1993 2564 2187 2635 dignus
2220 2577 2447 2633 tantum,
2476 2568 2567 2621 sed
2598 2571 2757 2623 etiam
2805 2570 3103 2640 fugiendus.
3136 2573 3230 2626 Dic
3260 2578 3399 2627 enim
3428 2575 3580 2637 mihi,

1992 2661 2035 2711 si
2062 2660 2181 2728 quis
2213 2670 2477 2713 mortuum
2502 2662 2727 2716 cadaver
2756 2663 3140 2727 circumferret,
3174 2682 3351 2719 annon
3397 2682 3584 2723 omnes

1992 2750 2279 2813 resilirent,
2318 2767 2493 2804 annon
2544 2767 2731 2806 omnes
2770 2754 3052 2823 fugerent?
3102 2755 3211 2809 lloc
3239 2758 3397 2811 etiam
3444 2774 3582 2815 nunc

1994 2854 2167 2899 tecum
2191 2856 2395 2913 reputa.
2448 2844 2579 2898 Nam
2624 2845 2779 2916 longe
2808 2847 3045 2902 deterius
3076 2851 3431 2918 spectaculum
3478 2852 3581 2905 cir-

1990 2936 2242 2999 cumfers,
2279 2938 2510 2990 animam
2556 2949 2893 3004 peccatorum
2935 2941 3078 2995 mole
3124 2952 3409 3007 mortuam,
3463 2946 3580 2997 ani-

1991 3043 2131 3082 mam
2159 3028 2487 3083 dissolutam.
2510 3029 2638 3096 Quis
2662 3029 2779 3083 talis
2802 3029 3029 3084 hominis
3053 3031 3429 3087 miserebitur?
3448 3032 3578 3089 Cum

1991 3119 2131 3172 enim
2164 3129 2217 3172 tu
2248 3120 2439 3173 anima:
2469 3128 2571 3173 tua:
2602 3137 2705 3173 nutt
2754 3121 3079 3188 miserearis,
3128 3124 3397 3192 quomodo
3445 3126 3579 3179 alius

1992 3220 2043 3263 te
2094 3210 2431 3263 miserabitur
2477 3211 2546 3264 ita
2594 3212 2866 3266 crudelem
2915 3222 2970 3267 et
3009 3214 3283 3268 inimicum
3316 3216 3405 3269 tibi
3439 3216 3580 3286 ipsi?

1990 3301 2044 3355 Si
2072 3304 2191 3371 quis
2210 3302 2351 3355 enim
2377 3317 2482 3370 quo
2508 3304 2621 3355 !oco
2656 3314 2708 3355 tu
2740 3303 2942 3356 dormis
2981 3312 3034 3358 ct
3064 3305 3321 3368 comedis,
3351 3305 3580 3360 cadaver

1989 3394 2089 3447 sub
2112 3403 2249 3447 terra
2276 3404 2517 3463 poneret,
2548 3394 2672 3463 quid
2699 3410 2803 3447 non
2835 3394 3080 3449 faceres?
3112 3404 3166 3448 tu
3196 3412 3322 3451 vero
3346 3398 3577 3451 animam

1992 3496 2257 3540 mortuam
2279 3487 2523 3556 deponis,
2554 3503 2659 3540 tton
2690 3503 2795 3557 quo
2826 3488 2943 3541 loco
2981 3489 3211 3557 prandes
3243 3490 3326 3545 vel
3353 3489 3574 3554 dormis,

1990 3577 2083 3632 sed
2114 3577 2167 3631 in
2199 3578 2454 3631 membris
2476 3578 2691 3642 Christi,
2721 3593 2891 3646 neque
2918 3579 3071 3632 times
3100 3596 3165 3633 ne
3188 3581 3333 3635 mille
3358 3580 3575 3634 fulmina

1990 3672 2041 3723 in
2072 3681 2230 3737 caput
2266 3681 2409 3723 tunnt
2450 3670 2752 3740 jaciantur?
2780 3670 3058 3736 Quomodo
3105 3671 3271 3726 audes
3321 3673 3576 3727 ecclesnas

1994 3764 2086 3817 Dei
2118 3763 2473 3831 frequentare,
2498 3773 2550 3816 ct
2574 3776 2721 3815 sacra
2753 3762 2968 3830 templa,
2998 3778 3118 3816 cum
3140 3765 3277 3817 intus
3300 3774 3401 3817 tam
3425 3780 3576 3819 exsc-

1989 3853 2249 3908 crattdutn
2283 3854 2524 3907 fauorem
2557 3852 2790 3906 habeas"
2820 3852 2949 3907 Nam
2976 3855 3019 3907 si
3041 3854 3157 3923 quis
3184 3855 3233 3907 in
3264 3855 3460 3924 regiam
3488 3872 3578 3908 ca-

1988 3947 2151 4000 daver
2183 3946 2340 4000 ferret
2366 3954 2420 3999 et
2448 3945 2537 3998 tibi
2567 3944 2861 4010 defoderet,
2887 3956 3155 3999 extremas
3183 3946 3335 4000 daret
3365 3962 3573 4014 pmnas,

1992 4050 2044 4091 tu
2066 4052 2192 4091 vero
2214 4038 2299 4104 qui
2330 4052 2479 4091 sacra
2507 4046 2656 4106 septa
2688 4037 2825 4101 adis,
2857 4049 2909 4090 ct
2941 4046 3085 4089 tanto
3124 4037 3315 4091 foetore
3358 4040 3574 4092 dotnuttt

1990 4132 2183 4199 reples,
2216 4130 2386 4201 cogita
2414 4141 2665 4200 quantum
2691 4128 2803 4182 lues
2832 4129 3172 4198 supplicium.
3208 4128 3422 4185 Imitare
3464 4147 3575 4184 me-

1989 4224 2234 4277 retricem
2285 4222 2451 4286 illam,
2480 4238 2597 4291 qua:
2637 4235 2906 4291 unguento
2936 4222 3085 4275 unxit
3142 4223 3304 4291 pedes
3340 4220 3571 4287 Christi,

1988 4323 2042 4367 et
2070 4315 2208 4368 bono
2233 4314 2397 4368 odore
2428 4324 2589 4367 totant
2615 4314 2831 4368 dontmn
2877 4315 3115 4382 implevit
3144 4318 3161 4386 (
3185 4314 3310 4367 Luc.
3344 4317 3394 4368 7.
3425 4316 3492 4370 58
3513 4315 3570 4386 );

1990 4414 2042 4458 ttt
2066 4419 2192 4459 vero
2220 4405 2543 4459 contrarium
2592 4404 2643 4457 in
2676 4404 2836 4458 domo
2868 4405 2955 4459 Dei
2991 4405 3139 4459 facis.
3171 4404 3306 4470 Quid
3337 4422 3498 4471 cmm,
3529 4405 3575 4460 si

1990 4506 2041 4549 tu
2066 4498 2178 4565 ipse
2227 4506 2421 4549 tetrum
2467 4495 2685 4550 odorem
2716 4513 2821 4549 non
2858 4495 3057 4550 sentias
3074 4498 3097 4549 ’ἐ
3127 4495 3181 4550 ld
3210 4513 3337 4551 sane
3360 4498 3575 4551 morbus

1987 4599 2070 4642 est
2092 4588 2471 4658 gravissimus;
2507 4587 2627 4642 ideo
2676 4588 2954 4642 incurabili
3002 4590 3190 4643 morbo
3236 4590 3467 4655 laboras,
3520 4600 3574 4644 et

1987 4683 2227 4751 graviore
2269 4698 2423 4751 quam
2474 4682 2506 4734 ii
2557 4683 2645 4752 qui
2677 4697 2902 4751 corpore
2952 4684 3120 4736 ntutili
3147 4700 3209 4737 ac
3231 4684 3397 4738 vitiati
3431 4689 3567 4738 male

1987 4774 2147 4826 olent.
2169 4773 2259 4827 Ille
2287 4789 2514 4841 namque
2543 4774 2759 4827 morbus
2788 4774 2855 4827 ab
2880 4776 3036 4844 a'gris
3058 4790 3220 4829 sensu
3253 4777 3567 4845 percipitur,

1987 4863 2221 4932 nihilque
2241 4864 2535 4931 culpandus
2559 4876 2659 4928 est,
2687 4865 2793 4917 imo
2810 4865 2970 4918 etiam
2992 4877 3073 4919 est
3095 4866 3568 4921 commiseratione

1986 4956 2215 5023 dignus;
2272 4956 2357 5010 hic
2406 4972 2535 5010 vero
2587 4958 2803 5011 morbus
2831 4958 2905 5010 ira
2945 4968 2999 5011 et
3030 4960 3282 5014 vindicta.
3310 4961 3572 5028 Quoniam

1984 5062 2110 5117 ergo
2137 5047 2251 5103 haec
2276 5049 2519 5119 graviora
2553 5058 2697 5116 sunt,
2729 5065 2850 5104 cum
2879 5066 3111 5105 maxnne
3136 5068 3277 5123 aeger
3312 5055 3427 5125 ipse
3457 5071 3571 5108 ma-

1988 5140 2093 5194 ltntt
2118 5157 2221 5195 non
2249 5142 2429 5206 sentit,
2460 5152 2517 5195 ut
2545 5152 2839 5211 Oportet-et,
2858 5144 3202 5213 age,iutento
3222 5145 3343 5199 audi
3368 5147 3566 5209 animo,

1985 5241 2042 5284 ut
2071 5241 2120 5284 te
2163 5232 2332 5285 morbi
2385 5232 2675 5300 perniciem
2708 5232 2950 5287 doceam.
3001 5234 3180 5287 Primo
3228 5246 3405 5289 autem
3451 5237 3569 5289 audi

1983 5322 2106 5392 quid
2140 5322 2410 5391 psallendo
2437 5322 2581 5376 dicas
2606 5341 2619 5378 :
2654 5320 2917 5393 Dirigalur
2941 5326 3103 5378 oratio
3124 5342 3234 5378 mea
3257 5327 3385 5379 sicut
3404 5329 3570 5380 incen-

1981 5429 2091 5465 sum
2142 5416 2195 5464 in
2224 5424 2493 5481 conspectu
2532 5424 2615 5467 tuo
2640 5416 2657 5482 (
2680 5414 2827 5467 Paul.
2857 5416 2979 5470 HO.
3010 5415 3044 5468 Ξ
3067 5417 3107 5486 ).
3135 5416 3265 5470 Cum
3315 5433 3443 5487 ergo
3464 5436 3567 5473 ltott

1983 5502 2279 5568 incensum,
2313 5505 2405 5557 sed
2435 5521 2463 5557 a
2508 5514 2560 5558 te
2598 5514 2650 5559 ct
2677 5521 2705 5557 a
2733 5506 2895 5575 gestis
2925 5507 3027 5561 tuis
3058 5508 3195 5561 male
3218 5508 3368 5561 olens
3396 5509 3567 5561 fumus

1981 5593 2251 5659 ascendit,
2280 5611 2437 5661 qttam
2470 5610 2577 5649 non
2624 5597 2847 5649 mereris
2889 5597 3183 5651 ultionem?
3211 5597 3347 5665 Quid
3370 5611 3448 5654 est
3476 5600 3564 5653 ille

2049 5707 2125 5771 (α)
2156 5704 2381 5769 sepulcra
2403 5709 2451 5756 in
2474 5708 2677 5759 urbibus
2694 5709 3113 5761 construebaatut.
