4076 6142
375 461 513 517 male
541 463 692 518 olens
718 463 1080 524 I‘umus‘lMuIti
1098 469 1494 541 ingrediuntur,
1509 478 1598 547 qui
1614 478 1817 540 fortnas
1839 497 1960 536 mu-

373 550 563 607 lierum
609 555 1071 626 circumspiciunt;
1120 562 1337 633 aliique,
1378 569 1464 636 qui
1514 585 1796 636 puerorum
1843 588 1965 643 spe-

369 643 504 697 ciem
558 644 822 702 curiosius
874 659 1137 718 spectant.
1190 655 1383 710 Annon
1431 661 1662 724 miraris,
1695 666 1963 730 quomodo

368 732 584 789 fulmina
636 753 743 791 non
797 738 1082 808 jaciantur,
1142 761 1238 799 nec
1291 751 1469 824 omnia
1526 768 1554 805 a
1601 752 1961 812 fundamentis

365 831 711 883 evertantur?
751 830 881 886 Nam
917 834 1074 905 digna
1124 849 1248 893 sunt
1301 842 1386 895 illa
1433 844 1742 903 fulminibus
1788 859 1959 923 ctgc-

365 915 539 972 bcuna
571 938 584 973 ε
615 922 707 976 sed
742 923 900 991 Deus,
955 928 1159 997 patiens
1202 943 1256 987 et
1308 935 1486 991 multa:
1539 939 1943 998 misericordias.

364 1005 496 1062 iram
526 1025 678 1064 suam
713 1015 925 1082 retinet,
958 1027 1017 1072 ut
1043 1019 1109 1073 ad
1141 1023 1507 1090 pmnitentiam
1536 1038 1588 1083 et
1618 1032 1954 1087 emendatio—

361 1113 483 1153 nem
513 1109 563 1155 te
584 1101 829 1159 adducat.
856 1106 990 1174 Quid
1019 1108 1172 1178 facis,
1197 1113 1392 1171 homo?
1415 1119 1636 1175 formam
1668 1123 1949 1181 mulierum

363 1189 575 1245 curiose
604 1195 848 1262 rcSpicis,
881 1207 931 1251 ct
968 1215 1072 1253 non
1106 1201 1374 1262 horrescis
1405 1217 1544 1263 tanta
1575 1214 1830 1283 templum
1858 1216 1949 1272 Dei

357 1279 601 1336 alliciens
644 1291 1006 1344 comumclia?
1034 1308 1102 1347 an
1145 1297 1495 1374 prostibulum
1526 1316 1645 1357 esse
1673 1314 1828 1374 putas
1855 1322 1947 1363 ec-

355 1371 596 1437 clesiam,
630 1386 681 1430 et
712 1380 825 1431 foro
853 1380 967 1449 ipso
999 1366 1411 1453 ignobiliorch
1440 1390 1493 1445 In
1521 1392 1942 1469 lorocrubescis,

355 1475 423 1515 ne
470 1462 695 1519 videaris
747 1472 1023 1526 mulierem
1065 1477 1277 1533 curiose
1323 1495 1568 1550 spectare
1598 1503 1610 1539 :
1645 1488 1697 1542 in
1744 1492 1944 1561 templo

352 1561 529 1607 autem
584 1555 697 1620 Dei,
749 1559 873 1613 dum
929 1563 1065 1618 Deus
1107 1567 1220 1635 ipse
1264 1580 1434 1627 tecum
1464 1575 1713 1645 loquitur,
1744 1555 1942 1652 tibique

351 1643 487 1697 circa
520 1660 632 1700 rem
679 1648 815 1705 hanc
857 1656 1230 1725 connninatur,
1272 1661 1549 1720 fornicaris
1575 1675 1628 1720 et
1656 1670 1941 1728 iiimcltaris

349 1735 534 1790 eodem
563 1747 823 1809 tempore,
852 1762 957 1814 quo
978 1749 1130 1805 audis
1158 1752 1224 1805 ab
1253 1753 1333 1807 his
1355 1770 1476 1811 esse
1502 1759 1882 1818 abstinendum
1917 1780 1932 1818 :

344 1841 518 1897 neque
545 1829 831 1902 horrescis,
858 1854 1029 1908 neque
1054 1844 1269 1911 stupes?
1296 1846 1420 1901 llaec
1451 1865 1545 1903 vos
1574 1851 1765 1907 docent
1788 1855 1939 1911 thea-

346 1929 424 1974 tra
479 1922 733 1991 lasciviie,
784 1932 948 1997 pestis
989 1934 1075 1989 illa
1124 1946 1310 1992 curatu
1368 1940 1620 2008 difﬁcilis,
1674 1958 1933 2006 venenata

343 2012 649 2080 pharmaca,
681 2033 872 2086 graves
915 2022 987 2076 illi
1040 2025 1259 2081 irretitis
1290 2029 1486 2101 laquei,
1512 2035 1825 2104 voluptuosa
1854 2039 1932 2095 Ia-

341 2102 625 2162 sciviorum
658 2112 942 2177 pernicies.
970 2114 1172 2173 Idcirco
1200 2121 1448 2179 incusans
1475 2129 1735 2196 propheta
1779 2132 1928 2188 dice-

342 2191 430 2248 bat
461 2212 475 2249 :
510 2196 688 2268 Neque
712 2203 848 2258 oculi
876 2207 968 2270 tui,
999 2225 1089 2262 nec
1134 2228 1221 2265 cor
1258 2223 1399 2268 tuum
1438 2191 1623 2273 bonum
1670 2232 1741 2277 est
1772 2224 1925 2292 (Jer.

336 2284 425 2340 22.
458 2289 526 2343 £7
540 2291 583 2361 ).
610 2294 796 2350 Melius
819 2308 963 2353 esset
988 2299 1288 2371 huiusmodi
1319 2307 1562 2365 homines
1584 2327 1701 2368 esse
1721 2284 1924 2384 caecos;

332 2465 615 2537 Oporteret
644 2478 830 2549 utique
856 2480 998 2538 intus
1027 2500 1147 2542 esse
1175 2503 1403 2557 murum,
1434 2498 1522 2564 qui
1554 2510 1649 2551 vos
1676 2513 1707 2552 a
1736 2500 1925 2557 mulie-

333 2561 479 2618 ribus
509 2577 870 2638 sequestrarct
904 2579 921 2629 :'
943 2577 1067 2646 quia
1093 2594 1222 2635 vero
1250 2581 1302 2637 id
1333 2598 1437 2639 non
1468 2588 1646 2654 vultis,
1678 2606 1924 2649 necessa-

332 2653 467 2707 rium
500 2672 618 2714 esse
648 2666 899 2731 putarunt
941 2678 1118 2737 patres
1165 2675 1355 2736 nostri.
1396 2686 1452 2731 ut
1497 2678 1688 2735 saltem
1735 2682 1921 2753 ligneis

330 2737 522 2795 tabulis
551 2757 645 2798 vos
671 2760 1047 2816 separaremus
1079 2754 1153 2827 (a)
1190 2774 1203 2811 :
1240 2774 1359 2813 nam
1411 2776 1439 2814 a
1492 2764 1793 2822 senioribus
1820 2784 1919 2840 ego

327 2827 523 2895 audiri,
549 2832 699 2890 initio
722 2836 822 2894 hos
851 2843 1082 2911 parietes
1104 2861 1207 2900 non
1239 2847 1422 2906 fuisse.
1451 2852 1515 2906 in
1542 2853 1743 2911 Clu-icto
1784 2863 1917 2914 enim

326 2918 449 2973 lere
472 2938 569 2977 non
597 2935 671 2980 est
696 2945 803 2985 mas
822 2948 982 3003 neque
1008 2936 1196 3005 femina
1222 2937 1240 3012 (
1262 2939 1378 2995 Gul.
1398 2944 1449 2998 5.
1476 2945 1545 3001 28
1562 2947 1602 3015 ).
1636 2951 1917 3018 Apostolo-

325 3026 443 3066 rum
470 3031 680 3088 quoque
704 3030 945 3093 tempore
970 3043 1069 3082 una
1099 3030 1193 3084 viri
1226 3042 1279 3086 ct
1307 3035 1557 3094 mulieres
1586 3050 1757 3096 erant.
1781 3043 1910 3099 Nam

325 3110 449 3158 tunc
477 3105 574 3160 viri
603 3124 729 3166 vere
756 3113 852 3167 viri
878 3125 1051 3183 erant,
1082 3127 1134 3174 et
1161 3123 1432 3193 mulieres,
1459 3130 1708 3186 mulieres
1733 3151 1747 3164 ο
1771 3151 1911 3191 nunc

323 3207 448 3250 vero
468 3210 675 3266 contra,
714 3206 967 3263 mulieres
1013 3214 1349 3271 meretricum
1377 3219 1475 3273 sibi
1501 3236 1677 3278 mores
1703 3240 1910 3283 assum-

319 3300 561 3354 pserunt.
588 3293 687 3349 viri
709 3306 887 3354 autem
908 3300 974 3356 ab
995 3304 1145 3374 equis
1163 3304 1461 3366 furentibus
1482 3311 1610 3368 nihil
1631 3316 1903 3378 diﬂ‘erunt.

316 3376 433 3433 Non
463 3383 706 3454 audistis,
755 3402 1105 3464 congregatos
1157 3397 1208 3452 in
1252 3403 1530 3459 emuncqu
1569 3405 1734 3464 fuisse
1762 3411 1905 3468 viros

313 3484 376 3524 ac
417 3474 684 3542 mulieres,
737 3481 987 3554 illumque
1030 3496 1228 3543 emtum
1279 3493 1426 3548 caelis
1473 3494 1688 3567 dignum
1735 3501 1902 3559 fuisse

311 3558 458 3628 (Act.
490 3565 541 3618 ι.
570 3568 820 3640 15.“)?
848 3573 912 3627 Et
938 3574 1059 3643 jure
1087 3579 1339 3648 quidem:
1370 3558 1699 3643 muua'enim
1723 3592 1898 3660 philo-

308 3652 497 3720 sOpIiia
526 3667 649 3713 tunc
670 3663 920 3720 mulieres
946 3668 1215 3725 instructa:
1241 3683 1414 3739 erant,
1433 3686 1488 3731 et
1514 3680 1610 3733 viri
1634 3684 1894 3739 modestia

305 3752 467 3813 atque
493 3750 756 3807 castitate.
805 3755 999 3812 Audite
1048 3761 1190 3813 enim
1248 3778 1495 3833 purpur-ai
1546 3771 1890 3828 venditriccm

304 3834 571 3892 dicentem
606 3859 618 3893 :
649 3841 711 3897 Si
748 3845 947 3913 ﬁdelem
975 3866 1053 3904 me
1098 3850 1315 3908 Domino
1355 3858 1660 3927 judicastis,
1709 3865 1892 3922 intrate

301 3924 356 3978 in
384 3928 587 3984 domum
617 3949 776 3989 meant
801 3978 816 4002 ,
861 3948 907 3992 et
956 3953 1149 3997 manete
1198 3948 1337 4015 apud
1356 3924 1462 4003 vme
1491 3950 1635 4021 (Act.

301 4020 465 4075 (1‘8.
503 4023 621 4096 ιθ).
660 4027 859 4087 Audite
882 4033 1159 4101 mulieres,
1207 4054 1325 4106 uiue
1376 4020 1515 4097 virili
1570 4020 1884 4107 ειηίῗιῑόἷί

302 4118 523 4167 structa:
548 4117 845 4175 circuibant
895 4138 1015 4177 cum
1059 4129 1347 4196 apostolis,
1401 4131 1689 4191 Priscillam
1711 4179 1725 4203 ,
1753 4140 1879 4197 Per-

299 4198 471 4253 sidem
499 4212 552 4257 et
578 4206 708 4261 alias
754 4209 773 4280 (
797 4210 942 4264 Boni.
974 4212 1060 4266 I6.
1104 4215 1169 4269 12
1194 4216 1214 4287 )
1252 4234 1265 4271 :
1294 4233 1322 4270 a
1350 4221 1539 4288 quibus
1566 4198 1768 4283 tantum
1791 4231 1877 4285 di-

255 4297 263 4305 '
295 4301 436 4348 stant
484 4294 757 4355 hodierna:
798 4303 1049 4359 mulieres
1071 4348 1084 4372 ,
1118 4320 1372 4377 quantum
1402 4314 1498 4368 viri
1527 4331 1555 4369 a
1587 4319 1715 4375 viris
1746 4322 1870 4381 illis.

364 4384 418 4437 4.
445 4384 719 4443 Mulierum
747 4408 854 4445 sua:
877 4396 1039 4449 artatis
1067 4400 1354 4466 vanitatem,
1384 4406 1633 4462 connubia
1676 4428 1768 4479 pro
1784 4432 1873 4482 pe-

290 4474 454 4529 cuniis
481 4478 818 4547 adipiscendis
844 4494 992 4553 pacta
1012 4526 1026 4550 ,
1056 4495 1104 4539 et
1129 4486 1479 4547 Parasitorum
1506 4512 1667 4554 mares
1691 4503 1869 4556 redar-

285 4566 396 4635 guit
423 4566 832 4640 Chrysostomus.
857 4604 929 4617 —-
949 4576 1098 4633 Tunc
1123 4582 1263 4635 enim
1290 4587 1532 4652 quamvis
1562 4593 1869 4662 peregrinae

284 4667 493 4724 rentur,
522 4661 572 4715 id
599 4661 716 4719 sine
742 4664 894 4720 fama:
920 4667 1242 4727 detrimento
1265 4683 1419 4739 erat;
1447 4693 1583 4733 nunc
1612 4691 1788 4737 autem
1813 4686 1864 4740 in

282 4747 402 4816 ipso
438 4752 671 4810 thalamo
705 4760 950 4814 enutritae
994 4763 1079 4816 vix
1119 4764 1273 4819 talem
1313 4767 1569 4837 ell‘uginnt
1601 4776 1863 4844 suspicio-

279 4853 428 4894 nem.
461 4841 585 4898 uiue
626 4861 785 4915 porro
822 4850 889 4905 ab
918 4853 1195 4908 ornatibus
1236 4862 1290 4909 et
1328 4871 1357 4911 a
1398 4858 1602 4916 deliciis
1645 4841 1860 4934 prolici-

271 4940 518 4987 seuntur.
550 4934 699 4991 Tunc
723 4939 934 4995 illarum
962 4956 1096 5010 Opus
1121 4954 1254 5012 erat,
1275 4948 1707 5015 priedicatioucm
1737 4973 1861 5033 pro-

272 5035 503 5091 pagare;
538 5041 678 5082 nunc
704 5039 876 5085 autem
907 5032 956 5086 id
985 5045 1171 5088 curant
1194 5045 1252 5089 ut
1282 5037 1524 5095 formosa:
1553 5053 1606 5098 et
1625 5032 1857 5114 pulchra:

268 5113 569 5170 videantur.
603 5118 713 5174 lIoc
753 5122 855 5176 illis
896 5124 1101 5193 gloria,
1148 5126 1247 5180 hoc
1290 5128 1392 5184 illis
1421 5132 1563 5188 salus
1585 5146 1698 5203 est;
1735 5157 1854 5195 nam

270 5204 337 5258 de
365 5210 573 5277 magnis
600 5213 975 5284 prmelarisque
1003 5218 1169 5286 gestis
1210 5235 1277 5274 ne
1320 5236 1414 5290 per
1437 5227 1700 5281 somnium
1733 5232 1851 5300 qui-

263 5295 385 5349 dem
416 5309 622 5354 curant.
658 5302 789 5368 Quae
819 5308 1008 5362 mulier
1045 5324 1111 5364 eo
1136 5312 1313 5367 studia
1342 5317 1567 5370 contulit
1589 5330 1645 5372 ut
1671 5324 1847 5379 virum

261 5384 461 5443 laceret
501 5393 775 5449 meliorem
796 5399 821 5449 ‘l
847 5400 934 5467 qui
978 5401 1057 5453 vir
1076 5417 1193 5455 eam
1220 5403 1402 5460 habuit
1436 5409 1845 5469 Sollicitudinem

261 5485 316 5529 ut
344 5494 565 5536 uxorem
606 5486 961 5542 emendaret?
987 5489 1155 5546 Nemo
1195 5506 1374 5551 certe:
1419 5498 1512 5553 sed
1546 5504 1694 5556 uxori
1742 5521 1842 5560 una

251 5763 278 5813 ι)
301 5708 372 5818 (al)
413 5710 639 5767 Muiieres
661 5732 687 5767 a
707 5718 824 5767 viris
841 5729 887 5769 tn
914 5723 1121 5775 ecclesia
1149 5729 1325 5780 tabulis
1349 5730 1527 5793 lignms
1550 5749 1833 5801 sequestra-

280 5782 341 5816 ειη
369 5783 440 5818 ur.

280 5782 440 5822 antur.

599 5875 881 5934 PATROL.
932 5877 1047 5936 Gn.
1107 5880 1313 5943 l.\'IIl.

1239 358 1307 419 ΙΝ
1343 364 1748 426 ΜΑΤΤΙΙΑΞΕΜ
1789 365 2016 426 ΗΟΜΙΙ...
2062 370 2296 435 LXXIII.
2336 376 2407 477 al.
2447 379 2681 438 LXXIV.

1951 5618 2052 5671 (ms.

3545 406 3647 465 678

2073 500 2200 542 cura
2227 487 2293 543 de
2318 495 2495 548 aureis
2524 503 2818 587 ornatibus,
2840 503 2906 560 de
2936 509 3170 568 vestibus
3193 518 3230 579 ⁸,
3251 518 3423 588 deque
3449 531 3658 585 caeteris

2068 578 2134 631 ad
2161 585 2400 650 corporis
2426 598 2672 645 ornatum
2704 581 3099 670 spectantibus,
3124 618 3283 679 atque
3313 578 3369 667 ut
3397 629 3527 685 opes
3558 638 3653 676 au-

2065 678 2325 735 geantur;
2357 675 2470 729 viro
2500 688 2678 735 autem
2723 692 2778 738 ct
2813 685 2927 744 hare
2971 675 3236 761 postrema
3277 711 3332 756 et
3372 675 3491 761 alim
3535 712 3651 779 plu~

2065 758 2213 812 rima!
2241 776 2383 818 curio
2412 777 2570 834 sunt,
2593 785 2887 845 omnesque
2923 786 3227 844 szeculares.
3269 791 3397 861 Quis
3427 812 3650 857 uxorem

2063 849 2352 919 ducturus,
2380 872 2559 914 mores
2584 873 2639 917 ct
2669 865 3035 928 educationem
3079 879 3268 947 puella:
3284 849 3600 956 exploravit
3624 894 3650 937 9

2061 940 2263 1009 Nemo;
2293 947 2389 1002 sed
2416 949 2484 1005 de
2509 955 2747 1020 pecuniis
2778 966 2978 1016 tantum
3005 940 3279 1037 qnieritur,
3310 940 3643 1051 deprimi-diis,

2059 1032 2230 1104 deque
2257 1036 2516 1095 bonorum
2542 1046 2817 1111 varietate,
2848 1066 2910 1107 ac
2936 1054 2979 1108 si
3009 1058 3134 1126 quid
3163 1032 3440 1133 emptirus
3467 1085 3641 1142 esset,

2057 1134 2149 1179 aut
2172 1126 2240 1181 de
2272 1136 2659 1197 permutatione
2696 1142 2941 1210 quapiam
2972 1161 3235 1217 ageretur.
3255 1126 3511 1232 ddecquc
3543 1126 3643 1224 hoc

2057 1219 2274 1275 nomine
2297 1226 2618 1281 connubiqu
2652 1245 2732 1284 νο(
2748 1242 2859 1286 aiit.
2879 1234 3071 1293 Multos
3084 1242 3225 1297 enim
3252 1219 3439 1304 audivi
3455 1252 3641 1311 dicen-

2055 1315 2137 1362 tes
2160 1351 2175 1374 ,
2209 1310 2540 1370 Pcrtnntavit
2575 1320 2659 1375 hic
2685 1337 2805 1378 cum
2848 1325 2956 1393 illa,
2986 1328 3036 1383 id
3064 1341 3165 1399 cst,
3188 1334 3336 1392 duxit
3365 1341 3530 1397 illam.
3563 1310 3638 1402 Ita

2051 1399 2187 1455 dona
2219 1404 2309 1458 Dei
2338 1408 2671 1479 vituperant,
2699 1423 2860 1485 atque
2885 1434 2948 1474 ac
2974 1421 3019 1475 si
3050 1425 3342 1484 venderent
3368 1447 3638 1493 emerent-

2049 1508 2153 1561 que
2176 1532 2191 1559 ,
2222 1496 2299 1550 sic
2322 1497 2522 1553 ducunt
2548 1513 2600 1557 et
2625 1504 2914 1563 ducuntur.
2956 1511 3232 1587 Rescripta
3281 1536 3403 1577 vero
3447 1529 3635 1597 majori

2048 1584 2295 1637 cautione
2318 1603 2455 1654 Opus
2480 1586 2675 1673 habent
2697 1597 2737 1662 ³,
2767 1613 2927 1668 quam
2954 1604 2997 1657 si
3025 1603 3094 1660 de
3121 1584 3346 1667 venditis
3363 1625 3415 1670 ct
3441 1584 3636 1690 emptis

2045 1686 2308 1741 ageretur.
2342 1680 2537 1738 Discite
2562 1701 2667 1755 quo
2694 1700 2849 1758 pacto
2873 1701 3085 1753 veteres
3112 1715 3304 1760 uxores
3332 1680 3589 1768 ducerent
3613 1757 3627 1779 ,

2044 1762 2270 1835 illosque
2305 1770 2605 1829 imitamini.
2648 1777 2926 1846 Quomodo
2962 1800 3090 1856 ergo
3136 1808 3328 1852 uxores
3364 1762 3628 1862 ducebat);
3702 1872 3709 1878 ,

2044 1852 2155 1878 211211
2184 1857 2221 1878 h
2265 1877 2285 1878 ρ
2341 1875 2355 1878 ι
2720 1871 2731 1878 “
2795 1871 2806 1878 ⁸
2849 1872 2862 1878 “

2042 1852 2155 1909 illi?
2181 1857 2360 1915 Bonus
2399 1877 2580 1920 mores
2623 1878 2678 1922 et
2720 1871 2950 1928 indolem
2981 1882 3328 1952 qua-reboat,
3360 1893 3628 1967 animique

2040 1945 2310 2003 virtutem.
2340 1952 2571 2026 Ideoque
2614 1963 2831 2032 scriptis
2865 1983 3002 2034 opus
3038 1988 3143 2027 non
3188 1976 3486 2050 habebant,
3517 1945 3623 2043 rion

2038 2035 2221 2093 charta
2247 2081 2261 2107 ,
2305 2059 2408 2099 non
2455 2055 2795 2109 atramento:
2828 2070 3039 2126 Sponsa:
3066 2081 3242 2122 mores
3276 2073 3406 2127 Satis
3430 2091 3577 2132 erant
3605 2122 3619 2147 ,

2035 2128 2382 2202 omniumque
2413 2135 2586 2193 locum
2636 2146 2908 2202 tenebant.
2944 2150 3048 2208 Vos
3084 2170 3214 2229 ergo
3252 2163 3514 2238 obsecro,
3556 2190 3621 2229 ne

2036 2222 2288 2286 pecunias
2306 2265 2319 2289 ,
2351 2241 2418 2281 ne
2441 2244 2570 2298 opes
2593 2238 2843 2302 quaeratis
2864 2281 2879 2306 ,
2911 2243 3004 2297 sed
3037 2261 3233 2320 mones,
3262 2256 3574 2318 modestiam
3599 2308 3616 2334 ,

2035 2309 2305 2425 pie't'atcm,
2336 2317 2703 2393 philosopham
2735 2331 2960 2398 puellam
2990 2352 3004 2398 ;
3032 2346 3086 2392 ct
3118 2309 3231 2398 haec
3264 2309 3613 2425 magisveueui

2031 2399 2177 2456 mille
2210 2404 2443 2464 thesauri
2468 2413 2622 2469 vobis
2644 2419 2952 2487 proderunt.
2985 2426 3039 2482 Si
3068 2448 3187 2500 qua:
3206 2436 3295 2493 Dei
3323 2399 3614 2518 sunteas:-

2029 2506 2152 2563 ras,
2183 2497 2294 2554 hare
2323 2517 2536 2576 quoque
2572 2510 2662 2564 tibi
2695 2512 2993 2586 addentur;
3025 2523 3069 2575 si
3100 2540 3225 2581 vero
3261 2532 3364 2587 illis
3414 2497 3612 2599 relictis

2025 2583 2093 2639 ad
2123 2586 2238 2644 lucc
2266 2602 2466 2650 tantum
2489 2613 2693 2668 curras,
2718 2620 2891 2677 neque
2911 2608 3027 2667 hinc
3045 2628 3350 2687 Sequentur.
3379 2628 3481 2685 Sed
3501 2632 3606 2703 Ille,

2025 2677 2255 2750 inquies,
2288 2686 2355 2741 ab
2383 2704 2548 2747 uxore
2565 2693 2763 2752 ditatus
2779 2710 2883 2755 est.
2902 2702 3018 2760 Non
3043 2716 3093 2764 te
3120 2677 3279 2780 pudet
3305 2718 3416 2775 lucc
3437 2677 3608 2782 εχριηῖ

2026 2771 2107 2839 pla
2136 2775 2382 2834 referre?
2408 2780 2600 2841 Multos
2628 2789 2808 2846 audivi
2836 2794 3098 2865 dicentes,
3127 2803 3343 2863 Mallem
3368 2826 3603 2877 extrema

2023 2876 2333 2933 paupertate
2355 2870 2621 2944 laborare,
2643 2896 2800 2949 quam
2827 2886 2895 2941 ab
2915 2903 3082 2946 uxore
3105 2895 3284 2953 ditari.
3304 2902 3437 2971 Quid
3458 2911 3602 2966 enim

2009 3417 2315 3477 servitutem
2342 3466 2356 3487 ,
2387 3440 2608 3499 pugnas,
2641 3448 2915 3494 servorum
2940 3446 3212 3517 convicia,
3244 3452 3535 3518 dicentium
3566 3483 3581 3519 :

2007 3508 2232 3581 Pauper,
2250 3531 2537 3589 pannosus,
2554 3523 2799 3594 ignobilis
2815 3546 2878 3587 ex
2895 3533 3214 3604 ignobilibus
3230 3562 3244 3610 ;
3259 3549 3385 3616 quid
3406 3550 3589 3612 habuit

2002 3601 2214 3669 quando
2227 3608 2579 3668 venit?annon
2594 3620 2769 3674 omnia
2784 3633 2905 3678 sunt
2916 3624 3173 3688 dominae?
3182 3633 3287 3691 Sed
3301 3638 3414 3696 haec
3428 3647 3586 3704 verba

2002 3692 2130 3746 nihil
2161 3710 2316 3753 curas
2343 3718 2356 3752 :
2390 3717 2564 3774 neque
2590 3711 2732 3764 enim
2761 3712 2898 3771 liber
2920 3732 3000 3773 es.
3027 3719 3162 3778 Nam
3184 3735 3240 3782 et
3262 3736 3473 3799 parasiti
3501 3739 3583 3795 his

1997 3783 2262 3843 deteriora
2290 3793 2530 3861 audiunt,
2567 3814 2739 3870 neque
2765 3803 2886 3860 ideo
2910 3808 3114 3879 dolent,
3144 3819 3240 3873 sed
3262 3783 3430 3879 .etiam
3458 3830 3574 3897 glo-

1994 3875 2200 3932 riantur
2226 3880 2295 3936 de
2321 3881 2623 3952 hujusmodi
2650 3890 2933 3952 dedecore.
2963 3901 3040 3954 Ac
3066 3875 3187 3960 cum
3215 3909 3267 3964 id
3293 3875 3430 3983 ipsis

1778 3971 1899 4049 qi.
1992 3982 2110 4022 mus
2135 4011 2150 4034 ,
2185 3971 2267 4025 Sit
2291 3975 2419 4029 mihi
2439 4018 2454 4041 ,
2486 3978 2750 4050 inquiunt,
2780 3987 2905 4057 quid
2926 3989 3079 4050 dulce
3107 4007 3158 4052 et
3179 3971 3571 4077 jucundum,et

1804 4053 1884 4107 in-
1902 4014 2213 4117 ίίτευίΐοςθι
2239 4081 2347 4117 me.
2377 4068 2422 4117 O
2449 4070 2758 4117 dialmlumt
2798 4095 2918 4117 mm
2959 4091 3235 4117 ...ωνμιμ
3284 4097 3361 4117 2n-
3413 4102 3427 4115 ο
3528 4108 3539 4117 -

1989 4060 2213 4118 suffocet
2239 4081 2347 4122 me.
2377 4068 2422 4123 Ο
2449 4070 2758 4132 diabolum!
2798 4095 2918 4149 quae
2959 4060 3238 4155 proverbia
3281 4060 3570 4162 ille—iuni:

1988 4160 2093 4206 tant
2129 4155 2404 4216 hominum
2437 4162 2647 4233 intulit,
2675 4171 2865 4238 quibus
2904 4187 3013 4233 tota
3057 4183 3244 4242 talium
3287 4190 3561 4256 hominum

1983 4340 2261 4398 exitiosum
2289 4345 2485 4403 dictum
2511 4391 2527 4417 ,
2559 4367 2752 4423 quanta
2783 4358 2852 4414 sit
2878 4365 3112 4430 pernicie
3141 4372 3354 4440 plenum
3375 4422 3390 4436 .
3418 4383 3561 4442 Nihil

1981 4433 2123 4489 enim
2145 4437 2287 4492 aliud
2314 4439 2463 4506 dicit,
2496 4459 2651 4513 quam
2676 4447 2791 4504 huic
2817 4454 3014 4510 verba:
3041 4459 3189 4515 Nulla
3223 4467 3312 4523 tibi
3342 4471 3559 4547 decori,

1981 4527 2111 4547 μη..-
2269 4531 2281 4544 .
2538 4538 2548 4547 .
2710 4541 2721 4547 -
2828 4543 2842 4547 _

1977 4527 2118 4582 nulla
2146 4529 2237 4585 tibi
2260 4531 2479 4600 justitize
2507 4538 2577 4591 sit
2622 4541 2792 4596 ratio:
2826 4543 2945 4600 lucc
2991 4554 3164 4606 omnia
3195 4557 3511 4626 abjiciantur

1977 4636 2132 4675 uuam
2167 4633 2368 4678 tantum
2396 4643 2578 4697 qitmre
2604 4633 2949 4703 voluptatem.
2983 4642 3202 4700 Etiamsi
3233 4659 3284 4704 te
3321 4670 3404 4709 res
3434 4658 3549 4716 hinc

1972 4711 2279 4781 sumlcarit,
2311 4717 2402 4771 tibi
2449 4721 2697 4789 Optabilis
2726 4725 2831 4792 sit;
2859 4730 3064 4787 etiamsi
3091 4750 3277 4795 omnes
3316 4746 3454 4802 ohrii
3500 4761 3550 4807 te

1969 4816 2284 4873 conspuanl,
2309 4809 2512 4865 etiamsi
2546 4813 2709 4868 lutum
2730 4815 2782 4869 iu
2798 4831 2859 4871 os
2881 4819 3141 4891 ingerunt,
3165 4830 3263 4884 ctsi
3288 4842 3344 4889 ut
3361 4852 3544 4895 canem

1969 4895 2171 4962 pellant
2193 4939 2206 4961 ,
2239 4902 2414 4955 omnia
2439 4901 2598 4961 feras.
2633 4904 2835 4977 Ecquid
2863 4912 3006 4967 aliud
3033 4916 3261 4975 dixerint
3291 4931 3469 4995 porci,
3503 4937 3546 4989 si

1966 4986 2107 5054 loqui
2130 4992 2377 5056 possent?
2397 4993 2522 5061 quid
2551 4995 2741 5064 impuri
2763 5005 2957 5057 canes?
2979 5004 3162 5078 Neque
3186 5012 3407 5071 fortasse
3428 5024 3547 5081 talia

1964 5077 2327 5147 loquerentur,
2354 5084 2525 5153 qualia
2552 5087 2795 5146 diabolus
2815 5095 3015 5152 rabidis
3045 5109 3349 5165 nominibus
3364 5119 3541 5171 dicere

1961 5175 2146 5230 suasit.
2177 5176 2462 5247 Propterea
2503 5184 2759 5253 obsecro,
2793 5198 2850 5243 ut
2880 5193 3058 5249 talium
3107 5200 3386 5259 verborum
3435 5209 3538 5263 im-

1963 5267 2261 5332 pudentiam
2290 5273 2687 5331 considerantes
2710 5320 2725 5343 ,
2766 5278 2880 5337 haec
2913 5291 3188 5351 prm'crbia
3223 5292 3452 5363 fugiatis,
3485 5310 3539 5353 ct

1957 5356 2038 5411 his
2060 5363 2325 5416 contraria
2370 5381 2428 5419 ex
2469 5367 2757 5439 Scripturis
2781 5373 3042 5446 deligatis.
3077 5381 3204 5448 Qua:
3249 5396 3375 5441 sunt
3407 5391 3489 5443 illa
3518 5393 3540 5445 ?

1955 5444 2038 5502 Ne
2060 5448 2286 5507 ambules
2313 5465 2424 5523 post
2450 5461 2877 5530 concupiscentia:
2905 5468 3091 5523 anima!
3114 5480 3213 5526 tua:
3230 5515 3246 5540 ,
3274 5489 3319 5528 et
3340 5485 3537 5548 appeti-

2015 5563 2030 5591 ί
2058 5560 2153 5610 Alii
2176 5562 2372 5624 habent,
2392 5565 2456 5617 dc
2477 5567 2639 5621 aureis
2661 5572 2931 5639 ornatibus,
2957 5578 3018 5630 de
3049 5583 3275 5647 gemmis,
3291 5593 3354 5640 de
3390 5585 3542 5641 vesti-

2011 5686 2029 5715 ε
2053 5691 2194 5757 .tusta
2220 5692 2420 5772 textum
2440 5690 2869 5772 .Savil..legendutn
2894 5710 3027 5752 esset
3053 5717 3161 5754 cum
3182 5714 3386 5772 Georgio
3413 5711 3529 5761 Tra-

1948 5749 2172 5815 [ozuntio
2219 5748 2506 5820 interprete,
2532 5748 2857 5817 stipulationes
2894 5748 3078 5829 quoque
3117 5748 3390 5832 ηηῇἶῖιιςάη
3428 5788 3529 5825 utu-

1935 5808 2049 5871 jas'e
2081 5811 2231 5862 astuti
2248 5826 2259 5853 :
2278 5808 2575 5877 Compellunt.

3166 5916 3223 5975 I-'t
