4076 6142
375 267 474 328 681

387 400 475 451 per
501 392 706 446 terram,
739 395 768 432 α
793 377 1038 449 sanguine
1068 375 1188 431 Abel
1207 377 1360 449 justi,
1391 392 1548 446 usque
1563 377 1630 430 ad
1661 377 1958 446 sanguinem

379 471 646 526 Zarimria‘
672 469 768 538 ﬁlii
796 467 1083 534 Baraeltiw,
1110 483 1255 538 quem
1281 467 1536 520 occidistis
1560 467 1690 519 inter
1719 465 1958 536 templum

379 573 424 616 cl
451 563 632 616 altore.
663 559 752 614 56.
783 559 941 613 Amen
969 559 1084 612 dies
1113 557 1250 612 vobis
1275 599 1291 624 ,
1319 557 1516 612 venient
1545 557 1654 610 lucc
1681 558 1848 609 onmia
1876 572 1962 608 su-

381 671 466 722 per
491 652 858 723 generationem
888 651 1042 704 hanc.

450 743 506 796 2.
557 743 686 797 \'ide
711 759 773 797 es
804 753 934 811 quot
979 740 1304 810 argumentis
1349 755 1460 794 rem
1501 737 1605 791 illis
1630 748 1828 792 certam
1856 744 1962 789 sta.

381 838 595 891 luebat“!
643 835 800 901 Dixit,
833 835 1016 889 Patres
1061 843 1272 888 vestros
1313 831 1578 884 damnatis
1605 845 1728 884 eum
1760 829 1957 895 dicitis,

377 929 494 982 Non
530 927 1076 982 connnmr'casscntus
1101 939 1222 980 cum
1255 923 1400 983 illis;
1457 937 1554 975 nec
1603 937 1787 990 parum
1833 919 1958 972 illud

375 1027 491 1071 erat
518 1027 575 1071 ut-
602 1016 722 1070 illos
759 1015 958 1082 pudore
983 1013 1236 1068 afﬁceret.
1275 1013 1434 1074 Dixit,
1467 1012 1600 1065 Dum
1652 1011 1768 1064 illos
1809 1009 1959 1062 dam.

375 1109 536 1172 natis,
570 1110 750 1178 pejora
783 1106 991 1170 facitis;
1037 1106 1086 1160 id
1106 1104 1254 1174 quod
1284 1103 1530 1158 ruborem
1579 1101 1704 1172 ipsis
1743 1101 1960 1171 injicere

373 1201 623 1256 debebat.
659 1197 816 1262 Dixit,
849 1195 964 1252 Non
1003 1197 1224 1264 impune
1254 1194 1369 1248 tunc
1394 1201 1572 1256 erunt,
1603 1201 1657 1247 et
1695 1191 1777 1246 his
1805 1191 1961 1246 timo—

377 1310 492 1350 rem
543 1291 650 1346 illis
704 1290 970 1358 ingentem
1025 1287 1210 1342 incutit
1245 1305 1258 1340 :
1289 1285 1588 1354 gehennam
1635 1283 1776 1336 enim
1830 1281 1960 1350 ipsis

376 1380 835 1439 commemoravit.
858 1378 1060 1433 Deinde
1079 1376 1201 1447 quia
1223 1377 1468 1446 gehenna
1497 1375 1666 1428 futura
1692 1389 1794 1426 non
1826 1389 1959 1442 pra:-

375 1492 501 1531 seus
526 1481 662 1540 erat,
692 1473 828 1527 mala
856 1471 984 1542 ipsis
1025 1469 1306 1538 praesentia
1339 1467 1673 1537 signiﬁcavit,
1703 1484 1822 1520 rum
1851 1467 1956 1522 ait:

385 1567 592 1621 Venient
617 1566 724 1620 lia'c
754 1563 924 1618 onmia
953 1578 1104 1632 super
1131 1559 1507 1632 generationem
1543 1558 1712 1612 istaut.
1745 1557 1960 1612 Addidit

377 1667 554 1713 autem
585 1654 833 1724 supplicii
871 1652 1262 1708 vehementiam
1311 1651 1600 1720 ingentem,
1633 1647 1814 1702 dicens
1841 1648 1958 1704 illos

375 1749 614 1802 omnium
643 1745 954 1816 gravissima
985 1757 1108 1798 esse
1133 1755 1422 1812 passuros;
1471 1754 1536 1793 ex
1582 1737 1733 1792 nullo
1777 1747 1955 1792 tamen

375 1839 562 1893 horum
589 1837 948 1908 resipuerunt.
971 1835 1024 1890 Si
1048 1834 1168 1904 quis
1199 1848 1325 1888 vero
1353 1833 1568 1897 dixerit,
1585 1829 1696 1886 Cur
1719 1831 1954 1885 omnium

373 1929 683 2000 gravissima
733 1927 874 1999 passi
920 1925 1086 1982 sunt?
1129 1923 1495 1995 responderim
1539 1937 1659 1994 ego,
1686 1921 1808 1992 quia
1837 1939 1956 1976 om-

377 2021 524 2075 nium
550 2019 863 2090 gravissima
885 2019 1084 2072 scelera
1115 2023 1509 2086 perpetraruut,
1526 2029 1590 2069 ex
1613 2013 1756 2069 nullo
1783 2024 1955 2066 tamen

376 2113 564 2167 horum
611 2113 860 2167 meliores
895 2109 1065 2166 effecti
1097 2119 1239 2164 sunt.
1281 2111 1474 2164 Annon
1505 2107 1696 2162 audisti
1729 2106 1956 2163 Lameclt

373 2205 663 2265 dicentem,
695 2201 777 2256 Ea:
805 2201 930 2258 Cain
980 2201 1288 2256 vindicatum
1315 2210 1388 2254 est
1419 2199 1620 2270 septies,
1650 2215 1714 2254 ea:
1740 2197 1957 2252 Lamech

374 2315 487 2353 vero
513 2297 795 2368 septuagies
823 2295 1004 2366 septies
1029 2293 1178 2368 (Gen.
1207 2294 1260 2349 4.
1289 2292 1416 2361 2i)!
1449 2291 1503 2347 ιιι
1531 2301 1630 2354 est,
1663 2292 1809 2360 plura
1831 2307 1957 2362 sup-

375 2392 532 2463 plicia
564 2407 775 2446 mereor
799 2405 900 2460 ego
924 2405 1081 2460 quam
1111 2387 1263 2444 Cain.
1299 2386 1518 2454 Quare?
1563 2385 1692 2441 Nam
1739 2385 1954 2441 fratrem

375 2501 481 2540 non
528 2484 760 2540 occidit:
789 2481 884 2538 sed
929 2483 1051 2551 quia
1102 2495 1207 2535 non
1253 2479 1500 2549 exemplo
1537 2479 1825 2548 castigatus
1852 2488 1954 2534 est.

376 2577 610 2647 ldipsum
638 2575 761 2630 alibi
793 2573 920 2627 dicit
953 2573 1130 2627 Deus:
1162 2571 1398 2627 Reddens
1444 2579 1647 2642 peccata
1687 2579 1955 2640 parentum

374 2669 428 2721 in
461 2667 594 2735 ﬁlios
633 2667 685 2720 in
722 2665 919 2718 tertiam
948 2673 994 2718 et
1023 2673 1256 2732 quartam
1284 2662 1653 2734 generationem
1681 2661 1743 2712 iis
1769 2660 1851 2730 qui
1879 2675 1958 2713 me

375 2759 494 2812 odio
535 2757 714 2811 habent
743 2755 938 2824 (Exod.
966 2755 1056 2810 20.
1084 2756 1142 2823 5)
1169 2771 1183 2819 ;
1231 2769 1338 2809 non
1365 2751 1506 2823 quod
1553 2753 1710 2807 alieni
1756 2752 1957 2821 peccati

373 2851 494 2921 quis
522 2849 836 2920 supplicium
863 2849 994 2914 luat,
1023 2846 1117 2902 sed
1145 2845 1285 2916 quod
1314 2846 1347 2900 ii
1375 2845 1484 2914 qui,
1513 2855 1629 2916 post
1656 2845 1790 2898 alios
1822 2844 1957 2897 mul-

377 2951 460 2994 tos
491 2941 542 2995 in
573 2948 784 3010 pet-cata
823 2939 1002 3008 lapsos
1027 2947 1083 2993 et
1103 2937 1409 3008 castigatos.
1439 2952 1544 2991 non
1594 2936 1842 2990 meliores
1881 2935 1958 2987 cf-

378 3032 522 3096 fecti,
577 3031 761 3086 eadem
804 3046 924 3102 qua:
969 3029 1042 3084 illi
1075 3038 1402 3100 perpetrant,
1435 3029 1622 3082 eadem
1672 3027 1784 3096 ipsa
1827 3042 1954 3096 sup-

383 3125 534 3192 plicia
555 3123 676 3193 jure
699 3125 865 3176 luant.
890 3122 1022 3179 Vide
1037 3129 1214 3176 autem
1234 3120 1502 3191 quomodo
1527 3119 1742 3174 Abelem
1763 3133 1956 3188 Oppor-

379 3225 504 3270 tune
532 3216 582 3268 in
615 3214 844 3269 medium
892 3211 1220 3284 produxerit,
1252 3211 1543 3266 ostendens
1587 3209 1725 3280 hanc
1749 3223 1958 3278 quoque

377 3321 560 3360 necem
591 3321 654 3358 ex
685 3303 877 3358 invidia
909 3301 1144 3374 prodire.
1175 3301 1310 3369 Quid
1340 3317 1468 3371 ergo
1493 3300 1673 3356 dicere
1705 3299 1956 3370 possitis?

376 3413 552 3451 annon
574 3397 719 3451 scitis
741 3395 864 3464 quid
893 3409 1079 3464 passus
1105 3392 1354 3449 sitCain?
1383 3409 1448 3448 an
1473 3402 1592 3463 post
1610 3391 1957 3448 commissum

377 3487 554 3542 scelus
582 3487 781 3556 quievit
807 3485 985 3540 Deus?
1025 3500 1201 3540 annon
1255 3494 1532 3544 extremas
1565 3491 1792 3562 expetiit
1839 3497 1954 3550 pw-

378 3578 512 3630 nas?
543 3580 734 3631 Annon
763 3576 984 3632 audistis
1011 3576 1135 3646 quid
1165 3575 1304 3646 passi
1329 3577 1434 3630 sint
1460 3585 1636 3644 patres
1656 3575 1842 3640 vestri,
1866 3573 1955 3644 qui

377 3667 1040 3738 pmphetasoccidcrunt‘t
1085 3683 1260 3723 annon
1289 3667 1432 3722 mille
1477 3667 1751 3736 suppliciis
1775 3665 1954 3720 traditi

375 3754 540 3807 sunt?
567 3751 674 3807 Cur
695 3767 822 3822 ergo
853 3769 957 3807 non
990 3753 1236 3809 meliores
1252 3751 1426 3808 eﬂ'ecti
1455 3751 1622 3806 estis?
1645 3748 1751 3805 Cur
1775 3762 1953 3804 autem

379 3859 588 3916 patrum
621 3856 920 3901 vestrorum
948 3845 1228 3916 supplicia,
1259 3855 1314 3900 et
1341 3844 1466 3916 quid
1495 3845 1633 3916 passi
1662 3844 1765 3898 sint
1793 3859 1950 3898 enar-

379 3941 536 3996 rem?
565 3949 618 3992 tu
665 3938 776 4006 ipse
801 3937 889 4006 qui
923 3947 1100 4008 patres
1128 3946 1244 3990 tuos
1275 3937 1620 3998 condemnas,
1651 3950 1746 3989 cur
1777 3935 1953 4004 pejora

383 4027 552 4082 facis?
605 4026 816 4081 Etenim
867 4042 962 4082 vos
1015 4027 1111 4096 ipsi
1163 4027 1300 4080 hanc
1355 4026 1671 4079 srntentiam
1721 4024 1952 4078 tulistis:

381 4117 549 4173 Malos
579 4119 708 4172 male
740 4118 911 4188 perdet
939 4116 1148 4188 (Matth.
1177 4117 1264 4172 21.
1295 4115 1408 4188 41).
1449 4115 1616 4183 Quam
1643 4129 1771 4185 ergo
1801 4115 1954 4170 dein-

379 4227 506 4280 ceps
549 4211 755 4266 veniam
809 4211 1090 4278 habebitis,
1126 4211 1216 4280 qui
1265 4221 1383 4280 post
1428 4211 1588 4264 talem
1637 4210 1956 4264 sententiam

382 4304 503 4356 talia
527 4303 767 4356 audetis?
798 4303 901 4358 Sed
919 4303 1036 4374 quis
1062 4311 1145 4358 est
1172 4303 1257 4358 hic
1280 4302 1599 4358 Zacharias?
1627 4303 1727 4356 Alii
1753 4314 1953 4372 patrem

381 4392 597 4447 Joannis
619 4409 737 4448 esse
753 4393 964 4460 dicunt;
993 4395 1079 4448 alii
1109 4395 1452 4466 prophetam;
1481 4395 1567 4448 alii
1595 4395 1754 4448 alium
1773 4411 1956 4464 quent-

382 4483 502 4538 dam
537 4486 860 4540 binominem
887 4487 1238 4552 sacerdotem,
1259 4505 1414 4558 quem
1441 4487 1606 4542 .lodae
1637 4497 1788 4544 vt-cat
1809 4489 1956 4542 Scri-

385 4574 654 4647 ptura(a).
687 4575 766 4630 Τιι
800 4591 923 4631 vero
969 4577 1097 4632 illud
1137 4577 1520 4640 animadverte,
1548 4578 1722 4633 scelus
1761 4579 1954 4648 duplex

383 4665 563 4721 fuisse.
615 4665 728 4721 Non
777 4667 917 4722 enim
965 4678 1176 4722 sanctos
1229 4668 1542 4723 occidebant
1597 4676 1821 4735 tantum,
1865 4669 1956 4722 sed

382 4758 538 4810 etiam
571 4757 622 4810 in
649 4757 782 4812 locis
821 4759 1038 4813 sanctis.
1073 4759 1196 4813 llaec
1222 4770 1397 4814 autem
1425 4759 1612 4814 dicens
1638 4773 1741 4812 non
1784 4760 1956 4814 solum

383 4846 502 4901 illos
551 4849 816 4915 terrebat,
869 4849 962 4905 sed
1014 4851 1172 4915 etiam
1220 4851 1512 4922 discipulos
1564 4852 1957 4918 consolabatur,

380 4942 672 4998 ostendens
695 4943 870 5014 justus
895 4945 1024 4998 olim
1054 4943 1238 4999 eadem
1265 4958 1386 4998 esse
1413 4957 1616 5013 passos.
1650 4943 1755 4997 Hos
1781 4952 1958 4996 autem

385 5037 616 5091 terrebat
645 5037 1068 5106 prmnuntiando,
1099 5044 1153 5090 ut
1195 5037 1270 5090 illi
1301 5051 1484 5104 ptnuas
1511 5035 1789 5100 dederant,
1821 5037 1887 5087 ita
1911 5043 1963 5088 et

383 5129 528 5195 ipsos
552 5136 792 5182 extrema
822 5143 940 5182 esse
969 5143 1235 5196 passuros.
1285 5127 1408 5182 Ideo
1437 5126 1556 5182 illos
1581 5135 1634 5179 et
1679 5125 1962 5196 prophetas

383 5229 437 5272 ct
462 5221 730 5289 sapientes
757 5230 810 5274 et
835 5221 1040 5274 scribas
1078 5228 1252 5285 vocat,
1281 5220 1464 5288 sicque
1493 5233 1704 5272 omnem
1735 5217 1837 5270 illis
1865 5233 1961 5271 ex-

382 5305 714 5365 cusationem
754 5310 942 5365 aufert.
989 5309 1104 5366 Non
1153 5311 1392 5382 potestis,
1427 5309 1618 5378 inquit,
1645 5309 1845 5374 dicere,
1880 5323 1963 5362 me

446 5486 518 5547 (η)
541 5495 637 5536 Non
661 5487 808 5537 .lodae
831 5491 937 5540 sive
955 5491 1164 5540 Jonadam
1189 5500 1410 5540 vocatum
1431 5489 1582 5538 fuisse
1606 5491 1878 5539 Zachariam
1911 5489 1966 5538 il-

380 5546 395 5594 |
422 5563 481 5594 ,ιιι
505 5546 638 5598 dicit
673 5552 940 5610 Scriptura,
965 5553 996 5600 ‘2
1035 5551 1182 5601 t’aral.
1207 5552 1293 5608 Ἡ,
1329 5553 1390 5602 '20
1416 5567 1426 5599 :
1455 5553 1539 5600 sed
1586 5554 1652 5600 ait
1695 5552 1966 5600 Zachari’un

381 5609 533 5658 lilium
557 5611 734 5719 .lloiada:
757 5609 924 5668 fuisse,
937 5623 1097 5664 mntra
1122 5627 1264 5676 quant
1281 5621 1440 5662 narrat
1458 5613 1840 5676 Cbrysostouuts,
1858 5627 1963 5661 me.-

385 5684 550 5719 l:tt:l‘ttt'
594 5685 726 5719 ausu.

385 5684 550 5723 uterne
577 5684 726 5730 lapsu.

1283 263 1348 318 IN
1384 261 1790 319 sustineam
1829 261 2056 318 nomn.
2099 263 2335 322 Lxxtv.
2375 267 2446 322 al.
2490 225 2698 328 Lxxv.

3545 264 3610 311 (38
3621 261 3648 313 Ξ

2065 391 2131 432 ex
2177 379 2426 448 gentibus
2477 381 2706 448 misisse,
2752 380 2978 451 ideoque
3027 397 3124 437 vos
3175 379 3408 436 oﬂ'cnsos
3459 383 3649 438 fuissn:

2067 471 2160 524 sed
2206 487 2274 527 eo
2301 472 2512 537 adducti
2554 475 2685 529 estis
2721 474 2862 545 quod
2905 475 3184 530 homicida.
3213 475 3330 530 sitis
3355 485 3408 529 et
3443 479 3626 544 sangni

2069 577 2190 616 nem
2222 563 2436 618 sitiatis.
2473 565 2595 618 Ideo
2643 565 2903 634 praedixit,
2937 581 2997 622 se.
3044 567 3330 621 missurum
3361 580 3482 621 esse
3528 583 3650 635 pro—

2067 651 2254 720 phetas
2282 663 2336 707 ct
2362 655 2582 708 scribas.
2621 655 2729 709 llac
2785 656 2851 711 de
2903 673 2962 712 re
3011 657 3332 712 accusabant
3383 657 3500 712 illos
3530 675 3654 726 pio-

2069 745 2241 812 phctae
2283 761 2494 811 omnes,
2521 747 2780 812 dicentes,
2811 749 3126 820 Sanguinem
3162 751 3398 822 sanguini
3445 753 3651 804 tttisceut

2068 833 2220 908 (Osee
2272 839 2326 893 4.
2355 837 2437 909 2),
2467 849 2520 894 et
2553 841 2695 910 ipsos
2743 842 2884 897 viros
2933 845 3248 912 sanguinem
3297 859 3422 901 esse
3461 846 3650 900 testiti-

2067 937 2271 982 cantes.
2322 929 2446 984 Ideo
2475 931 2786 1000 sanguinem
2855 933 2962 990 si-bi
3028 935 3195 1006 jussit
3251 937 3435 994 oﬂ‘erri
3488 935 3646 998 Deus,

2065 1017 2354 1072 OStcndens
2385 1019 2428 1073 si
2453 1022 2504 1074 in
2532 1021 2702 1076 brutis
2725 1021 2794 1075 ita
2827 1023 3090 1092 pretiosus
3119 1025 3334 1092 sanguis
3358 1032 3460 1092 est,
3484 1026 3649 1080 multo

2067 1108 2234 1177 magis
2265 1109 2314 1162 in
2350 1109 2562 1164 homine
2589 1125 2730 1167 esse.
2763 1111 2886 1166 Ideo
2921 1121 2974 1165 ct
3003 1112 3128 1167 Nom
3156 1113 3290 1168 dixit
3321 1135 3334 1170 :
3374 1113 3650 1171 Vindical'o

2069 1213 2267 1252 onmem
2311 1201 2607 1270 sanguinem
2632 1201 2849 1270 eﬂ'usum
2891 1201 3041 1272 (Gen.
3075 1203 3127 1257 9.
3157 1203 3232 1275 6).
3265 1205 3650 1277 lnunmeraque

2066 1288 2168 1344 alia
2221 1289 2444 1344 inveniri
2485 1301 2728 1359 possunt,
2761 1291 2847 1346 tthi
2896 1293 3034 1346 Deus
3073 1303 3214 1348 votat
3259 1311 3329 1348 ne
3369 1297 3644 1352 occidant:

2065 1381 2310 1450 quocirca
2343 1398 2409 1436 ne
2435 1381 2743 1436 sull‘ocatum
2783 1383 2979 1453 aliquid
3011 1384 3352 1439 ctn'uedert-nt
3385 1389 3574 1440 vetuit.
3605 1394 3648 1438 (ι

2068 1471 2158 1526 Dei
2209 1471 2651 1540 misericordiam,
2683 1474 2774 1546 qui
2801 1476 3043 1544 quamvis
3083 1477 3247 1531 sciret
3292 1477 3340 1530 id
3381 1478 3484 1532 illis
3516 1479 3645 1532 nihil

2065 1560 2400 1632 profuturum
2447 1579 2592 1630 esse,
2625 1580 2719 1619 sua
2769 1575 3026 1635 prmstare
3079 1583 3184 1620 non
3229 1567 3422 1622 desiit!
3475 1568 3644 1634 Mitto,

2065 1652 2254 1724 inquit,
2289 1653 2412 1710 licet
2455 1655 2620 1709 sciam
2649 1657 2883 1709 occisum
2927 1657 2987 1708 iri
3035 1657 3174 1711 illos.
3204 1657 3384 1727 Itaque
3415 1657 3538 1712 hinc
3565 1670 3646 1711 tc-

2065 1760 2211 1800 mcrc
2255 1745 2394 1814 loqui
2443 1745 2976 1817 deprehendebanlur
3018 1763 3138 1801 cum
3185 1747 3424 1802 dicerent
3466 1767 3480 1804 :
3530 1748 3646 1804 Non

2063 1836 2194 1892 socii
2217 1837 2496 1891 fuissemus
2519 1845 2747 1906 patrum.
2771 1836 2904 1892 Nam
2933 1847 2986 1892 et
3014 1838 3066 1891 hi
3096 1839 3384 1908 prephetas
3408 1840 3461 1893 in
3488 1854 3646 1911 syna-

2061 1931 2212 2000 gogis
2241 1931 2580 1997 occidebant,
2609 1946 2707 1986 nec
2751 1931 2928 1986 locum
2970 1931 3184 1986 reveriti
3221 1941 3366 1996 Slllli,
3391 1948 3489 1987 nec
3527 1949 3646 2001 pcr-

2063 2038 2315 2083 souarum
2361 2023 2671 2094 dignitatem
2721 2041 2734 2078 :
2792 2039 2968 2094 neque
3015 2023 3157 2078 enim
3211 2025 3356 2080 viros
3405 2040 3437 2079 e
3490 2025 3646 2095 vulgo

2062 2115 2394 2180 occidebant,
2427 2115 2522 2170 sed
2577 2114 2865 2184 pr0phetas
2904 2123 2963 2169 ct~
3001 2114 3290 2184 sapientes,
3341 2130 3404 2170 ne
3455 2131 3514 2170 se
3557 2131 3644 2170 re-

2064 2207 2474 2276 prehenderent.
2518 2207 2624 2262 llos
2665 2207 2912 2278 intelligit
2952 2222 3072 2261 csse
3116 2208 3388 2276 apostolos
3427 2223 3643 2262 eorum-

2060 2313 2164 2368 que
2213 2313 2552 2353 successores
2588 2315 2603 2351 :
2655 2314 2777 2352 nam
2813 2298 2962 2351 multi
2995 2297 3398 2367 prophelabant.
3445 2298 3644 2353 Deinde

2063 2397 2118 2443 ut
2149 2399 2406 2443 terrorem
2436 2399 2674 2458 augeret,
2708 2391 2782 2444 ait
2814 2407 2828 2444 :
2881 2391 3038 2444 Amen
3069 2406 3212 2445 amen
3241 2392 3352 2445 dico
3382 2391 3536 2456 vobis,
3565 2409 3644 2446 ve-

2061 2481 2198 2534 nient
2245 2481 2352 2534 [nec
2379 2481 2550 2534 omnia
2572 2497 2722 2551 super
2747 2481 3118 2551 generationem
3148 2480 3319 2546 hanc;
3373 2483 3422 2536 id
3453 2493 3555 2546 est,
3587 2482 3640 2534 In

2060 2573 2233 2641 capita
2263 2581 2438 2627 vestra
2489 2571 2605 2628 lucc
2631 2573 2807 2628 otttnia
2858 2586 3082 2638 vertam,
3115 2581 3170 2628 et
3197 2588 3441 2643 magnam
3488 2589 3640 2627 excr-

2059 2667 2192 2722 cebo
2215 2665 2522 2720 vindictam.
2551 2665 2685 2720 Nam
2710 2666 2798 2736 qui
2831 2666 3026 2720 nutltos
3055 2675 3338 2734 peccantes
3365 2665 3512 2728 vidit,
3545 2681 3641 2720 nec

2059 2772 2353 2812 conversus
2379 2765 2482 2822 est,
2514 2755 2606 2811 sed
2635 2756 2822 2812 eadem
2869 2757 2978 2826 ipsa
3010 2767 3224 2826 peccata
3260 2756 3511 2820 admittit,
3542 2773 3638 2812 nec

2060 2845 2247 2901 eadem
2295 2847 2406 2916 ipsa
2465 2847 2644 2912 modo,
2675 2846 2769 2900 sed
2815 2847 2974 2900 etiam
3023 2847 3180 2916 longe
3220 2847 3484 2917 graviora.
3517 2863 3637 2917 gra-

2062 2937 2237 2992 viores
2257 2953 2412 3006 quam
2457 2937 2532 2992 illi
2577 2952 2762 3007 poenas
2795 2937 2976 2991 subire
3004 2946 3255 2992 meretur.
3280 2938 3640 3006 Quemadmo-

2060 3031 2186 3086 dum
2217 3030 2380 3094 enim,
2411 3029 2455 3083 si
2499 3029 2774 3092 voluiSset,
2807 3043 2993 3098 magna
3037 3043 3100 3084 ex
3131 3027 3356 3082 aliorum
3398 3029 3644 3098 exemplo

2061 3123 2296 3178 lucratus
2328 3119 2510 3194 fuisset
2541 3120 2728 3174 melior
2757 3118 2976 3174 eﬂ‘ectus
3001 3135 3012 3170 :
3048 3119 3145 3185 sic,
3175 3119 3296 3192 quia
3328 3120 3642 3188 resipiscere

2063 3211 2250 3278 uoluit,
2279 3209 2467 3278 majori
2498 3220 2581 3264 est
2605 3209 2866 3279 supplicio
2891 3209 3172 3272 olmoxius,
3205 3217 3387 3278 utpote
3415 3209 3502 3279 qui
3530 3225 3642 3262 nta-

2056 3303 2173 3374 jora
2205 3304 2403 3358 monita
2428 3317 2523 3373 per
2548 3317 2645 3358 eos
2665 3303 2753 3371 qui
2780 3303 2888 3372 jam
2911 3311 3260 3372 peccaverant
3284 3311 3336 3356 et
3359 3301 3498 3372 pleri
3529 3302 3638 3355 fue-

2063 3405 2182 3451 rant
2210 3402 2506 3464 receperat,
2539 3393 2632 3448 sed
2675 3394 2791 3448 sine
2823 3395 3013 3450 iructu.

2133 3490 2188 3544 5.
2231 3487 2433 3542 Deinde
2481 3487 2546 3542 ad
2579 3487 2848 3542 civitatem
2898 3502 3199 3543 sermonem
3245 3487 3527 3552 convertit,
3567 3488 3644 3541 sic

2060 3579 2330 3635 auditores
2378 3580 2654 3634 instituere
2702 3580 2906 3646 volens,
2938 3580 3159 3649 aitque:
3197 3579 3286 3636 57.
3333 3579 3639 3644 Jerusalem,

2060 3669 2366 3726 Jerusalem.
2391 3671 2526 3736 Quid
2557 3671 2657 3725 sibi
2691 3671 2804 3724 vult
2830 3671 2942 3725 lucc
2973 3670 3298 3740 duplicatio?
3341 3671 3638 3726 Miserantis

2060 3773 2142 3817 est
2169 3763 2418 3832 loquendi
2448 3761 2657 3827 modus,
2683 3770 2735 3816 et
2759 3761 3043 3816 admodum
3065 3763 3311 3820 amantis.
3330 3763 3477 3817 Sicut
3496 3764 3637 3818 enim

2061 3855 2201 3925 apud
2237 3855 2504 3921 dilectam,
2535 3869 2748 3924 seraper
2785 3863 3034 3918 amatam,
3065 3869 3183 3924 qua:
3211 3867 3474 3910 amantem
3506 3871 3638 3910 cou-

2065 3952 2374 4015 tcmpscrat,
2426 3945 2649 4014 ideoque
2697 3943 2960 4013 supplicio
3004 3945 3357 4014 plectendam,
3411 3946 3478 3998 ita
3521 3961 3640 4000 sese

2061 4037 2303 4092 defendit
2329 4037 2565 4102 demum,
2595 4051 2716 4090 cum
2763 4052 2880 4091 mox
2911 4037 3224 4106 supplicium
3264 4047 3344 4092 est
3375 4037 3636 4092 illaturus.

2064 4127 2214 4194 Quod
2247 4128 2406 4181 etiam
2437 4127 2488 4181 in
2515 4125 2786 4196 prophetis
2811 4128 2933 4181 facit
2961 4126 3044 4182 his
3067 4127 3244 4182 verbis
3279 4145 3291 4181 :
3341 4127 3478 4192 Dia'i,
3509 4128 3640 4182 Cou-

2064 4231 2251 4275 vcrtcre
2299 4221 2366 4273 ad
2409 4221 2539 4286 nte‘,
2581 4225 2626 4274 et
2669 4236 2770 4273 non
2815 4228 2885 4273 est
2927 4236 3162 4274 conversa
3209 4219 3415 4291 (Jerem.
3459 4221 3510 4275 5.
3558 4221 3636 4292 '7).

2069 4311 2264 4366 Dciude
2315 4327 2511 4364 vocans
2559 4311 2726 4376 illam,
2760 4309 3038 4364 homicidia
3071 4309 3186 4380 ejus
3231 4311 3436 4381 subiicit
3469 4330 3480 4365 :
3515 4311 3640 4380 Qutc

2066 4404 2252 4456 occidis
2288 4401 2578 4470 prophetas,
2610 4412 2652 4454 et
2693 4401 2892 4470 lepidus
2920 4417 3000 4454 eos
3039 4401 3120 4470 qui
3151 4401 3216 4453 ad
3254 4411 3301 4455 lc
3329 4403 3466 4456 missi
3502 4413 3638 4468 sunt,

2065 4493 2256 4558 quoties
2299 4493 2432 4544 volui
2475 4508 2780 4561 congregare
2821 4493 2954 4560 [llius
3005 4502 3135 4552 tuos.
3163 4502 3208 4545 et
3254 4493 3530 4548 uoluistis?
3576 4495 3642 4547 ita

2067 4583 2205 4636 circa
2236 4597 2297 4636 ea
2325 4598 2443 4652 quae
2473 4591 2656 4635 contra
2689 4597 2748 4636 se
2779 4581 3019 4635 fecerunt
3045 4597 3166 4637 sese
3193 4584 3462 4638 defendit:
3508 4585 3640 4652 Quia

2067 4689 2238 4745 neque
2270 4683 2486 4742 prepter
2510 4672 2624 4726 hac
2663 4689 2692 4724 a
2727 4683 2776 4726 te
2817 4689 3034 4726 aversus
3059 4689 3203 4739 sum,
3246 4692 3414 4748 neque
3455 4695 3538 4732 me
3578 4683 3645 4734 ab

2071 4769 2160 4822 illa
2189 4781 2378 4836 magna
2407 4781 2533 4836 erga
2567 4775 2616 4819 te
2659 4765 3024 4820 benevolentia
3073 4769 3326 4836 repuli-ti,
3371 4771 3462 4824 sed
3497 4779 3548 4825 te
3575 4773 3642 4826 ita

2067 4859 2308 4914 affectam
2333 4857 2500 4918 volui,
2522 4871 2625 4909 non
2647 4855 2810 4909 Semel
2827 4865 2880 4920 et
2902 4855 3003 4920 bis,
3025 4857 3116 4910 sed
3143 4857 3337 4928 plurics
3357 4865 3645 4916 attrahere.

2072 4951 2278 5016 Quoties
2329 4949 2493 5012 enim,
2546 4947 2736 5016 inquit,
2788 4947 2922 5002 volui
2975 4965 3279 5020 congregare
3329 4950 3463 5020 ﬁlios
3510 4962 3644 5015 tuos,

2068 5038 2490 5110 quemadmodum
2515 5037 2708 5107 gallina
2734 5047 3001 5110 congregat
3048 5037 3214 5109 pullos
3237 5058 3354 5095 suos
3398 5041 3488 5096 sub
3516 5044 3648 5106 alas,

2069 5141 2114 5186 et
2144 5129 2415 5186 noluistis?
2445 5129 2554 5184 lloc
2578 5131 2726 5196 dicit,
2746 5133 3034 5188 ostendens
3064 5133 3182 5188 illos
3211 5150 3354 5206 saepe
3383 5138 3651 5206 pecmnd0

2070 5237 2188 5277 sesc
2218 5223 2568 5292 dispersisse;
2597 5231 2651 5276 et
2681 5239 2746 5276 ex
2777 5223 3006 5294 imagine
3037 5224 3126 5277 illa
3148 5239 3386 5279 amorem
3418 5226 3652 5280 declarat

2071 5331 2224 5370 suum
2255 5333 2268 5366 :
2299 5315 2463 5368 fervet
2489 5313 2631 5368 enim
2654 5330 2804 5368 amor
2825 5315 3072 5369 animalis
3101 5315 3241 5372 illius
3263 5318 3402 5370 circa
3425 5318 3650 5386 prolem.

2071 5409 2224 5476 Smpe
2253 5417 2430 5461 autem
2455 5406 2568 5459 lucc
2596 5407 2796 5458 alarum
2823 5405 2999 5474 imago
3029 5407 3078 5458 in
3110 5407 3382 5476 proiihetis
3411 5408 3652 5476 habetur,

2075 5513 2280 5552 necnon
2313 5498 2362 5550 in
2397 5497 2602 5551 camico
2640 5495 2858 5566 Moysis,
2887 5504 2941 5550 ct
2972 5497 3024 5550 in
3057 5497 3302 5566 Psalmis,
3331 5515 3447 5568 quae
3475 5511 3652 5570 prote-

2097 5612 2150 5722 1ηέ
2189 5609 2352 5658 Morel.
2386 5609 2564 5666 habet,
2592 5615 2862 5660 convertere
2887 5609 2952 5661 (:d
2973 5624 3047 5660 me
3088 5618 3188 5675 post
3213 5611 3322 5662 illas
3353 5626 3515 5665 omnes
3547 5629 3647 5678 pro-

2116 5687 2129 5722 t
2154 5681 2350 5722 ttltUtlé‘b’.

2071 5681 2350 5723 διιιηηυηεδ.
