4076 6142
458 396 714 448 etmnem,
745 393 800 440 et
829 383 1217 455 providentiam
1267 395 1513 449 magnam
1547 379 1764 434 iudicat.
1793 379 1900 436 Sed
1942 394 2039 434 no-

463 479 659 544 luistis,
692 477 883 546 inquit.
918 475 1006 531 38.
1051 472 1177 527 Ecce
1201 471 1511 541 relinquetur
1551 472 1732 526 domus
1762 480 1926 526 vestra
1951 470 2044 524 de-

458 582 612 634 serta,
649 567 944 638 patrocinio
980 565 1186 621 scilicet
1210 579 1330 620 meo
1358 578 1542 619 vacua.
1589 564 1704 632 ipse
1744 563 1903 630 igitur
1929 573 2045 617 erat

458 662 547 731 qui
598 661 744 731 prius
785 660 856 713 illi
906 657 1360 728 patrocinabatur,
1415 656 1690 724 ipsamque
1741 654 1955 709 tenebat
1981 670 2043 709 ac

459 753 706 808 servabat
737 768 752 804 :
794 751 908 820 ipse
952 750 1130 819 itaque
1160 758 1261 814 est,
1293 748 1381 817 qui
1415 748 1533 800 il'os
1558 761 1772 815 semper
1797 746 2037 816 castigat.

456 843 524 898 Et
552 842 866 913 supplicium
900 842 1029 910 ipsis
1061 840 1241 905 infert,
1264 838 1403 909 quod
1436 838 1509 893 illi
1534 837 1819 892 admodum
1852 835 2037 891 formi—

453 934 652 988 dabant
680 951 695 989 :
727 934 830 988 hoc
855 933 998 988 enim
1043 931 1282 986 omnium
1331 946 1510 984 rerum
1560 945 1775 983 suarum
1803 928 2031 983 eversio'

454 1042 578 1082 nem
606 1025 939 1098 designabat.
971 1024 1061 1081 39.
1087 1022 1216 1077 Dico
1239 1024 1369 1076 enim
1396 1022 1551 1086 vobis,
1582 1038 1682 1075 non
1708 1037 1789 1074 me
1814 1018 2042 1074 videbitis

451 1117 639 1171 amodo
665 1117 825 1171 donec
873 1115 1074 1179 dicatis,
1105 1114 1404 1169 Benedictus
1446 1114 1533 1184 qui
1574 1113 1705 1165 venit
1747 1112 1800 1164 in
1841 1112 2043 1165 nomine

451 1208 683 1264 Domini.
716 1208 827 1263 lloc
873 1208 998 1263 item
1028 1206 1227 1261 dictum
1259 1204 1511 1259 ferventis
1540 1212 1621 1258 est
1647 1202 1919 1267 amatoris,
1950 1217 2038 1271 qm

451 1301 575 1357 illos
635 1308 690 1354 et
742 1299 936 1353 futuris
986 1297 1265 1354 eventibus
1330 1294 1642 1364 pertrahere
1697 1294 2041 1348 vehementer

449 1401 599 1461 Optat
638 1412 650 1447 :
693 1405 866 1461 neque
914 1405 944 1444 a
989 1389 1304 1460 prmteritis'
1352 1387 1523 1441 solum
1574 1385 1866 1441 hortatur:
1914 1401 2037 1441 nam

448 1483 589 1539 diem
638 1482 872 1537 futurmn
902 1480 1123 1536 secundi
1155 1479 1270 1549 ejus
1295 1478 1558 1533 adventus
1587 1484 1866 1532 memorat.
1899 1476 2037 1544 Quid

449 1575 648 1645 igitur?
679 1589 745 1628 an
784 1589 851 1629 ex
894 1574 988 1629 illo
1017 1582 1257 1641 tempore
1285 1586 1389 1625 non
1419 1571 1557 1624 ultra
1590 1568 1838 1625 viderunt
1875 1569 2039 1624 eum?

449 1666 556 1723 Sed
580 1666 730 1732 illud,
759 1666 980 1731 Amodo,
1009 1680 1114 1718 non
1142 1663 1283 1717 illam
1316 1663 1499 1717 horam
1527 1660 1809 1731 signiﬁcat,
1838 1660 1932 1717 sed
1959 1670 2031 1716 to-

449 1769 560 1813 tum
594 1768 802 1827 tempus
842 1756 973 1811 illud
1002 1754 1145 1825 quod
1174 1768 1342 1824 usque
1377 1753 1443 1807 ad
1468 1767 1683 1808 crucem
1736 1752 2033 1809 intercedit.

445 1853 577 1921 Quia
605 1852 748 1908 enim
771 1850 920 1905 illum
948 1863 1163 1919 semper
1193 1847 1292 1901 hac
1320 1846 1387 1901 de
1426 1861 1484 1900 re
1524 1846 1865 1913 accusabant,
1892 1847 2034 1917 quod

446 1946 557 2000 Deo
576 1942 915 1999 adversarius
935 1949 1079 1997 esset
1103 1948 1159 1995 et
1183 1939 1449 2003 inimicus,
1471 1938 1596 1992 hinc
1624 1938 1770 2007 ipsos
1796 1937 1863 1992 ad
1888 1953 2036 1992 amo-

445 2053 560 2092 rem
589 2035 669 2090 sui
706 2034 971 2097 hortatur,
998 2030 1138 2103 quod
1185 2046 1245 2086 se
1291 2030 1432 2084 Patri
1473 2027 1791 2084 concordem
1821 2043 2036 2098 semper

444 2129 795 2190 demonstret,
823 2135 876 2181 et
902 2124 1137 2193 seipsum
1167 2121 1401 2177 declarat
1442 2122 1494 2176 in
1540 2121 1814 2192 prophetis
1837 2119 2029 2176 fuisse:

446 2231 729 2289 propterea
754 2216 940 2271 iisdem
970 2214 1098 2283 ipsis
1119 2214 1283 2267 utitur
1306 2212 1503 2277 verbis,
1532 2212 1724 2281 quibus
1755 2210 2028 2281 propheta.

446 2313 550 2366 Per
578 2311 691 2365 lucc
724 2310 883 2365 etiam
918 2306 1366 2362 resurrectionem
1408 2305 1782 2370 subindicavit,
1824 2320 2030 2359 necnon

444 2402 738 2458 secundum
757 2400 1041 2456 adventum
1066 2413 1245 2464 suum,
1265 2398 1534 2468 etiamque
1556 2398 1619 2453 iis
1635 2397 1721 2467 qui
1745 2396 2030 2451 admodum

446 2495 702 2550 increduli
734 2502 937 2558 essent,
967 2490 1108 2561 quod
1153 2491 1324 2560 ipsum
1380 2501 1503 2545 tunc
1533 2500 1714 2544 essent
1737 2490 2029 2544 adoraturi.

447 2592 512 2647 Et
538 2589 808 2661 quoiuodo
856 2586 985 2642 illud
1012 2585 1367 2657 signiﬁcavit?
1392 2586 1524 2640 Cum
1577 2585 1739 2638 multa
1772 2585 1919 2652 prius
1945 2581 2029 2636 fu-

444 2693 562 2737 tura
595 2680 820 2737 dixisset
853 2696 866 2733 :
911 2678 1052 2751 quod
1082 2678 1344 2733 missurus
1382 2686 1525 2732 esset
1554 2677 1857 2745 prophetas,
1887 2673 2029 2744 quod

440 2774 563 2830 illos
591 2772 919 2829 interfecturi
948 2780 1147 2835 essent,
1171 2772 1438 2840 etiamque
1461 2770 1513 2823 in
1544 2769 1859 2840 synagogis;
1888 2768 2027 2839 quod

442 2865 515 2919 illi
543 2876 787 2920 extrema
809 2873 989 2920 essent
1012 2863 1239 2934 passuri,
1258 2862 1398 2931 quod
1417 2861 1607 2916 domus
1626 2861 1837 2916 deserta
1861 2860 2026 2926 foret;

439 2955 583 3027 quod
633 2956 787 3011 malis
836 2954 1167 3027 gravissimis
1216 2963 1399 3009 essent
1447 2952 1802 3021 subjiciendi,
1854 2952 2028 3022 qualia

440 3062 728 3117 numquam
759 3047 984 3102 fuerant.
1020 3045 1146 3099 Haec
1177 3046 1372 3115 quippe
1397 3044 1574 3097 omnia
1614 3045 1700 3098 vel
1730 3054 1907 3098 mente
1935 3059 2027 3100 ca-

438 3139 546 3209 ptis
572 3148 627 3195 et
652 3138 1006 3195 contentiosis
1035 3137 1321 3191 adventum
1344 3136 1461 3205 ejus
1482 3136 1853 3190 demonstrare
1881 3146 2029 3207 pote-

440 3238 582 3285 rant.
614 3229 1007 3298 lnterrogemus
1034 3242 1263 3296 namque
1307 3241 1401 3282 eos
1434 3248 1445 3281 :
1488 3226 1697 3280 Misitne
1743 3227 2028 3296 prophetas

442 3333 497 3378 et
523 3320 828 3392 sapientes?
853 3335 1033 3375 annon
1060 3319 1369 3374 occiderunt
1389 3333 1482 3373 eos
1513 3320 1563 3372 in
1597 3319 1919 3389 synagogis?
1946 3333 2028 3374 re-

440 3414 634 3469 lictanc
654 3422 737 3467 est
759 3412 948 3467 domus
968 3412 1214 3466 deserta?
1236 3419 1567 3465 veneruntne
1588 3409 1843 3478 supplicia
1868 3423 2028 3479 super

442 3506 841 3577 generationem
868 3505 1049 3558 illam?
1076 3504 1131 3558 Id
1159 3502 1498 3557 manifestum
1539 3512 1685 3565 certe
1711 3511 1813 3566 est,
1844 3518 2026 3558 nemo-

440 3612 546 3668 que
568 3595 916 3651 coatradieet.
946 3595 1093 3650 Sicut
1113 3609 1242 3665 ergo
1264 3593 1378 3648 hrec
1402 3594 1580 3648 omnia
1612 3603 1926 3661 evenerunt,
1950 3597 2027 3649 sic

441 3697 495 3744 et
541 3688 626 3741 illa
671 3688 939 3751 evenient,
972 3694 1026 3740 et
1075 3694 1197 3739 tunc
1239 3683 1432 3740 cedent
1461 3699 1625 3753 seque
1672 3683 2021 3750 submittent;

440 3781 532 3837 sed
560 3781 691 3836 nihil
717 3780 783 3835 ad
824 3779 905 3834 sui
932 3777 1333 3834 excusationem
1374 3786 1628 3848 poterunt
1672 3778 1941 3848 proferre;
1970 3788 2067 3832 utx

441 3888 614 3944 neque
636 3873 706 3926 illi
729 3871 818 3943 qui
845 3885 1047 3926 eversa:
1068 3870 1294 3925 civitatis
1315 3884 1472 3926 causa
1508 3880 1630 3925 tunc
1659 3870 2023 3940 paenitentiam

439 3976 682 4039 egerunt.
714 3965 1066 4035 Quapropter,
1101 3964 1272 4018 donec
1301 3972 1507 4034 tempus
1543 3974 1642 4027 est,
1671 3964 1825 4019 bonis
1848 3965 2022 4033 operi-

443 4060 541 4112 bus
586 4072 685 4110 nos
728 4056 1005 4110 ded-amns.
1048 4054 1503 4122 Quemadmodum
1554 4055 1698 4108 enim
1761 4055 1834 4110 illi
1898 4063 2025 4109 tunc

443 4150 571 4204 nihil
597 4164 660 4205 ex
687 4148 990 4218 cognitione
1019 4146 1221 4201 fructus
1260 4146 1581 4216 percipient,
1612 4148 1688 4200 sic
1728 4148 1871 4201 nulla
1898 4156 2025 4203 tunc

443 4243 598 4299 nobis
622 4258 684 4296 ex
720 4241 1029 4311 poenitentia
1069 4240 1135 4295 de
1165 4241 1398 4308 peccatis
1441 4241 1636 4293 utilitas
1662 4241 1918 4295 accedet:
1968 4252 2025 4296 ut

444 4351 617 4405 neque
642 4332 1010 4404 gubernatori,
1030 4345 1149 4387 cum
1175 4332 1323 4386 navis
1352 4347 1444 4401 per
1473 4332 1588 4402 ejus
1614 4334 1871 4388 desidiam
1901 4335 2027 4389 sub—

440 4442 613 4483 mersa
659 4434 763 4486 est.
808 4439 907 4480 nec
954 4424 1184 4491 medico,
1232 4433 1353 4494 post
1397 4426 1578 4494 aegroti
1632 4436 1853 4481 mortem
1885 4448 1898 4482 :
1929 4430 2022 4484 sed

441 4535 629 4576 omnes
679 4527 805 4573 ante
852 4518 1012 4572 linem
1065 4517 1194 4571 nihil
1243 4533 1345 4572 nou
1393 4517 1685 4574 machinari
1718 4529 1772 4574 et
1814 4524 2022 4592 operari

438 4621 672 4683 oportet,
704 4619 761 4664 ut
792 4625 857 4665 ne
882 4610 932 4662 iu
966 4608 1257 4679 periculum
1289 4610 1371 4664 vel
1402 4610 1783 4678 turpitudinem
1811 4611 2022 4667 decida-

438 4713 563 4759 ιιιιεε
595 4713 777 4773 postea
806 4703 949 4756 enim
995 4701 1083 4755 illa
1119 4701 1296 4754 omnia
1329 4713 1453 4756 sunt
1482 4703 1707 4757 inutilia.
1743 4704 1851 4758 Nos
1878 4715 2023 4762 certe

438 4797 655 4868 quando
701 4807 1041 4866 :rgrotamus,
1086 4795 1321 4850 medicos
1366 4811 1721 4862 accersamus,
1773 4799 2023 4867 pecunias

436 4887 829 4959 impendamus,
852 4885 1227 4955 assiduamque
1256 4900 1473 4954 Operam
1504 4885 1714 4954 demus,
1740 4899 1797 4942 ut
1826 4903 1890 4944 ex
1933 4904 2023 4943 ne-

442 4981 606 5050 quitia
634 4990 933 5048 surgentes,
965 4977 1090 5032 inde
1131 4978 1245 5032 sani
1294 4977 1644 5045 recedamus;
1688 4987 1745 5034 et
1772 4991 2022 5050 quantam

439 5072 580 5125 circa
638 5082 824 5123 servos
878 5077 1090 5123 nostros
1138 5083 1320 5123 curam
1380 5068 1763 5138 impendimus,
1796 5087 1915 5127 cum
1970 5074 2022 5127 in

440 5162 687 5218 morbum
730 5159 1037 5225 inciderint,
1068 5167 1263 5213 tantam
1290 5159 1429 5214 circa
1459 5175 1557 5214 nos
1587 5161 1730 5230 ipsos
1767 5163 2020 5219 exhibea-

438 5271 581 5320 tuus,
613 5268 737 5308 cum
775 5251 954 5306 anima
982 5258 1222 5322 aegrotat.
1259 5251 1420 5320 Atqui
1449 5251 1603 5306 nobis
1640 5253 1769 5324 ipsis
1807 5256 2022 5325 propin-

440 5353 650 5417 quiorcs
692 5359 900 5414 sumus,
928 5360 1087 5417 quam
1135 5345 1323 5410 servis,
1375 5354 1428 5400 et
1474 5347 1786 5415 corporibus
1833 5349 2025 5404 animm

444 5439 844 5511 pratstautiorcs
873 5447 998 5494 sunt
1028 5455 1042 5505 ;
1088 5446 1323 5494 attamen
1354 5438 1440 5493 vix
1483 5453 1662 5509 parem
1693 5453 1878 5495 curam
1919 5440 2024 5494 im-

443 5532 746 5600 pendimus.
791 5530 905 5586 Nisi
935 5532 1077 5587 enim
1125 5530 1178 5586 id
1230 5546 1371 5588 nunc
1418 5532 1697 5599 faciamus.
1744 5543 2024 5605 postquam

494 5703 509 5735 ⁸
548 5696 719 5750 Morel.
740 5699 908 5758 habet,
932 5713 1082 5764 neque
1105 5714 1136 5750 a
1157 5701 1486 5763 prwsentibus.

1139 268 1192 325 S.
1236 265 1513 323 JOANNIS
1552 243 2019 323 CliRYSOSTOidl
2063 266 2379 324 ARCHIEP.
2421 269 2958 327 CONSTANTINOP.

3631 275 3728 331 σδι

2154 381 2577 450 decesserimus,
2635 384 2775 437 nulla
2832 385 2988 440 nobis
3044 385 3361 454 relinquitur
3412 388 3739 447 delensionis

2153 486 2312 525 1⁵3110.

2220 565 2273 619 4.
2305 565 2542 619 Animam
2557 585 2736 621 curare
2755 569 3066 641 negligentes
3084 570 3366 642 redarguun
3374 582 3476 640 tur,
3505 575 3735 630 modum-

2149 671 2246 726 que
2269 658 2545 713 curationis
2570 661 2829 715 docentur.
2864 694 2935 703 —
2962 664 3157 733 Ecquis
3187 667 3258 721 ita
3285 667 3469 732 miser,
3496 669 3727 740 inquies,

2151 754 2207 799 ut
2239 762 2343 801 non
2374 763 2555 818 parem
2581 752 2995 810 sollicitudinem
3014 756 3240 811 habeat?
3270 757 3377 812 lloc
3397 770 3544 814 certe
3571 761 3732 815 mira-

2150 838 2253 889 bile
2283 847 2384 905 est,
2418 840 2558 910 quod
2585 857 2683 897 nos
2710 846 2855 914 ipsos
2882 854 3161 917 plusquam
3191 864 3378 905 servos
3408 852 3737 923 negligamus

2148 928 2627 1001 deSpiciamusque.
2660 934 2795 989 Nam
2838 938 3009 994 servis
3050 938 3473 996 febricitantibus
3499 943 3736 1000 medicos

2147 1018 2491 1087 advocamus,
2523 1022 2877 1080 habitaculum
2910 1028 3037 1099 ipsis
3062 1027 3403 1097 deputamus,
3427 1032 3572 1102 ipsos
3601 1036 3735 1089 artis

2147 1110 2351 1180 legibus
2374 1113 2599 1183 obsequi
2627 1117 2902 1187 cogimus;
2932 1119 2978 1173 si
3010 1121 3281 1191 negligant
3310 1123 3446 1191 ipsi,
3480 1140 3577 1179 nos
3604 1140 3731 1195 gra-

2146 1206 2282 1259 viter
2329 1206 2548 1262 ferimus
2573 1250 2586 1272 ,
2634 1211 2883 1266 custodes
2936 1213 3168 1282 ipsorum
3204 1216 3611 1280 constituimus,
3640 1220 3733 1289 qui

2146 1297 2460 1367 prohibeant
2489 1316 2556 1355 ne
2582 1303 2847 1372 appetitus
2878 1306 2948 1358 illi
2972 1319 3098 1359 suos
3114 1314 3442 1377 sequantur:
3470 1310 3557 1378 qui
3585 1311 3628 1363 si
3646 1310 3729 1365 di-

2146 1388 2321 1443 xerint
2352 1391 2530 1460 magni
2578 1392 2733 1461 pretii
2762 1394 3024 1449 medicina
3058 1409 3178 1451 esse
3204 1411 3358 1467 opus,
3389 1398 3613 1453 libenter
3636 1415 3733 1454 an—

2147 1480 2394 1534 nuimus:
2428 1489 2482 1536 et
2508 1482 2760 1553 quidquid
2804 1486 3124 1551 statuerint,
3154 1501 3255 1543 nos
3274 1488 3729 1557 obtemperamus,

2142 1580 2301 1641 atque
2341 1572 2644 1642 hujusmodi
2687 1584 3003 1631 statutorum
3047 1578 3348 1634 mercedem
3397 1581 3525 1650 ipsis
3563 1583 3728 1636 solvi-

2142 1677 2279 1717 mus.
2311 1663 2444 1719 Cum
2486 1674 2666 1721 autem
2710 1682 2807 1724 nos
2839 1668 3026 1723 morbo
3056 1669 3390 1735 laboramus;
3422 1673 3531 1728 imo
3568 1690 3729 1728 num-

2139 1768 2297 1823 quam
2322 1770 2426 1811 non
2449 1755 2784 1825 laboramus;
2819 1776 2922 1812 non
2951 1760 3215 1815 medicum
3239 1764 3584 1828 accersitnus,
3621 1782 3726 1821 non

2140 1848 2392 1915 pecunias
2418 1849 2770 1920 impendimus
2797 1894 2812 1918 ,
2840 1853 2932 1908 sed
2951 1854 3185 1908 animam
3211 1857 3359 1925 quasi
3385 1858 3652 1912 inimicum
3674 1868 3731 1914 et

2143 1939 2349 1994 hostem
2375 1942 2711 2012 negligimus.
2734 1943 2861 1999 ﬂare
2892 1962 3049 2015 porro
3069 1946 3209 2014 dico,
3238 1962 3345 2002 non
3372 1949 3514 2019 quod
3542 1967 3727 2006 curam

2140 2029 2283 2084 illam
2328 2031 2469 2087 circa
2515 2047 2701 2089 servos
2743 2035 3034 2091 adhibitam
3080 2038 3376 2107 improbem
3402 2082 3417 2106 ,
3453 2042 3545 2095 sed
3585 2044 3727 2112 quod

2137 2123 2347 2191 cupiam
2372 2133 2430 2179 ut
2457 2141 2637 2195 parem
2666 2128 2851 2183 saltem
2883 2130 3020 2184 circa
3051 2133 3281 2184 animam
3316 2142 3553 2186 nostram
3581 2136 3729 2189 solli-

2138 2215 2425 2272 citudinem
2456 2218 2824 2274 adhibeamus.
2861 2222 3051 2292 thuo
3078 2233 3253 2292 pacto.
3287 2225 3525 2295 inquies.
3559 2228 3610 2280 id
3643 2229 3724 2281 fa-

2138 2306 2381 2362 ciemus?
2410 2308 2626 2380 A‘Zgram
2675 2311 2818 2365 illam
2860 2313 3023 2368 Paulo
3052 2316 3307 2377 ostende;
3342 2332 3558 2375 accerse
3585 2319 3724 2374 Mat-

2139 2396 2369 2464 threum;
2404 2400 2662 2456 Joannem
2709 2404 2945 2458 assidere
2970 2421 3143 2461 cures.
3198 2409 3279 2461 Ah
3316 2409 3419 2463 illis
3445 2410 3565 2464 audi
3595 2412 3720 2480 quid

2139 2489 2227 2543 tali
2253 2491 2440 2546 morbo
2461 2491 2722 2547 laboranti
2749 2495 2817 2548 sit
2839 2494 3156 2551 faciendum.
3186 2498 3368 2553 Dicent
3389 2502 3567 2571 utique
3585 2542 3598 2565 ,
3624 2518 3724 2557 nec

2134 2581 2382 2637 celabunt
2411 2603 2424 2636 :
2456 2600 2559 2638 non
2609 2586 2751 2640 enim
2801 2588 2994 2641 mortui
3026 2600 3149 2643 sunt
3169 2633 3182 2653 ,
3231 2591 3323 2643 sed
3354 2592 3536 2645 vivunt
3563 2602 3616 2646 et
3640 2593 3720 2645 lo-

2133 2682 2391 2744 quuntur.
2419 2675 2526 2731 Sed
2572 2692 2677 2733 non
2720 2678 2944 2732 attendit
2988 2680 3161 2733 anima
3202 2696 3260 2735 se
3291 2682 3423 2735 febri
3454 2682 3724 2738 dctiueti?

2135 2766 2217 2819 Ad
2248 2766 2299 2820 id
2332 2767 2477 2821 illam
2508 2776 2561 2821 tu
2585 2784 2736 2836 coge,
2767 2778 2820 2823 et
2847 2771 3213 2825 rationabilem
3250 2772 3365 2840 ejus
3394 2784 3594 2841 partem
3619 2791 3719 2828 ex-

2133 2860 2256 2914 cita.
2290 2858 2453 2914 luduc
2501 2860 2821 2931 prophetas;
2853 2861 2934 2916 his
2983 2863 3203 2917 medicis
3244 2878 3348 2917 non
3394 2868 3723 2919 numeranda

2133 2952 2357 3019 pecunia
2400 2960 2482 3006 est
2509 2968 2523 3006 :
2555 2967 2729 3021 neque
2757 2953 2898 3008 enim
2947 2955 3279 3020 mercedem,
3307 2971 3478 3025 neque
3508 2957 3715 3025 impen-

2132 3055 2246 3096 sam
2273 3042 2494 3113 exigunt
2521 3043 2601 3098 vel
2628 3058 2729 3114 pro
2764 3058 2925 3113 opera
2955 3045 3034 3100 vel
3067 3060 3163 3113 pro
3202 3046 3451 3101 remediis
3481 3048 3611 3102 suis.
3661 3048 3721 3102 In

2135 3134 2509 3189 necessitatem
2541 3144 2717 3189 tamen
2752 3136 3004 3205 impensa:
3033 3145 3082 3191 te
3109 3137 3398 3206 conjiciunt
3416 3179 3432 3202 ,
3459 3139 3550 3193 sed
3577 3140 3722 3194 elec-

2134 3238 2373 3296 mosynm
2400 3226 2718 3296 erogandae;
2751 3226 2804 3280 in
2827 3228 3034 3281 czcteris
3063 3238 3241 3282 autem
3271 3228 3336 3282 de
3362 3243 3460 3283 suo
3486 3230 3719 3301 largiun-

2134 3324 2219 3370 tur
2252 3331 2413 3372 :cum
2441 3317 2584 3373 enim
2633 3328 2685 3373 te
2728 3328 3086 3389 temperanter
3122 3334 3282 3390 agere
3325 3321 3549 3389 jubeut,
3577 3334 3626 3377 te
3652 3324 3719 3377 ab

2133 3411 2517 3480 intempestivis
2544 3420 2598 3467 et
2619 3412 2869 3468 absurdis
2897 3414 3148 3482 impensis
3189 3414 3447 3481 liberant;
3479 3431 3598 3469 cum
3628 3417 3718 3484 jn-

2132 3499 2261 3553 bent
2289 3499 2555 3557 abstinere
2584 3502 2652 3556 ab
2678 3504 2936 3559 ebrietate
2955 3547 2968 3568 ,
3003 3504 3389 3573 opulentiorem
3421 3517 3471 3561 te
3498 3507 3717 3562 faciunt.

2134 3594 2319 3650 Viden‘
2348 3597 2675 3653 medicorum
2699 3608 2871 3653 artem
2888 3641 2903 3665 ,
2927 3599 3016 3667 qui
3043 3615 3167 3653 cum
3187 3601 3413 3654 sanitate
3437 3603 3716 3669 pecuniam

2129 3687 2396 3742 afferunt?
2439 3689 2629 3744 Asside
2674 3690 2832 3761 igitur
2871 3691 3001 3756 illis,
3044 3691 3113 3745 ab
3139 3691 3323 3760 eisque
3366 3693 3513 3747 disce
3545 3694 3716 3748 morbi

2131 3787 2398 3833 naturam.
2450 3780 2695 3850 Exempli
2736 3796 2930 3848 causa,
2977 3796 3125 3835 amas
3154 3784 3405 3851 pecunias
3447 3792 3501 3836 et
3539 3787 3716 3837 avari-

2132 3874 2291 3941 tiam,
2327 3885 2383 3930 ut
2409 3875 2773 3931 febricitantes
2792 3889 2984 3946 aquam
3013 3874 3294 3947 frigidam?
3318 3876 3452 3929 Audi
3480 3875 3606 3945 quid
3642 3876 3715 3929 illi

2129 3966 2336 4021 consilii
2367 3964 2611 4021 aﬂ'erant.
2667 3965 2815 4021 Sicut
2857 3967 2998 4021 enim
3031 3967 3268 4022 medicus
3297 3968 3459 4021 edicit
3486 3968 3580 4021 tibi
3614 3985 3628 4021 :
3660 3967 3719 4022 Si

2129 4057 2469 4126 cupiditatem
2514 4057 2791 4127 sequaris.
2829 4058 3059 4127 peribis,
3107 4066 3161 4111 et
3207 4058 3335 4112 illud
3384 4066 3542 4129 atque
3585 4059 3725 4116 illud

2131 4150 2254 4204 mali
2293 4150 2381 4206 tibi
2408 4151 2619 4205 eveniet
2649 4167 2661 4203 :
2692 4150 2770 4205 sic
2818 4158 2872 4204 ct
2899 4150 3092 4205 l‘aulus
3122 4166 3134 4202 :
3165 4150 3265 4217 Qui
3309 4150 3464 4203 ditari
3504 4151 3712 4215 volunt,

2130 4240 2322 4310 inquit,
2352 4240 2581 4294 incidunt
2610 4242 2663 4293 in
2689 4250 3013 4295 tentatwnent
3041 4251 3088 4294 et
3115 4242 3318 4311 laqueus
3348 4242 3569 4306 diaboli,
3595 4254 3641 4295 ct
3661 4244 3717 4297 in

2130 4332 2558 4401 concupiscentiae
2585 4331 2767 4385 stultas
2810 4340 2855 4385 el
2892 4332 3104 4397 noxias,
3148 4348 3262 4401 qua:
3303 4333 3353 4384 in
3404 4332 3712 4403 profundum

2127 4424 2359 4478 interitus
2387 4431 2434 4477 et
2462 4424 2755 4492 perditionis
2784 4424 3011 4478 homines
3037 4427 3355 4494 pra'cipitmit
3383 4427 3452 4496 (l.
3488 4424 3621 4478 Tim.
3654 4427 3713 4479 6.

2129 4513 2206 4585 9).
2239 4513 2345 4570 Sed
2374 4515 2657 4584 impatiens
2697 4517 2791 4570 es?
2822 4515 2954 4570 Audi
3009 4517 3153 4570 illum
3193 4518 3456 4570 dicentem
3492 4533 3505 4569 :
3534 4516 3715 4571 Adhuc

2129 4607 2413 4677 paululum,
2448 4617 2493 4661 et
2533 4608 2619 4679 qui
2652 4616 2884 4661 uenturus
2912 4617 2982 4661 est
3020 4610 3211 4668 reuiet.
3251 4620 3295 4660 et
3350 4626 3449 4662 non
3500 4610 3720 4664 tardabit

2129 4698 2149 4768 (
2172 4697 2327 4752 Hebr.
2362 4698 2447 4753 lO.
2475 4697 2595 4770 ⁵57).
2618 4696 2867 4751 Dominus
2897 4715 3053 4768 prope
3078 4710 3150 4753 cst
3178 4717 3196 4754 :
3229 4700 3358 4753 nihil
3382 4700 3585 4753 solliciti
3607 4701 3720 4752 sitis

2129 4788 2388 4859 (Philipp.
2424 4790 2476 4843 4.
2505 4789 2559 4844 5.
2593 4789 2671 4859 6).
2715 4788 2784 4843 Ει
2824 4805 3032 4844 rursum
3065 4808 3077 4843 :
3108 4790 3340 4845 l‘i'wterit
3370 4793 3536 4862 ﬁgura
3565 4792 3719 4862 hujus

2129 4880 2305 4933 mundi
2334 4880 2429 4951 (l.
2457 4879 2576 4934 Cor.
2613 4881 2663 4932 7.
2696 4880 2808 4951 51).
2840 4880 2955 4934 Non
2989 4882 3132 4935 enim
3184 4884 3424 4951 prmeipit
3474 4892 3675 4937 tantum
3697 4922 3710 4947 ,

2129 4971 2221 5026 sed
2247 4974 2409 5026 etiam
2434 4972 2741 5025 consolatur
2763 4983 2818 5026 ut
2845 4974 3101 5027 medicus.
3135 4979 3210 5027 Ac
3238 4975 3373 5026 Sit'lll
3406 4975 3596 5029 medici
3621 4991 3711 5042 pre

2130 5061 2333 5131 frigidis
2374 5062 2477 5115 alia
2508 5062 2751 5130 quaedam
2782 5064 3118 5133 excogitant,
3151 5065 3227 5116 sic
3256 5075 3307 5117 et
3342 5065 3440 5119 iste
3466 5068 3710 5133 concupi-

2130 5152 2387 5207 sccutiatu
2417 5152 2689 5209 transfert.
2722 5154 2814 5207 Vis
2835 5197 2849 5216 ,
2883 5156 3095 5223 inquit,
3126 5155 3428 5211 ditescere?
3472 5157 3528 5211 In
3562 5157 3716 5211 bonis

2131 5243 2382 5312 cperibus
2428 5243 2579 5299 dives
2607 5255 2742 5299 esto.
2776 5246 2865 5299 Vis
2912 5248 3190 5301 thesauros
3244 5248 3573 5302 recondere?
3600 5248 3714 5303 Non

2133 5350 2401 5406 repugno;
2428 5337 2520 5392 sed
2552 5337 2608 5391 in
2625 5338 2761 5392 C:1:|0
2792 5341 3043 5393 reconde.
3085 5340 3162 5395 Ac
3188 5341 3327 5393 sicut
3365 5342 3603 5395 medicus
3629 5339 3712 5396 di-

2130 5428 2232 5492 cit,
2273 5431 2421 5498 Aqua
2463 5428 2652 5500 frigida
2698 5441 2853 5486 nocet
2883 5432 3165 5498 dentibus,
3216 5435 3426 5498 nervis,
3459 5434 3711 5489 ossibus:

2132 5531 2209 5572 suc
2236 5529 2290 5573 et
2317 5518 2438 5584 ille;
2486 5519 2701 5576 brevius
2744 5522 2995 5591 quidem,
3047 5540 3166 5577 nam
3218 5524 3459 5579 brevitati
3505 5525 3714 5587 suntet,

2133 5607 2229 5662 sed
2258 5608 2455 5665 clarius
2481 5619 2535 5665 et
2563 5612 2789 5668 validius
2816 5630 2828 5665 :
2864 5613 3033 5666 Radix
3054 5655 3069 5678 ,
3103 5615 3304 5683 inquit,
3339 5616 3568 5668 omnium
3599 5633 3714 5668 tmt-

2139 5698 2302 5753 lorum
2317 5710 2390 5755 est
2410 5703 2623 5757 avaritia
2646 5703 2721 5777 (Ι.
2746 5705 2874 5759 Tim.
2902 5708 2952 5761 li.
2980 5708 3086 5778 l0).
3113 5710 3227 5775 Qun
3254 5709 3410 5780 igitur
3435 5708 3717 5764 utendum?
