4076 6142
430 228 532 286 685

429 349 541 406 Hoc
565 369 776 425 quoque
804 352 935 409 dicit
957 370 973 408 :
993 350 1338 419 Suflicientia,
1367 353 1601 408 avaritia:
1624 352 1761 417 loco;
1786 350 2011 422 Magnus

424 443 570 498 enim
592 455 811 514 quastus
829 457 903 501 est
922 446 1215 517 sufﬁcientia
1236 462 1351 498 cum
1367 446 1551 515 pietate
1571 444 1591 515 (
1618 444 1668 497 1.
1691 441 1827 497 Tim.
1846 443 1898 497 6.
1926 443 2004 513 6).

426 536 576 601 Quod
606 537 648 589 si
670 552 811 605 a‘gre
842 536 998 603 feras,
1032 549 1084 591 et
1113 537 1259 606 plura
1289 536 1596 603 desideres,
1625 534 1850 589 necdum
1885 550 2008 603 pus»

425 628 499 681 sis
539 628 807 697 superﬂua
830 644 1055 699 qumque
1093 629 1357 698 abjieerc;
1403 628 1482 681 sic
1520 632 1867 695 aegrotantem
1895 641 2011 682 mo-

426 731 540 785 net,
571 721 838 791 quomodo
884 722 947 775 iis
990 722 1061 777 sit
1099 721 1401 776 utendum:
1434 718 1501 774 Ut
1543 718 1632 790 qui
1670 718 1908 774 uelantur
1956 718 2009 771 in

428 812 854 879 possessionibus,
889 813 1015 866 sicut
1047 828 1148 865 non
1187 811 1415 865 laetantes
1440 811 1539 864 sint
1565 824 1586 865 .°
1611 818 1656 863 et
1679 809 1765 880 qui
1788 808 2005 876 habent,

419 912 675 972 tamquam
723 919 822 956 non
865 905 1165 967 retinentes;
1190 911 1239 957 et
1263 902 1356 973 qui
1390 909 1601 955 utuntur
1640 901 1736 954 hoc
1782 899 2004 963 mundo,

418 1004 678 1062 tamquam
726 1011 827 1048 non
866 995 1116 1064 utantur(
1149 995 1200 1050 1.
1233 993 1353 1049 Cor.
1384 994 1437 1048 7.
1469 992 1556 1048 50.
1592 993 1654 1046 51
1761 991 2005 1045 Vidistiu'

418 1102 541 1156 qua:
567 1086 880 1157 praecipiat?
910 1084 1002 1142 Vis
1031 1086 1195 1140 alium
1236 1084 1485 1140 inducam
1534 1083 1837 1139 medicum?
1878 1082 2002 1137 Mihi

416 1187 563 1233 certe
592 1177 786 1248 placet.
818 1176 996 1247 Neque
1022 1178 1163 1232 enim
1193 1185 1319 1231 sunt
1346 1176 1398 1229 hi
1424 1174 1644 1240 medici,
1680 1173 1896 1244 perinde
1922 1183 2003 1228 at-

416 1286 521 1340 que
549 1286 832 1340 corporum
860 1270 1088 1337 medici,
1112 1270 1199 1341 qui
1232 1284 1376 1339 saepe
1405 1284 1518 1340 pra:
1550 1267 1743 1323 invidia
1773 1282 1998 1323 concer-

417 1370 610 1427 tantcs,
633 1370 888 1429 :egrotum
916 1360 1280 1430 pessumdant.
1300 1360 1367 1413 At
1385 1373 1489 1414 non
1507 1359 1585 1414 sic
1600 1358 1702 1423 isti,
1722 1357 1812 1429 qui
1832 1373 2001 1429 aegro-

415 1470 533 1509 rum
562 1455 787 1509 salutem
830 1462 1101 1523 spectant,
1132 1467 1232 1508 nec
1271 1453 1565 1507 ambitione
1604 1451 1889 1505 ducuntur.
1921 1450 1998 1506 Ne

414 1547 591 1617 itaque
617 1547 827 1601 illorum
862 1545 1254 1601 multitudinem
1299 1544 1555 1600 formides
1584 1561 1598 1599 :
1627 1560 1763 1600 unus
1793 1545 1845 1599 in
1874 1559 1995 1600 om-

411 1638 567 1693 nibus
598 1639 829 1707 loquitur
856 1638 1104 1708 magister
1131 1636 1396 1692 Christus.

484 1731 536 1785 5.
579 1729 712 1785 Vide
740 1744 925 1784 rursus
951 1729 1240 1784 intrantem
1262 1729 1445 1795 alium,
1473 1737 1525 1784 et
1544 1727 1777 1798 graviter
1797 1727 1865 1784 de
1893 1727 1994 1784 hoc

412 1824 600 1877 morbo
639 1822 942 1892 loquentem
971 1862 984 1883 .
1016 1821 1123 1875 imo
1166 1822 1336 1891 ipsum
1369 1820 1511 1875 illius
1539 1836 1635 1876 ore
1660 1820 1986 1892 Magistrum.

412 1914 533 1969 Non
565 1917 769 1987 potestis
802 1917 932 1969 enim
959 1915 1067 1970 Deo
1101 1915 1285 1970 servire
1328 1924 1372 1969 et
1400 1930 1648 1969 inamonw
1672 1916 1689 1984 (
1717 1913 1905 1971 Matth.
1934 1915 1987 1971 6.

405 2006 474 2062 2t
502 2006 541 2077 ).
572 2007 763 2071 Etiam,
793 2006 1019 2077 inquies,
1046 2006 1139 2061 sed
1164 2005 1433 2076 quomodo
1467 2005 1580 2060 luec
1608 2006 1807 2060 erunt?
1838 2007 1987 2072 Quo—

406 2097 563 2152 modo
611 2098 1092 2168 concupiscentiam
1144 2097 1512 2166 deponemus?
1560 2096 1697 2152 Hinc
1747 2097 1988 2154 ediscere

404 2188 548 2243 licet.
582 2189 648 2242 Et
672 2187 941 2258 quomodo
967 2186 1270 2243 discemus?
1311 2186 1447 2241 Audi
1495 2187 1667 2256 ipsum
1708 2186 1812 2241 hoc
1847 2203 1984 2255 quo-

400 2297 506 2350 que
535 2279 799 2335 dicentem
825 2296 839 2334 :
870 2278 1047 2334 Nolite
1068 2278 1409 2332 thesaurisare
1456 2276 1592 2332 vobis
1639 2278 1902 2331 thesauros
1930 2279 1984 2333 in

400 2383 553 2441 terra,
585 2374 669 2429 ubi
693 2390 863 2447 wrugo
896 2383 942 2429 et
986 2374 1117 2428 tinea
1143 2372 1411 2427 demolitur
1430 2413 1445 2438 ,
1473 2380 1519 2425 et
1546 2370 1631 2425 ubi
1672 2373 1809 2442 fures
1850 2369 1982 2437 επο-

401 2466 549 2520 dium
575 2477 622 2521 et
642 2465 879 2535 furantur
906 2464 925 2536 (
949 2464 1135 2518 Matth.
1169 2464 1222 2516 6.
1254 2461 1320 2517 19
1342 2459 1382 2533 ).
1419 2461 1605 2515 Videu’
1634 2460 1904 2531 quomodo
1929 2470 1983 2515 et

397 2574 427 2611 a
456 2559 573 2614 loco
592 2568 645 2614 et
669 2574 700 2614 a
723 2556 1125 2626 corruptoribus
1145 2554 1212 2610 ab
1234 2555 1334 2609 hac
1363 2564 1574 2609 terrena
1596 2554 1980 2624 concupiscen-

399 2651 469 2705 tia
497 2659 735 2715 avertat,
768 2660 822 2706 et
870 2650 1012 2705 illam
1057 2648 1188 2703 cmlo
1235 2646 1412 2717 afﬁgat
1436 2689 1451 2713 ,
1482 2646 1569 2702 ubi
1610 2654 1720 2700 tuta
1757 2646 1979 2700 omnia?

393 2740 450 2799 Si
477 2741 618 2795 enim
641 2783 658 2808 ,
688 2742 858 2811 inquit
877 2783 891 2805 ,
926 2740 1019 2794 illo
1046 2739 1257 2794 divitias
1287 2737 1621 2792 transferatis
1640 2776 1655 2802 ,
1685 2737 1771 2791 ubi
1804 2751 1979 2806 neque

390 2848 589 2903 aerugo,
623 2849 794 2904 neque
817 2833 953 2887 tinea
984 2831 1268 2893 consumit,
1308 2829 1395 2884 ubi
1429 2830 1570 2885 fures
1596 2844 1695 2885 nec
1719 2829 1977 2885 effodiunt

391 2940 493 2981 nec
522 2924 794 2992 furantur,
817 2934 871 2980 et
896 2925 1039 2979 hunc
1065 2923 1340 2993 depelletis
1367 2923 1640 2985 morbum,
1668 2932 1720 2977 et
1745 2923 1972 2977 animam

391 3016 444 3071 in
475 3017 745 3087 opulentia
790 3031 978 3085 magna
1008 3014 1365 3069 constituetis.
1419 3012 1499 3066 Ad
1528 3013 1644 3067 hare
1665 3014 1970 3083 exemplum

390 3110 545 3165 atfert
589 3126 695 3179 quo
748 3120 798 3164 te
847 3123 1039 3177 sapere
1090 3106 1294 3161 doceat.
1337 3105 1405 3159 Et
1452 3107 1586 3159 sicut
1626 3105 1861 3160 medicus
1917 3114 1974 3159 ut

389 3218 588 3273 nigrum
620 3211 816 3258 terreat
843 3200 1008 3265 dicit,
1037 3200 1130 3255 ille
1160 3199 1299 3270 quod
1333 3215 1465 3267 aqua
1498 3198 1682 3268 frigida
1710 3207 1968 3267 uti-retur,

389 3293 588 3348 interiit
613 3312 627 3348 :
657 3294 733 3347 sic
759 3304 813 3348 et
845 3292 931 3347 ille
962 3291 1180 3345 divitem
1220 3290 1421 3345 inducit
1447 3305 1668 3359 a'grum,
1697 3291 1785 3360 qui
1813 3300 1867 3344 et
1889 3291 1971 3344 vi-

387 3393 497 3440 tam
524 3395 576 3440 et
599 3384 956 3440 valetudinem
1000 3390 1218 3452 cuperet
1241 3424 1256 3448 ,
1283 3397 1380 3435 nec
1412 3382 1643 3452 potuerit
1671 3381 1924 3451 consequi
1951 3421 1964 3445 ,

385 3477 527 3548 quod
553 3477 787 3532 avaritim
812 3475 1047 3531 studeret
1071 3517 1086 3539 ,
1116 3473 1211 3529 sed
1244 3474 1331 3542 qui
1362 3489 1559 3527 vacuus
1602 3473 1811 3527 abierit.
1845 3474 1970 3527 l’0st

386 3568 530 3621 hunc
557 3567 680 3621 item
704 3566 866 3620 alium
897 3565 988 3619 tibi
1019 3564 1172 3619 affert
1201 3563 1334 3618 alias
1355 3563 1681 3633 evangelista
1706 3562 1854 3633 (Luc.
1879 3562 1966 3617 16.

384 3658 456 3714 24
477 3658 520 3728 ),
574 3659 802 3714 ﬂammis
827 3658 1103 3724 adustum,
1134 3658 1222 3727 qui
1259 3672 1324 3712 ne
1354 3656 1548 3710 stillam
1572 3656 1784 3727 quidem
1814 3672 1967 3726 aqua:

385 3749 627 3806 haberet.
668 3750 869 3805 Deinde
905 3748 1193 3804 ostendens
1238 3747 1410 3802 facilia
1439 3762 1559 3802 esse
1592 3756 1852 3816 prmcepta
1882 3747 1967 3801 di-

384 3843 459 3898 cit
480 3883 496 3908 ,
531 3842 782 3911 Respicite
807 3841 1033 3898 volatilia
1061 3842 1171 3896 ειειὶ
1202 3840 1429 3913 (Matth.
1459 3840 1511 3895 6.
1543 3840 1675 3911 26).
1710 3841 1840 3896 Cum
1870 3856 1967 3893 att-

385 3941 495 3995 tem
525 3933 799 3990 hominum
841 3933 1135 3988 infirmitati
1181 3950 1239 3987 se
1283 3941 1631 3999 attemperet,
1681 3948 1748 3987 ne
1776 3931 1967 3987 divites

386 4025 598 4094 quidem
628 4026 916 4095 deSperare
942 4026 1090 4082 sinit.
1125 4025 1253 4093 Qui:
1275 4027 1416 4079 enim
1442 4066 1456 4090 ,
1481 4025 1686 4096 inquit,
1716 4024 1856 4095 apud
1877 4030 1967 4079 Ito-

388 4159 699 4175 *ῃ-

1344 232 1410 289 IN
1448 228 1850 289 MATTHEUM
1892 229 2124 287 ιιωιιι..
2156 232 2365 291 LXXV.
2399 235 2471 294 al.
2510 236 2747 297 LXXVI.

3603 250 3710 309 (⁵86

2121 352 2277 407 mines
2324 352 2654 425 impossibilia
2695 365 2845 426 sunt,
2891 357 3152 429 possibilia
3196 368 3315 414 sunt
3348 362 3488 431 apud
3536 362 3704 419 Deum

2120 447 2142 520 (
2160 447 2284 502 Luc.
2317 451 2402 507 18.
2433 451 2501 507 27
2525 452 2568 524 ).
2601 454 2712 508 Etsi
2740 468 2968 527 namque
2994 454 3142 509 dives
3173 455 3248 509 sis
3270 497 3284 521 ,
3315 464 3489 520 potest
3515 465 3565 510 te
3589 473 3703 511 me-

2118 541 2269 596 dicus
2296 559 2504 598 curare.
2550 546 2731 615 Neque
2754 549 2895 603 enim
2925 547 3137 602 divitias
3167 548 3415 616 sustulit,
3440 550 3532 603 sed
3560 559 3701 605 vetat

2116 647 2236 687 esse
2266 641 2317 689 te
2348 626 2690 703 pecuniarum
2742 653 2988 702 servum,
3034 648 3091 693 et
3119 640 3354 694 avaritia:
3402 641 3695 696 addictum.

2115 724 2397 793 Quomodo
2445 737 2619 795 potest
2653 743 2779 798 ergo
2810 730 2961 784 dives
2989 730 3168 784 salvus
3193 733 3349 786 esse?
3372 730 3426 787 Si
3459 733 3547 786 illa
3578 748 3699 803 qua;

2116 816 2353 886 possidet
2379 817 2483 871 sint
2509 818 2691 888 egenis
2717 820 3042 882 communia,
3074 821 3244 889 qualis
3271 821 3371 877 Job
3396 833 3543 887 erat,
3574 834 3629 878 et
3654 823 3696 876 si

2114 908 2598 976 concupiscentiam
2629 909 2857 978 plurium
2885 925 3098 977 semper
3139 911 3499 967 habendarum
3530 930 3690 983 opum

2113 998 2383 1064 eliminet,
2415 1010 2470 1054 et
2500 1016 2788 1070 numquam
2837 1004 3196 1058 necessarium
3246 1020 3398 1059 usum
3446 1007 3687 1061 excedat.

2112 1088 2233 1143 Post
2263 1090 2402 1145 hunc
2429 1093 2520 1147 tibi
2551 1094 2887 1163 publicanum
2915 1104 3212 1164 monstrat,
3235 1098 3324 1167 qui
3354 1099 3421 1151 ab
3449 1100 3686 1155 avaritim

2110 1177 2257 1233 febre
2281 1181 2388 1234 cito
2420 1181 2673 1237 liberatus
2700 1193 2785 1237 est
2815 1182 2961 1245 (Luc.
2994 1185 3047 1240 5.
3077 1184 3167 1239 27.
3196 1188 3355 1257 sqq.).
3382 1186 3512 1255 Quis
3540 1191 3683 1245 enim

2110 1271 2390 1339 publicano
2431 1273 2559 1328 lucri
2604 1273 2886 1343 cupidior?
2927 1277 3179 1331 Attamen
3224 1292 3354 1346 opes
3399 1278 3684 1348 deposuit,

2105 1364 2226 1431 quia
2256 1364 2443 1418 medici
2476 1365 2679 1434 legibus
2705 1369 2897 1436 paruit.
2928 1367 3059 1422 Nam
3093 1369 3225 1422 tales
3252 1370 3410 1424 habet
3445 1370 3681 1439 discipu-

2106 1454 2184 1508 los
2206 1499 2221 1520 ,
2254 1458 2342 1526 qui
2376 1457 2562 1513 iisdem
2589 1459 2829 1528 ,quibus
2869 1475 2999 1525 nos,
3046 1462 3246 1516 morbis
3285 1463 3678 1528 laboraVerint,

2102 1554 2157 1607 et
2198 1548 2305 1602 cito
2353 1553 2635 1609 sanitatem
2679 1558 3071 1624 recuperat-int.
3124 1555 3476 1625 Singulosque
3531 1557 3681 1611 nobis

2100 1643 2366 1710 ostendit,
2428 1661 2494 1701 ne
2536 1645 2901 1717 desperemus.
2934 1647 3066 1702 Vide
3108 1663 3235 1719 ergo
3275 1647 3414 1703 hunc
3443 1649 3679 1719 publica-

2099 1746 2247 1789 num.
2281 1733 2411 1789 Vide
2460 1752 2645 1792 rursus
2691 1738 2852 1792 alium
2902 1738 3193 1808 principem
3238 1740 3675 1808 publicanorum,

2097 1826 2186 1895 qui
2210 1828 2506 1898 quadruplo
2535 1830 2683 1899 plura
2707 1846 2863 1900 quam
2896 1841 3142 1901 rapuerat
3185 1847 3243 1886 se
3272 1832 3518 1886 daturum
3560 1833 3676 1901 pul-

2098 1916 2354 1973 liccbatur
2373 1961 2387 1980 .
2417 1930 2468 1974 et
2495 1921 2774 1976 dimidium
2804 1923 3063 1977 honorum
3091 1939 3311 1978 suorum
3334 1966 3349 1990 ,
3386 1934 3442 1979 ut
3465 1924 3678 1993 excipe-

2095 2015 2178 2063 ret
2202 2007 2382 2064 Jesum
2417 2010 2568 2081 (Luc.
2603 2012 2689 2067 l9.
2714 2011 2791 2082 8).
2816 2012 2920 2068 Sed
2958 2023 3010 2066 tu
3043 2013 3328 2067 admodum
3378 2013 3547 2068 ferves
3579 2030 3674 2082 pe-

2092 2099 2368 2153 cuuiarum
2400 2101 2617 2157 amore?
2664 2101 2793 2170 Qum
2837 2103 3074 2157 omnium
3124 2112 3249 2157 sunt
3275 2102 3428 2173 qttasi
3457 2113 3544 2157 tua
3572 2103 3671 2158 ha-

2093 2189 2236 2245 beto.
2267 2190 2401 2245 Nam
2452 2193 2637 2262 plura,
2686 2208 2844 2264 quam
2890 2195 3121 2263 qumris,
3170 2193 3241 2249 do
3281 2194 3410 2259 tibi,
3456 2194 3625 2265 inquit
3652 2236 3667 2257 ,

2089 2281 2214 2337 dum
2266 2283 2487 2338 divitum
2539 2286 2813 2352 omnium,
2860 2287 2949 2357 qui
2999 2302 3095 2356 per
3129 2286 3314 2343 orbem
3362 2296 3522 2351 sunt,
3576 2288 3669 2342 tibi

2086 2373 2275 2431 domos
2301 2376 2501 2444 aperio.
2528 2376 2656 2431 Nam
2686 2377 2785 2444 Qui
2812 2378 3066 2448 reliquerit
3092 2387 3304 2448 patrem,
3324 2388 3410 2432 aut
3433 2388 3665 2443 matrem,

2086 2474 2173 2519 aut
2193 2481 2342 2534 agros
2361 2508 2374 2529 ,
2401 2477 2488 2519 aut
2515 2468 2719 2521 domum
2742 2510 2757 2533 ,
2785 2469 3073 2539 centuplum
3100 2469 3313 2540 accipiet
3339 2469 3551 2538 (Matth.
3579 2471 3664 2525 19.

2083 2556 2215 2624 29).
2247 2557 2319 2611 Ita
2356 2575 2461 2612 non
2489 2559 2727 2630 pluribus
2756 2568 2958 2614 tantum
2991 2561 3209 2625 frueris,
3244 2562 3337 2616 sed
3369 2571 3423 2615 et
3451 2577 3664 2629 gravem

2084 2647 2222 2704 hanc
2250 2649 2392 2703 sitim
2423 2652 2643 2704 omnino
2670 2652 2971 2721 restingues
2990 2693 3004 2717 ,
3038 2662 3087 2706 et
3116 2653 3295 2706 omnia
3337 2651 3494 2707 facile
3524 2653 3663 2706 feres

2082 2754 2201 2794 cum
2229 2755 2336 2793 non
2369 2740 2530 2796 modo
2559 2741 2712 2812 plura
2744 2756 2850 2795 non
2877 2741 3155 2796 desideres
3175 2784 3190 2807 ,
3220 2741 3314 2797 sed
3365 2758 3429 2797 ne
3446 2742 3661 2812 quidem

2082 2830 2382 2884 necessaria
2414 2846 2576 2899 saepe.
2602 2830 2692 2886 Sic
2719 2831 2911 2885 Paulus
2930 2832 3149 2898 esuriit,
3179 2841 3235 2887 et
3266 2833 3434 2902 magis
3460 2833 3626 2902 gloria
3644 2861 3660 2871 -

2082 2919 2253 2983 batur,
2284 2936 2443 2990 quam
2475 2939 2594 2975 eum
2621 2923 2926 2977 conluderet
2955 2923 2974 2992 (
2998 2921 3224 2992 Philipp.
3249 2923 3299 2977 4.
3331 2924 3422 2991 11)
3452 2940 3465 2974 :
3494 2923 3660 2992 siqui-

2079 3012 2197 3067 dem
2229 3022 2281 3066 et
2309 3013 2505 3066 athleta
2533 3014 2621 3084 qui
2653 3022 2928 3067 conccrtat
2954 3022 3006 3069 et
3030 3024 3315 3067 coronatur
3335 3056 3350 3078 ,
3377 3030 3480 3067 non
3509 3029 3658 3084 qna;-

2079 3104 2146 3158 rit
2178 3105 2341 3159 otium
2376 3114 2430 3159 et
2468 3106 2733 3175 quietem;
2781 3106 2861 3160 vel
2910 3116 3214 3171 mercator,
3261 3106 3350 3175 qui
3395 3108 3655 3160 marimnn

2075 3197 2481 3251 mercimonium
2503 3205 2585 3251 est
2608 3211 2911 3267 aggressus,
2945 3212 3050 3251 non
3077 3196 3267 3267 quaerit
3304 3197 3470 3251 otium
3508 3196 3658 3251 dein-

2074 3303 2219 3357 ceps.
2252 3289 2319 3342 Et
2350 3303 2447 3343 nos
2480 3289 2640 3358 igitur
2661 3330 2675 3355 ,
2709 3290 2751 3342 si
2782 3287 3088 3356 spirituales
3127 3286 3332 3342 fructus
3362 3297 3417 3341 ut
3447 3296 3660 3357 Oportet

2074 3388 2345 3451 gustemus
2367 3420 2383 3446 ,
2419 3389 2544 3435 tunc
2573 3379 2857 3450 prmseutia
2888 3379 3066 3433 omnia
3107 3394 3205 3448 pro
3246 3377 3411 3432 nihilo
3432 3377 3656 3433 habebi-

2074 3486 2213 3534 mus,
2240 3470 2535 3525 futurorum
2557 3470 2847 3540 cupiditate
2873 3485 2970 3525 ceu
2998 3470 3227 3540 quadam
3255 3470 3453 3540 Optima
3478 3470 3655 3525 ebrie-

2077 3569 2183 3621 tate
2204 3565 2363 3634 capti.
2393 3563 2680 3620 GuSIemus
2704 3563 2885 3634 igitur,
2911 3572 2968 3617 ut
2996 3578 3024 3615 a
3059 3567 3282 3616 tumultu
3314 3564 3653 3632 praesentium

2074 3659 2401 3719 liberemur,
2451 3669 2507 3714 et
2552 3648 2725 3711 futura
2767 3670 3159 3726 consequamur
3202 3656 3361 3722 bena,
3389 3657 3555 3725 gratia
3598 3666 3657 3711 et

2074 3749 2401 3820 benignitate
2432 3747 2640 3801 Domini
2686 3746 2858 3800 nostri
2884 3747 3009 3801 Jcsu
3037 3745 3270 3809 Christi,
3295 3747 3379 3798 cui
3409 3746 3575 3814 gloria
3600 3755 3656 3799 et

2075 3842 2356 3911 imperium
2374 3882 2388 3907 ,
2417 3854 2559 3894 nunc
2585 3848 2639 3895 et
2664 3853 2895 3908 semper,
2922 3847 2976 3893 et
3004 3838 3055 3892 in
3083 3837 3275 3893 saecula
3309 3838 3647 3892 szcculorum.

2072 3935 2263 3989 Amen.

1497 4230 1841 4296 HOMILIA
1886 4230 2143 4290 LXXV.
2191 4230 2277 4291 al.
2322 4232 2610 4293 LXXVI.

384 4371 515 4429 CAP.
542 4374 634 4431 24.
658 4376 799 4431 v.1.
848 4374 914 4430 Et
969 4391 1192 4446 egressus
1238 4373 1390 4428 Jesus
1434 4373 1498 4427 de
1539 4374 1754 4443 templo,
1785 4372 1962 4426 amba-

460 4468 612 4522 labat.
643 4468 706 4522 Et
729 4479 1043 4524 accesserunt
1085 4469 1151 4521 ad
1193 4485 1304 4522 eum
1322 4468 1560 4536 discipuli
1576 4470 1702 4536 ejus,
1727 4478 1779 4521 ut
1803 4477 1967 4523 osten-

456 4560 627 4615 derent
647 4561 694 4614 ei
713 4561 1073 4630 aedificationes
1116 4561 1308 4629 templi.
1337 4560 1393 4615 2.
1425 4559 1526 4614 Ille
1569 4571 1735 4614 autem
1759 4577 1967 4630 respou-

460 4652 583 4707 dens
601 4652 728 4708 dixit
753 4654 825 4707 eis
849 4668 866 4706 :
893 4651 1076 4706 Nonne
1101 4651 1276 4705 videtis
1305 4654 1410 4704 lucc
1435 4651 1645 4705 omnia?
1667 4649 1824 4704 Amen
1852 4651 1964 4704 dico

458 4744 592 4799 vobis
611 4787 626 4810 ,
675 4761 776 4798 non
812 4745 1120 4822 relinquetur
1145 4744 1228 4797 hic
1258 4744 1388 4816 lapis
1418 4760 1571 4813 super
1611 4743 1850 4814 lapidem,
1881 4744 1964 4814 qui

457 4854 556 4896 non
583 4837 890 4899 destruatur.

458 4929 513 4983 i.
551 4929 815 4996 Quoniam
845 4929 1089 4999 superius
1114 4926 1249 4982 dixit
1281 4944 1294 4980 :
1323 4927 1653 4998 Relinquetur
1687 4928 1865 4980 domus
1886 4943 1967 4981 ue-

384 5031 490 5085 stra
521 5021 739 5086 deserta,
784 5030 837 5076 et
880 5021 1159 5075 innumera
1202 5020 1331 5090 ipsis
1371 5020 1507 5074 mala
1558 5020 1962 5089 prmnuutiavit;

388 5113 510 5166 hinc
541 5111 785 5180 discipuli
818 5111 902 5166 his
931 5112 1144 5179 auditis,
1173 5126 1269 5166 ceu
1295 5111 1624 5166 admirantes
1648 5113 1828 5181 templi
1860 5112 1965 5181 pul-

387 5205 743 5269 chritudinem
776 5205 1145 5259 monstrabant
1173 5204 1243 5271 ei,
1271 5215 1324 5258 et
1353 5205 1683 5274 ambigentes
1705 5221 1829 5260 num
1861 5212 1965 5258 tam

386 5299 601 5368 egregia,
626 5297 847 5351 aedilicia
870 5292 1189 5352 destruenda
1213 5296 1406 5363 t‘orcnt,
1440 5306 1544 5350 tam
1579 5298 1763 5368 ingens
1793 5305 1966 5351 mate-

388 5391 487 5453 ria,
523 5401 628 5452 tam
662 5388 926 5443 ineffabile
962 5389 1244 5443 artiﬁcium
1276 5406 1289 5442 :
1323 5404 1427 5443 non
1461 5388 1598 5443 ultra
1639 5387 1705 5442 de
1725 5388 1971 5442 vastitate

391 5480 647 5550 loquitur,
700 5478 792 5533 sed
837 5479 1102 5533 excidium
1151 5490 1205 5534 et
1257 5479 1672 5534 deStructiouem
1711 5478 1968 5549 praedicit.

391 5569 578 5626 Nonne
596 5573 772 5627 videtis
790 5577 896 5625 haec
921 5582 1110 5639 omnia,
1135 5573 1321 5641 inquit,
1351 5583 1403 5627 et
1425 5572 1689 5627 miramini
1715 5580 1871 5642 atque
1888 5572 1977 5628 ob-

390 5663 727 5733 stupescilis?
756 5663 869 5719 Non
887 5664 1100 5725 manebit
1122 5664 1249 5736 lapis
1271 5680 1420 5734 super
1436 5665 1673 5736 lapidem.
1691 5666 1968 5736 Quomodo

2073 4376 2230 4447 igitur
2256 4378 2469 4438 mansit,
2514 4377 2739 4447 inquies,
2781 4384 2836 4431 et
2860 4375 2987 4447 quid
3014 4375 3114 4431 hoc
3153 4374 3252 4429 sibi
3303 4371 3679 4438 vult?Neque,

2073 4474 2214 4524 enim
2246 4471 2314 4522 ita
2342 4469 2536 4523 cecidit
2582 4471 2665 4524 illa
2707 4469 2992 4523 sententia.
3038 4468 3131 4521 Vel
3176 4464 3534 4518 omnimodam
3563 4463 3656 4514 tle—

2074 4560 2389 4615 solationem
2417 4560 2689 4624 declarat;
2720 4560 2800 4614 vel
2821 4559 2889 4614 de
2918 4559 3008 4612 illo
3045 4567 3244 4611 tantum
3276 4557 3393 4609 loco
3418 4555 3565 4619 dicit,
3601 4554 3651 4606 in

2072 4670 2177 4725 quo
2200 4654 2310 4722 ipse
2336 4652 2527 4706 stabat.
2559 4652 2693 4706 Sunt
2721 4651 2863 4704 enim
2894 4650 3135 4719 qumdam
3180 4647 3359 4714 templi
3389 4654 3565 4715 partes
3588 4643 3654 4698 ad

2074 4747 2211 4800 hanc
2240 4760 2404 4815 usque
2421 4744 2561 4798 diem
2595 4736 3004 4811 penitus'deletzu
3023 4739 3267 4807 usquead
3290 4736 3653 4791 fundamenta.

2074 4837 2151 4892 Ad
2177 4837 2291 4892 hare
2316 4851 2441 4891 vero
2468 4852 2534 4889 ex
2554 4835 2717 4905 gestis
2745 4833 3000 4887 hactenus
3032 4832 3108 4884 vel
3141 4830 3504 4885 contentiosos
3533 4842 3654 4882 cre-

2074 4929 2203 4984 dere
2248 4937 2479 4998 oportet,
2527 4926 2671 4997 ipsas
2701 4925 2950 4994 reliquias
2988 4938 3108 4978 esse
3158 4925 3438 4993 perituras.
3467 4920 3519 4974 5.
3555 4919 3654 4973 Se-

2074 5021 2220 5074 dente
2246 5030 2414 5073 autent
2439 5020 2550 5086 ipso
2597 5018 2650 5071 in
2697 5016 2871 5069 Monte
2912 5016 3193 5080 olivarum,
3238 5020 3553 5068 accesserunt
3587 5010 3655 5063 ad

2075 5129 2185 5166 eum
2213 5110 2452 5181 discipuli
2472 5119 2662 5163 secreto
2689 5108 2909 5161 dicentes
2933 5122 2950 5159 :
2984 5105 3075 5159 Dic
3107 5106 3247 5159 nobis
3267 5147 3280 5170 ,
3316 5105 3518 5174 quando
3546 5103 3656 5156 ha’c

2075 5201 2258 5255 erant?
2280 5211 2321 5253 et
2353 5201 2488 5270 quod
2514 5201 2717 5270 signant
2738 5198 2980 5251 adventus
3008 5197 3082 5250 tui
3126 5206 3171 5250 et
3212 5193 3653 5248 consummationis

2078 5295 2251 5346 siccati
2267 5293 2292 5345 Ρ
2321 5291 2441 5345 Ideo
2462 5304 2701 5345 seorsum
2715 5298 3077 5352 accesserunt,
3106 5286 3243 5356 quod
3263 5285 3327 5339 de
3354 5284 3655 5352 hujusmndi

2079 5386 2240 5440 rebus
2289 5383 2665 5454 iuterrogaturi
2718 5391 2915 5436 essent.
2973 5379 3272 5434 Admodum
3322 5378 3463 5432 enim
3512 5377 3653 5431 diem

2082 5479 2221 5533 illam
2246 5478 2505 5532 adventus
2530 5474 2646 5545 ejus
2666 5473 2904 5528 ediscere
2929 5470 3211 5540 cupiebant
3234 5511 3249 5533 ,
3279 5466 3419 5537 quod
3449 5482 3656 5521 summe

2078 5568 2447 5625 desiderarent
2466 5567 2687 5636 gloriam
2723 5565 2864 5619 illam
2897 5561 3077 5617 videre
3098 5603 3112 5625 ,
3140 5577 3255 5629 qua:
3285 5567 3361 5612 tot
3392 5559 3653 5613 honorum

2081 5675 2237 5717 causa
2263 5660 2433 5715 futura
2462 5667 2622 5717 esset.
2648 5656 2768 5713 llaec
2795 5665 2970 5715 autem
3000 5653 3102 5709 duo
3122 5653 3468 5722 interrogant,
3502 5662 3670 5718 quam
