4076 6142
481 249 579 306 687

477 365 670 420 donant
704 367 816 422 luce
841 367 1010 422 futura
1041 379 1239 432 essent,
1265 367 1444 436 templi
1474 382 1664 436 nempe
1692 365 1974 428 desolatio,
1997 370 2050 415 et

475 458 614 526 quod
638 460 844 527 signum
881 459 1142 533 adventus
1185 460 1299 528 ejus
1327 459 1484 514 foret.
1517 458 1686 512 Lucas
1708 455 1856 528 (Cap.
1881 457 1970 511 21.
1999 456 2052 528 7)

475 565 600 603 Vero
641 565 796 604 unam
829 549 989 604 fuisse
1019 550 1484 620 interrogationem
1505 551 1660 605 aitde
1685 551 2050 621 .Ierosolymis,

473 641 612 708 quod
660 650 902 708 putarent
944 641 1042 709 ipsi
1084 650 1208 695 tunc
1251 641 1368 710 ejus
1406 640 1689 696 adventum
1736 640 1867 695 fore.
1912 643 2046 695 illar-

473 745 568 784 eus
611 730 777 804 (Cap.
811 732 898 786 15.
937 730 1012 802 4)
1052 740 1230 786 autem
1281 747 1386 786 non
1435 732 1563 786 dicit
1606 747 1790 787 omnes
1829 735 2052 784 interro-

469 835 626 889 gasse
666 821 732 876 de
777 821 1232 891 Jerosolymorum
1275 824 1572 888 eversione,
1606 825 1700 878 sed
1746 827 1954 878 Petrum
1996 833 2050 878 et

470 909 747 974 Joannem,
765 911 853 979 qui
880 911 1135 982 majorem
1165 913 1422 1003 haberent
1444 915 1707 968 fiduciam.
1731 917 1864 983 Quid
1895 917 2050 984 igitur

473 1000 630 1070 ipse?
657 1001 712 1055 4.
751 999 924 1056 Videte
959 1020 1020 1057 ne
1055 1005 1166 1074 quis
1213 999 1298 1058 eos
1339 1005 1565 1058 sedarat.
1609 1008 1662 1060 Ξ.
1715 1006 1861 1059 Multi
1917 1009 2048 1060 enim

470 1093 662 1147 venient
688 1092 742 1146 in
769 1095 970 1146 nomine
989 1111 1116 1158 meo,
1151 1095 1370 1148 dicentes
1403 1094 1554 1166 :Ego
1584 1113 1695 1148 sum
1716 1095 1969 1154 Christus.
2000 1108 2048 1148 et

469 1184 657 1236 multos
684 1183 939 1236 reducent.
973 1185 1024 1238 6.
1053 1185 1288 1238 Audituri
1333 1187 1461 1238 enim
1499 1186 1614 1238 estis
1635 1188 1818 1256 .prtclia
1857 1196 1900 1238 et
1933 1187 2047 1254 epi-

471 1274 644 1327 nione:
675 1273 984 1343 pra'liorum.
1027 1273 1202 1330 Videte
1231 1293 1292 1330 ne
1339 1276 1603 1330 turbemini
1631 1293 1648 1330 :
1675 1287 1870 1346 Oportet
1913 1279 2046 1331 enim

473 1365 580 1419 haec
623 1365 753 1432 ﬁeri,
786 1367 873 1419 sed
911 1367 1133 1420 nondum
1163 1377 1234 1420 est
1264 1368 1398 1435 ﬁnis.
1430 1368 1561 1433 Quia
1592 1369 1732 1422 enim
1762 1369 1829 1421 ita
1871 1369 2044 1422 affecti

468 1465 640 1519 erant,
669 1468 724 1510 ut
748 1457 1058 1526 supplicium
1086 1459 1433 1530 Jerosolymaa
1461 1459 1790 1514 inferendum
1813 1460 2043 1514 alienum

467 1562 499 1600 a
529 1563 586 1602 se
611 1562 728 1602 esse
760 1559 1023 1617 putarent,
1051 1558 1104 1604 et
1128 1551 1278 1619 quasi
1307 1552 1406 1620 ipsi
1435 1561 1589 1604 extra
1614 1553 1868 1606 tumultus
1885 1551 2042 1605 futuri

469 1650 664 1705 essent,
709 1641 774 1695 de
805 1643 1072 1712 prosperis
1103 1644 1273 1696 solum
1319 1643 1654 1712 cogitabant,
1699 1659 1818 1712 quae
1865 1643 2042 1696 omnia

467 1734 572 1786 cito
601 1743 850 1788 eventura
893 1748 1014 1788 esse
1055 1733 1454 1804 ex5pcctabanl.
1489 1733 1612 1788 ldco
1656 1733 1785 1802 ipsis
1833 1749 2042 1787 rursum

465 1825 640 1890 gravia
674 1827 1012 1892 pra‘nuntiat,
1045 1825 1302 1878 sollicitos
1332 1825 1561 1879 reddens
1584 1866 1599 1890 ,
1642 1834 1694 1878 et
1739 1825 1932 1894 duplici
1975 1825 2043 1878 de

463 1929 620 1967 causa
649 1915 866 1984 vigilare
889 1916 1101 1984 iubens,
1131 1926 1188 1970 ut
1221 1933 1396 1984 neque
1416 1931 1444 1970 a
1471 1917 1676 1970 fallacia
1703 1917 2040 1971 seductorunt

463 2005 994 2071 cirtrttmvenirentur,
1021 2022 1192 2076 neque
1221 2024 1285 2062 ex
1313 2008 1360 2060 vi
1393 2009 1748 2078 ingruentium
1783 2010 2040 2062 malorum

463 2099 836 2153 obruerentur.
883 2099 1116 2168 Duplex,
1150 2101 1351 2170 inquit,
1381 2101 1578 2156 bellant
1625 2102 1721 2155 erit
1745 2145 1758 2166 ,
1795 2102 2038 2154 Seductu-

465 2206 579 2244 rutn
623 2200 676 2244 et
715 2191 1047 2245 inimicorum
1067 2191 1200 2262 ;lsed
1255 2193 1398 2259 prius
1451 2193 1618 2246 multo
1661 2199 1872 2262 gravius
1916 2193 2036 2256 erit,

464 2289 644 2350 utpote
683 2281 824 2352 quod
867 2284 1075 2336 eveniat
1103 2283 1152 2336 in
1191 2283 1502 2338 confusione
1543 2298 1594 2340 et
1645 2287 2039 2354 perturbatione

461 2387 660 2438 rerum,
710 2372 1014 2428 hominibus
1065 2377 1362 2444 perterritis
1408 2386 1568 2446 atque
1615 2378 1854 2432 turbatis.
1907 2379 2035 2432 Non

463 2473 585 2516 tunc
611 2462 773 2515 multa
799 2471 1080 2532 tempestas
1099 2463 1273 2519 futura
1302 2475 1434 2531 erat,
1451 2467 1704 2522 Romanis
1731 2469 2036 2539 imperanti-

461 2553 578 2619 bus,
608 2555 776 2623 captis
804 2556 1041 2622 urbibus,
1084 2560 1364 2614 Commotis
1391 2561 1710 2616 exercitibus
1747 2573 1800 2616 et
1851 2565 2032 2628 armis,

459 2645 746 2716 multisque
793 2647 944 2704 facile
986 2649 1388 2705 credentibus‘.
1439 2651 1580 2706 Bella
1611 2668 1736 2708 vero
1760 2653 2034 2726 Jerosoly-

458 2735 653 2790 mitana
687 2737 832 2804 dicit,
877 2755 979 2792 non
1025 2749 1198 2794 autem
1245 2751 1491 2798 extranea
1529 2743 1632 2798 alia
1683 2745 1875 2814 ubique
1924 2757 2034 2800 ter-

458 2842 636 2880 rarunt
665 2837 780 2882 orta
820 2847 832 2882 :
874 2831 998 2900 quid
1031 2833 1170 2885 enim
1204 2833 1282 2887 eis
1311 2850 1454 2888 cura:
1481 2835 1547 2889 de
1583 2837 1684 2889 illis
1711 2838 1863 2891 erat?
1890 2840 2034 2892 Alio—

455 2919 580 2986 quin
613 2917 742 2973 nihil
781 2921 1157 2976 novidicturns
1199 2933 1346 2986 erat,
1372 2926 1413 2977 si
1445 2926 1580 2986 mala
1617 2927 1761 2982 orbis
1787 2928 2030 2996 dixisset,

453 3027 571 3078 qua:
597 3027 805 3081 semper
832 3015 1046 3070 evenire
1064 3016 1254 3069 solent.
1287 3016 1421 3071 Nam
1448 3028 1500 3071 et
1527 3027 1680 3073 antea
1711 3020 1847 3075 bella
1876 3032 2032 3074 erant

457 3105 710 3158 tumultus
732 3115 781 3158 et
807 3107 982 3174 pra‘lia
1017 3126 1028 3160 :
1057 3123 1236 3160 verum
1254 3108 1472 3163 Judaiea
1501 3109 1639 3166 bella
1668 3127 1772 3166 non
1804 3113 1894 3167 diu
1913 3123 2032 3182 post

456 3207 672 3248 ventura
703 3199 1023 3265 przcnuntiat
1055 3199 1200 3269 :jam
1242 3202 1381 3254 enim
1412 3201 1478 3256 dc
1510 3202 1652 3258 bello
1683 3220 1801 3257 cum
1833 3205 2027 3257 lloma-

455 3285 536 3338 nis
569 3286 780 3340 solliciti
810 3299 982 3342 erant.
1021 3290 1281 3354 Quoniam
1317 3294 1472 3362 igitur
1503 3295 1616 3347 bare
1645 3294 1763 3347 illos
1815 3297 2029 3349 tut-bare

456 3385 734 3444 poterant,
767 3377 880 3432 base
907 3381 1080 3434 omnia
1111 3384 1368 3452 prmdicit.
1417 3384 1612 3438 Deinde
1644 3387 1944 3454 significans
1972 3401 2028 3440 se

451 3486 661 3540 quoque
687 3472 902 3527 JlldiCOS
939 3491 1309 3544 aggressurum
1336 3517 1351 3542 ,
1383 3486 1437 3532 et
1462 3490 1644 3532 contra
1676 3480 1790 3532 illos
1829 3495 2029 3550 pugna-

454 3573 626 3618 turum
657 3582 795 3632 esse,
823 3583 925 3620 non
959 3583 1159 3637 pugnas
1182 3571 1356 3624 solum
1378 3583 1672 3635 memorat,
1705 3574 1797 3627 sed
1821 3583 1873 3628 et
1895 3575 2027 3629 divi-

451 3655 591 3710 nitus
637 3657 900 3712 innuissas
941 3659 1142 3728 plagas,
1191 3659 1404 3725 ﬁrmem,
1467 3663 1813 3730 pesrileutias,
1869 3676 2024 3720 terra:

450 3758 642 3810 motus,
675 3751 959 3806 ostendens
985 3767 1043 3806 sc
1072 3762 1125 3806 et
1153 3753 1394 3810 inimicos
1421 3755 1668 3811 invadere
1691 3757 1897 3822 sivissc,
1933 3774 2026 3813 ne-

447 3857 550 3911 que
579 3843 690 3896 luce
723 3855 920 3897 temere
952 3845 1392 3910 tieri,sccundum
1423 3857 1730 3902 consuetum
1755 3848 1892 3918 apud
1923 3848 2022 3902 lto-

449 3933 620 3987 tniues
649 3951 870 4000 morem,
905 3936 998 3989 sed
1027 3952 1088 3989 ex
1118 3935 1294 3990 divina
1319 3937 1416 3990 ira.
1449 3937 1571 3992 Ideo
1601 3937 1714 3992 lucc
1756 3955 1862 3992 non
1895 3955 2018 3993 casu

450 4026 560 4078 fieri
584 4025 730 4091 dicit,
773 4043 944 4096 neque
967 4039 1222 4096 repente,
1270 4031 1360 4084 sed
1398 4041 1518 4098 post
1557 4031 1694 4085 edita
1743 4033 1913 4100 signa.
1948 4031 2023 4086 Ne

444 4119 683 4172 dicereut
707 4120 846 4172 enim
877 4120 1066 4185 Judaei,
1100 4136 1212 4188 eos,
1244 4121 1332 4191 qui
1359 4131 1482 4175 tunc
1509 4123 1816 4186 credebant,
1851 4127 2018 4178 malo-

445 4228 560 4264 rtnn
603 4227 720 4266 esse
769 4228 1006 4278 causam,
1056 4214 1174 4268 ideo
1222 4229 1436 4266 causam
1485 4214 1612 4266 illati
1657 4215 1778 4268 mali
1811 4216 2019 4284 aperit:

445 4306 600 4358 Anien
623 4307 817 4375 quippe
855 4309 966 4360 dico
997 4308 1149 4373 vobis,
1192 4316 1346 4362 antea
1397 4308 1622 4375 dixerat,
1666 4311 1782 4374 quia
1827 4313 2021 4364 uenient

443 4397 550 4450 Ita'c
569 4398 737 4450 omnia
761 4417 909 4464 super
927 4399 1295 4469 generationem
1320 4401 1468 4452 istam
1493 4401 1511 4471 (
1543 4399 1727 4454 Matt/tt.
1758 4403 1842 4455 25.
1879 4403 1949 4455 56
1977 4403 2016 4473 ),

441 4488 640 4542 czedcm
687 4490 753 4542 ab
781 4489 910 4558 ipsis
961 4499 1312 4558 perpetratam
1359 4507 1680 4546 memorans.
1715 4493 1914 4548 Deinde
1954 4511 2019 4548 ne

440 4585 621 4639 audito
659 4595 734 4638 tot
763 4585 1023 4639 malorum
1073 4587 1284 4641 incursu
1314 4595 1554 4656 putarent
1586 4587 2014 4652 pra-dicationcm

443 4677 860 4732 labefactandam
883 4692 1022 4742 esse,
1071 4679 1384 4747 sultjtmxit:
1428 4677 1596 4733 l'idete
1621 4696 1682 4734 ne
1704 4680 1969 4732 turbemiui
1999 4695 2016 4730 :

439 4778 632 4837 oportet
658 4770 787 4820 enim
814 4767 922 4821 lucc
945 4770 1054 4836 ﬁeri
1084 4785 1102 4823 :
1129 4769 1180 4823 id
1223 4777 1334 4834 est,
1387 4786 1504 4839 qua:
1541 4785 1640 4840 ego
1689 4771 1928 4839 praedixi,
1957 4785 2018 4822 ac

439 4860 788 4914 tentationum
819 4861 1059 4914 incursus
1091 4876 1176 4916 res
1220 4877 1250 4916 a
1295 4879 1378 4915 me
1411 4863 1690 4930 prmdictas
1716 4877 1818 4916 non
1850 4862 2012 4914 inter-

439 4953 670 5006 turbabit
698 4971 711 5006 :
743 4954 835 5007 sed
865 4956 966 5008 erit
1004 4956 1217 5024 quidem
1261 4937 1518 5010 tumultus
1559 4965 1609 5009 ct
1668 4954 2008 5023 perturbatio,

436 5059 554 5111 quae
581 5043 791 5095 oracula
821 5059 935 5097 mea
981 5061 1083 5098 non
1113 5047 1372 5114 quatiant.
1422 5045 1623 5099 Deinde
1670 5045 1788 5113 quia
1818 5044 2016 5096 .Iuda:is

434 5134 644 5188 disci-rat
673 5149 688 5186 :
723 5133 842 5187 Non
869 5152 945 5187 me
970 5137 1194 5190 videbitis
1215 5138 1396 5189 amodo
1436 5138 1592 5190 donec
1618 5139 1816 5200 dicatis,
1849 5137 2012 5190 Bene-

435 5227 596 5281 dictus
625 5228 710 5296 qni
757 5229 886 5280 venit
914 5229 963 5280 in
1010 5228 1210 5280 nomine
1237 5228 1440 5281 Domini
1469 5235 1485 5298 (
1523 5229 1705 5283 Manli.
1856 5230 1924 5285 59
1957 5233 1970 5298 )
1995 5247 2008 5292 ;

437 5319 795 5386 putabamque
823 5318 1066 5388 discipuli
1095 5336 1214 5373 cum
1243 5320 1453 5374 excidio
1485 5321 1641 5376 etiam
1663 5338 2009 5377 consumma-

434 5415 632 5460 toucm
657 5408 789 5471 fore,
824 5410 959 5463 lianc
991 5427 1174 5466 eorum
1203 5412 1511 5481 opinionem
1532 5414 1824 5482 corrigens,
1859 5416 2004 5465 dice—

433 5499 517 5552 bat
552 5517 565 5552 :
599 5500 704 5554 Sed
745 5502 968 5554 nondum
993 5505 1216 5571 rstﬁnis.
1246 5506 1395 5570 Quod
1437 5515 1610 5558 autem
1662 5505 1708 5558 id
1736 5506 1875 5574 quod
1910 5522 2005 5571 ego

489 5655 506 5684 ¹
541 5663 654 5720 Alii,
680 5661 930 5722 multisque
953 5663 1061 5712 aliis
1113 5661 1391 5712 instmtibas
1430 5664 1835 5723 ret'titrl'.ttinn.At:
1891 5671 1994 5706 πείκ-

429 5730 510 5766 5.3.

1180 249 1233 306 5.
1275 250 1550 306 JOANNIS
1585 245 2060 304 CllllYSOSTOJil
2099 247 2416 308 AliCliiEP.
2457 257 2984 324 CONSTANTINOI‘.

3635 285 3762 338 ϐᾶς’

2165 363 2271 418 dixi
2306 371 2722 442 sutSpicarentnr,
2777 395 2842 434 ex
2885 398 3066 438 eorum
3113 386 3523 459 interrogatione
3567 395 3734 450 disce.

2161 459 2297 525 Quid
2329 464 2468 516 enim
2519 467 2962 540 interrogabant?
3007 477 3222 542 Quando
3270 484 3376 536 lucc
3414 489 3598 540 erant?
3637 491 3742 542 hoc

2159 565 2262 620 est,
2293 555 2634 623 Quandouam
2666 559 2992 636 Jerosolyma
3019 571 3248 638 peribit?
3280 573 3346 626 Et
3374 577 3507 645 quod
3539 579 3736 648 signum

2157 648 2397 702 adventus
2418 651 2492 702 tui
2516 661 2560 704 et
2586 659 3031 713 consmnmationis
3065 663 3276 718 steculi?
3305 665 3420 734 Ipse
3449 685 3574 723 vero
3605 671 3734 722 nihil

2157 739 2332 790 statim
2360 741 2424 792 ad
2451 740 2588 796 hanc
2634 745 3098 818 interrogationem
3127 756 3430 824 respondit;
3461 759 3553 812 sed
3589 763 3736 828 prius

2157 827 2243 882 illa
2271 827 2399 884 dicit
2425 848 2542 900 qua;
2573 834 2687 902 plus
2723 837 2978 895 intererat
3020 842 3244 900 discere.
3289 844 3471 918 Neque
3496 827 3638 904 enim
3667 852 3735 908 d9

2153 921 2502 994 Jerosoiymis
2539 929 2738 992 statim,
2786 947 2958 1004 neque
3005 935 3072 991 de
3099 940 3332 993 secundo
3362 957 3460 995 suo
3501 943 3734 998 adventu

2165 1010 2402 1082 loquutus
2433 1029 2534 1082 est,
2565 1023 2658 1076 sed
2691 1023 2760 1078 de
2785 1025 2938 1082 malis
2969 1045 3084 1096 (pro
3107 1029 3217 1097 jam
3249 1035 3487 1101 proxima
3537 1045 3686 1104 erant
3707 1077 3721 1097 ,

2174 1107 2378 1177 .lcoque
2401 1110 2522 1164 illos
2551 1114 2808 1169 sollicitos
2828 1117 3002 1172 reddit
3039 1120 3224 1174 dicens
3261 1123 3475 1177 :Cavete
3516 1142 3579 1178 ne
3619 1130 3732 1192 quis

2151 1213 2235 1251 vos
2261 1199 2488 1257 seducat.
2519 1203 2674 1258 Multi
2697 1208 2828 1260 enim
2854 1211 3048 1263 venient
3079 1213 3130 1265 in
3159 1215 3359 1267 nomine
3387 1232 3496 1270 meo
3516 1259 3530 1281 ,
3559 1218 3732 1270 dicen-

2151 1299 2222 1344 tes
2249 1307 2268 1344 :
2293 1291 2404 1364 Ego
2427 1309 2538 1348 sum
2562 1295 2808 1354 Christus.
2831 1299 3028 1356 Deinde
3055 1304 3290 1358 excitans
3315 1305 3430 1358 illos
3451 1307 3516 1360 ad
3543 1307 3729 1361 barum

2149 1397 2325 1436 rerum
2348 1385 2605 1452 auditum,
2634 1386 2829 1456 Cavete,
2863 1385 3136 1461 inqttit,’ne
3153 1397 3262 1462 quis
3285 1413 3368 1450 ros
3397 1397 3603 1450 reducat
3629 1416 3648 1452 :
3677 1410 3732 1452 et

2148 1489 2268 1528 cum
2290 1477 2543 1534 sollicitos
2564 1488 2722 1548 atque
2738 1481 2804 1534 ad
2829 1483 3146 1550 vigilandum
3162 1501 3220 1553 pa
3231 1497 3373 1540 ratos
3387 1488 3725 1554 reddidisset,

2149 1577 2426 1636 postquam
2467 1572 2775 1627 seductores
2813 1585 2864 1628 et
2906 1576 3362 1642 pseudo-cltt-isIOS
3391 1584 3724 1643 mcztzot'avil,

2150 1665 2276 1713 tunc
2319 1660 2774 1732 JerosMymorum
2832 1667 2964 1718 mala
3010 1679 3206 1733 narrat,
3255 1671 3414 1725 exiis
3459 1689 3574 1739 qua-
3616 1673 3724 1740 jau

2147 1763 2436 1805 event-rint
2482 1751 2651 1806 futura
2709 1771 2956 1810 asserens
2985 1759 3122 1826 apud
3172 1759 3383 1812 ἰιικξὶκος
3425 1772 3472 1816 et
3503 1773 3728 1816 conten-

2149 1845 2338 1897 tiosos.

2217 1934 2271 1990 5'2.
2319 1935 2458 1988 Bella
2485 1947 2660 1991 autem
2685 1949 2737 1992 et
2763 1941 3045 2008 opiniones
3075 1942 3352 2007 bellorum,
3377 1953 3432 1998 ut
3456 1945 3563 2014 jam
3589 1947 3719 2009 dixi,

2148 2027 2405 2080 tumultus
2427 2028 2515 2098 qui
2545 2029 2686 2096 ipsos
2717 2029 2950 2084 invasuri
2983 2041 3107 2084 sunt
3147 2043 3320 2088 vocat.
3361 2035 3559 2090 Deinde
3597 2040 3720 2107 quia

2148 2117 2422 2184 putabant,
2455 2129 2512 2174 ut
2539 2119 2648 2174 dixi
2677 2163 2689 2186 ,
2721 2130 2841 2188 post
2871 2120 3066 2174 bellum
3099 2123 3226 2178 illud
3278 2133 3558 2178 venturum
3601 2141 3721 2179 esse

2146 2209 2327 2274 finem,
2360 2211 2474 2263 \ide
2500 2211 2766 2280 qu‘ontodo
2817 2212 2936 2266 illos
2981 2214 3328 2282 prmmuniat,
3363 2215 3546 2270 dicens
3573 2234 3587 2270 :
3617 2215 3723 2269 Sed

2145 2305 2367 2355 nondum
2396 2312 2466 2356 est
2497 2304 2632 2370 linis.
2681 2305 2733 2355 7.
2781 2301 3034 2375 Exsurget
3083 2306 3235 2372 enim,
3287 2306 3473 2375 inquit,
3520 2323 3641 2378 gens
3670 2307 3721 2359 in

2141 2407 2336 2464 gentem
2358 2405 2400 2446 et
2428 2411 2636 2464 regnum
2666 2395 2717 2446 in
2758 2411 2982 2464 regnum.
3015 2395 3163 2449 Initia
3192 2395 3530 2451 Judaicorum
3555 2397 3721 2449 malo-

2145 2501 2260 2540 rum
2287 2485 2434 2538 dicit.
2458 2486 2508 2541 8.
2545 2485 2668 2538 llwc
2693 2495 2861 2538 autem
2889 2486 3058 2538 omnia
3083 2487 3226 2539 initia
3252 2487 3609 2541 suntdolorum
3628 2503 3647 2548 ;
3667 2487 3719 2541 id

2141 2586 2242 2640 est,
2270 2593 2452 2630 eorum
2485 2577 2570 2646 qui
2619 2579 2744 2646 ipsis
2789 2578 3027 2633 eventuri
3076 2591 3218 2633 sunt.
3253 2579 3305 2634 9.
3347 2578 3489 2632 Tum:
3518 2579 3718 2632 tradent

2141 2685 2228 2722 vos
2257 2671 2306 2722 in
2338 2670 2730 2736 tribulationem,
2756 2681 2800 2724 et
2845 2672 3074 2724 occident
3099 2687 3202 2724 vos.
3237 2671 3543 2740 Opportune
3570 2671 3715 2738 ipso-

2141 2775 2257 2814 rum
2283 2762 2415 2814 ntaia
2443 2761 2681 2827 inseruit,
2715 2778 2830 2832 qua:
2873 2777 2902 2814 a
2936 2761 3308 2816 communibus
3337 2762 3487 2814 malis
3515 2761 3734 2830 aliquid

2141 2852 2521 2906 consolationis
2544 2852 2849 2922 accipiunt;
2885 2868 2982 2906 nec
3016 2853 3138 2907 inde
3189 2861 3423 2916 tantum,
3459 2851 3550 2906 sed
3592 2852 3712 2922 quia

2138 2941 2354 3006 addidit,
2395 2941 2606 3010 PrOpter
2645 2958 2820 2994 nomen
2869 2959 3070 2996 meum:
3096 2941 3256 2995 Eritis
3278 2943 3456 3008 enim,
3505 2942 3710 3011 inquit,

2137 3033 2252 3086 odio
2279 3032 2507 3086 antnibus
2534 3042 2738 3100 promer
2767 3049 2945 3086 nomen
2979 3049 3158 3084 meum.
3192 3033 3277 3086 10.
3313 3031 3453 3084 Tum:
3492 3034 3714 3084 scanda-

2135 3124 2422 3177 lizabuntur
2475 3123 2656 3190 multi,
2707 3133 2751 3176 et
2797 3124 3003 3176 inuicem
3059 3123 3296 3188 tradent,
3331 3125 3414 3178 il.
3470 3135 3512 3176 ct
3567 3124 3715 3176 multi

2136 3215 2529 3283 pseudo-emisti
2553 3257 2566 3278 ,
2597 3225 2642 3266 et
2673 3214 3138 3283 pseudo-prop/tette
3184 3224 3350 3280 erunt,
3392 3224 3436 3266 et
3475 3215 3714 3267 sedarent

2141 3306 2338 3357 multos.
2374 3304 2458 3358 19..
2501 3303 2560 3356 Et
2591 3306 2822 3372 quoniam
2843 3305 3114 3357 abundabit
3139 3304 3396 3372 iniquitas,
3425 3306 3710 3375 refrigescet

2135 3397 2320 3449 caritas
2352 3397 2644 3448 multorum.
2681 3396 2767 3448 13.
2803 3395 2902 3460 Qui
2949 3407 3113 3448 autem
3145 3397 3528 3464 perseuerauerit
3559 3412 3713 3465 usque

2134 3491 2183 3541 in
2211 3490 2386 3558 ﬁnem,
2415 3489 2492 3540 hic
2519 3489 2687 3541 salvus
2715 3489 2826 3542 erit.
2859 3489 2966 3542 lloc
2997 3487 3168 3556 majus
3195 3488 3386 3540 malum
3416 3496 3498 3541 est
3519 3529 3532 3551 ,
3572 3489 3709 3541 inte—

2133 3583 2328 3636 stiunm
2355 3597 2547 3650 nempe
2585 3581 2781 3634 bellum
2819 3603 2830 3636 :
2858 3581 3006 3634 ntulti
3057 3581 3195 3634 enim
3230 3578 3342 3632 falsi
3376 3577 3571 3633 fratres
3598 3578 3710 3631 fue-

2133 3686 2273 3732 runt.
2301 3675 2484 3730 Videu‘
2505 3676 2690 3744 triplex
2727 3675 2944 3740 bellum,
2976 3689 3004 3727 a
3027 3673 3412 3736 scductoribus,
3438 3673 3503 3725 ab
3533 3672 3707 3726 inimi-

2129 3771 2226 3834 cis,
2255 3785 2281 3820 a
2305 3767 2452 3822 falsis
2484 3766 2766 3820 fratribus?
2795 3765 2923 3820 Vide
2954 3764 3170 3819 Paulum
3189 3765 3288 3817 hoc
3303 3763 3664 3831 deplorantem
3689 3779 3704 3816 :

2133 3861 2282 3916 Foris
2312 3876 2516 3931 pugme,
2548 3861 2682 3913 intus
2711 3859 2934 3925 timores,
2963 3868 3008 3912 et
3041 3857 3263 3926 pericula
3311 3857 3362 3909 in
3405 3857 3550 3924 falsis
3593 3859 3701 3926 [ra-

2129 3955 2284 4008 tribus
2311 3953 2328 4024 (
2351 3953 2405 4007 “2..
2431 3953 2547 4006 Cor.
2579 3952 2630 4006 7.
2673 3952 2725 4007 5.
2756 3961 2805 4005 et
2888 3951 2973 4004 ll.
3003 3949 3073 4004 96
3099 3950 3116 4020 )
3141 3967 3154 4014 ;
3186 3964 3247 4004 ac
3275 3965 3481 4004 rursuat
3511 3969 3522 4000 :
3552 3948 3701 4001 Tales

2127 4048 2258 4098 enim
2285 4044 2405 4115 [nisi
2432 4044 2647 4114 apostoli
2671 4053 2806 4107 sunt,
2826 4043 3048 4110 operarii
3071 4041 3253 4106 dolosi,
3287 4039 3700 4108 transfornmntus

2127 4155 2178 4190 se
2201 4139 2253 4190 in
2277 4139 2530 4206 apostolos
2560 4135 2744 4190 Christi
2775 4137 2791 4204 (
2828 4133 2962 4186 Ibid.
3004 4134 3089 4187 ll.
3139 4134 3206 4188 1⁸5
3229 4138 3264 4201 ).
3301 4131 3434 4187 Hinc
3490 4147 3697 4185 rursum

2128 4229 2176 4284 id
2224 4229 2364 4298 quod
2421 4229 2656 4282 euntium
2709 4225 3076 4296 gravissimum
3130 4233 3230 4290 est,
3286 4225 3424 4294 quod
3468 4225 3700 4280 caritatis

2125 4323 2542 4376 consolationem
2586 4337 2690 4374 non
2741 4319 2966 4372 habituri
2999 4320 3122 4372 sint.
3178 4318 3374 4372 Deinde
3396 4317 3698 4380 ostendens

2124 4428 2440 4484 generosum
2469 4423 2524 4466 et
2549 4413 2834 4480 patientem
2869 4410 2989 4463 hinc
3028 4410 3147 4462 la-di
3192 4426 3295 4463 non
3329 4424 3498 4479 posse,
3529 4408 3604 4462 Ne
3634 4409 3699 4461 ti-

2126 4506 2314 4560 n‘teatis
2333 4548 2348 4569 ,
2377 4504 2582 4574 inquit,
2612 4520 2786 4570 neque
2818 4502 3122 4555 turbentini.
3153 4502 3205 4556 Si
3235 4502 3375 4556 enim
3403 4516 3696 4570 congruen-

2127 4607 2230 4651 tem
2265 4596 2570 4664 patientiam
2603 4593 2972 4657 CXlliltllCl‘lllS,
3015 4593 3130 4647 lucc
3157 4593 3292 4646 mala
3336 4610 3438 4648 non
3474 4609 3696 4660 Supera-

2125 4691 2254 4743 bunt
2282 4703 2394 4743 vos.
2421 4687 2696 4755 Hujusque
2727 4685 2800 4740 rei
2843 4685 2984 4738 clara
3014 4681 3396 4738 demonstratio
3424 4693 3522 4746 Csl,
3555 4699 3623 4750 qu
3650 4683 3694 4734 td

2125 4780 2427 4848 prmdicnlio
2455 4779 2649 4848 ubique
2679 4793 2772 4845 per
2793 4777 2974 4829 urbem
3009 4774 3257 4843 pervadat
3283 4793 3292 4828 :
3320 4773 3389 4828 ita
3423 4773 3692 4825 sublimia»-

2124 4888 2208 4928 rcs
2231 4872 2400 4928 eritis.
2425 4887 2581 4940 quam
2613 4880 2667 4923 ιιι
2697 4869 2806 4923 lm‘c
2854 4869 2986 4920 tn..la
3017 4867 3219 4935 possint
3267 4881 3360 4922 vos
3411 4865 3590 4933 attingi
3618 4881 3690 4917 te.

2125 4966 2201 5022 Ne
2222 4965 2458 5020 dicerent
2485 4964 2648 5028 enim,
2669 4961 2936 5030 quomodo
2958 4975 3082 5028 ergo
3111 4957 3392 5012 vivemus?
3418 4956 3538 5024 plus
3554 4956 3700 5007 addi-

2119 5059 2216 5120 dit,
2252 5057 2317 5110 Et
2341 5055 2529 5109 \‘ivetis
2557 5063 2610 5109 et
2637 5054 2832 5122 ubique
2861 5049 3138 5105 docebitis.
3169 5048 3524 5115 Quamobrem
3556 5047 3696 5099 intu-

2125 5153 2180 5205 lit
2214 5167 2228 5202 :
2263 5151 2344 5204 14.
2417 5145 2786 5202 Prcedirnbitur
2839 5145 2933 5198 hoc
2979 5143 3308 5212 Euangeiitmt
3361 5141 3413 5192 in
3467 5141 3695 5192 unita-rso

2121 5244 2306 5297 mundo
2331 5246 2378 5293 in
2408 5241 2742 5292 (estintoniuttt
2765 5235 2990 5290 omnibus
3021 5234 3244 5302 gentibus
3272 5249 3289 5284 :
3320 5243 3362 5284 et
3387 5243 3505 5283 tunc
3540 5231 3696 5283 venirt

2113 5335 2254 5402 ﬁms,
2279 5345 2467 5396 nempe
2482 5341 2647 5378 CUttSt.
2661 5319 2971 5373 mutationis
2989 5316 3480 5384 llieros<t|ymorum
3498 5313 3696 5380 '.Quod

2115 5425 2259 5478 enim
2331 5422 2397 5474 de
2429 5419 2520 5471 illo
2553 5418 2658 5470 line
2717 5413 2933 5475 dixerit,
2983 5421 3035 5466 ct
3096 5411 3238 5478 quod
3271 5417 3398 5462 ante
3422 5409 3693 5461 excidium

2129 5513 2482 5578 livaugrlium
2511 5507 2862 5578 prmdicatum
2893 5503 3073 5569 liuerit,
3100 5500 3224 5554 audi
3249 5499 3377 5569 quid
3394 5500 3539 5552 dicat
3561 5498 3698 5551 Pau-

2190 5642 2200 5670 ¹
2229 5643 2268 5690 Μ
2309 5643 2393 5688 ott'.
2423 5648 2529 5700 post
2557 5640 2792 5691 ειη-Νη...
2840 5638 2978 5702 riuis,
3014 5653 3107 5690 non
3138 5635 3587 5696 ronstunmutionfa,
3611 5637 3694 5686 sed

2121 5706 2378 5769 introeat,
2403 5716 2574 5752 nutum
2618 5703 2750 5750 ἕλη-ι.
