4076 6142
373 280 477 336 699

373 393 454 444 las
479 409 492 445 :
521 388 582 444 In
611 405 808 445 omnem
833 399 1017 445 terram
1043 387 1195 444 exivit
1232 402 1389 442 sonus
1425 401 1597 441 eorum
1626 383 1645 454 (
1678 383 1824 437 Rom.
1856 380 1944 437 10.

374 485 458 551 t8)
487 498 502 547 ;
530 490 584 536 et
602 496 839 545 rursum,
868 481 1131 553 Evangelii
1154 480 1290 551 quod
1308 479 1640 550 pra’dicatum
1669 486 1740 531 est
1770 477 1822 530 in
1842 476 1959 529 uni-

372 590 513 629 rersa
543 584 773 627 creatura
797 589 910 643 quae
937 576 1027 628 sub
1051 572 1176 629 uelo
1203 581 1276 626 est
1322 570 1457 642 (Col.
1484 571 1538 624 1.
1560 568 1675 639 23).
1704 568 1773 624 Et
1803 568 1954 622 vides

369 681 492 721 cum
524 665 877 738 tit-rosolymis
920 666 970 719 in
1015 663 1321 734 lliSpaniam
1368 671 1695 718 currentem.
1725 659 1780 716 Si
1808 660 1951 714 enim

367 776 504 816 otius
532 767 735 814 tantam
764 760 909 814 orbis
937 766 1137 828 partem
1158 755 1454 825 occupavit,
1482 755 1606 809 hinc
1633 754 1804 823 cogita
1834 768 1952 821 qua:

366 852 456 904 alii
491 850 739 906 fecerint.
788 850 994 905 Etenim
1035 848 1154 903 aliis
1190 847 1431 902 scribens
1464 845 1660 901 Paulus
1682 845 1749 900 de
1773 842 1948 896 Evan-

365 944 508 1015 gelio
533 944 764 1010 dicebat,
810 942 950 1014 quod
993 940 1220 996 fructum
1253 939 1387 994 ferat
1412 949 1466 994 et
1493 944 1700 992 crescat
1729 936 1779 988 in
1806 934 1950 987 omni

367 1048 610 1093 creatura
641 1053 761 1106 qua:
800 1037 899 1090 sub
923 1035 1053 1090 carlo
1083 1043 1165 1089 est
1187 1031 1205 1105 (
1231 1030 1365 1087 Ibid.
1386 1048 1433 1087 υ.
1468 1031 1566 1101 6).
1610 1030 1743 1098 Quid
1772 1039 1948 1083 autem

370 1131 498 1187 illud
529 1139 632 1196 est,
673 1127 740 1184 In
793 1127 1127 1184 testimonium
1168 1127 1399 1180 omnibus
1432 1122 1706 1195 gentibus?
1743 1120 1950 1189 Ubique

368 1222 713 1293 [medicatum
760 1229 864 1286 est,
910 1220 1004 1275 sed
1039 1236 1142 1273 non
1172 1233 1361 1273 omnes
1388 1216 1750 1280 crediderunt,
1777 1227 1949 1282 neque

367 1327 639 1386 receptum
668 1325 749 1369 est
777 1313 989 1383 ubique,
1025 1311 1088 1365 In
1116 1310 1475 1372 testimonium,
1500 1308 1689 1377 inquit,
1718 1305 1820 1359 erit
1842 1320 1946 1357 non

366 1407 709 1464 credentibus
741 1424 756 1473 ;
787 1407 838 1460 id
869 1415 969 1469 est,
1003 1406 1054 1458 in
1082 1403 1541 1473 redargmionem,
1574 1400 1624 1453 in
1650 1398 1947 1453 accusatio-

367 1514 514 1554 nem.
553 1496 621 1551 In
662 1497 1042 1550 testimonium:
1068 1510 1189 1548 nam
1223 1493 1310 1563 qui
1343 1491 1685 1546 crediderunt
1711 1488 1950 1543 testimo-

367 1591 511 1646 nium
541 1589 709 1643 ferent
733 1596 916 1644 contra
940 1602 1033 1641 eos
1063 1585 1150 1656 qui
1181 1583 1398 1638 credere
1417 1582 1719 1645 uoluerunt,
1739 1587 1794 1635 et
1821 1592 1949 1633 con-

364 1680 696 1736 demnabunt
722 1695 836 1735 eos.
873 1678 1101 1749 Ideoque
1136 1687 1412 1745 postquam
1440 1669 1780 1741 Evangelium
1806 1684 1946 1738 prse-

360 1773 596 1829 dicatmn
629 1771 725 1825 fuit
751 1786 846 1840 per
873 1777 1039 1823 totum
1070 1766 1277 1830 orbem,
1299 1764 1627 1833 Jcrosolyma
1653 1760 1943 1830 perierunt,

365 1875 425 1919 ut
447 1879 515 1919 ne
535 1863 779 1918 umbram
801 1860 1017 1932 quidem
1064 1857 1421 1914 excusationis
1448 1855 1639 1925 ingrati
1667 1853 1744 1907 illi
1777 1851 1945 1906 hahe-

363 1963 504 2010 rent.
535 1953 666 2009 Nam
696 1953 784 2022 qui
807 1951 1050 2005 viderunt
1070 1949 1185 2019 ejus
1207 1946 1493 2017 potentiam
1523 1944 1714 2015 ubique
1744 1943 1948 2011 fulgen-

365 2055 497 2110 tem,
528 2051 581 2098 et
608 2042 757 2112 quasi
809 2042 864 2096 in
925 2051 1204 2096 momento
1260 2039 1393 2094 orbe
1451 2039 1721 2108 potitant,
1784 2048 1944 2102 quam

363 2135 576 2191 veniam
607 2133 831 2189 habeant
859 2132 908 2186 in
929 2131 1124 2186 duritie
1144 2128 1461 2185 manentes?
1485 2126 1636 2195 Quod
1665 2126 1807 2182 enim
1831 2124 1946 2180 ubi-

363 2241 468 2296 que
499 2234 623 2280 tunc
650 2223 991 2293 praedicatum
1019 2220 1199 2284 fuerit,
1236 2218 1358 2273 audi
1392 2217 1649 2274 Paulum:
1686 2213 1948 2286 Evangelii

361 2316 501 2389 quod
519 2316 846 2387 pradicatnnt
871 2324 943 2369 est
972 2315 1024 2367 in
1052 2314 1284 2366 universa
1312 2320 1564 2375 creatura,
1582 2324 1694 2378 quae
1714 2308 1803 2362 sub
1823 2305 1947 2361 ca'lo

364 2419 436 2463 est
466 2407 627 2481 (Ibid.
658 2425 706 2463 υ.
731 2407 846 2475 95).
873 2406 1023 2473 Quod
1055 2404 1249 2461 Christi
1270 2405 1518 2475 potentiae
1550 2403 1836 2458 maximum
1867 2408 1948 2455 est

363 2509 755 2571 argumentum,
781 2499 921 2570 quod
948 2499 1188 2554 doctrina
1217 2499 1370 2553 annis
1399 2496 1579 2567 viginti
1607 2496 1691 2551 vel
1709 2495 1943 2565 triginta,

362 2593 510 2649 orbis
539 2594 792 2648 terminos
835 2591 1149 2662 pervaserit.
1204 2591 1328 2645 Post
1373 2589 1488 2644 htec
1536 2589 1714 2659 igitur.
1757 2587 1942 2657 inquit,

362 2687 541 2740 veniet
571 2685 690 2740 linis
717 2683 1193 2754 Jerosolymorum.
1225 2680 1376 2750 Quod
1406 2679 1545 2734 enim
1576 2679 1678 2733 hoc
1702 2676 1943 2733 subindi—

360 2784 468 2844 cet,
496 2784 718 2846 arguunt
746 2775 1039 2844 sequentia.
1064 2772 1255 2828 Attulit
1297 2772 1439 2828 enim
1489 2769 1818 2839 prophetiam
1845 2810 1856 2828 .
1888 2773 1946 2820 ut

360 2867 480 2936 ejus
504 2866 770 2921 excidium
801 2873 1087 2932 assereret,
1118 2864 1297 2932 aitque
1325 2880 1339 2916 :
1373 2862 1459 2917 15.
1490 2862 1615 2915 Cum
1657 2870 1824 2913 autem
1865 2859 1941 2911 vi-

359 2957 534 3012 deritis
561 2956 981 3011 abominationem
1022 2954 1363 3018 desolationis,
1412 2968 1526 3024 qua:
1568 2952 1702 3005 dicta
1747 2960 1819 3005 est
1856 2965 1945 3019 per

363 3050 628 3105 Danielem
654 3050 973 3120 prephelam,
1002 3055 1214 3102 stantem
1254 3047 1307 3099 in
1337 3047 1445 3100 loco
1466 3055 1640 3100 sancto
1666 3060 1684 3100 :
1710 3044 1797 3114 qui
1825 3042 1944 3112 legit

360 3140 608 3211 intelligat
668 3138 827 3211 (Dan.
859 3140 912 3195 9.
934 3139 1049 3210 27).
1099 3137 1178 3192 Ad
1228 3137 1496 3192 Danielem
1549 3136 1669 3190 illos
1714 3135 1941 3190 remisit.

363 3231 825 3286 Abominationem
855 3241 1031 3285 autem
1075 3238 1230 3286 vocat
1269 3237 1497 3285 statuam
1534 3227 1649 3298 ejus
1685 3227 1777 3298 qui
1818 3235 1944 3280 tunc

361 3326 546 3380 orbem
576 3334 823 3395 ceperat,
856 3336 1013 3396 quam
1044 3324 1277 3380 desolata
1311 3323 1441 3378 urbe
1478 3331 1533 3378 et
1576 3321 1774 3392 templo
1800 3320 1942 3375 intus
1974 3340 1979 3345 ·

363 3418 579 3487 posuit,
633 3432 796 3487 quare
860 3417 1312 3471 abominationem
1368 3414 1715 3472 desolationis
1764 3421 1937 3467 vocat.

360 3508 564 3564 Deinde
593 3517 649 3564 ut
670 3509 954 3573 discerent,
973 3507 1087 3562 hzec
1113 3508 1281 3560 futura
1304 3521 1443 3572 esse,
1464 3504 1732 3560 nonnullis
1755 3516 1943 3558 eorum

359 3602 534 3657 adhuc
563 3601 856 3657 viventibus
875 3641 890 3668 ,
920 3599 1053 3656 dixit
1076 3616 1090 3653 :
1117 3601 1239 3656 Cum
1279 3600 1498 3655 videritis
1523 3598 1943 3653 abominationem

358 3693 706 3748 drsolationis.

431 3785 486 3839 ⁸5.
521 3784 685 3852 Quom
713 3783 938 3854 diﬂicilia
967 3791 1191 3851 tempora
1217 3781 1591 3853 praedicationis
1619 3779 1939 3850 evangelica.

358 3877 605 3934 -—Unde
633 3877 750 3948 quis
793 3891 1134 3946 summopere
1181 3875 1407 3931 miretur
1445 3872 1643 3928 Christi
1691 3873 1940 3927 virtutem

360 3970 682 4039 illorumque
708 3968 1070 4024 fortitudinem
1093 4009 1108 4034 ,
1141 3967 1283 4038 quod
1315 3966 1510 4021 talibus
1538 3964 1943 4035 prtedicaveriut

362 4059 690 4128 temporibus
714 4101 729 4124 ,
759 4059 951 4127 quibus
976 4060 1205 4113 maxime
1224 4057 1446 4113 Judaica
1477 4056 1937 4126 impugnabantur,

359 4153 573 4222 quando
599 4152 764 4207 Juda-i
793 4163 849 4206 ut
870 4153 1108 4207 seditiosi
1136 4150 1581 4217 observabantur,’
1604 4149 1942 4220 jusseratque

359 4246 541 4301 Caesar
564 4260 751 4299 omnes
783 4242 1146 4299 exterminari.
1178 4243 1517 4313 ldipsumque
1555 4241 1774 4304 accidit,
1803 4255 1866 4295 ac
1894 4238 1938 4294 si

357 4337 500 4407 quis,
526 4335 656 4390 mari
683 4334 917 4405 undique
943 4335 1194 4400 excitato,
1225 4345 1276 4389 et
1315 4333 1540 4405 caligine
1565 4343 1731 4388 totum
1760 4347 1939 4388 aerem

357 4436 690 4497 occupanle,
735 4427 1026 4498 naufragiis
1077 4426 1479 4497 frequentibus,
1532 4441 1651 4481 cum
1695 4434 1941 4480 vectores

358 4536 548 4575 omnes
579 4520 900 4584 dissideant,
931 4528 987 4574 et
1010 4528 1246 4574 monstra
1278 4519 1481 4572 marina
1510 4532 1670 4586 supra
1697 4524 1936 4587 surgant,

357 4631 477 4684 qua:
504 4613 661 4667 simul
689 4628 808 4668 cum
840 4612 1085 4667 ﬂuctibus
1112 4613 1420 4680 navigantes
1448 4610 1810 4678 pessumdcnt,
1841 4609 1937 4663 ful-

359 4689 592 4760 tninihus
630 4706 840 4759 emissis
859 4744 874 4770 ,
904 4704 1089 4773 piratis
1130 4703 1498 4757 invadentibus
1517 4744 1532 4764 ,
1560 4711 1614 4756 et
1637 4701 1940 4756 vectoribus

358 4801 456 4853 sibi
487 4809 670 4853 mutuo
701 4797 1090 4862 insidiantibus,
1126 4797 1368 4851 homines
1395 4794 1743 4864 navigationis
1769 4794 1938 4862 impe-

359 4893 581 4963 peritos,
613 4891 701 4963 qui
734 4907 831 4946 nec
865 4906 1010 4945 mare
1051 4889 1323 4953 noverint,
1349 4887 1533 4958 jubeat
1561 4886 1629 4941 ad
1672 4885 1938 4957 guberna-

356 4983 475 5037 cula
518 4983 737 5047 sedere,
779 4981 953 5037 navim
1057 4981 1280 5036 hernarc
1304 4988 1358 5034 et
1386 4992 1654 5049 pugnare,
1686 4977 1938 5032 classem-

354 5085 462 5140 que
492 5070 763 5140 ingentem
790 5085 852 5124 ex
878 5069 1104 5126 adverso
1128 5070 1455 5136 venientem,
1476 5073 1758 5144 validoque
1784 5089 1942 5129 exer-

354 5167 466 5220 citu
516 5165 863 5231 instructam,
906 5165 1153 5223 navicula
1194 5182 1299 5220 una
1341 5182 1490 5233 usos,
1528 5168 1580 5221 in
1615 5184 1721 5238 qua
1758 5177 1936 5237 tanta,

357 5268 417 5312 ut
473 5260 626 5322 dixi,
679 5258 928 5314 confusio
978 5266 1134 5322 erat,
1200 5274 1394 5329 capere
1450 5268 1503 5312 ct
1564 5261 1936 5328 submergere.

356 5350 490 5405 Nam
540 5368 569 5405 a
614 5352 868 5422 gentibus
907 5352 1033 5405 odio
1086 5353 1425 5407 habebantur
1456 5362 1513 5408 ut
1553 5352 1725 5408 Judaei
1759 5395 1774 5419 ,
1823 5364 1875 5409 et
1909 5370 1938 5409 a

354 5443 558 5498 Jmlteis
609 5443 1007 5509 lapitlalnntur,
1052 5452 1112 5497 ut
1155 5445 1246 5513 qui
1289 5458 1418 5497 suas
1458 5444 1602 5512 leges
1645 5445 1937 5513 impugna-

358 5542 517 5586 rcnt:
579 5546 850 5600 nusquam
903 5548 1030 5586 vero
1082 5542 1225 5585 stare
1277 5542 1542 5602 poterant.
1604 5534 1694 5587 Sic
1753 5533 1935 5587 omnia

361 5625 887 5695 prlntziplll:t,.\(‘0pllli
911 5636 962 5681 ct
982 5642 1110 5681 saxa
1144 5627 1361 5681 latentia
1391 5638 1565 5687 erant.
1596 5629 1651 5681 in
1691 5628 1938 5692 urbibus,

362 5719 417 5774 iu
442 5722 600 5780 viris,
627 5719 679 5769 in
721 5717 994 5781 domibus,
1037 5720 1343 5790 singulique
1386 5722 1509 5776 illas
1548 5722 1684 5775 bello
1715 5722 1942 5791 impete-

1291 273 1357 331 IN
1392 269 1802 329 MAT'I‘wSUM
1843 268 2083 333 llOMlL.
2119 275 2337 332 LXXV.
2378 278 2451 335 al.
2490 275 2726 333 LXXVI.

3532 288 3635 338 ΰξιυ

2060 387 2217 455 bant,
2235 391 2368 460 dux,
2384 392 2662 464 princeps,
2680 394 2946 463 privatus,
2962 403 3152 467 gentes
3170 394 3409 466 integra,
3458 400 3646 474 populi

2060 495 2275 549 omnes,
2298 493 2352 537 et
2374 485 2712 552 perturbatio
2729 493 2846 540 erat
2863 494 3067 554 quanta
3087 501 3188 540 nec
3205 491 3371 553 possit
3393 488 3636 542 oratith

2069 581 2341 651 explicari.
2373 582 2505 637 Nam
2535 598 2782 653 perosum
2825 588 2978 656 plane
3019 603 3135 643 erat
3163 588 3440 645 Judatcum
3480 607 3648 663 genus

2069 671 2120 726 in
2168 672 2412 727 Romano
2455 674 2678 742 imperio
2700 716 2715 741 ,
2744 679 2885 746 quod
2917 678 3061 735 mille
3101 683 3307 750 negotia
3338 685 3642 738 faces~eret.

2064 761 2247 833 Neque
2277 772 2451 819 tamen
2481 764 2605 821 inde
2632 767 2990 835 pra-dicationi
3014 771 3304 826 nocebatur
3333 789 3346 825 :
3371 774 3464 829 sed
3491 784 3646 844 capta

2065 856 2198 910 urbe
2229 866 2387 926 atque
2409 868 2643 913 cremata
2666 900 2681 924 ,
2712 875 2774 915 ac
2797 871 2952 931 gente
2983 864 3033 917 vi
3063 865 3322 920 malorum
3351 880 3605 935 Oppressa
3626 907 3642 930 ,

2066 947 2186 1002 inde
2216 946 2436 1017 profecti
2467 951 2714 1020 apostoli,
2746 954 2833 1019 qui
2867 968 3029 1009 novas
3054 955 3373 1011 inducebant
3404 958 3546 1024 leges
3578 958 3594 989 ί
3625 998 3641 1023 ,

2064 1038 2317 1094 Romanis
2345 1040 2689 1110 imperarunt.
2713 1042 2758 1097 0
2792 1059 2879 1098 res
2916 1059 3079 1100 novas
3116 1056 3167 1101 et
3193 1048 3482 1117 stupendas
3513 1046 3644 1102 llu-

2061 1130 2297 1185 darorum
2328 1132 2601 1187 innumera
2631 1133 2792 1188 millia
2816 1133 3038 1189 Romani
3066 1146 3341 1207 ceperunt,
3363 1148 3414 1193 et
3441 1137 3644 1193 duode-

2059 1224 2161 1278 cim
2191 1225 2333 1279 viros
2362 1225 2575 1281 vincere
2606 1242 2709 1281 non
2740 1238 3043 1296 potuerunt,
3067 1229 3155 1299 qui
3188 1230 3311 1284 nudi
3338 1230 3453 1284 sine
3479 1232 3642 1284 armis

2059 1331 2178 1369 cum
2209 1315 2338 1384 ipsis
2365 1318 2670 1387 pugnabant
2695 1320 2708 1372 !
2741 1318 2872 1386 Quis
2898 1334 3079 1375 sermo
3110 1320 3277 1390 possit
3308 1329 3507 1374 tantum
3536 1322 3639 1375 mi-

2059 1396 2296 1462 raculum
2318 1407 2664 1465 describere?
2689 1411 2800 1465 Duo
2822 1411 2962 1465 enim
2988 1411 3101 1466 hanc
3124 1411 3439 1467 docentibus
3466 1412 3642 1468 inesse

2057 1511 2303 1570 oportet,
2337 1510 2393 1555 ut
2439 1501 2542 1558 lide
2583 1503 2726 1572 digni
2777 1505 2877 1559 sint
2906 1547 2919 1570 ,
2950 1515 3003 1560 et
3054 1513 3113 1559 ut
3164 1505 3269 1560 sint
3311 1505 3643 1562 auditoribus

2054 1594 2189 1662 grati
2223 1609 2235 1645 :
2268 1593 2333 1647 ad
2365 1593 2478 1650 haec
2504 1609 2631 1649 vero
2652 1637 2667 1660 ,
2696 1605 2754 1651 ut
2777 1596 3016 1652 doctrina
3045 1597 3164 1652 talis
3189 1599 3295 1664 sit,
3337 1614 3456 1668 qua:
3487 1597 3641 1653 facile

2055 1684 2383 1750 admittatur,
2416 1686 2735 1758 insuperque
2765 1698 2821 1744 ut
2852 1698 3059 1759 tempus
3085 1691 3152 1745 sit
3182 1692 3406 1746 tumultu
3430 1701 3483 1746 et
3513 1706 3639 1761 per-

2055 1776 2354 1833 turbatione
2407 1795 2651 1835 vacuum.
2703 1781 2853 1837 Tunc
2908 1792 3084 1837 autem
3143 1787 3318 1838 omnia
3369 1785 3635 1839 contraria

2053 1877 2226 1923 emat.
2259 1869 2440 1939 Neque
2468 1872 2608 1925 enim
2638 1870 2739 1927 ﬁde
2767 1872 2910 1943 digni
2951 1889 3070 1928 esse
3102 1876 3415 1930 videbantur
3435 1917 3452 1943 ,
3482 1876 3635 1931 illos-

2053 1974 2155 2030 que
2180 1961 2267 2031 qui
2293 1962 2496 2031 decepti
2525 1961 2737 2018 l'uerant
2774 1964 2842 2017 ab
2873 1964 2937 2019 iis
2980 1965 3069 2034 qui
3122 1966 3224 2021 lide
3256 1965 3410 2036 digna
3456 1965 3635 2022 dicere

2054 2051 2394 2121 putabantur,
2428 2068 2459 2107 a
2498 2069 2556 2107 se
2584 2055 2898 2110 avertebant
2929 2074 2942 2110 :
2974 2073 3077 2110 non
3103 2056 3493 2127 diligebantur;
3527 2058 3635 2113 imo

2052 2144 2177 2199 odio
2226 2145 2591 2212 habebantur;
2619 2146 2687 2200 ab
2728 2146 2791 2201 iis
2833 2162 2952 2218 qua:
2995 2148 3226 2203 maxime
3254 2148 3445 2218 placita
3481 2156 3635 2204 erant

2050 2235 2403 2301 abducebant,
2437 2251 2466 2290 a
2493 2237 2897 2303 consuetudine,
2926 2253 2955 2292 a
2984 2238 3173 2308 patria,
3195 2254 3225 2293 a
3251 2237 3470 2310 legibus.
3499 2239 3634 2293 Prai-

2050 2336 2201 2397 cepta
2226 2327 2358 2382 dura
2389 2329 2728 2400 dilliciliaque
2753 2338 2908 2385 erant
2930 2371 2945 2397 ,
2977 2346 3096 2401 qua:
3124 2346 3252 2386 vero
3282 2330 3635 2400 prohibebant

2051 2420 2321 2490 voluptate
2348 2422 2520 2490 plena.
2550 2421 2709 2476 Multa
2741 2432 2850 2478 tum
2895 2423 3027 2493 ipsi,
3062 2432 3170 2478 tum
3201 2423 3436 2494 ipsorum
3465 2423 3630 2478 disci-

2052 2512 2156 2581 puli
2204 2512 2451 2568 subibant
2490 2515 2719 2582 perieula
2741 2557 2756 2581 ,
2788 2515 2982 2569 multas
3017 2524 3249 2581 mortes;
3280 2531 3345 2572 ac
3383 2531 3503 2572 cum
3548 2517 3632 2571 his

2049 2604 2296 2660 omnibus
2325 2616 2530 2674 tempus
2561 2622 2805 2676 magnam
2831 2606 3086 2663 afferebat
3109 2607 3496 2673 difﬁcultatem,
3527 2608 3632 2663 bel-

2049 2695 2116 2749 lis
2145 2696 2347 2750 scilicet
2384 2698 2715 2767 tumultuque
2765 2698 3014 2767 plenum;
3046 2699 3114 2753 ita
3145 2708 3201 2753 ut
3242 2698 3340 2754 etsi
3379 2698 3508 2752 nihil
3541 2715 3629 2754 su-

2050 2788 2402 2856 pradictorum
2453 2790 2746 2855 adfuisset,
2780 2789 2903 2846 hinc
2945 2792 3120 2845 omnia
3156 2792 3354 2846 turbari
3387 2800 3625 2862 possent.
3708 2800 3710 2802 '

2047 2880 2356 2951 Opportune
2406 2881 2612 2935 dicatur
2643 2898 2655 2934 :
2691 2881 2815 2949 Quis
2844 2882 3074 2952 loquetur
3111 2883 3358 2951 potentias
3397 2881 3625 2948 Domini,

2047 2973 2247 3027 auditas
2288 2974 2437 3043 faciet
2461 2991 2631 3028 omnes
2656 2973 2830 3028 laudes
2855 2978 2961 3043 ejus
2987 2974 3008 3048 (
3043 2975 3181 3030 Psttl.
3207 2975 3329 3031 105.
3363 2976 3423 3042 9.)
3444 2976 3467 3028 ?
3492 2975 3623 3030 Nam

2046 3063 2091 3118 si
2113 3064 2438 3118 contribulcs
2461 3063 2693 3134 Moyscm
2733 3075 2852 3135 post
2902 3074 2975 3119 tot
3021 3067 3161 3120 edita
3197 3067 3344 3136 signa
3393 3082 3495 3120 non
3525 3084 3624 3120 au-

2045 3153 2280 3215 diebant,
2312 3154 2383 3207 ob
2410 3154 2574 3208 lutum
2602 3164 2656 3209 et
2687 3154 2878 3211 lateres
2904 3157 3052 3226 queis
3094 3156 3504 3225 premebantur;
3530 3171 3624 3212 eos

2045 3248 2135 3318 qui
2165 3247 2399 3317 quotidie
2436 3248 2559 3303 czesi
2603 3256 2656 3302 et
2694 3237 2853 3303 occisi
2892 3249 3222 3305 intoleranda
3253 3249 3619 3319 patiebantur,

2044 3340 2164 3410 quis
2204 3339 2409 3394 induxit
2451 3349 2508 3394 ut
2548 3340 2774 3396 Otiosam
2823 3341 2981 3396 vitam
3023 3340 3392 3411 repudiarent,
3424 3349 3478 3395 et
3523 3341 3620 3411 ipsi

2044 3433 2202 3487 aliam
2228 3440 2631 3503 anteponerent,
2657 3433 2927 3503 periculis,
2953 3435 3229 3503 sanguine,
3259 3433 3622 3504 mortibusqne

2041 3523 2256 3593 plenam
2285 3540 2297 3576 :
2332 3538 2456 3576 cum
2489 3523 2775 3578 maximeii
2817 3523 2907 3593 qui
2928 3521 3622 3594 praedicabaotalienigena:

2047 3612 2412 3681 omnibusque
2427 3627 2656 3681 prorsus
2686 3608 2890 3667 inimici
2922 3621 3103 3667 essent
3129 3614 3151 3665 ?
3181 3612 3234 3666 Si
3262 3612 3383 3681 quis
3408 3612 3461 3666 iu
3487 3627 3620 3681 gen-

2045 3716 2142 3770 tes,
2180 3707 2231 3761 in
2257 3707 2437 3770 urbes,
2467 3706 2519 3759 in
2552 3703 2773 3775 populos
2796 3745 2811 3769 ,
2844 3704 2951 3758 imo
2980 3704 3031 3757 in
3065 3718 3219 3755 unam
3247 3702 3619 3756 domunculam

2045 3801 2320 3855 induceret
2350 3800 2517 3853 virum
2544 3797 2791 3851 omnibus
2823 3794 3177 3849 habitantibus
3203 3808 3318 3847 eam
3347 3806 3616 3861 perosum,

2042 3902 2096 3947 et
2129 3907 2224 3961 per
2250 3905 2372 3945 eum
2401 3897 2682 3944 conaretur
2710 3886 2943 3956 singulos
2972 3900 3000 3938 a
3031 3882 3236 3938 dilectis
3277 3882 3556 3945 abducere.
3587 3897 3618 3936 a

2044 3995 2224 4055 patre,
2253 3999 2282 4037 a
2309 3992 2476 4036 matre
2495 4022 2511 4047 ,
2541 3979 2610 4034 ab
2640 3992 2804 4033 uxore
2824 4020 2839 4044 ,
2868 3992 2899 4031 a
2940 3976 3059 4030 filiis
3084 3993 3097 4028 :
3130 3990 3305 4029 annon
3346 3973 3432 4028 ille
3470 3982 3621 4028 ante-

2042 4094 2199 4148 quam
2221 4092 2282 4130 os
2308 4074 2541 4144 aperiret
2567 4067 2997 4140 discerperetur?
3023 4066 3080 4122 Si
3105 4075 3282 4120 autem
3302 4066 3382 4119 vir
3409 4073 3463 4119 et
3488 4080 3622 4119 uxor

2041 4169 2199 4226 simul
2230 4169 2527 4237 litigarem,
2555 4177 2729 4217 annon
2769 4161 2851 4216 vel
2881 4159 3025 4230 prius
3065 4173 3222 4229 quam
3256 4157 3414 4211 limen
3442 4164 3622 4209 trans-

2043 4265 2165 4331 iret,
2198 4259 2458 4331 lapidihus
2487 4255 2836 4311 obrueretur?
2864 4251 2919 4307 Si
2950 4260 3125 4305 autem
3159 4249 3246 4303 ille
3271 4263 3366 4319 per
3405 4262 3465 4302 se
3491 4261 3620 4300 con-

2043 4363 2275 4425 temptus
2315 4364 2542 4405 onerosa
2574 4346 2913 4419 prmeiperet,
2946 4343 3150 4399 deliciis
3182 4341 3418 4396 fruentes
3449 4340 3621 4410 philo-

2040 4450 2254 4521 sophari
2279 4447 2494 4518 juberet
2512 4487 2526 4511 ,
2558 4444 2625 4499 ad
2653 4442 2766 4497 hzec
2794 4456 2920 4495 vero
2949 4447 3133 4494 contra
3165 4437 3331 4491 multo
3357 4434 3539 4505 plures
3570 4440 3618 4484 ct

2042 4543 2289 4598 fortiores
2334 4548 2603 4596 certamen
2654 4534 3048 4594 committeret,
3096 4543 3270 4582 annon
3321 4526 3490 4594 palam
3538 4530 3617 4576 est

2042 4639 2186 4692 illum
2229 4633 2446 4689 omnino
2476 4630 2762 4700 periturum
2797 4624 2954 4680 esse?
2997 4625 3242 4676 Attamen
3276 4616 3406 4672 illud
3446 4617 3616 4685 ipsum

2041 4728 2179 4799 quod
2208 4727 2258 4780 in
2287 4739 2390 4779 una
2417 4722 2575 4776 domo
2603 4718 2713 4772 ticri
2761 4715 2974 4785 nequit,
3002 4711 3245 4767 Christus
3274 4708 3325 4762 in
3354 4715 3462 4762 toto
3489 4705 3619 4759 orbe

2043 4821 2183 4883 fecit,
2213 4832 2308 4887 per
2335 4811 2646 4885 praecipitia,
2675 4823 2770 4878 per
2799 4806 3059 4869 l'ornaces,
3092 4817 3187 4872 per
3216 4807 3498 4870 prterupta,
3525 4809 3618 4864 per

2041 4910 2291 4979 scopulos
2314 4949 2329 4972 ,
2361 4922 2457 4976 per
2483 4912 2678 4957 terram
2709 4909 2762 4954 et
2791 4911 2937 4951 mare
2961 4936 2976 4963 ,
3005 4895 3141 4948 inter
3186 4891 3321 4946 bella
3353 4889 3577 4961 plurima
3598 4928 3613 4950 ,

2041 5001 2183 5055 orbis
2209 4998 2441 5053 medicos
2464 4993 2737 5048 inducens.
2753 4991 2882 5056 Qure
2898 4986 3074 5041 omnia
3100 4985 3143 5039 si
3165 4982 3361 5039 certius
3380 4979 3616 5037 ediscere

2045 5093 2202 5150 velis:
2238 5103 2425 5157 nempe
2454 5084 2666 5148 famem,
2696 5080 3071 5152 pestilentiam.
3106 5088 3261 5131 terra:
3292 5084 3487 5138 motus,
3514 5084 3616 5125 ea:-

2043 5193 2285 5250 tcrasque
2315 5176 2597 5248 tragmdias
2621 5216 2634 5239 ,
2666 5174 2750 5228 adi
2777 5171 2992 5241 Josaphi
3020 5167 3292 5222 historiam
3312 5207 3328 5232 ,
3358 5172 3414 5218 ut
3457 5177 3615 5217 accu-

2040 5287 2153 5328 rate
2184 5271 2359 5325 omnia
2390 5269 2614 5324 ediscas.
2635 5267 2756 5320 ltleo
2782 5264 2991 5319 dicebat
3019 5263 3107 5315 illo
3138 5278 3150 5313 :
3188 5257 3268 5311 Ne
3296 5253 3615 5309 terrea-mini:

2041 5375 2232 5435 Oportet
2263 5365 2393 5418 enim
2427 5363 2593 5415 omnia
2625 5360 2774 5429 fieri;
2805 5368 2857 5411 et
2882 5399 2895 5421 ,
2931 5355 3029 5422 Qui
3060 5348 3436 5421 persct'erot'ert't
3462 5361 3616 5414 usque

2040 5460 2090 5510 in
2120 5460 2286 5525 linem,
2319 5456 2398 5508 Itic
2422 5454 2587 5507 salvus
2616 5451 2745 5513 erit;
2771 5457 2844 5509 et,
2880 5444 3243 5500 Prwtlirnbilur
3271 5441 3362 5493 hoc
3387 5437 3610 5501 Evangw

2037 5550 2166 5604 lium
2192 5548 2244 5601 in
2270 5546 2509 5599 universo
2539 5541 2752 5595 mundo.
2783 5537 2909 5591 Illos
2935 5534 3082 5590 enim
3113 5548 3175 5587 ex
3207 5530 3478 5584 dictorum
3508 5532 3618 5579 ter-

2046 5724 2082 5772 Β
2103 5663 2118 5693 ¹
2148 5659 2202 5707 In
2243 5659 2414 5707 Morel.
2454 5658 2656 5718 legitur,
2687 5651 2769 5717 qni
2799 5665 2945 5702 novus
2983 5644 3265 5700 intlucebant
3304 5641 3431 5706 leges
3454 5646 3619 5690 contra

2085 5733 2293 5771 ommtos.

2085 5733 2293 5771 ommtos.
