4076 6142
480 274 575 329 i391
1241 275 1294 329 s.
1337 269 1615 326 JUANNIS
1642 262 2112 321 cunvsosrom
2161 265 2476 323 ARCIIIEP.
2518 270 3048 332 coxsnnrtxoe

480 407 599 445 rore
628 392 825 446 fractos
859 394 1172 460 solutosque
1205 395 1267 446 ad
1294 409 1443 462 spem
1481 393 1758 445 meliorem
1793 391 2060 444 convertit

478 485 686 549 ἀίοριιε,
728 486 941 539 etiamsi
985 486 1152 539 millia
1186 485 1362 539 forent
1402 486 1773 544 incommoda,
1808 491 2060 550 oportere

482 582 659 628 tamen
701 575 1041 641 evangelium
1080 576 1360 642 praedicari
1392 590 1486 642 per
1518 582 1690 627 totum
1734 571 1921 625 orbem
1952 580 2062 624 trr-

481 682 684 725 l'lll‘lllll,
720 679 775 720 Cl
802 680 928 720 tunc
962 679 1250 720 VCllllll'lIlll
1287 667 1445 719 linem
1475 681 1617 719 CSSO.

553 760 604 812 4.
651 758 779 823 Quot
809 760 938 812 bella
961 759 1204 828 apostolis
1234 758 1376 810 illata
1416 768 1636 819 tempore
1664 745 2053 820 prtedicationis.

481 849 669 904 Contra
718 850 1155 919 genethlialogiam
1189 861 1234 902 et
1264 861 1543 915 temporum
1583 845 1961 899 rerolutionem.
1989 873 2059 883 —

486 940 726 993 Vidistin‘
750 956 849 1008 qua
877 942 1181 995 Conditione
1209 949 1317 993 tum
1347 955 1433 992 res
1462 946 1661 1002 essent,
1691 944 1745 989 et
1772 950 1930 1004 quam
1963 951 2057 988 va-

482 1033 557 1085 ria
590 1033 712 1086 belli
747 1032 929 1097 facies,
958 1043 1011 1087 et
1051 1034 1163 1087 haec
1196 1033 1246 1084 in
1279 1030 1557 1099 principio,
1587 1043 1705 1080 cum
1752 1026 1818 1081 ad
1854 1026 2057 1096 singula

483 1125 614 1177 bona
642 1139 801 1192 opera
823 1165 836 1187 ,
871 1139 1056 1193 magna
1084 1138 1214 1191 opus
1245 1132 1327 1176 est
1358 1118 1783 1188 tranquillitate?
1810 1118 1925 1182 Quo
1974 1132 2060 1170 res

482 1219 532 1269 in
578 1228 715 1269 statu
757 1218 951 1270 erant?
977 1217 1113 1269 Nihil
1140 1216 1279 1269 enim
1311 1214 1499 1276 obest,
1528 1212 1654 1279 quin
1696 1210 1881 1263 eadem
1913 1224 2059 1261 resu-

483 1324 708 1363 mamus.
734 1309 966 1362 Primum
1002 1309 1193 1361 bellum
1238 1316 1350 1360 erat
1401 1306 1737 1359 seductorum
1773 1320 1785 1356 :
1828 1301 2055 1365 Venient,

483 1402 669 1469 inquit,
704 1401 1111 1471 pseudo-Christi,
1145 1410 1189 1452 et
1220 1401 1410 1467 pseudo
1444 1397 1736 1467 pTOplthCL’,‘
1766 1394 2057 1448 secundum

489 1493 847 1545 Romanorum
883 1511 894 1544 :
934 1493 1169 1544 molituri
1205 1493 1339 1543 enim
1387 1491 1502 1542 estis
1555 1490 1771 1558 praelia;
1804 1485 2014 1540 tertium
2041 1527 2055 1549 ,

479 1583 619 1650 quod
651 1584 840 1637 famem
874 1585 1121 1647 inducet;
1153 1597 1428 1653 quartum,
1458 1582 1595 1651 q'totl
1642 1581 1965 1649 pestilentias
2004 1589 2058 1633 et

482 1685 636 1730 terra:
665 1689 839 1731 motus
871 1696 881 1730 ε
912 1679 1174 1746 quintum,
1209 1676 1642 1729 tribulationum:
1673 1673 1891 1726 Tradenl
1916 1672 2057 1725 enim

482 1786 563 1821 vos
593 1771 644 1821 in
672 1780 919 1830 mortem;
949 1781 1154 1822 sextum
1177 1809 1190 1832 ,
1223 1768 1380 1820 Erilis
1428 1768 1543 1819 odio
1587 1765 1815 1817 omnibus
1856 1776 2059 1833 propter

480 1874 659 1913 nomen
685 1875 845 1912 meum
870 1877 889 1923 ;
916 1861 1199 1927 septimum
1229 1900 1242 1921 ,
1272 1858 1494 1910 Tradent
1519 1874 1571 1910 se
1600 1858 1809 1909 invicem
1829 1898 1842 1919 ,
1868 1868 1912 1909 et
1942 1857 2058 1910 odio

480 1952 726 2006 habebunt
757 1953 961 2005 invicem
986 1968 1004 2015 ;
1034 1950 1119 2005 hic
1149 1952 1340 2004 bellum
1383 1951 1541 2004 civile
1571 1949 1821 2004 declarat.
1857 1949 2058 2004 Deinde

480 2044 918 2113 psoudo-christi
962 2054 1016 2098 et
1065 2045 1176 2097 falsi
1222 2045 1413 2097 fratres
1446 2060 1460 2095 :
1496 2053 1675 2110 postea
1705 2084 1720 2107 ,
1755 2043 2058 2112 llefriqescet

479 2136 665 2187 raritas
694 2136 985 2198 multorum,
1014 2135 1150 2202 quod
1195 2142 1275 2188 est
1310 2135 1545 2187 omnium
1583 2148 1740 2187 causa
1774 2135 2052 2187 malorum.

484 2225 665 2277 \‘idt-n‘
694 2226 839 2277 mille
876 2225 1132 2279 bellorum
1179 2241 1371 2294 genera
1396 2267 1410 2290 ,
1462 2242 1593 2279 nova
1626 2226 1799 2278 omnia
1843 2235 1897 2281 et
1936 2235 2053 2281 stu-

482 2315 690 2380 penda?
719 2317 988 2378 Attamen,
1023 2316 1157 2369 inter
1185 2315 1297 2368 hrc
1326 2326 1379 2369 et
1401 2316 1498 2375 alia
1530 2318 1690 2369 multa
1721 2315 1740 2387 (
1768 2333 1886 2391 nam
1912 2317 2054 2370 civili

481 2406 618 2457 bello
648 2406 804 2458 etiam
832 2416 1177 2474 cognatorum
1209 2406 1401 2459 bellum
1424 2418 1535 2460 erat
1566 2409 1894 2477 adjunclum)
1923 2424 2057 2476 prte-

479 2493 673 2547 dicatio
699 2504 863 2548 totum
894 2496 1077 2549 orbem
1118 2497 1397 2566 occupavit
1431 2515 1443 2550 :
1474 2513 1593 2550 nam
1623 2499 1716 2561 ait,
1746 2497 2058 2551 Ρνωάίείώὶ-

478 2593 559 2635 tur
595 2583 688 2635 hoc
711 2581 1033 2652 Evangelium
1084 2587 1133 2637 in
1182 2588 1409 2639 universo
1450 2588 1654 2639 mundo.
1690 2588 1784 2642 Ubi
1816 2600 1937 2641 sunt
1964 2589 2054 2657 qui

477 2676 685 2741 genesis
738 2678 1065 2745 tyrannidem
1118 2686 1519 2748 tvinporumque
1575 2680 1956 2743 revolutionrm
2001 2681 2050 2733 in

481 2765 730 2819 Ecclesiae
771 2767 1016 2837 dogmata
1054 2769 1285 2822 inferunt
1330 2768 1444 2839 (a)?
1472 2770 1600 2837 Quis
1644 2786 1891 2840 umquam
1937 2787 2049 2826 me-

478 2858 730 2919 moravit,
762 2858 929 2912 visum
972 2858 1136 2915 fuisse
1174 2861 1442 2914 Christum
1493 2862 1650 2915 alium
1674 2903 1686 2923 ,
1720 2863 2054 2932 similemque

475 2964 587 3002 rem
622 2958 675 3002 ct
698 2961 952 3005 eventum
983 2950 1177 3006 fuisse?
1199 2952 1295 3007 etsi
1330 2953 1431 3006 alia
1461 2953 1622 3005 multa
1655 2954 1785 3006 falso
1813 2963 2049 3018 narrent,

476 3058 666 3108 nempe
694 3053 907 3096 centum
950 3058 1209 3096 annormn
1258 3044 1420 3097 millia
1460 3045 1777 3112 prmtcriisse
1804 3083 1818 3106 ,
1874 3061 2051 3100 verum

476 3132 606 3185 nihil
634 3132 718 3186 hic
743 3133 916 3188 simile
944 3132 1246 3203 confingere
1266 3135 1479 3188 audent.
1509 3134 1675 3202 Quam
1698 3150 1825 3204 ergo
1850 3137 2055 3191 revolu-

476 3224 670 3274 tionem
713 3222 990 3277 dixeritis?
1019 3223 1199 3292 Neque
1241 3224 1380 3278 enim
1431 3224 1676 3279 Sodomae
1727 3242 1898 3295 neque
1945 3227 2052 3281 Go-

476 3312 703 3366 morrlne
753 3327 947 3378 casus,
980 3328 1149 3383 neque
1203 3315 1496 3375 diluvium,
1548 3317 1781 3370 secundo
1833 3334 2047 3374 venere.

478 3400 759 3470 lisqucquo
787 3418 912 3471 ergo
938 3403 1161 3470 ludetis,
1196 3406 1578 3459 revolutionem
1605 3422 1667 3460 ac
1700 3409 1935 3475 genesim
1967 3409 2048 3462 in-

473 3491 767 3547 ducentes?
792 3494 1069 3560 Quomodo
1091 3512 1217 3565 ergo
1242 3538 1255 3559 ,
1290 3497 1498 3566 inquies
1517 3539 1529 3561 ,
1560 3499 1723 3551 multa
1750 3501 2050 3568 praulicun-

475 3596 578 3652 tur,
602 3596 656 3640 et
682 3586 966 3640 eveniunt?
988 3586 1121 3652 Quia
1148 3599 1198 3641 tu
1224 3589 1443 3657 teipsum
1472 3590 1561 3643 Dei
1589 3591 1783 3645 auxilio
1811 3594 2045 3661 privanti,

473 3685 527 3729 ct
573 3685 624 3730 te
661 3676 968 3745 prodidisti,
995 3686 1153 3747 atque
1190 3688 1337 3732 cvtra
1370 3680 1751 3748 providentiam
1793 3686 2044 3750 posuisti,

474 3767 593 3822 ideo
620 3768 826 3822 daemon
860 3783 953 3837 pro
982 3769 1147 3824 lubito
1170 3785 1266 3823 suo
1296 3786 1381 3823 res
1403 3772 1667 3825 convertit
1692 3780 1745 3826 et
1774 3772 2044 3829 transfert.

475 3856 669 3913 Verum
701 3859 752 3912 id
794 3876 898 3914 non
938 3860 1047 3929 agit
1083 3861 1133 3914 in
1180 3862 1397 3922 sanctis,
1443 3862 1551 3916 imo
1600 3879 1769 3932 neque
1813 3864 1862 3917 in
1896 3864 2048 3919 nobis

472 3950 854 4016 peccatoribus,
876 3952 961 4020 qui
995 3951 1081 4005 illa
1107 3952 1389 4007 admodum
1413 3952 1754 4022 deSpicimus.
1788 3955 1917 4009 Nam
1946 3956 2047 4011 etsi

472 4039 576 4092 vita
606 4050 785 4094 nostra
816 4056 919 4094 non
965 4042 1033 4095 sit
1077 4042 1346 4098 toleranda
1375 4085 1386 4106 ,
1417 4054 1650 4099 attamen
1678 4046 1797 4115 quia
1830 4062 1922 4114 per
1954 4047 2045 4102 Dei

471 4132 693 4199 gratiam
724 4134 960 4186 veritatis
1008 4135 1250 4203 dogmata
1292 4137 1689 4191 accuratiSsime
1720 4140 2041 4206 retinemus,

472 4221 769 4274 d.rmouum
808 4222 1010 4275 insidiis
1052 4226 1354 4289 superiores
1398 4243 1599 4279 sunius.
1631 4226 1733 4280 Sed
1766 4229 1888 4297 quid
1934 4242 2044 4283 tan-

472 4311 592 4365 dem
640 4320 723 4366 est
748 4312 832 4366 illa
863 4315 1118 4381 genesis?
1160 4316 1298 4370 Nihil
1338 4317 1479 4371 aliud
1519 4334 1674 4387 quam
1714 4319 1963 4389 iniquitas
1993 4333 2046 4377 et

471 4403 750 4469 Confusio,
778 4413 833 4459 et
861 4404 1003 4474 quod
1034 4406 1212 4460 omnia
1256 4421 1380 4461 casu
1430 4421 1482 4461 et
1525 4418 1725 4464 temere
1772 4410 2041 4475 ferantur;

471 4496 578 4548 imo
607 4511 712 4549 non
746 4504 946 4552 tenuere
977 4506 1174 4551 tantum
1201 4539 1215 4563 ,
1243 4497 1337 4553 sed
1363 4499 1519 4554 etiam
1548 4511 1733 4554 contra
1764 4502 2043 4557 rationem.

472 4590 633 4658 Atqui
664 4590 708 4642 si
750 4604 855 4644 non
890 4598 972 4645 est
1004 4589 1232 4659 genesis,
1258 4590 1483 4661 inquies,
1513 4607 1607 4645 cur
1634 4593 1719 4647 ille
1748 4592 1895 4647 dives
1920 4605 2003 4648 est
2027 4638 2041 4659 ,

471 4683 559 4737 ille
585 4700 785 4753 pauper
806 4684 828 4736 ?
853 4682 1062 4739 Nescio.
1097 4682 1170 4737 Ita
1197 4685 1340 4738 enim
1373 4696 1545 4740 tecum
1574 4684 1876 4753 disputabo,
1909 4698 1962 4740 ιιι
1995 4699 2046 4743 te

470 4776 687 4831 doceam
729 4792 833 4829 non
860 4776 1035 4831 omnia
1078 4776 1155 4831 sic
1182 4778 1391 4832 curiose
1419 4778 1740 4845 exploranda
1770 4794 1917 4841 esse.
1950 4796 2042 4834 ne-

468 4883 568 4935 que
595 4868 914 4922 credendum
957 4882 1077 4923 esse
1119 4869 1194 4922 sic
1231 4884 1317 4925 res
1344 4877 1542 4922 temere
1568 4869 1714 4923 ferri.
1747 4869 1861 4924 Non
1903 4873 2043 4923 enim

468 4959 586 5024 quia
618 4957 732 5012 lucc
755 4958 965 5028 ignoras
985 5001 999 5025 ,
1032 4958 1195 5014 debes
1233 4973 1295 5014 ea
1332 4975 1449 5028 qua:
1476 4975 1600 5014 vere
1630 4976 1737 5014 non
1767 4970 1889 5014 sunt
1918 4976 2044 5014 con-

471 5048 691 5118 tingere.
716 5050 938 5104 Prmstat
965 5052 1105 5105 enim
1138 5052 1299 5121 probe
1325 5053 1589 5122 ignorare,
1615 5069 1772 5121 quam
1805 5054 2044 5120 improbe

467 5141 695 5196 discere.
725 5140 856 5196 Nam
882 5143 970 5212 qui
997 5159 1208 5198 causam
1239 5145 1461 5213 ignorat,
1494 5145 1645 5199 facile
1676 5148 1876 5199 ratione
1899 5147 2046 5198 duci-

470 5246 589 5299 tur;
620 5235 707 5303 qui
735 5243 932 5301 autem,
959 5237 1082 5304 quia
1112 5250 1289 5289 veram
1327 5251 1428 5291 non
1468 5239 1638 5302 novit,
1680 5237 1862 5290 falsam
1899 5253 2045 5291 com-

469 5326 765 5381 miuiscitur
787 5368 801 5391 ,
831 5343 936 5382 non
988 5327 1141 5383 facile
1172 5328 1363 5397 poterit
1407 5343 1584 5381 veram
1635 5329 1878 5397 accipere
1898 5367 1918 5395 ,
1948 5328 2040 5383 sed

531 5526 601 5573 la)
625 5526 867 5581 Genesim,
892 5525 994 5572 sive
1028 5524 1484 5583 genethlialogiam,
1513 5531 1561 5572 cl
1604 5521 1728 5570 illam
1770 5531 2040 5581 temporum

467 5583 821 5631 resolutionem
847 5588 1061 5643 exagitat
1092 5586 1479 5643 (ibrysnstmnus,
1506 5592 1557 5631 ut
1600 5584 1723 5630 libro
1758 5592 1923 5629 (goltlt‘a
1962 5589 2040 5628 ,ιιι-

467 5644 593 5691 όιιηιε
624 5653 673 5691 et
696 5645 923 5713 gentiles.
942 5635 997 5692 ’ἢκ
1026 5647 1070 5701 1,
1097 5635 1348 5713 Coll...
1375 5646 1452 5691 ubi
1470 5635 1640 5713 contra
1662 5644 1875 5713 illt‘sagit
1895 5678 1908 5694 .
1936 5644 2017 5713 qui

468 5717 625 5761 {,‘(HJM
652 5705 720 5752 rel
744 5706 985 5755 stellarum
1010 5705 1389 5755 rourersiuuilms
1433 5708 1591 5753 etunia
1617 5705 1973 5752 :ulscriiwbaut.

3646 286 3746 339 σιξ

2170 387 2335 439 mtdto
2390 388 2591 456 majore
2638 406 2769 457 opus
2817 392 3031 445 lubebit
3082 394 3261 451 labore
3314 398 3645 468 suzlnreque,
3695 418 3747 455 ut

2169 478 2395 543 priorem
2428 479 2600 533 deleat
2626 483 2950 549 Opinionem.
2987 484 3038 537 In
3071 488 3410 555 pugillaribus
3437 494 3632 561 quippe
3662 495 3747 546 dc-

2168 566 2283 621 lctis
2316 569 2468 624 facile
2495 572 2616 639 quis
2638 573 2736 639 guis
2759 590 2875 643 qua:
2899 576 3121 630 voluerit
3154 580 3349 633 scribet
3380 582 3452 647 (α)
3478 598 3493 643 ;
3526 583 3575 635 in
3619 598 3749 636 eva-

2166 659 2294 712 ratis
2318 675 2442 713 vero
2474 677 2577 715 non
2611 664 2733 716 item
2758 683 2769 715 :
2794 675 3000 733 oportet
3028 668 3168 722 enim
3204 671 3427 737 primum
3455 687 3516 727 ea
3543 673 3747 734 delere.

2165 763 2283 816 qua:
2314 749 2450 803 male
2476 753 2669 822 scripta
2703 753 2932 809 fuerant.
2959 758 3014 811 lit
3050 759 3187 813 inter
3216 760 3472 827 medicos,
3500 765 3587 831 qui
3617 765 3748 819 nihil

2166 840 2336 905 affert,
2370 851 2584 910 prmstat
2613 845 2659 897 ci
2692 846 2780 915 qui
2819 847 3110 915 perniciosa
3142 853 3317 906 attulit
3344 868 3357 905 :
3387 864 3439 908 et
3467 856 3553 923 qui
3583 856 3751 910 a'dit'i-

2165 944 2249 985 eat
2279 950 2384 987 non
2434 937 2599 989 solida
2631 950 2892 993 structura
2924 943 3073 1009 pejor
3102 943 3193 997 illo
3221 956 3300 999 est
3339 948 3427 1016 qui
3460 947 3587 1001 nihil
3618 964 3748 1003 cou-

2165 1024 2350 1087 struit;
2382 1034 2439 1077 ut
2465 1035 2520 1080 et
2552 1036 2687 1080 terra
2718 1046 2836 1098 qua:
2864 1031 2991 1085 nihil
3023 1034 3260 1100 profert,
3294 1036 3482 1091 mt-lior
3509 1038 3596 1091 illa
3627 1056 3750 1108 quin

2168 1114 2346 1176 sonas
2386 1117 2568 1186 gignit.
2600 1119 2675 1173 Ne
2703 1122 2878 1191 itaque
2913 1122 2977 1176 ad
3004 1126 3180 1180 omnia
3210 1127 3495 1183 ediscenda
3527 1129 3750 1185 festine-

2168 1219 2286 1258 mus
2309 1247 2323 1270 ,
2354 1208 2446 1261 sed
2479 1224 2543 1262 ne
2573 1226 2712 1279 aegre
2741 1212 2972 1269 feramus
2996 1215 3040 1268 si
3070 1216 3267 1286 aliquid
3299 1219 3641 1287 ignoremus;
3676 1239 3748 1279 ne

2166 1297 2208 1348 si
2233 1296 2504 1353 doctorem
2534 1301 2860 1357 inveniamus
2885 1346 2899 1371 ,
2936 1306 3199 1380 duplicem
3232 1308 3303 1362 illi
3339 1310 3627 1365 inferamus
3669 1313 3748 1365 la-

2166 1387 2382 1453 borem;
2418 1391 2523 1443 imo
2555 1409 2679 1447 vero
2723 1397 2872 1448 multi
2904 1413 3043 1465 saepe
3075 1398 3349 1453 iucurabili
3382 1402 3568 1455 morbo
3600 1404 3748 1457 labu—

2164 1489 2361 1537 rantes.
2392 1496 2512 1535 cum
2542 1484 2591 1536 in
2625 1500 2782 1551 prava
2814 1486 3057 1555 dogmata
3104 1492 3264 1545 semel
3313 1493 3620 1547 incidissent
3643 1539 3655 1558 ,
3690 1497 3743 1548 in

2164 1572 2229 1624 iis
2258 1576 2618 1640 perstiterunt.
2650 1579 2827 1648 Neque
2856 1582 2995 1633 enim
3026 1584 3245 1651 :equalis
3275 1585 3422 1638 labor
3464 1598 3544 1640 est
3596 1591 3742 1655 prius

2162 1664 2392 1719 evellere
2420 1682 2481 1720 ea
2525 1684 2643 1736 qua)
2683 1672 2818 1724 male
2867 1672 3070 1727 radices
3101 1685 3384 1742 posuerant
3409 1718 3425 1742 ,
3453 1687 3507 1731 et
3537 1680 3585 1732 in
3613 1696 3742 1747 agro

2166 1767 2298 1815 puro
2340 1757 2605 1811 seminare
2635 1769 2788 1827 atque
2822 1760 3077 1828 plautare.
3111 1764 3220 1817 Illic
3259 1766 3400 1819 enim
3450 1768 3741 1824 emundare

2165 1845 2309 1911 prius
2329 1858 2557 1915 oportet,
2586 1861 2639 1904 et
2666 1860 2783 1919 post
2812 1854 2909 1906 alia
2939 1855 3201 1916 inserere;
3233 1856 3318 1910 bic
3339 1869 3514 1912 autem
3541 1872 3741 1928 parata:

2161 1945 2286 1990 sunt
2331 1954 2507 1995 aures.
2550 1942 2698 1996 Unde
2741 1960 2868 2014 ergo
2911 1946 2967 2000 lit
2995 1956 3051 2000 ut
3080 1948 3165 2001 ille
3195 1950 3262 2002 sit
3303 1950 3490 2005 dives?
3515 1951 3629 2005 Jam
3659 1954 3741 2005 di-

2161 2043 2277 2081 cam
2306 2048 2318 2083 :
2347 2031 2433 2084 alii
2478 2034 2585 2087 Deo
2615 2035 2810 2101 dante,
2841 2038 2927 2089 alii
2962 2039 3321 2105 permittente,
3352 2042 3439 2095 alii
3480 2042 3550 2096 ob
3578 2046 3737 2098 aliam

2162 2134 2404 2174 arcanam
2431 2123 2878 2190 dispensationem
2902 2169 2916 2191 ,
2941 2128 3148 2182 divitias
3174 2132 3463 2198 possident.
3499 2133 3623 2187 llzec
3653 2151 3741 2188 ra-

2163 2210 2234 2261 tio
2261 2211 2433 2266 brevis
2478 2224 2556 2267 est
2602 2224 2759 2284 atque
2786 2218 3027 2286 simplex.
3060 2220 3167 2272 Cur
3193 2236 3340 2290 ergo,
3375 2223 3597 2292 inquies.
3629 2225 3737 2277 for-

2162 2300 2452 2353 nicatorem
2489 2303 2705 2358 divitem
2743 2306 2952 2372 eilecit,
2980 2323 3184 2363 necnon
3229 2311 3491 2365 intechum
3519 2355 3532 2375 ,
3578 2314 3735 2368 lasci-

2160 2404 2280 2443 vum
2303 2432 2317 2458 ,
2352 2407 2577 2460 eumque
2606 2396 2695 2463 qui
2729 2398 2867 2452 male
2903 2399 3061 2454 rebus
3091 2400 3200 2454 suis
3228 2402 3426 2455 utitur?
3453 2403 3567 2456 Non
3612 2404 3737 2458 facit

2160 2481 2395 2548 divitem,
2428 2485 2519 2540 sed
2561 2489 2814 2554 permittit
2844 2505 2961 2544 esse
2990 2490 3204 2546 divitem
3236 2510 3249 2545 :
3283 2508 3528 2562 magnum
3555 2505 3732 2549 autem

2159 2585 2240 2629 est
2283 2576 2615 2631 intervallum
2646 2581 2781 2634 inter
2819 2580 2995 2637 facere
3021 2591 3074 2637 et
3101 2586 3424 2653 permittere.
3455 2588 3562 2642 Cur
3602 2602 3732 2658 ergo

2159 2668 2376 2722 omnino
2402 2671 2697 2738 permittit?
2727 2673 2856 2740 Quia
2889 2675 3121 2729 nondum
3152 2677 3366 2732 advenit
3386 2679 3571 2747 judicii
3601 2692 3732 2735 tem-

2157 2772 2255 2827 pus
2281 2799 2296 2822 ,
2326 2768 2383 2814 ut
2413 2776 2507 2829 pro
2533 2764 2722 2817 merito
2748 2766 2971 2835 quisque
3016 2769 3254 2837 recipiat.
3284 2770 3418 2837 Quid
3462 2772 3602 2826 enim
3640 2774 3731 2828 illo

2155 2848 2318 2905 divite
2353 2853 2587 2907 deterius
2606 2895 2621 2918 ,
2669 2856 2755 2923 qui
2798 2871 2864 2910 ue
2892 2858 3053 2911 micas
3078 2858 3291 2927 quidem
3316 2861 3514 2916 Lazaro
3540 2864 3728 2923 dabat.

2155 2947 2211 2992 ct
2237 2949 2410 2995 tamen
2438 2944 2673 2998 onmium
2703 2946 3183 3003 miserabilissimus
3208 2949 3305 3004 fuit
3330 2951 3481 3019 (Luc.
3503 2952 3588 3007 l6.
3607 2953 3731 3021 τηρ

2154 3029 2285 3084 Nam
2316 3047 2489 3102 neque
2518 3035 2712 3089 stillam
2742 3052 2893 3105 aqum
2918 3038 3112 3093 habere
3140 3042 3327 3109 potuit,
3357 3041 3477 3096 ideo
3505 3052 3726 3106 tantum,

2155 3123 2277 3190 quia
2305 3124 2456 3179 dives
2481 3141 2599 3179 cum
2642 3139 2820 3195 esset,
2849 3130 3167 3187 inlnnnanus
3211 3142 3345 3188 erat.
3372 3134 3503 3188 Nam
3542 3137 3584 3188 si
3624 3136 3730 3190 duo

2156 3213 2376 3287 imparis
2405 3217 2624 3273 fortuna:
2656 3221 2878 3290 improbi
2912 3222 3124 3291 fuerint,
3152 3242 3375 3294 quorum
3405 3228 3539 3283 alius
3580 3230 3729 3282 divos

2154 3305 2242 3369 sit,
2274 3306 2411 3360 alius
2434 3323 2653 3377 pauper,
2688 3328 2790 3364 non
2822 3328 2975 3380 pares
3018 3315 3123 3369 illic
3163 3316 3362 3371 dabunt
3395 3312 3611 3387 pmnas,’
3633 3320 3727 3373 scd

2154 3400 2452 3467 opulentior
2478 3404 2691 3470 gravius
2719 3404 2995 3472 plect'etur.

2223 3490 2275 3543 5.
2313 3489 2527 3546 Peccala
2569 3496 2829 3563 gravitatis
2858 3508 2901 3550 et
2929 3516 3087 3567 pwna:
3136 3502 3413 3554 auctionem
3440 3511 3527 3554 aut
3555 3503 3726 3556 inuni-

2152 3581 2404 3633 nutioncm
2427 3600 2457 3635 ιι
2484 3584 2971 3640 circnmstantiarum
2996 3599 3040 3641 et
3069 3606 3395 3658 personarum
3434 3591 3730 3658 differentiis

2150 3674 2695 3730 mutuantur.—Vides
2721 3692 2848 3747 ergo
2873 3678 3008 3733 lumc
3030 3681 3266 3749 graviore
3286 3681 3421 3735 allici
3449 3684 3724 3752 supplicio,

2151 3764 2269 3833 quia
2300 3764 2350 3819 in
2380 3766 2475 3821 hac
2504 3768 2608 3821 vita
2636 3769 2771 3823 bona
2800 3774 3113 3840 acceperat?
3139 3774 3202 3827 Et
3226 3784 3276 3826 tu
3298 3777 3472 3844 igitur,
3500 3792 3619 3830 cum
3646 3778 3726 3829 vi-

2150 3854 2293 3909 deris
2320 3856 2497 3926 inique
2530 3858 2745 3914 divitem
2771 3859 2987 3916 feliciter
3012 3878 3189 3931 agere,
3220 3863 3523 3933 ingemiscc,
3557 3866 3726 3937 lacry-

2151 3960 2335 4001 mare:
2371 3963 2489 4001 nam
2539 3949 2734 4003 divitia:
2763 3950 2835 4003 illi
2865 3952 3105 4021 supplicii
3153 3955 3388 4008 accessio
3431 3967 3608 4009 erunt.
3663 3958 3727 4012 Ut

2150 4039 2294 4093 enim
2321 4040 2395 4095 illi
2429 4042 2515 4111 qui
2556 4042 2776 4096 multum
2816 4054 3117 4112 percarum,
3158 4058 3328 4114 reque
3364 4047 3721 4114 [manentium

2148 4143 2305 4199 agere
2322 4132 2523 4198 volunt,
2552 4132 2643 4187 ira:
2671 4133 2973 4187 thesaurum
2996 4135 3093 4189 sibi
3125 4144 3308 4204 parant
3328 4137 3500 4207 (Rom.
3534 4137 3589 4192 2.
3625 4139 3679 4207 5)
3706 4156 3717 4190 :

2149 4220 2227 4274 sic
2268 4221 2339 4275 illi
2379 4223 2468 4291 qui
2515 4222 2598 4276 hic
2640 4240 2825 4294 poenas
2878 4243 2980 4279 non
3012 4227 3291 4290 dederunt,
3320 4229 3411 4282 sed
3443 4229 3599 4282 rebus
3645 4230 3721 4283 usi

2148 4318 2271 4363 sunt
2300 4313 2566 4380 prosperis
2586 4353 2600 4379 ,
2634 4313 2819 4383 majori
2843 4317 3100 4385 supplicio
3126 4317 3440 4372 afficientur.
3478 4318 3532 4372 ld
3561 4320 3720 4387 quod,

2147 4399 2192 4455 si
2221 4401 2411 4470 placet,
2437 4417 2539 4455 non
2571 4420 2632 4457 ex
2667 4403 2841 4458 futura
2873 4415 3073 4459 tantum
3122 4408 3259 4470 vita,
3306 4408 3399 4461 sed
3448 4408 3607 4461 etiam
3657 4424 3720 4462 cx

2148 4493 2396 4562 prtesenti
2430 4493 2522 4547 tibi
2549 4497 2795 4564 exemplo
2842 4499 3096 4565 probabo.
3127 4499 3319 4552 Beatus
3356 4501 3495 4554 enim
3538 4501 3717 4564 David,

2146 4582 2358 4652 quando
2397 4588 2635 4654 peccavit
2680 4604 2800 4642 cum
2852 4588 3113 4643 Bersabee
3138 4631 3152 4655 ,
3185 4606 3303 4643 cum
3348 4603 3655 4659 argueretur
3692 4608 3722 4644 a

2148 4675 2443 4743 prOpheta,
2493 4678 2612 4731 ideo
2667 4680 2895 4734 maxime
2946 4680 3307 4735 vehementius
3350 4683 3720 4747 incusabatur,

2147 4768 2286 4836 quod
2320 4771 2495 4823 multis
2519 4771 2736 4826 allectus
2767 4773 3056 4839 beneficiis,
3089 4775 3207 4829 talis
3248 4777 3356 4846 jam
3393 4786 3554 4832 esset.
3587 4778 3721 4831 Audi

2147 4861 2287 4913 enim
2315 4861 2479 4916 Deum
2508 4864 2555 4915 id
2577 4865 2650 4918 illi
2670 4866 3076 4935 exprobrantem
3110 4885 3122 4923 :
3152 4868 3332 4921 Annon
3356 4872 3479 4923 tinxi
3508 4872 3625 4923 tein
3647 4888 3725 4923 re-

2145 4969 2275 5022 gem,
2295 4963 2340 5007 et
2366 4955 2473 5007 erui
2504 4964 2548 5008 te
2573 4956 2634 5009 de
2660 4973 2809 5010 manu
2841 4957 3014 5012 Sutilis
3035 4974 3056 5012 :
3076 4960 3286 5029 dedique
3308 4961 3392 5013 tibi
3420 4962 3587 5014 omnia
3614 4975 3723 5029 quo:

2148 5045 2337 5097 domini
2366 5047 2439 5098 tui
2467 5049 2683 5115 fuerant,
2707 5058 2753 5101 et
2780 5050 3057 5103 universam
3079 5049 3282 5103 donmm
3303 5050 3469 5104 Israel
3488 5060 3534 5105 rt
3554 5051 3725 5104 Jndu?

2150 5134 2212 5186 Et
2240 5136 2283 5188 si
2313 5136 2416 5189 lucc
2445 5154 2606 5205 pauca
2634 5138 2719 5191 tibi
2741 5150 2920 5204 essent,
2947 5140 3182 5193 adderem
3223 5142 3309 5193 tibi
3346 5142 3473 5194 sicut
3513 5142 3626 5196 ista.
3663 5141 3724 5194 Et

2146 5226 2264 5292 quid
2297 5227 2458 5295 fecisti
2488 5229 2673 5281 malum
2698 5244 2863 5281 coram
2895 5246 2972 5282 me
3010 5229 3096 5297 (2.
3126 5230 3247 5301 Reg.
3284 5232 3363 5284 12.
3390 5231 3507 5285 7-9
3534 5231 3666 5295 )?'.‘l-
3692 5248 3722 5284 η
3786 5237 3793 5245 “

2147 5327 2271 5372 Sunt
2312 5321 2505 5389 quippe
2538 5320 2722 5374 eadem
2758 5337 2849 5386 pro
2880 5322 3124 5374 oritnihus
3158 5324 3403 5390 peccatis,
3438 5326 3528 5376 sed
3562 5326 3719 5377 multa

2149 5409 2395 5476 variaque
2425 5409 2699 5477 supplicia,
2723 5411 3011 5463 secundum
3036 5422 3266 5477 artatcm,
3287 5412 3573 5465 secundum
3606 5429 3716 5479 pcr-

2145 5514 2323 5561 sonas,
2344 5500 2977 5569 secundumdignitatem,
3004 5502 3332 5569 prudentiam
3371 5504 3575 5568 aliaque
3609 5505 3718 5571 pln-

2147 5591 2298 5645 rima.
2355 5591 2527 5660 thue
2555 5593 2747 5646 clarius
2790 5593 2993 5662 loquar,
3027 5611 3185 5647 unum
3216 5595 3265 5647 in
3297 5595 3468 5649 medio
3498 5606 3722 5663 ponatur

2212 5704 2281 5765 (η)
2308 5703 2573 5766 Pugillares
2596 5704 2862 5766 bujusznotli
2886 5704 3246 5767 palinq‘iscsltmt
3272 5714 3406 5753 vocat
3430 5702 3634 5752 Tullius-
