4076 6142
355 253 464 312 693

357 380 630 444 peccatum
656 412 672 437 ,
704 371 980 432 fornicatio
1011 387 1027 424 :
1057 379 1110 426 et
1139 370 1415 425 considera
1444 379 1572 440 quot
1595 383 1788 440 genera
1819 382 1944 435 sup-

355 465 632 534 pliciorum
661 471 966 527 occurrant,
999 477 1105 515 non
1133 477 1160 514 a
1193 461 1345 516 nobis
1371 461 1548 524 allata,
1573 461 1664 512 sed
1694 473 1763 512 ex
1795 457 1936 511 Serio

355 555 522 623 pluris
548 552 848 622 desumpta.
880 551 936 606 Si
972 552 1092 622 quis
1139 563 1261 605 ante
1311 555 1477 620 legem
1519 550 1806 603 fornicatus
1833 555 1934 611 est,

353 646 458 698 alio
497 643 657 698 modo
685 645 1004 712 supplicium
1036 644 1165 708 luit;
1198 644 1248 697 id
1279 644 1469 696 l‘aulus
1494 643 1725 695 ostendit
1755 655 1768 691 :
1810 639 1936 700 Qui-

353 753 566 807 cumque
589 738 698 791 sine
724 738 830 807 lege
857 749 1201 806 peccauerunt,
1223 737 1331 790 sine
1357 738 1465 806 lege
1489 734 1718 804 peribunt
1748 731 1935 804 (Rom.

351 829 408 883 ἓ.
445 829 511 882 12
530 830 573 899 ).
616 827 930 883 Fornicatus
955 838 1037 882 est
1064 831 1182 896 quis
1211 838 1330 897 post
1356 829 1547 896 legem,
1569 825 1809 896 graviora
1841 839 1938 894 pa-

355 921 515 973 tietur
547 938 560 973 :
595 919 850 989 Quotquot
882 920 1013 972 enim
1053 919 1104 972 in
1147 918 1253 989 lege
1279 926 1604 986 peccaverunt
1625 957 1640 982 ,
1669 931 1756 986 per
1782 915 1939 985 legem

350 1012 729 1082 iudicabuntur.
765 1010 1073 1065 Fornicatus
1119 1017 1200 1064 est
1225 1012 1345 1078 quis
1370 1007 1642 1072 sacerdos,
1674 1022 1738 1060 ex
1766 1005 1936 1075 digni-

356 1113 462 1155 tate
487 1102 901 1155 additamentum
931 1115 1100 1170 preme
1126 1101 1319 1170 accipit
1343 1100 1650 1154 maximum.
1673 1097 1797 1151 ideo
1823 1097 1938 1150 alite

356 1195 546 1263 puellm
605 1193 925 1246 fornicantes
977 1191 1390 1254 occidebantur;
1433 1189 1766 1243 sacerdotum
1809 1203 1938 1243 vero

355 1285 478 1338 lilia:
506 1283 988 1348 comburebantur,
1031 1289 1358 1337 monstrante
1403 1281 1704 1350 legislatore
1743 1291 1939 1350 quanta

354 1390 512 1444 pretia
537 1373 800 1429 sacerdoti
824 1375 890 1428 ita
917 1373 1152 1444 peccanti
1173 1373 1472 1426 immineret
1495 1390 1507 1423 :
1532 1385 1652 1424 nam
1674 1370 1718 1424 si
1743 1369 1934 1440 puella,

355 1465 496 1535 quod
526 1465 625 1518 lilia
646 1464 938 1519 sacerdotis
961 1472 1124 1528 esset,
1146 1464 1314 1529 majus
1333 1463 1425 1516 luit
1452 1462 1790 1532 supplicium,
1816 1461 1940 1514 mul-

357 1568 412 1611 to
439 1557 602 1626 majus
627 1557 739 1624 ipse
765 1555 1010 1609 sacerdos
1033 1554 1161 1608 luet.
1183 1553 1244 1607 Vi
1267 1567 1569 1622 compressa
1597 1551 1793 1606 femina
1817 1551 1934 1616 fuit,

357 1665 384 1700 a
409 1648 664 1716 supplicio
691 1647 776 1700 illa
809 1646 1097 1701 eximitur:
1127 1645 1240 1698 hmc
1265 1645 1533 1714 opulenta,
1565 1643 1757 1712 illaque
1789 1643 1941 1712 inops

357 1736 612 1792 fornicata
634 1747 715 1792 est
739 1755 750 1790 :
779 1736 863 1792 hic
881 1753 1088 1806 quoque
1106 1751 1382 1806 pcenarum
1409 1734 1696 1790 discrimen
1726 1745 1827 1790 est.
1860 1735 1941 1790 ld-

356 1844 459 1898 que
489 1830 658 1898 palam
685 1839 766 1884 est
795 1844 855 1884 ex
891 1829 952 1882 iis
977 1844 1094 1900 quae
1121 1827 1280 1883 modo
1304 1828 1609 1883 dicebamus
1629 1829 1696 1883 de
1720 1828 1936 1883 Davide.

360 1919 670 1974 Fornicatus
705 1929 787 1973 est
824 1919 1082 1988 quispiam
1111 1928 1226 1988 post
1260 1917 1544 1973 adventum
1574 1918 1795 1984 Christi,
1829 1935 1934 1971 non

360 2009 623 2063 initiatus:
643 2011 910 2079 graviores
937 2024 1092 2078 quam
1115 2010 1186 2064 illi
1208 2023 1396 2065 omnes
1411 2009 1556 2063 dabit
1578 2025 1784 2080 plenas.
1808 2008 1942 2064 For-

359 2103 561 2156 nit-atus
577 2112 659 2156 est
679 2102 794 2172 quis
824 2111 939 2170 post
970 2101 1234 2156 lavacrum
1254 2099 1416 2154 divini
1436 2100 1763 2170 baptismatis
1790 2099 1930 2168 :jam

361 2194 481 2248 huic
511 2194 650 2247 nulla
679 2193 992 2263 relinquitur
1016 2192 1309 2247 consolatio
1340 2193 1421 2246 vel
1455 2192 1714 2246 levamen.
1749 2193 1810 2245 Et
1840 2193 1939 2245 hoc

357 2289 532 2358 ipsum
563 2287 852 2341 ostendens
883 2287 1081 2340 Paulus
1110 2286 1321 2340 dicebat
1345 2304 1356 2339 :
1382 2284 1444 2340 Si
1462 2286 1573 2352 quis
1599 2286 1944 2352 contempserit

356 2384 514 2449 legem
540 2377 753 2448 Moysis,
785 2380 892 2432 sine
923 2378 1268 2432 misericordia
1297 2378 1487 2431 duobus
1514 2379 1591 2431 vel
1623 2375 1778 2430 tribus
1810 2378 1940 2430 testi-

357 2475 449 2523 bus
477 2469 910 2538 moritur(llebr.
958 2471 1045 2525 10.
1075 2470 1204 2539 28).
1250 2469 1460 2537 Quanto
1503 2467 1706 2538 majore
1752 2468 1946 2537 putatis

360 2561 619 2631 supplicio
667 2561 930 2618 afficietur
974 2563 1019 2617 is
1052 2562 1140 2634 qui
1174 2561 1361 2616 Filium
1400 2560 1491 2616 Dei
1533 2561 1943 2624 conculcaverit,

360 2653 448 2722 qui
476 2653 784 2726 sanguinem
837 2653 1160 2710 Testamenti
1216 2669 1553 2709 communem
1606 2654 1868 2725 putaverit
1896 2654 1945 2708 in

359 2761 466 2814 quo
503 2745 864 2800 sanetillcatus
893 2748 1090 2814 est,qui
1120 2745 1340 2816 gratiam
1369 2745 1597 2815 Spiritus
1626 2744 1946 2799 contumelia

361 2835 641 2890 atl‘ecerit?
689 2834 1002 2891 Fornicatus
1048 2851 1190 2890 nunc
1227 2845 1309 2890 est
1354 2834 1606 2890 sacerdos
1639 2835 1898 2904 quispiam
1930 2851 1945 2887 :

362 2928 465 2984 hoc
487 2929 715 2983 maxime
741 2929 1004 2983 malorum
1027 2930 1236 2984 culmen
1260 2938 1360 2984 est.
1394 2928 1634 2982 Vidistin‘
1653 2928 1806 2981 unius
1828 2941 1923 2996 pec

360 3020 464 3073 cati
487 3029 617 3088 quot
645 3019 750 3073 sint
771 3019 1082 3073 differentia!
1107 3018 1128 3072 ?
1157 3019 1269 3074 Alia
1300 3028 1422 3074 ante
1465 3018 1658 3089 legem,
1694 3019 1792 3071 alia
1833 3026 1949 3086 post

364 3109 555 3178 legem.
583 3111 873 3165 sacerdotis
891 3111 1014 3176 alia,
1035 3110 1214 3165 divitis
1241 3120 1292 3164 et
1321 3113 1566 3180 pauperis
1589 3111 1796 3166 feminae
1821 3111 1945 3178 alia,

363 3203 463 3254 alia
492 3216 619 3255 vero
647 3202 1064 3266 catechuntentc,
1090 3203 1259 3257 tidelis
1300 3211 1354 3256 et
1390 3202 1702 3256 sacerdotis.
1734 3205 1771 3256 Α
1820 3217 1945 3271 pru-

361 3292 538 3345 dentia
579 3309 789 3362 quoqttc
831 3292 995 3347 multa
1043 3303 1124 3349 est
1171 3293 1467 3348 differentia
1523 3310 1689 3347 :uam
1722 3295 1820 3361 Qui
1854 3294 1948 3348 scit

362 3385 665 3437 voluntatem
705 3384 911 3439 Domini
948 3387 1048 3447 sui,
1076 3397 1120 3439 et
1152 3402 1249 3439 non
1299 3387 1440 3457 facit,
1472 3387 1727 3456 vapulabit
1779 3388 1948 3441 multis

361 3476 378 3537 (
407 3473 530 3529 Lac.
567 3475 651 3530 12.
676 3477 742 3531 47
763 3479 801 3546 ).
824 3482 899 3532 Ac
922 3488 1040 3546 post
1072 3489 1148 3532 tot
1176 3488 1426 3548 tantaque
1447 3481 1685 3550 exempla
1718 3494 1944 3549 peccare

364 3568 536 3638 majus
571 3569 739 3623 adfert
765 3572 1101 3641 supplicium.
1131 3571 1278 3627 Unde
1309 3574 1378 3625 ait
1406 3589 1417 3623 :
1448 3573 1551 3627 Vos
1571 3583 1747 3628 autem
1773 3589 1945 3644 neque

363 3661 642 3726 videntes,
678 3663 1039 3730 ptrnitentiam
1091 3673 1270 3732 postea
1319 3665 1536 3734 egistis,
1579 3666 1701 3720 licet
1752 3682 1944 3738 magno

1313 251 1379 307 ΙΝ
1417 247 1820 308 ΜΑΤΤΙΙέΕυΜ
1861 246 2085 303 llOMlL.
2130 249 2360 306 LXXVI.
2399 249 2468 306 ai.
2509 253 2761 310 LXXVII.

3527 262 3632 320 694

2051 367 2191 421 cultu
2221 371 2333 424 sitis
2363 369 2624 425 honorati.
2668 371 2790 426 Ideo
2816 381 2870 426 et
2893 371 3242 444 JerOsolymte
3289 373 3389 430 hoc
3432 375 3632 447 impro-

2049 467 2193 525 perat
2240 459 2462 514 dicens:
2496 462 2700 527 Quoties
2743 464 2876 516 volui
2917 481 3220 535 congregare
3259 467 3392 534 ﬁlios
3418 479 3628 532 vestros,

2046 557 2091 600 et
2121 551 2350 604 noluistis
2381 551 2545 625 (Luc.
2572 555 2656 608 15.
2685 556 2751 610 31
2771 555 2828 623 )?
2859 556 2931 611 De
2957 558 3293 625 peccantibus
3321 576 3384 614 ex
3416 559 3629 614 delicia-

2048 655 2162 692 rnnt
2194 642 2343 708 copia
2389 642 2440 695 in
2491 642 2689 696 Lazaro
2718 646 3016 714 exemplum
3052 649 3238 702 habes.
3269 651 3310 702 A
3344 649 3462 703 loco
3503 657 3625 704 item

2046 733 2257 800 gravius
2296 732 2529 786 efﬁcitur
2571 749 2878 803 peccatum;
2913 740 3052 808 quod
3085 741 3162 795 sic
3207 741 3318 810 ipse
3349 742 3583 799 declarat
3614 762 3626 798 :

2053 826 2189 878 Inter
2231 829 2471 897 templum
2499 841 2543 882 et
2571 829 2750 886 altare.
2802 835 2854 884 Α
2887 833 3045 887 modo
3100 834 3225 888 item
3270 836 3625 892 delictorum:

2052 917 2168 970 Non
2195 919 2397 983 mirum,
2428 920 2617 988 ittqttit,
2645 931 2715 974 est
2745 922 2789 974 si
2817 926 2928 991 quis
2953 923 3132 993 furens
3170 928 3582 996 apprehendatur
3611 945 3628 982 .'

2048 1015 2246 1079 furatur
2261 1013 2393 1064 enim
2412 1022 2464 1064 ut
2480 1015 2700 1066 animant
2721 1032 2863 1067 suam
2900 1017 3103 1085 impleat
3130 1021 3426 1073 esurientem
3443 1019 3626 1094 (Prov.

2047 1100 2100 1153 6.
2132 1100 2265 1171 50):
2295 1111 2348 1154 et
2376 1117 2604 1165 rursum,
2660 1103 2901 1158 Occidisti
2937 1107 3072 1174 ﬁlios
3107 1118 3218 1159 tuos
3251 1120 3294 1161 et
3323 1110 3456 1177 ﬁlias
3486 1121 3629 1175 tuas,-

2048 1193 2140 1245 hoc
2189 1209 2338 1262 super
2366 1211 2559 1246 onmem
2592 1197 2974 1264 fornicationem
3001 1208 3137 1249 luam
3167 1209 3212 1250 et
3239 1199 3628 1254 abontinationes

2049 1293 2161 1338 tuas
2187 1286 2204 1352 (
2226 1285 2409 1338 Ezech.
2445 1286 2529 1340 16.
2568 1286 2696 1355 20).
2731 1288 2771 1340 A
2807 1289 3048 1356 personis
3079 1303 3242 1342 vero:
3271 1288 3332 1342 Si
3358 1292 3633 1360 peccaverit

2001 1406 2006 1411 -
2047 1376 2228 1444 aliquis
2269 1376 2322 1428 in
2363 1378 2655 1441 hominem,
2685 1379 2896 1430 orabunt
2939 1394 3028 1445 pro
3068 1395 3159 1440 eo;
3186 1379 3228 1431 si
3276 1380 3386 1448 quis
3427 1395 3541 1434 vero
3583 1381 3635 1433 in

2051 1465 2212 1520 Deum
2243 1469 2549 1536 peccaverit,
2573 1468 2682 1536 quis
2705 1466 2988 1537 precabitur
3029 1485 3121 1537 pro
3160 1469 3247 1522 illo
3270 1468 3359 1538 (1.
3406 1467 3534 1540 Reg.
3577 1469 3633 1522 9..

2047 1556 2191 1628 25)?
2216 1556 2426 1612 Etcum
2448 1557 2568 1626 quis
2587 1573 2699 1622 eos,
2717 1558 2807 1627 qui
2837 1558 3045 1612 caneris
3075 1559 3230 1628 longe
3259 1558 3467 1630 pejores
3487 1569 3631 1624 sunt,

2046 1649 2247 1704 desidia
2270 1649 2632 1720 superaverit;
2674 1649 2815 1719 quod
2842 1649 2983 1720 apud
3012 1649 3345 1706 Ezechielem
3374 1649 3517 1705 Deus
3536 1665 3635 1704 exs

2050 1742 2267 1812 probrat
2290 1783 2304 1805 ,
2333 1741 2513 1796 dicens
2541 1760 2554 1795 :
2582 1741 2756 1830 Nepae
2799 1743 3073 1796 secundum
3093 1743 3480 1816 justiﬁeationes
3514 1761 3635 1814 gen-

2049 1834 2172 1886 tium
2195 1833 2358 1904 fecisti
2383 1834 2399 1904 (
2428 1833 2607 1887 Ezech.
2645 1834 2695 1889 5.
2731 1833 2762 1886 7
2785 1833 2826 1905 ).
2854 1835 2919 1888 Et
2943 1850 3062 1888 cum
3087 1849 3152 1890 ne
3172 1835 3392 1889 aliorttm
3423 1836 3636 1905 quidem

2049 1923 2310 1992 exemplis
2357 1924 2705 1978 eluendamur
2739 1943 2752 1978 :
2792 1923 2924 1977 Vidit
2955 1941 3176 1978 sororem
3223 1925 3380 1992 ipsius
3402 1964 3415 1988 ,
3448 1925 3522 1977 ait
3547 1967 3560 1986 ,
3591 1933 3638 1978 et

2039 2015 2339 2085 justiticavit
2376 2033 2506 2069 eam.
2559 2016 2623 2070 Et
2665 2016 2877 2086 quando
2916 2016 3118 2086 majore
3169 2015 3287 2084 quis
3337 2015 3638 2084 patrocinio

2052 2120 2178 2159 usus
2203 2116 2284 2160 est
2313 2124 2324 2158 :
2351 2105 2411 2160 Si
2438 2107 2570 2159 enim
2595 2106 2644 2158 in
2675 2105 2828 2176 Tyro,
2846 2106 3032 2174 inquit,
3057 2115 3100 2158 et
3125 2104 3317 2159 Sidone
3340 2104 3418 2158 lite
3437 2108 3640 2158 virtutes

2053 2201 2202 2266 facta
2227 2198 2457 2269 fuissent,
2481 2198 2602 2251 olim
2626 2198 2966 2267 paenitentiam
2987 2197 3219 2267 egissent.
3249 2195 3492 2249 (laterum
3523 2197 3650 2248 tole-

2051 2291 2261 2346 rabilius
2285 2292 2376 2344 erit
2400 2289 2536 2360 Tyro
2566 2301 2611 2343 et
2643 2290 2844 2353 Sidoni,
2875 2305 3024 2359 quam
3049 2287 3238 2340 civitati
3267 2287 3383 2340 huic
3407 2285 3425 2357 (
3451 2285 3638 2339 Matth.

2055 2386 2140 2442 11.
2190 2385 2280 2440 21.
2321 2383 2391 2439 2?.
2415 2383 2454 2450 ).
2487 2381 2732 2436 Vidistin’
2770 2379 3059 2452 perfectam
3091 2380 3512 2444 accurationem,
3545 2391 3641 2432 nec

2052 2492 2240 2532 omnes
2284 2473 2593 2530 eorumdcm
2646 2482 2981 2542 peccatorum
3038 2485 3192 2540 pares
3241 2483 3426 2540 pennas
3471 2468 3643 2523 dare?

2053 2568 2183 2622 Nam
2205 2583 2326 2620 cum
2355 2575 2474 2634 post
2499 2564 2708 2633 longam
2733 2562 2824 2616 Dei
2855 2561 3163 2632 patientiam
3194 2559 3323 2615 nihil
3351 2560 3642 2620 lucramur,

2051 2660 2293 2731 graviora
2326 2658 2620 2728 patiemur;
2650 2667 2704 2710 et
2736 2655 2837 2710 hoc
2869 2655 3060 2708 Paulus
3099 2655 3393 2722 significat,
3419 2653 3641 2707 dicens:

2055 2752 2348 2807 Secundum
2387 2749 2627 2802 duritiam
2665 2760 2802 2801 tuam
2825 2788 2840 2812 ,
2873 2755 2920 2802 et
2947 2746 3262 2813 itnptenitcns
3289 2762 3376 2800 cor
3395 2788 3410 2810 ,
3443 2746 3642 2798 thesau-

2051 2845 2187 2898 risas
2216 2843 2303 2897 tibi
2331 2842 2458 2896 irent
2481 2839 2669 2912 (Rom.
2722 2839 2777 2893 2.
2825 2839 2916 2910 5).
2967 2838 3092 2894 Hinc
3119 2853 3240 2894 cum
3286 2839 3516 2892 sciamus
3536 2878 3550 2900 ,
3576 2851 3642 2890 ne

2055 2933 2386 2990 oﬁ‘endamur
2427 2933 2510 2987 vel
2558 2931 2832 2986 turbemur
2871 2930 2938 2986 de
2977 2945 3154 2984 rerum
3203 2939 3425 2994 eventu,
3471 2941 3644 2996 neque

2053 3026 2434 3097 cogitationum
2477 3023 2725 3078 fluctibus
2764 3023 3054 3094 agitemur;
3093 3021 3187 3076 sed
3227 3019 3641 3090 incomprehen-

2054 3117 2288 3173 sibilitati
2317 3116 2508 3171 divinae
2531 3114 2877 3184 providentiae
2902 3113 3153 3169 cedentes
3176 3154 3192 3178 ,
3221 3112 3433 3168 virtutis
3454 3125 3638 3166 curam

2054 3208 2344 3264 habeamus
2364 3249 2378 3273 ,
2411 3207 2807 3276 nequitiamque
2837 3203 3097 3275 fugiamus
3128 3222 3140 3258 :
3171 3212 3226 3258 ut
3255 3201 3446 3257 futuris
3487 3201 3641 3256 bonis
3675 3239 3700 3268 ι

2055 3303 2351 3372 potiamur,
2385 3300 2552 3370 gratia
2576 3308 2630 3353 et
2656 3298 2979 3368 benignitate
3028 3295 3233 3350 Domini
3287 3294 3458 3350 nostri
3514 3292 3644 3348 Jesu

2054 3393 2287 3460 Christi,
2321 3407 2415 3462 per
2440 3406 2599 3460 quem
2631 3399 2686 3444 et
2723 3405 2844 3444 cum
2871 3404 2976 3459 quo
3007 3387 3149 3443 Patri
3181 3389 3347 3459 gloria
3389 3402 3492 3442 una
3519 3401 3642 3440 cum

2055 3497 2240 3542 sancto
2266 3483 2466 3554 Spiritu
2503 3523 2520 3550 ,
2552 3496 2692 3537 nunc
2717 3490 2772 3536 et
2799 3495 3031 3550 semper,
3064 3489 3115 3535 et
3148 3481 3198 3533 in
3239 3479 3433 3534 smcula
3465 3493 3639 3534 sarcu-

2056 3580 2249 3634 lorum.
2278 3579 2467 3632 Amen.

1454 3875 1799 3936 HOMILIA
1844 3877 2131 3937 LXXVI.
2179 3875 2264 3936 al.
2309 3872 2629 3934 LXXVI].

361 4016 491 4072 Car.
531 4017 619 4072 24.
661 4034 713 4070 v.
758 4017 842 4073 16.
890 4017 1027 4072 Tunc
1070 4018 1154 4087 qui
1207 4017 1257 4070 in
1295 4016 1480 4071 ludam
1532 4027 1681 4082 sunt,
1731 4019 1930 4089 fugiant

438 4113 506 4164 ad
536 4121 727 4164 montes
753 4129 770 4174 ;
810 4113 896 4166 17.
932 4119 977 4164 et
1007 4112 1089 4182 qui
1113 4128 1268 4180 supra
1301 4120 1518 4178 tectum,
1544 4128 1646 4165 non
1675 4111 1942 4168 descendat

435 4203 609 4257 tollere
637 4203 830 4270 aliquid
855 4202 918 4256 de
941 4203 1091 4255 domo
1115 4218 1241 4264 sua;
1273 4201 1357 4256 18.
1392 4211 1439 4254 et
1458 4203 1542 4272 qui
1573 4203 1623 4256 in
1657 4217 1782 4274 agro
1803 4244 1817 4269 ,
1844 4219 1946 4256 non

435 4306 708 4349 revertatur
732 4296 905 4349 tollere
928 4295 1216 4348 vestimenta
1246 4311 1360 4360 sua,
1393 4302 1496 4349 etc.
1626 4285 1662 4300 ’⁵

442 4387 492 4440 1.
534 4385 730 4439 Judteis
771 4394 881 4454 post
921 4401 1085 4438 necem
1115 4383 1302 4440 Christi
1343 4401 1456 4455 spes
1502 4385 1665 4440 omnis
1709 4387 1944 4453 pracisa.

368 4477 569 4544 Quanta
592 4479 738 4547 fuerit
763 4478 962 4532 illorum
980 4478 1264 4542 calamitas;
1285 4495 1418 4532 mors
1439 4477 1626 4532 Christi
1642 4480 1778 4533 illius
1797 4497 1950 4533 causa

367 4569 484 4637 fuit.
505 4569 861 4637 —l’ostquam
889 4567 955 4621 de
983 4567 1137 4622 malis
1161 4567 1424 4622 civitatem
1452 4568 1713 4623 invasuris
1736 4610 1751 4634 ,
1780 4570 1952 4639 deque

367 4659 724 4728 apostolorum
744 4659 1117 4714 certaminibus
1133 4659 1357 4724 dixerat,
1379 4659 1497 4712 illos
1519 4675 1708 4728 nempe
1730 4662 1952 4716 invictos

371 4749 506 4814 fore,
536 4760 812 4820 totumque
840 4749 1021 4804 orbem
1053 4765 1374 4820 pervasuros
1398 4764 1538 4816 esse,
1566 4751 1810 4806 Judaicas
1837 4769 1953 4807 rur-

370 4857 486 4894 sum
513 4841 841 4899 calamitates
876 4840 1162 4902 describit,
1203 4839 1493 4895 ostendens
1513 4883 1527 4905 ,
1557 4842 1768 4910 quando
1795 4843 1952 4898 disci-

369 4931 476 4998 puli
506 4931 769 4999 splendidi
800 4941 957 4984 erunt
988 4938 1264 4997 totumque
1293 4929 1560 4986 docebunt
1586 4933 1790 4999 orbem,
1832 4942 1954 4988 tunc

369 5023 486 5076 illos
511 5023 562 5075 in
583 5022 970 5077 calamitatibus
992 5031 1299 5076 versaturos
1319 5038 1457 5077 esse.
1482 5024 1757 5093 Perpende
1780 5035 1952 5080 autem

369 5112 635 5180 quomodo
667 5113 861 5165 bellant
891 5122 1104 5167 enarret
1126 5154 1138 5175 ,
1169 5129 1265 5182 per
1307 5129 1366 5166 ea
1397 5130 1514 5182 quae
1547 5117 1764 5169 minima
1803 5116 1948 5170 vide-

371 5206 564 5258 bantur
591 5206 922 5260 atrocitatem
956 5206 1072 5273 ejns
1101 5206 1393 5260 declarans.
1424 5205 1600 5269 Tunc,
1639 5208 1835 5278 inquit,
1870 5211 1955 5277 qui

369 5295 420 5346 in
449 5293 632 5347 Judtea
659 5304 794 5355 sunt,
827 5299 1027 5365 fugiant
1052 5297 1119 5350 ad
1141 5306 1350 5350 montes.
1385 5296 1543 5357 Tunc,
1576 5297 1956 5365 quandOnam?

368 5387 501 5441 cum
527 5387 638 5438 haee
659 5388 924 5442 evenient.
949 5402 1067 5439 cum
1091 5388 1410 5442 abominatio
1432 5387 1776 5442 desolationis
1797 5389 1958 5442 stabit

379 5478 432 5529 in
477 5476 594 5530 loco
637 5487 841 5530 sancto.
875 5475 1027 5530 Unde
1057 5476 1184 5530 mihi
1214 5475 1421 5530 videtur
1447 5480 1713 5532 exercitus
1754 5479 1953 5533 dicere.

371 5567 524 5622 Tunc
553 5567 716 5638 fugite
741 5607 756 5632 ,
790 5567 960 5636 inquit
993 5589 1005 5618 :
1047 5567 1188 5621 nulla
1219 5569 1360 5621 enim
1388 5569 1640 5638 deinceps
1666 5569 1813 5624 vobis
1836 5584 1958 5639 spes

375 5658 558 5714 salutis
588 5658 709 5715 erit.
738 5657 870 5712 Nam
897 5659 1018 5728 quia
1042 5659 1093 5713 in
1122 5659 1371 5730 gravibus
1397 5660 1518 5713 olitn
1553 5661 1724 5723 bellis,
1755 5677 1784 5716 c
1805 5661 1957 5716 malis

697 5773 969 5831 ΡΔΤιιοι..
1016 5770 1130 5829 Gtt.
1185 5764 1398 5826 LVlll.

2038 4019 2251 4073 demum
2270 4021 2618 4079 emerserant,
2638 4022 2692 4066 ut
2709 4014 2806 4068 sub
2827 4011 3155 4068 Senaclterib
3175 4022 3230 4065 et
3247 4012 3344 4066 sub
3361 4009 3643 4076 Antiocho;

2050 4111 2248 4164 etenim
2299 4117 2424 4162 tunc
2466 4105 2742 4175 temporis,
2797 4119 2917 4156 cum
2967 4106 3235 4159 exercitus
3283 4104 3645 4168 invasissent,

2053 4199 2408 4269 templumque
2433 4207 2645 4267 captum
2672 4203 2834 4261 esset,
2865 4194 3179 4250 Macchabtei
3211 4195 3261 4249 in
3295 4194 3476 4250 hostes
3512 4208 3648 4249 con-

2051 4294 2212 4360 versi,
2245 4307 2418 4348 rerum
2449 4289 2636 4345 faciem
2663 4296 3030 4352 mutaverunt;
3055 4301 3122 4341 ne
3140 4302 3278 4342 nunc
3299 4286 3456 4341 etiam
3486 4285 3646 4344 talem

2053 4389 2167 4442 fore
2187 4386 2531 4442 mutationem
2553 4383 2967 4452 sustiicarentur,
2989 4397 3200 4437 omnem
3219 4397 3366 4451 spem
3387 4381 3645 4450 praecidit.

2054 4479 2152 4534 Vix
2183 4485 2450 4548 poterunt,
2483 4474 2672 4544 inquit,
2707 4474 2848 4528 nudo
2871 4490 3098 4544 corpore
3122 4474 3346 4529 servari.
3374 4473 3496 4528 Ideo
3519 4474 3640 4528 illos

2055 4571 2142 4641 qui
2163 4583 2321 4640 supra
2344 4577 2538 4622 tectum
2562 4577 2682 4620 sunt
2707 4580 2808 4619 non
2834 4565 3089 4634 permittit
3109 4566 3160 4618 in
3185 4565 3402 4618 domum
3423 4564 3647 4626 intrare,

2057 4673 2113 4717 ut
2142 4663 2452 4716 vestimenta
2481 4674 2572 4714 sua
2603 4659 2806 4724 tollant,
2829 4655 3148 4711 inevitabilia
3172 4655 3465 4727 depingens
3509 4656 3647 4708 mala

2057 4763 2109 4807 ct
2137 4750 2582 4806 intermittabilem
2611 4749 2986 4814 calamitatem,
3011 4749 3062 4802 in
3084 4762 3238 4818 quam
3267 4745 3358 4815 qui
3381 4745 3647 4811 inciderit,

2063 4842 2369 4902 necessario
2393 4843 2605 4911 peribit.
2642 4839 2765 4895 Ideo
2793 4840 2994 4909 adjicit,
3030 4839 3132 4907 Qui
3151 4841 3202 4892 in
3227 4853 3371 4909 agro,
3403 4853 3466 4891 ne
3485 4853 3646 4896 rever-

2059 4949 2194 4989 tatur
2233 4934 2412 4990 tollere
2448 4934 2735 4988 vestimenta
2783 4949 2894 4987 sua.
2927 4933 3057 4988 Nam
3087 4932 3130 4986 si
3162 4931 3251 5002 qui
3283 4931 3427 4986 intus
3475 4939 3603 4985 sunt
3627 4969 3648 4996 ,

2060 5027 2264 5096 fugiunt
2287 5069 2301 5091 ,
2334 5026 2502 5078 multo
2552 5025 2727 5078 minus
2767 5028 2853 5094 qui
2887 5022 3014 5080 foris
3039 5031 3197 5087 sunt,
3251 5021 3393 5076 intro
3423 5020 3645 5092 fugiant.

2063 5116 2148 5170 19.
2193 5115 2279 5168 Va:
2318 5125 2486 5168 autem
2529 5113 2908 5184 praegnantibus
2954 5124 2998 5167 et
3031 5112 3330 5166 lactantibus
3350 5127 3369 5176 ;
3399 5111 3505 5167 illis
3529 5113 3649 5181 qui-

2061 5208 2182 5262 dem
2219 5207 2360 5276 quod
2393 5205 2656 5259 tardiores
2700 5206 2835 5269 sint,
2867 5221 2962 5259 nec
3012 5207 3216 5267 possint
3249 5204 3399 5258 facile
3425 5201 3607 5273 fugere
3631 5242 3647 5268 ,

2061 5313 2224 5350 onere
2246 5297 2446 5350 ventris
2473 5305 2726 5359 retentae;
2756 5296 2878 5359 illis,
2906 5295 3043 5365 quod
3064 5295 3264 5348 amoris
3291 5293 3503 5347 vinculo
3522 5307 3646 5362 θεῖα

2063 5389 2321 5443 lactentes
2345 5387 2702 5451 detineantur,
2733 5401 2832 5441 nec
2861 5387 3068 5455 possint
3093 5400 3185 5439 eos
3209 5396 3444 5439 servare.
3477 5383 3646 5437 Pecu-

2065 5481 2178 5533 nias
2199 5479 2339 5532 enim
2365 5487 2418 5532 et
2439 5487 2780 5533 contemnere
2801 5486 2856 5531 et
2870 5491 3082 5531 servare
3103 5473 3256 5530 facile
3275 5482 3376 5540 est,
3399 5473 3646 5544 idemque

2065 5571 2131 5626 de
2157 5571 2396 5625 vestibus
2421 5570 2574 5634 dico;
2598 5585 2714 5638 qua:
2735 5579 2912 5624 autem
2940 5578 3126 5623 natura
3151 5569 3241 5622 dat
3261 5567 3380 5637 quis
3407 5564 3652 5636 effugiat?

2069 5659 2338 5731 quomodo
2367 5673 2646 5731 praegnans
2675 5659 2844 5716 levior
2891 5657 3187 5715 efﬁciatur?
3214 5657 3484 5730 quomodo
3523 5671 3644 5726 quae

3244 5755 3318 5818 15
