4076 6142
451 267 558 325 695

452 386 613 441 lactat
661 382 855 452 poterit
897 380 1180 436 laeteutem
1224 375 1541 446 deSpicere?
1589 372 1788 428 Deinde
1822 386 2039 426 rursum

450 477 771 533 calamitatis
802 471 1216 543 magnitudinem
1249 467 1558 534 ostendens,
1591 466 1700 520 ait:
1732 463 1828 520 20.
1865 463 2039 528 Orate,

452 587 517 624 ne
547 570 636 637 ﬁat
665 572 789 639 fuga
825 575 987 620 vestra
1021 564 1074 617 in
1105 564 1265 616 hieme
1289 605 1302 627 ,
1329 578 1419 615 nec
1445 561 1497 614 in
1543 559 1770 613 sabbato.
1803 556 1893 611 2i.
1931 555 2043 609 Erit

451 664 586 716 enim
621 673 736 716 tunc
767 659 1028 712 tribulatio
1069 673 1255 727 magna
1277 696 1292 722 ,
1325 653 1490 726 qualis
1525 669 1626 706 non
1673 654 1769 722 fuit
1797 652 1860 703 ab
1898 649 2041 702 initio

452 757 630 811 mundi
655 770 812 824 usque
847 769 980 807 nunc
1001 795 1016 819 ,
1048 767 1207 822 neque
1247 750 1352 820 ﬁet.
1385 745 1574 802 Vidcn'
1599 745 1665 800 ad
1692 743 1904 800 Judacos
1930 757 2045 796 scr-

452 865 666 906 moncm
693 848 894 913 haberi,
920 857 973 902 et
997 845 1132 902 mala
1155 845 1298 916 ipsos
1323 844 1569 898 invasura
1597 838 1797 893 narrari
1820 834 2042 905 ?Neque

452 941 596 999 enim
618 940 845 1010 apostoli
875 938 1153 994 sabbatum
1181 935 1511 991 ohservaturi
1538 939 1709 997 erant,
1739 944 1912 999 neque
1935 928 2042 981 illic

454 1043 582 1089 tunc
611 1032 871 1089 versaturi
895 1071 909 1095 ,
941 1045 1047 1101 quo
1078 1036 1316 1097 tempore
1343 1025 1699 1095 Vespasianus
1745 1021 1859 1074 haec
1902 1018 2040 1072 mala

453 1125 695 1180 illaturus
739 1131 873 1178 erat.
905 1121 1038 1176 Nam
1084 1120 1310 1173 maxima
1354 1131 1475 1186 pars
1500 1113 1880 1182 discipulorum
1918 1116 2041 1162 ante

453 1216 730 1277 obierant;
757 1213 801 1268 si
832 1214 919 1282 qui
944 1226 1075 1267 vero
1107 1209 1302 1265 residui
1333 1216 1505 1271 erant,
1533 1207 1583 1258 in
1610 1204 1729 1258 aliis
1752 1201 1896 1257 orbis
1919 1215 2040 1269 par-

458 1311 601 1364 tibus
629 1318 754 1362 tunc
787 1305 1157 1361 versabantur.
1190 1300 1297 1357 Cur
1351 1315 1454 1354 non
1510 1298 1564 1352 in
1596 1296 1771 1350 hieme
1799 1335 1813 1359 ,
1847 1307 1947 1347 nec
1987 1290 2040 1344 in

455 1401 718 1458 sabbato?
745 1398 801 1453 in
835 1398 1046 1462 hieme,
1077 1395 1144 1450 ob
1178 1393 1432 1462 temporis
1481 1390 1620 1444 illius
1655 1385 1996 1442 difficultates
2025 1401 2038 1437 :

455 1495 509 1549 in
553 1492 775 1548 sabbato
801 1531 815 1554 ,
860 1489 928 1544 ob
959 1488 1090 1558 legis
1133 1485 1521 1540 auctoritatem.
1556 1479 1687 1548 Quia
1733 1477 1874 1532 enim
1921 1474 2039 1543 fuga

458 1601 594 1656 opus
617 1594 742 1648 est,
773 1593 825 1637 et
854 1583 975 1652 fuga
1006 1578 1340 1634 velocissima
1365 1592 1380 1640 ;
1414 1589 1588 1644 neque
1618 1573 1671 1627 in
1698 1571 1917 1625 sabbato
1944 1568 2039 1623 Ju-

455 1679 553 1732 daei
580 1687 702 1731 tunc
724 1674 906 1744 fugere
926 1672 1211 1735 audebant,
1232 1684 1299 1724 ne
1322 1669 1488 1737 legem
1513 1663 2038 1733 transgrederentur;

455 1782 630 1839 neque
651 1766 810 1821 etiam
841 1764 893 1818 in
921 1763 1097 1818 hieme
1127 1761 1278 1816 facile
1299 1769 1434 1823 erat,
1458 1756 1579 1812 ideo
1606 1755 1700 1821 ait,
1727 1752 1903 1807 Orate.
1929 1750 2044 1802 Erit

455 1862 590 1915 enim
614 1868 730 1912 tunc
755 1855 1016 1910 tribulatio
1041 1853 1207 1924 qualis
1232 1866 1505 1919 numquam
1537 1848 1653 1919 fuit,
1686 1860 1844 1914 neque
1869 1849 2043 1911 postea

455 1955 564 2007 erit.
596 1949 673 2006 Ne
698 1948 818 2019 quis
851 1962 979 2002 vero
1013 1953 1170 2017 putet
1199 1943 1250 1999 id
1280 1940 1622 2014 hyperbolice
1649 1937 1848 1991 dictum
1888 1947 2042 1997 esse;

456 2045 551 2101 sed
581 2045 721 2114 legat
745 2039 972 2112 Iosephi
1003 2039 1190 2100 libros,
1221 2046 1275 2090 et
1302 2033 1476 2088 discat
1503 2029 1579 2085 rei
1610 2026 1916 2083 veritatem.
1943 2022 2048 2076 Ne-

457 2157 563 2212 que
605 2141 747 2196 enim
788 2135 984 2193 dixerit
1024 2130 1290 2205 quispiam
1315 2168 1329 2191 ,
1358 2126 1506 2179 illum
1535 2129 1719 2212 utpote
1756 2117 1845 2188 qui
1877 2114 2046 2212 fidelis

459 2207 574 2291 sive
613 2231 946 2288 Christianus
975 2232 1156 2288 esset,
1189 2230 1248 2277 ut
1291 2218 1446 2274 dictis
1472 2215 1632 2269 fidem
1675 2210 1874 2267 faceret
1901 2248 1916 2270 ,
1947 2207 2045 2261 ista

460 2326 598 2382 mala
621 2321 1008 2392 amplificasse;
1035 2331 1153 2370 nam
1185 2320 1239 2368 et
1263 2308 1498 2371 Iudaeus,
1526 2313 1685 2374 atque
1711 2303 1849 2355 inter
1866 2296 2046 2353 Judai-

463 2431 648 2472 corum
680 2390 1106 2468 ferventissimos
1132 2405 1364 2459 cultores
1392 2405 1512 2468 post
1530 2392 1728 2449 Christi
1761 2390 2047 2446 adventum

463 2517 598 2563 erat.
631 2504 767 2573 Quid
797 2503 954 2573 igitur
981 2506 1160 2553 narrat
1192 2492 1315 2550 ille?
1340 2489 1685 2547 Calamitatcs
1715 2483 1831 2539 illas
1855 2491 2050 2550 tragm-

460 2601 604 2656 diam
651 2611 866 2652 omnem
910 2604 1230 2662 superasse,
1272 2585 1575 2652 bellumque
1621 2577 1724 2634 tale
1765 2588 2050 2645 numquam

461 2692 634 2748 cuivis
683 2687 826 2760 genti
855 2693 1052 2741 tantam
1081 2679 1326 2736 attulisse
1355 2674 1582 2730 cladem.
1611 2670 1781 2726 Tanta
1807 2666 1950 2723 enim
1975 2664 2052 2719 fa-

465 2799 580 2840 mes
606 2790 720 2838 erat
741 2821 756 2847 ,
797 2788 856 2834 ut
897 2785 1096 2831 matres
1123 2772 1190 2827 de
1217 2764 1566 2824 comedendis
1607 2761 1785 2833 pueris
1825 2761 1964 2812 inter
1993 2770 2052 2810 se

459 2877 821 2938 decertarent,
839 2876 893 2925 et
913 2867 1012 2921 hac
1027 2865 1094 2920 de
1115 2878 1176 2918 re
1200 2869 1383 2916 mutuo
1402 2862 1693 2928 pugnarent
1716 2868 1730 2916 ;
1755 2849 2054 2917 multosque

465 2976 710 3024 mortuos
754 2979 783 3018 a
829 2968 1017 3017 ventre
1060 2954 1314 3012 discissos
1361 2948 1543 3004 fuisse.
1590 2943 1842 3000 Libenter
1901 2938 2056 3008 igitur

465 3060 685 3118 Iudaeos
731 3057 1118 3122 interrogarem
1143 3088 1156 3112 ,
1188 3043 1459 3099 uudenam
1503 3038 1620 3091 haec
1665 3042 1812 3088 tanta
1844 3041 2057 3099 tamque

467 3132 801 3209 intoleranda
825 3145 1102 3202 calamitas
1121 3156 1150 3193 a
1173 3137 1350 3194 divina
1369 3135 1443 3189 ira
1466 3132 1596 3203 ipsis
1619 3127 1854 3184 immissa
1879 3122 2053 3187 fuerit,

469 3261 588 3316 qua:
610 3240 904 3313 praeteritas
929 3247 1116 3291 ornnes
1133 3273 1155 3301 ,
1187 3246 1292 3286 non
1319 3226 1478 3282 modo
1504 3227 1554 3279 in
1582 3221 1824 3278 'Judzeam
1842 3259 1856 3284 ,
1886 3215 1981 3271 sed
2007 3223 2061 3316 et

470 3308 569 3410 per
611 3308 783 3393 totum
820 3330 1022 3387 orbem
1078 3329 1316 3383 invectas
1372 3308 2061 3410 calamitatessuperaret?

472 3398 666 3486 λιιιιοη
696 3426 764 3480 ob
783 3421 1026 3479 crucifixi
1054 3416 1249 3474 Christi
1289 3412 1496 3468 facinus
1536 3407 1596 3462 id
1624 3402 1882 3459 accidisse
1909 3398 2062 3454 dixe-

474 3521 582 3575 rint
607 3530 797 3573 omnes
821 3555 836 3580 ,
863 3526 927 3567 ac
967 3523 1074 3581 prae
1095 3505 1344 3561 omnibus
1383 3504 1496 3572 ipsa
1520 3511 1698 3553 rerum
1725 3490 1957 3548 veritas?
1983 3487 2062 3581 Tu

479 3625 607 3665 vero
634 3605 764 3662 mihi
804 3579 1063 3659 malorum
1089 3595 1366 3652 cumulum
1395 3589 1676 3646 considera
1697 3628 1712 3652 ,
1739 3579 2066 3654 quandoqui-

479 3700 602 3756 dem
641 3711 737 3752 aec
768 3690 1126 3766 praecedenti,
1160 3688 1268 3743 imo
1299 3698 1415 3739 .nec
1457 3677 1798 3749 subsequenti
1829 3683 2067 3742 tempore

479 3791 749 3864 quidpiam
795 3788 868 3843 ita
894 3783 1264 3842 calamitosum
1313 3775 1553 3846 reperire
1574 3772 1724 3864 licet.
1758 3769 1850 3824 His
1869 3766 2069 3864 quippe

481 3855 638 3940 malis
665 3895 761 3936 nec
788 3877 934 3948 prius
956 3889 1058 3931 nec
1079 3870 1343 3943 posterius
1367 3863 1644 3938 paria'visa
1657 3860 1842 3916 "fuere.
1869 3857 1935 3911 Et
1950 3855 2071 3948 jure

480 3975 718 4048 quidem.
749 3946 932 4040 Neque
961 3967 1102 4024 enim
1145 3962 1318 4036 quivis
1361 3958 1635 4013 hominum
1664 3952 1751 4008 vel
1791 3959 1947 4048 antea
1985 3946 2068 4002 vel

481 4043 686 4139 postea.
713 4074 816 4119 tam
835 4062 1096 4131 iniquum,
1116 4067 1221 4111 tam
1246 4050 1574 4109 horrendum
1594 4047 1768 4103 scelus
1791 4043 2074 4139 admittere

485 4135 648 4215 ausus
670 4165 770 4212 est.
794 4153 916 4209 ldeo
940 4153 1043 4206 ait:
1069 4148 1182 4202 Erit
1211 4144 1466 4201 tribulatio
1503 4139 1666 4210 qualis
1701 4154 1804 4192 non
1826 4135 1959 4206 fuit,
1982 4148 2073 4187 nec

488 4256 606 4306 erit.
643 4247 735 4302 Q2.
771 4245 834 4299 Et
871 4244 967 4298 nisi
1002 4238 1273 4295 abbrev-iati
1304 4236 1515 4308 fuissent
1547 4231 1652 4285 dies
1673 4228 1749 4284 illi
1773 4269 1788 4294 ,
1815 4243 1914 4280 non
1940 4225 2077 4294 fieret

489 4343 635 4397 salua
657 4337 818 4394 omnis
832 4352 964 4390 .caro
979 4349 1008 4390 ;
1041 4341 1244 4402 prapter
1272 4329 1453 4384 electos
1473 4332 1637 4378 autem
1665 4317 2080 4374 abbreviabuntur

490 4434 601 4488 dies
627 4431 742 4486 .illi.
788 4427 924 4483 Hinc
953 4423 1187 4480 ostendit
1214 4421 1333 4476 illos
1360 4415 1588 4488 graviori
1618 4413 1775 4469 etiam
1820 4409 2079 4481 supplicio

495 4527 685 4597 dignos
715 4522 877 4578 fuisse
900 4560 918 4587 ,
960 4533 1053 4587 per
1080 4514 1308 4584 illosque
1349 4511 1465 4566 dies
1512 4504 1757 4575 intelligit
1787 4500 2081 4597 belli‘obsi-

491 4593 776 4688 dionisque
789 4623 1016 4681 tempus.
1033 4608 1146 4664 Hoc
1167 4620 1324 4676 porro
1339 4602 1447 4658 vult
1471 4599 1791 4671 signiﬁcare.
1815 4593 2082 4650 Sidiutius

491 4711 854 4766 Romanorum
899 4708 1086 4758 contra
1122 4698 1304 4752 urbem
1349 4695 1491 4749 illam
1540 4691 1736 4746 bellum
1781 4692 2080 4742 extractum

492 4807 700 4866 luisset,
731 4811 918 4852 omnes
943 4793 1113 4850 Judaei
1149 4789 1458 4861 periissem:
1485 4799 1608 4838 nam
1630 4795 1842 4836 omnem
1867 4791 2081 4832 carnem

495 4895 582 4948 hic
601 4906 696 4962 pro
718 4887 938 4944 Judaica
981 4882 1192 4954 posuit;
1221 4879 1540 4947 Judaeosque
1570 4871 1942 4962 complectitur
1976 4883 2081 4922 non

491 4961 776 5038 eosmodo
797 4978 1038 5047 quiintra
1062 5015 1078 5041 ,
1115 4972 1210 5028 sed
1244 4985 1337 5026 eos
1361 4969 1519 5024 etiam
1558 4966 1647 5038 qui
1683 4972 1830 5020 extra
1846 4961 2086 5018 Judzcam

497 5081 671 5130 erant.
703 5069 818 5125 Non
838 5067 1010 5124 solum
1029 5064 1168 5119 enim
1191 5063 1236 5117 si
1261 5061 1347 5132 qui
1365 5062 1416 5116 in
1439 5058 1620 5115 Iud-.ea
1641 5069 1790 5112 erant
1810 5055 2084 5124 imaugna-

495 5169 736 5229 bantur;
776 5174 960 5216 verum
987 5158 1146 5212 etiam
1186 5153 1420 5224 eos,.qui
1458 5150 1653 5221 ubique
1693 5160 1950 5204 terrarum
1988 5146 2084 5202 de-

498 5261 716 5332 gebant,
744 5250 1142 5326 proscribebant
1171 5247 1540 5318 fugabantque,
1569 5243 1692 5332 odio
1721 5239 1966 5332 permoti.

572 5349 627 5404 2.
658 5350 932 5415 Quosnam
959 5348 1136 5396 autem
1169 5337 1256 5392 hic
1287 5336 1487 5391 electos
1515 5331 1701 5388 vocat?
1730 5330 1940 5386 Fideles
1958 5370 1972 5393 ,
2000 5328 2089 5398 qui

495 5447 560 5500 in
599 5439 778 5494 medio
826 5436 1038 5490 illorum
1077 5428 1316 5487 conclusi
1354 5435 1526 5483 erant.
1555 5423 1633 5479 Nc
1673 5422 1914 5477 dicerent
1947 5420 2087 5475 enim

504 5531 710 5598 Judaei,
740 5529 856 5582 haec
885 5525 1022 5581 mala
1050 5522 1285 5578 immissa
1317 5520 1480 5574 fuisse
1523 5516 1590 5572 ob
1622 5514 2048 5586 praedicationem
2073 5552 2088 5576 ,

500 5636 562 5678 et
578 5622 997 5694 .quodCbristus
1021 5617 1355 5678 adoreretur,
1377 5611 1610 5668 ostendit
1636 5610 1819 5665 fideles
1843 5609 1962 5663 illos
1989 5623 2092 5662 non

503 5715 670 5774 modo
701 5713 830 5784 ipsis
849 5725 1064 5767 causam
1089 5709 1350 5766 malorum
1389 5721 1494 5762 non
1520 5705 1702 5769 fuisse,
1733 5702 1828 5759 sed
1857 5701 2017 5757 etiam
2047 5699 2111 5763 si

1213 263 1271 319 S.
1311 255 1585 318 JOANNIS
1619 253 2099 315 CllRYSOSTOMl
2138 254 2454 316 ARCHIEP.
2496 255 3024 319 CONSTANTINOP.

3623 261 3731 323 696

2154 372 2226 427 illi
2258 388 2366 429 non
2393 374 2718 443 adfuissent,
2745 392 2932 433 omnes
2974 377 3226 434 radicitus
3252 378 3516 450 perituros
3547 381 3732 440 fuisse.

2150 465 2283 520 Nam
2305 467 2347 521 si
2373 468 2702 536 permisisset
2725 471 2862 525 Deus
2884 471 3078 526 bellum
3096 469 3308 539 durare,
3338 472 3498 528 nulla:
3517 470 3736 530 Judzeo-

2152 574 2269 612 rum
2295 558 2516 615 fuissent
2544 561 2780 630 reliquis:
2811 581 2823 615 :
2859 563 2952 618 sed
2982 581 3050 618 ne
3073 579 3193 618 cum
3213 563 3516 620 infidelibus
3539 565 3738 622 Judzeis

2155 648 2337 706 ﬁdeles
2363 667 2429 707 ex
2456 653 2560 707 illis
2583 656 2685 708 orti
2710 655 2964 724 perirent,
2985 656 3182 711 bellum
3198 658 3353 712 citius
3373 658 3532 713 solvit
3549 666 3603 713 et
3624 667 3738 715 ter-

2151 743 2393 798 minavit.
2420 743 2544 799 ldeo
2570 745 2663 808 ait,
2685 744 2904 816 Propter
2923 747 3102 802 electos
3126 760 3294 802 autem
3320 749 3740 806 abbreviabuntur

2151 833 2259 888 dies
2284 834 2382 888 illi.
2417 835 2541 889 Ha‘c
2569 845 2744 891 autem
2773 836 3004 906 dicebat,
3032 849 3088 893 ut
3117 840 3536 896 consolationem
3568 842 3738 897 relin-

2157 933 2348 994 queret
2379 926 2444 980 iis
2465 925 2555 995 qui
2586 926 2637 981 in
2665 928 2842 983 medio
2866 929 3170 984 .ludacorum
3198 932 3436 986 conclusi
3463 942 3615 987 erant
3633 973 3650 999 ,
3680 944 3740 987 ut

2150 1019 2444 1088 respirandi
2489 1019 2663 1076 locum
2692 1022 2880 1086 daret,
2935 1039 3108 1094 neque
3151 1026 3398 1080 timerent
3447 1027 3595 1097 quasi
3638 1027 3737 1096 ipsi

2149 1111 2305 1167 simul
2335 1112 2575 1183 perituri.
2605 1114 2758 1180 Quod
2789 1116 2834 1170 si
2868 1124 3008 1170 tanta
3051 1115 3284 1171 fidelium
3331 1117 3531 1186 geritur
3556 1118 3736 1186 provi-

2149 1203 2348 1266 dentia,
2368 1213 2423 1258 ut
2446 1214 2660 1276 prepter
2683 1207 2801 1260 illos
2821 1207 2908 1261 alii
2926 1217 3223 1272 serventur,
3250 1218 3410 1279 utque
3431 1207 3735 1264 Judatorum

2150 1295 2388 1365 reliquis:
2417 1306 2636 1366 propter
2662 1297 2992 1352 Christianos
3021 1300 3332 1366 manserint,
3365 1309 3594 1370 quantus
3626 1301 3730 1356 illis

2151 1388 2412 1442 trihuctur
2441 1389 2612 1443 honor
2635 1405 2950 1444 coronarum
2985 1391 3257 1460 tempore?
3285 1391 3416 1446 llinc
3437 1395 3596 1445 etiam
3619 1392 3738 1446 illos

2149 1478 2455 1532 consolatur
2481 1520 2494 1544 ,
2544 1495 2610 1534 ne
2639 1481 2688 1533 in
2736 1481 2962 1552 propriis
3004 1482 3106 1536 sibi
3154 1481 3402 1551 periculis
3436 1493 3694 1552 angantur
3717 1524 3733 1548 ,

2150 1570 2363 1639 quando
2389 1571 2571 1626 vident
2595 1571 2728 1626 alios
2755 1573 2940 1627 iisdem
2969 1587 3254 1642 oppressos
3282 1573 3456 1639 malis,
3486 1574 3736 1645 nulloque

2152 1677 2249 1718 suo
2287 1661 2463 1717 fructu
2487 1705 2501 1728 ,
2532 1663 2626 1717 sed
2652 1663 2735 1718 sui
2772 1665 2959 1733 capitis
2982 1664 3325 1720 detrimento.
3355 1665 3536 1735 Neque
3561 1667 3735 1720 solum

2151 1753 2270 1808 illos
2297 1754 2681 1809 consolabatur
2705 1798 2718 1822 ,
2753 1756 2845 1810 sed
2891 1757 3050 1810 etiam
3096 1757 3303 1811 occulte
3346 1765 3503 1826 atque
3535 1758 3734 1812 sensim

2151 1860 2180 1900 a
2211 1846 2441 1902 Judaicis
2468 1847 2704 1903 moribus
2731 1848 3046 1905 abducebat.
3079 1849 3207 1903 Nam
3239 1850 3283 1903 si
3312 1850 3452 1903 nulla
3485 1850 3736 1919 deinceps

2149 1942 2220 1996 sit
2240 1940 2412 1995 futura
2436 1941 2677 2007 mutatio,
2702 1942 2744 1995 si
2769 1943 3019 2012 templum
3047 1957 3152 1997 non
3174 1952 3276 1996 stet
3296 1944 3541 2014 amplius,
3566 1945 3735 2013 legem

2152 2047 2271 2086 esse
2315 2041 2646 2087 cessaturam
2688 2032 2860 2102 palam
2892 2042 2995 2088 est.
3031 2032 3228 2089 Verum
3263 2033 3365 2090 hoc
3405 2051 3510 2090 non
3551 2045 3736 2102 aperte

2151 2123 2300 2192 dicit,
2324 2122 2418 2178 sed
2444 2124 2510 2178 ab
2533 2124 2740 2178 illorum
2762 2124 2968 2180 excidio
2992 2123 3042 2179 id
3063 2124 3431 2180 subindicavit.
3463 2124 3737 2180 Manifeste

2151 2230 2280 2270 vero
2323 2230 2427 2269 non
2460 2215 2626 2282 dixit,
2677 2231 2743 2270 ne
2789 2226 2912 2271 ante
2944 2227 3150 2286 tempus
3193 2223 3417 2271 terreret
3460 2232 3572 2272 eos.
3617 2216 3739 2270 Ideo

2154 2323 2327 2378 neque
2355 2324 2383 2362 a
2410 2309 2667 2378 principio
2688 2309 2737 2362 in
2765 2309 2904 2362 hunc
2926 2309 3188 2380 praecipue
3208 2322 3507 2365 sermonem
3533 2308 3735 2373 incidit;

2154 2400 2250 2456 sed
2283 2408 2559 2471 postquam
2586 2417 2665 2455 va:
2690 2400 2891 2455 civitati
2923 2400 2998 2454 illi
3026 2400 3268 2467 dixerat,
3309 2401 3559 2471 ipsosque
3581 2399 3738 2454 indu-

2156 2500 2333 2558 xerat,
2368 2498 2426 2546 ut
2447 2491 2650 2560 lapides
2682 2491 2804 2546 illos
2829 2492 2932 2546 sibi
2963 2501 3346 2557 monstrarent,
3375 2507 3541 2562 seque
3567 2491 3737 2548 inter-

2155 2591 2440 2655 rogarent;
2473 2592 2530 2637 ut
2559 2584 2708 2653 quasi
2751 2583 2817 2638 ad
2849 2585 3320 2654 interrogationem
3361 2583 3692 2654 respondens
3718 2624 3735 2651 ,

2157 2675 2336 2732 omnia
2364 2675 2538 2730 futura
2579 2675 2980 2746 przcnuntiaret.
3027 2675 3106 2730 Tu
3149 2691 3280 2732 vero
3326 2675 3456 2729 mihi
3502 2675 3737 2745 Spiritus

2157 2767 2610 2840 dispensationem
2629 2767 2937 2823 consideres
2957 2766 3147 2832 velim;
3172 2767 3300 2821 nihil
3323 2767 3510 2822 horum
3531 2768 3743 2837 scripsit

2159 2862 2414 2930 Joannes,
2439 2877 2506 2916 ne
2529 2860 2798 2916 videretur
2824 2876 2891 2915 ex
2918 2868 3112 2916 eventu
3143 2860 3258 2930 ipso
3289 2861 3404 2915 haec
3431 2860 3739 2932 scripsisse:

2160 2970 2282 3011 nam
2325 2954 2392 3009 ad
2431 2954 2656 3010 multum
2694 2953 2762 3008 ab
2803 2953 3009 3008 excidio
3049 2953 3496 3025 Jerosolymitano
3538 2963 3743 3024 tempus

2161 3048 2320 3103 vitam
2343 3047 2611 3119 produxit.
2641 3047 2746 3102 Sed
2774 3047 2807 3101 ii
2827 3047 2916 3117 qui
2943 3055 3066 3102 ante
3088 3048 3214 3102 illud
3238 3047 3498 3104 excidium
3527 3049 3740 3116 mortui,

2161 3139 2295 3196 nihil
2317 3140 2525 3194 illorum
2546 3139 2806 3202 viderant,
2830 3137 2944 3194 haec
2961 3138 3288 3207 describunt,
3313 3150 3368 3195 ut
3388 3140 3747 3211 praedictioiiis

2165 3232 2245 3286 vis
2272 3230 2506 3300 undique
2535 3229 2756 3300 fulgeat.

2237 3321 2466 3377 Christus
2489 3320 2767 3375 secundum
2803 3338 2949 3376 suum
2977 3321 3246 3376 adventum
3288 3323 3538 3392 prtedicit.
3558 3351 3628 3362 -—-
3652 3322 3743 3378 25.

2167 3413 2314 3468 Tunc
2331 3415 2380 3468 si
2415 3413 2526 3484 quis
2553 3412 2688 3466 vobis
2723 3412 2928 3482 dixerit,
2962 3412 3093 3468 Ecce
3117 3414 3198 3466 hic
3238 3413 3470 3468 Christus
3507 3424 3596 3468 aut
3635 3414 3746 3479 hic,

2169 3505 2326 3559 nolite
2373 3503 2596 3556 credere.
2652 3501 2741 3556 24.
2796 3502 3016 3572 Surgent
3063 3503 3194 3557 enim
3250 3503 3645 3574 pseudo-Christi
3703 3513 3753 3558 et

2170 3596 2665 3668 pseudo-proﬂictas,
2689 3603 2736 3649 et
2757 3592 2944 3647 dabunt
2963 3593 3108 3665 signa
3129 3604 3276 3665 atque
3299 3594 3555 3664 prodigia,
3577 3595 3649 3647 ita
3675 3605 3752 3660 ut,

2172 3691 2217 3744 si
2245 3690 2356 3759 ﬁeri
2379 3689 2556 3760 possit,
2585 3689 2734 3743 etiam
2760 3685 2940 3740 electos
2960 3687 3220 3741 seducunt.
3249 3686 3342 3743 25.
3375 3687 3508 3742 Ecce
3536 3689 3755 3758 praedixi

2178 3781 2336 3835 vobis.
2368 3779 2460 3835 26.
2486 3779 2548 3834 Si
2578 3794 2696 3848 ergo
2722 3777 2942 3831 dixerint
2971 3776 3108 3830 vobis
3128 3817 3144 3842 ,
3178 3776 3306 3831 Ecce
3329 3777 3384 3830 in
3412 3778 3605 3830 deserto
3642 3787 3715 3831 est
3740 3819 3754 3841 ,

2176 3872 2334 3926 nolite
2363 3872 2540 3936 exire;
2582 3869 2714 3923 Ecce
2751 3870 2804 3922 in
2845 3868 3199 3940 penetralibus,
3235 3867 3389 3921 nolite
3417 3868 3636 3922 credere.
3665 3869 3755 3921 27.

2178 3964 2325 4019 Sicut
2349 3964 2483 4018 enim
2510 3963 2686 4034 fulgur
2713 3962 2812 4015 exit
2840 3961 2902 4014 ab
2931 3961 3140 4025 oriente,
3185 3968 3232 4013 et
3251 3969 3479 4029 apparet
3509 3975 3664 4030 usque
3693 3959 3760 4012 ad

2177 4056 2515 4120 occidentem;
2536 4055 2608 4108 sic
2634 4053 2726 4108 erit
2751 4062 2797 4107 et
2821 4053 3063 4106 adventus
3095 4051 3217 4104 Filii
3251 4051 3483 4104 hominis.
3516 4049 3602 4104 9.8.
3635 4049 3758 4105 Ubi-

2180 4146 2543 4216 cumqueenim
2564 4144 2713 4214 fuerit
2735 4160 2937 4214 corpus,
2960 4142 3027 4196 ibi
3047 4143 3479 4213 congregabantur
3498 4151 3543 4195 et
3558 4141 3758 4213 aquilae.

2182 4236 2400 4305 lmpleta
2423 4236 2488 4290 dc
2508 4234 2852 4306 Jerosolymis
2875 4233 3192 4295 narratione,
3215 4231 3280 4287 ad
3307 4247 3462 4286 suum
3480 4232 3761 4286 adventum

2182 4337 2367 4400 postea
2394 4327 2583 4397 pergit,
2613 4327 2866 4397 signaque
2895 4325 3021 4394 ipsis
3047 4334 3246 4388 narrat,
3283 4339 3384 4378 non
3413 4327 3584 4378 solum
3615 4325 3762 4395 ipsis.

2183 4422 2276 4478 sed
2322 4421 2480 4476 etiam
2535 4421 2684 4474 nobis
2729 4430 2784 4474 et
2823 4426 2943 4488 post
2988 4432 3087 4472 nos
3137 4417 3329 4472 futuris
3359 4417 3526 4471 utilia.
3579 4415 3762 4483 Tunc,

2184 4510 2555 4583 quandonam?
2581 4511 2695 4576 llic,
2727 4520 2782 4563 ut
2803 4525 2944 4578 saepe
2965 4509 3097 4575 dixi,
3130 4509 3280 4574 illud,
3312 4508 3474 4575 Tunc,
3509 4525 3612 4562 non
3644 4524 3770 4578 pra:-

2185 4605 2396 4661 cedenti
2441 4604 2710 4674 tempori,
2742 4618 2860 4672 quas
2905 4612 3200 4673 sequuntur
3244 4617 3345 4656 una
3395 4602 3535 4656 serie
3565 4601 3769 4656 hazrerc

2185 4697 2466 4768 significat.
2493 4697 2589 4752 Ubi
2613 4696 2752 4750 enim
2775 4695 3015 4750 eamdem
3034 4695 3292 4763 temporis
3317 4694 3508 4749 seriem
3538 4694 3771 4749 indicare

2186 4791 2372 4856 voluit,
2398 4789 2592 4849 intulit.
2625 4788 2808 4842 Statim
2834 4797 2946 4858 post
2964 4787 3330 4841 tribulationem
3347 4787 3541 4840 dierum
3569 4787 3773 4840 illorum

2191 4880 2268 4951 (Μ
2274 4877 2598 4949 att/1.24.29)
2611 4879 2725 4933 .Hic
2735 4894 2862 4934 vero
2875 4894 2978 4932 non
2999 4879 3090 4944 ita,
3103 4879 3194 4932 sed
3212 4877 3525 4944 illud.Tunc,
3543 4894 3646 4935 non
3663 4879 3774 4933 lucc

2190 4972 2368 5026 statim
2395 4971 2542 5039 sequi
2570 4969 2788 5035 indicat,
2819 4969 2912 5024 sed
2942 4985 3046 5038 quo
3079 4979 3317 5039 tempore
3347 4970 3436 5022 illa
3459 4985 3582 5039 qua:
3608 4970 3776 5024 dictu-

2192 5079 2284 5117 rus
2313 5071 2428 5117 erat
2455 5064 2626 5116 futura
2656 5071 2856 5116 essent.
2884 5061 2980 5116 Sic
3009 5062 3168 5114 etiam
3191 5075 3310 5114 cum
3337 5059 3488 5128 dicit,
3518 5059 3584 5114 In
3604 5060 3778 5115 diebus

2190 5154 2294 5208 illis
2317 5154 2446 5206 venit
2466 5151 2691 5207 Joannes
2712 5151 2941 5224 Baptista
2963 5152 2982 5222 (
3004 5151 3189 5206 Matth.
3214 5151 3273 5206 5.
3307 5151 3332 5206 1
3357 5149 3376 5223 )
3397 5192 3413 5218 ,
3445 5165 3550 5206 non
3573 5160 3780 5221 tempus

2193 5245 2371 5298 statim
2397 5259 2626 5314 sequens
2651 5243 2867 5308 indicat,
2895 5241 2990 5298 sed
3013 5258 3073 5298 ea
3105 5256 3220 5312 qua:
3245 5250 3366 5312 post
3394 5243 3592 5297 multos
3614 5257 3780 5297 annos

2195 5347 2445 5392 eventura
2475 5345 2646 5401 erant,
2675 5344 2729 5389 et
2751 5344 2961 5405 tempus
2986 5348 3093 5404 quo
3114 5335 3247 5400 haec,
3277 5349 3395 5404 quae
3416 5333 3657 5389 dicturus
3677 5343 3778 5398 est,

2199 5428 2338 5484 facta
2385 5437 2528 5483 sunt.
2561 5427 2694 5483 Nam
2726 5435 3004 5497 postquam
3035 5428 3102 5481 de
3144 5437 3265 5482 ortu
3291 5427 3486 5482 Christi
3517 5425 3687 5491 dixit,
3719 5425 3784 5480 de

2197 5533 2471 5588 magorum
2501 5519 2753 5581 adventu,
2778 5526 2830 5571 et
2850 5517 2917 5572 de
2940 5527 3112 5571 morte
3134 5517 3379 5582 Herodis,
3400 5518 3576 5573 statim
3602 5517 3780 5571 addit:

2200 5607 2266 5662 In
2297 5609 2471 5663 diebus
2497 5607 2600 5662 illis
2640 5609 2770 5661 venit
2797 5607 3023 5662 Joannes
3049 5607 3322 5676 Baptista;
3345 5615 3508 5676 atque
3548 5609 3778 5678 spatium

2208 5717 2466 5756 annorum
2491 5702 2700 5773 triginta
2729 5699 2986 5756 interfuit.
3013 5701 3118 5757 Sed
3143 5715 3258 5757 mos
3279 5701 3662 5774 estScripturae
3690 5697 3781 5754 illo
