4076 6142
449 262 554 318 697

453 379 527 433 uti
557 379 869 434 enarranda:
911 379 1146 436 historiae
1187 379 1368 436 modo.
1392 380 1482 436 Sic
1525 379 1685 435 etiam
1729 379 1832 434 hoc
1872 377 2027 445 loco,

449 474 616 527 misso
646 471 966 528 intermedio
994 474 1139 530 omni
1173 481 1410 544 tempore
1429 513 1445 538 ,
1488 471 1628 542 quod
1662 470 1891 525 futurum
1918 478 2032 524 erat

447 564 715 617 excidium
749 564 888 619 inter
938 573 994 622 et
1035 564 1292 635 principia
1337 561 1846 626 consummationis,
1892 559 2023 630 quid

458 654 614 722 paulo
655 664 778 710 ante
825 656 1337 710 consummationem
1376 655 1610 708 futurum
1649 661 1790 708 esset
1828 661 2028 707 narrat.

449 742 609 808 Tunc,
635 745 833 815 inquit,
858 747 899 799 si
922 746 1032 816 quis
1053 746 1188 801 vobis
1205 746 1407 812 dixerit,
1430 745 1559 799 Ecce
1581 746 1662 799 hic
1682 754 1754 799 est
1774 744 2024 808 Christus,

444 844 532 888 aut
563 835 645 888 hic
669 877 682 899 ,
717 837 871 890 nolite
903 837 1118 890 credere.
1153 835 1372 892 Interim
1415 836 1534 891 illos
1562 851 1592 891 a
1618 836 1738 891 loco
1765 836 2030 891 cautiores

446 928 589 993 facit,
619 927 838 983 secundi
868 929 949 983 sui
978 927 1236 983 adventus
1267 936 1422 982 notas
1455 928 1695 997 proprias
1724 940 2023 991 recensens,

448 1035 660 1074 necnon
691 1019 1035 1075 seductorum
1083 1027 1317 1075 ostenta.
1348 1018 1462 1073 Non
1491 1020 1631 1074 enim
1663 1027 1721 1073 ut
1763 1020 1814 1074 in
1858 1019 2030 1088 primo

447 1125 543 1165 suo
559 1110 790 1166 adventu
809 1111 858 1164 in
874 1109 1182 1166 Bethlehem
1205 1119 1538 1180 apparuerat,
1551 1120 1603 1166 et
1627 1111 1680 1164 in
1704 1124 1865 1178 parvo
1883 1111 2028 1165 orbis

445 1201 663 1272 angulo,
697 1215 796 1255 nec
827 1201 932 1255 ullo
966 1201 1239 1256 hominum
1267 1201 1319 1254 id
1359 1215 1388 1255 a
1420 1200 1678 1270 principio
1707 1201 1922 1265 sciente,
1957 1201 2026 1254 ita

447 1304 504 1350 et
533 1304 658 1350 tunc
694 1294 863 1364 inquit
898 1313 910 1348 :
940 1294 1031 1348 sed
1067 1303 1248 1363 aperte
1282 1302 1480 1350 etcum
1512 1294 1796 1362 splendore
1821 1335 1836 1359 ,
1870 1295 1940 1348 ita
1973 1304 2030 1349 ut

446 1399 534 1440 res
559 1384 744 1438 nuntio
773 1400 877 1438 non
907 1394 1078 1454 egeat.
1107 1385 1286 1456 Neque
1317 1401 1535 1456 parvum
1558 1384 1685 1440 illud
1713 1386 1923 1456 signum
1946 1394 2028 1440 est

445 1476 616 1546 ipsum
639 1492 742 1532 non
766 1477 991 1533 latenter
1011 1489 1292 1534 venturum
1313 1493 1454 1534 esse.
1474 1478 1850 1534 Animadverte
1869 1493 2029 1546 porro

445 1568 532 1623 hic
558 1568 688 1623 nihil
720 1571 924 1625 narrari
954 1571 1020 1625 de
1051 1571 1192 1626 bello
1221 1574 1616 1642 (narrationem
1653 1572 1795 1626 enim
1826 1572 1894 1627 de
1926 1572 2023 1626 ad-

446 1669 605 1716 ventu
634 1677 732 1716 suo
771 1663 936 1732 probe
966 1664 1032 1716 ab
1065 1665 1150 1718 illa
1180 1663 1533 1736 distinguit),
1566 1664 1663 1720 sed
1705 1665 1812 1735 agit
1844 1664 1931 1719 hic
1958 1664 2026 1720 de

444 1751 510 1809 iis
531 1754 618 1824 qui
645 1753 902 1810 seducere
935 1756 1233 1813 tentabunt.
1260 1755 1391 1810 Nam
1420 1757 1508 1826 qui
1541 1766 1781 1826 tempore
1806 1766 2015 1825 aposto-

444 1844 615 1899 lorum
641 1843 796 1901 fuere
823 1845 1137 1914 deceptores
1159 1889 1176 1914 ,
1207 1848 1400 1902 nmltos
1427 1849 1759 1904 seduxerunt
1783 1847 2025 1920 (Venient

442 1937 608 2002 enim,
643 1937 831 2006 inquit,
860 1946 907 1991 et
936 1938 1180 1992 seducent
1203 1937 1427 2009 multos)
1455 1981 1469 2004 ,
1510 1941 1599 2010 qui
1625 1954 1754 1994 vero
1781 1949 1905 1995 ante
1933 1954 2020 1996 se-

442 2026 674 2081 cundum
692 2027 836 2082 illius
850 2027 1154 2090 adventum,
1179 2028 1284 2082 illis
1304 2028 1598 2084 deteriores
1618 2037 1801 2083 erunt:
1818 2027 2024 2084 Dabunt

442 2119 583 2172 enim
604 2158 623 2185 ,
653 2119 857 2189 inquit,
883 2120 1029 2190 signa
1053 2129 1101 2174 et
1129 2121 1360 2191 prodigia
1379 2162 1394 2187 ,
1420 2123 1490 2174 ita
1520 2130 1600 2186 ut,
1631 2122 1672 2174 si
1697 2121 1808 2187 ﬁeri
1836 2121 2019 2190 possit,

441 2211 592 2266 etiam
618 2211 802 2266 electos
845 2212 1110 2266 seducunt.
1142 2211 1239 2268 Hic
1282 2227 1442 2282 porro
1477 2213 1543 2266 de
1581 2211 1912 2267 Antichristo
1940 2211 2020 2266 lo-

439 2302 618 2371 quitur
640 2343 655 2366 ,
688 2301 861 2373 deque
904 2303 1217 2374 quibusdam
1248 2304 1362 2373 ejus
1396 2303 1672 2357 ministris.
1704 2303 1779 2357 De
1817 2317 1922 2373 quo
1945 2301 2024 2356 sic

441 2392 637 2450 Paulus
662 2395 899 2465 loquitur
929 2413 942 2448 :
985 2411 1103 2450 cum
1131 2395 1272 2449 enim
1304 2404 1548 2449 vocasset
1580 2394 1725 2448 illum
1749 2393 2019 2448 hominem

442 2486 644 2553 peccati
671 2495 727 2539 et
771 2485 934 2539 lilium
974 2486 1310 2555 perditionis,
1343 2486 1555 2540 intulit:
1588 2484 1747 2554 Cujus
1780 2484 2022 2539 adventus

439 2583 511 2628 est
532 2576 810 2628 secundum
855 2577 1201 2645 operationem
1227 2587 1418 2631 satana
1435 2619 1450 2642 ,
1475 2578 1528 2630 in
1556 2577 1690 2631 omni
1715 2578 1896 2630 virtute
1919 2616 1933 2642 ,
1974 2587 2021 2630 et

439 2667 596 2737 signis
617 2706 636 2732 ,
666 2675 713 2722 et
735 2653 982 2740 prodigiis
1005 2670 1289 2734 mendacii,
1315 2670 1367 2723 in
1397 2670 1534 2723 omni
1571 2669 1858 2738 deceptione
1881 2669 2021 2738 inju-

437 2759 624 2826 stitite,
655 2759 707 2812 in
744 2759 808 2813 iis
847 2760 934 2829 qui
969 2770 1178 2830 pereunt
1217 2761 1314 2832 (l.
1355 2760 1530 2814 Thess.
1563 2764 1618 2813 Ξ.
1648 2760 1745 2831 9).
1792 2761 1860 2814 Et
1899 2761 2018 2816 vide

438 2851 704 2919 quomodo
738 2850 862 2906 illos
885 2863 1071 2906 cautos
1102 2852 1305 2907 reddat.
1337 2852 1413 2907 Ne
1440 2854 1677 2919 exeatis,
1715 2854 1918 2924 inquit,
1964 2855 2015 2908 in

438 2939 707 2996 desertum
728 2981 744 3006 ,
779 2957 846 2997 ne
870 2943 1077 2998 intretis
1104 2944 1155 2996 in
1187 2944 1497 3012 penetralia.
1527 2951 1646 3000 Non
1681 2945 1831 3006 dixit,
1861 2946 2016 3000 Abite

437 3040 569 3086 etne
585 3032 804 3098 credite;
824 3033 939 3100 sed,
958 3033 1034 3088 Ne
1052 3033 1441 3104 ingrediamiui,
1464 3051 1632 3104 neque
1647 3035 2012 3106 egrediamini.

436 3122 620 3193 Magna
649 3125 792 3179 enim
820 3123 962 3179 fraus
990 3125 1088 3180 erit
1110 3167 1124 3192 ,
1154 3140 1220 3181 eo
1245 3125 1385 3194 quod
1411 3134 1464 3181 et
1490 3127 1638 3196 signa
1678 3126 1744 3182 ad
1774 3125 2014 3183 fraudem

437 3213 652 3272 dentur.

508 3306 560 3360 5.
591 3305 725 3361 Cum
754 3305 974 3362 dixisset
1002 3321 1127 3376 ergo
1157 3306 1421 3377 quomodo
1452 3307 1539 3362 ille
1564 3315 1815 3363 venturus
1846 3317 2008 3376 esset,

436 3399 490 3454 in
531 3398 648 3454 loco
669 3415 863 3468 nempe
885 3399 1093 3469 aliquo,
1130 3410 1252 3454 tunc
1279 3400 1347 3454 de
1377 3414 1435 3454 se
1462 3401 1730 3468 quomodo
1759 3409 2013 3456 venturus

431 3492 503 3548 sit
531 3491 677 3548 dicit.
709 3491 991 3560 Quomodo
1025 3504 1203 3548 autem
1232 3502 1486 3547 venturus
1516 3495 1636 3548 est?
1665 3493 1810 3549 Sicut
1839 3495 2014 3566 fulgur

434 3585 535 3638 erit
560 3583 621 3638 ab
651 3585 858 3650 oriente,
886 3592 930 3637 et
951 3592 1159 3654 apparet
1185 3600 1340 3654 usque
1363 3585 1431 3636 ad
1458 3585 1798 3650 occidentem,
1826 3587 1900 3639 ita
1919 3587 2013 3640 erit

433 3685 482 3732 et
513 3678 751 3732 aduentus
782 3675 905 3729 Filii
944 3676 1180 3730 hominis.
1227 3674 1324 3730 Ubi
1369 3676 1498 3730 enim
1519 3677 1667 3745 fuerit
1691 3693 1874 3748 corpus
1895 3718 1912 3745 ,
1942 3677 2012 3731 ibi

433 3768 866 3839 congregabantur
905 3778 947 3821 et
977 3767 1180 3836 aquilte.
1226 3767 1504 3833 Quomodo
1544 3768 1718 3836 fulgur
1751 3770 2017 3838 apparet?

433 3855 548 3912 Non
590 3871 724 3927 opus
763 3856 923 3911 habet
954 3857 1174 3922 nuntio,
1207 3870 1313 3911 non
1341 3871 1601 3926 praecone,
1633 3856 1724 3912 sed
1752 3866 1805 3911 et
1828 3857 1892 3912 iis
1921 3859 2008 3928 qui

433 3949 574 4005 domi
605 3949 791 4005 sedent
821 3959 874 4004 et
905 3949 966 4003 iis
995 3948 1181 4018 quaain
1203 3947 1446 4003 thalamis
1475 3957 1626 4011 sunt,
1660 3950 1710 4003 in
1740 3958 2010 4004 momento

435 4056 528 4111 per
553 4039 735 4096 orbem
770 4048 935 4094 totum
962 4038 1256 4108 apparebit.
1287 4038 1374 4092 Sic
1394 4039 1483 4092 ille
1510 4038 1768 4093 adventus
1793 4038 1916 4106 erit,
1940 4038 2008 4094 ob

431 4131 615 4202 gloria:
638 4131 919 4201 fulgorem,
944 4130 1101 4184 simul
1128 4128 1322 4198 ubique
1348 4143 1629 4198 apparens.
1665 4129 1820 4183 Aliud
1848 4143 2008 4198 porro

432 4224 640 4294 signum
668 4223 796 4278 dicit
825 4239 839 4274 :
876 4221 972 4276 Ubi
995 4237 1206 4288 corpus,
1240 4220 1309 4274 ibi
1332 4228 1378 4272 et
1411 4219 1630 4288 aquilae;
1665 4219 2002 4289 angelorum,

433 4324 724 4385 martyrum
767 4323 820 4368 et
862 4320 1163 4368 sanctorum
1223 4312 1458 4365 omnium
1503 4320 1672 4366 coetus
1720 4311 2001 4381 signiﬁcat.

432 4406 634 4461 Deinde
653 4405 901 4460 terribilia
921 4405 1170 4458 miracula
1186 4403 1331 4458 dicit.
1356 4403 1608 4469 Quaenam
1633 4403 1754 4457 illa?
1773 4403 1862 4458 29.
1884 4402 2006 4458 Sta-

432 4498 521 4549 tim
561 4505 672 4566 post
710 4495 1079 4550 tribulationem
1106 4494 1297 4548 dierum
1327 4494 1530 4546 illorum
1556 4493 1633 4546 sol
1661 4491 2000 4546 obtenebrabi-

434 4599 538 4640 tur.
573 4586 1003 4642 Tribulationem
1028 4603 1262 4658 quarum
1299 4587 1510 4641 dierum
1541 4584 1752 4642 dicit“!
1788 4582 2010 4640 Dierum

433 4679 750 4735 Antichristi
791 4689 845 4734 et
877 4679 1493 4749 pseudoprophetarum.
1532 4675 1833 4730 Tribulatio
1858 4689 2013 4728 nam-

425 4782 528 4837 que
558 4776 679 4822 tunc
700 4782 886 4837 magna
909 4767 1044 4833 erit,
1087 4781 1206 4820 cum
1236 4776 1311 4819 tot
1335 4766 1442 4820 sint
1469 4764 1786 4836 deceptores
1816 4763 1998 4820 futuri.

423 4857 529 4912 Sed
560 4873 664 4912 non
695 4857 760 4912 ad
788 4860 1009 4912 multum
1038 4857 1291 4927 temporis
1317 4856 1637 4911 extenditur.
1659 4855 1713 4911 Si
1737 4857 1879 4912 enim
1902 4857 2000 4912 Ju-

421 4950 630 5005 daicum
657 4949 851 5004 bellum
873 4959 1088 5019 propter
1108 4949 1305 5004 electos
1325 4947 1686 5003 abbreviatum
1708 4956 1809 5014 est,
1834 4949 1999 5002 multo

422 5041 590 5110 uulgis
627 5049 844 5110 prOpter
869 5040 1087 5095 eosdem
1112 5041 1226 5094 hazc
1256 5041 1479 5095 tentatio
1506 5041 1842 5106 reprimetur.
1873 5040 2000 5096 Ideo

419 5132 736 5200 simpliciter
763 5148 865 5186 non
891 5131 1042 5195 dixit,
1071 5140 1189 5202 post
1219 5132 1637 5196 tribulationem,
1668 5132 1786 5199 sed,
1812 5132 1996 5186 Statim

419 5232 531 5289 post
562 5222 934 5275 tribulationem
964 5222 1157 5276 dierum
1189 5223 1391 5275 illorum
1435 5224 1512 5276 sol
1548 5221 1950 5276 obtenebrabitur
1975 5239 1996 5276 .'

416 5329 543 5367 nam
590 5313 700 5369 fere
741 5313 898 5367 simul
947 5313 1124 5367 omnia
1173 5315 1325 5366 liunt.
1387 5313 1892 5383 Pseudu-pmphetze
1943 5326 1996 5370 et

418 5403 832 5474 pseudoochristi
863 5403 1212 5458 advenientes
1257 5404 1436 5458 turbas
1487 5402 1726 5466 dabunt,
1779 5414 1832 5458 et
1882 5406 1995 5476 ipse

416 5497 595 5551 statim
638 5495 827 5550 aderit.
887 5494 1068 5564 Neque
1112 5497 1253 5550 enim
1299 5509 1453 5564 parva
1500 5496 1827 5564 perturbatio
1873 5504 1995 5551 tunc

479 5685 493 5714 ³
526 5683 719 5735 Morini.
750 5684 786 5733 1‘
797 5680 1130 5734 ribulutionem
1153 5682 1365 5745 dierum,
1388 5697 1644 5749 quemnam
1678 5680 1834 5734 dicit?
1858 5684 2005 5733 Enn.

1332 267 1397 320 IN
1438 264 1843 321 MATTIIeEUM
1883 264 2112 320 IIOMIL.
2157 267 2387 326 LXXVI.
2431 273 2501 330 al.
2547 271 2800 328 LXXVII.

3618 282 3720 340 698

2140 389 2308 436 totum
2332 386 2516 440 orbem
2556 387 2855 456 occupabit.
2894 387 3179 458 Quomodo
3216 401 3399 447 autem.
3425 394 3670 451 adveniet
3701 400 3723 451 ?

2137 471 2244 526 llac
2287 476 2662 532 transformata
2706 489 2948 536 creatura
2975 498 2990 536 :
3017 496 3139 536 nam
3190 482 3288 538 Sol
3335 485 3715 552 obscurabitur,

2135 577 2238 616 non
2267 566 2498 636 deletus,
2531 568 2624 624 sed
2647 584 2929 640 superatus
2954 589 2982 627 a
3008 574 3208 631 lumine
3239 576 3378 632 illius
3414 577 3675 632 adventus
3703 599 3714 632 :

2136 654 2200 708 Et
2227 657 2387 712 stelltz
2414 660 2612 714 cadent.
2643 662 2773 729 Quis
2797 665 2938 719 enim
2969 676 3152 736 postea
3179 668 3397 722 illarum.
3417 685 3545 724 usus
3574 670 3716 725 lutu-
3793 725 3798 728 .

2134 761 2226 802 rus
2268 758 2378 814 est,
2411 751 2551 805 nulla
2605 755 2903 812 exsistente
2933 759 3126 814 nocte?
3156 758 3222 814 Et
3249 762 3452 816 virtutes
3475 763 3714 818 ca'lorum

2130 839 2608 908 conimosebuntur;
2632 852 2688 898 et
2711 843 2831 912 jure
2859 846 3074 916 quidem
3093 889 3108 915 ,
3135 850 3484 906 mutationem
3515 861 3714 906 tantam

2134 927 2393 984 videntes.
2434 931 2567 986 Nam
2593 934 2638 988 si
2669 935 2880 1004 quando
2907 939 3074 993 stellae
3115 938 3266 995 facta:
3314 953 3433 996 sunt
3457 984 3472 1009 ,
3518 945 3586 997 ita
3617 957 3712 1000 ex-

2136 1017 2454 1076 horruerunt
2505 1032 2558 1077 et
2599 1025 2806 1081 mirata:
2848 1036 2972 1082 sunt
2999 1028 3163 1100 (nam
3199 1033 3413 1096 Quando
3437 1034 3572 1101 facta
3601 1045 3716 1088 sunt

2131 1118 2268 1164 astra
2293 1151 2306 1171 ,
2337 1110 2536 1182 inquit,
2567 1114 2898 1170 laudauerunt
2928 1134 3006 1171 me
3033 1136 3217 1190 magna
3256 1139 3372 1176 voce
3410 1141 3579 1178 omnes
3623 1141 3716 1177 an-

2131 1203 2229 1272 geli
2273 1201 2393 1274 [Job
2419 1205 2508 1260 58.
2541 1205 2631 1279 7])
2657 1225 2669 1260 :
2694 1208 2863 1262 multo
2903 1211 3072 1278 magis
3112 1227 3231 1266 cum
3277 1214 3504 1268 viderint
3537 1219 3712 1270 nantia

2132 1302 2351 1360 mutata,
2382 1305 2436 1350 et
2461 1311 2750 1352 conservos
2775 1315 2903 1355 suos
2932 1318 3120 1370 pznnas
3147 1303 3335 1359 dantes
3362 1348 3375 1370 ,
3408 1314 3576 1362 totum
3619 1326 3709 1362 ur-

2130 1385 2249 1439 bem
2289 1397 2412 1442 ante
2443 1391 2775 1445 tremendmn
2811 1394 3039 1447 tribunal
3067 1395 3364 1451 adstantem
3393 1415 3406 1462 ;
3435 1414 3620 1452 omnes
3646 1401 3713 1454 ab

2130 1477 2298 1532 Adam
2341 1494 2507 1548 usque
2535 1479 2601 1534 ad
2634 1481 2918 1538 adventum
2964 1500 3154 1550 suum,
3200 1487 3437 1541 omnium
3488 1503 3710 1557 operum

2131 1571 2392 1626 rationem
2443 1571 2750 1639 reddentes,
2796 1575 3066 1646 quomodo
3120 1594 3223 1632 non
3276 1579 3626 1647 horrescent,
3660 1593 3714 1636 et

2128 1662 2640 1718 commovebuntur?

2199 1751 2423 1807 Christus
2464 1770 2611 1808 suum
2651 1757 2926 1810 secundum
2963 1757 3228 1814 adventum
3262 1761 3512 1817 describit.
3547 1763 3713 1829 Quare

2127 1859 2254 1897 crux
2266 1845 2719 1913 apparebit.—v50.
2740 1845 2877 1900 Tunc
2892 1848 3163 1918 apparebit
3175 1849 3378 1920 signum
3401 1848 3526 1903 Filii
3539 1855 3680 1907 homi
3690 1887 3710 1899 ο

2126 1934 2212 1988 πίε,
2235 1935 2286 1988 in
2312 1935 2435 1988 ctelo
2473 1950 2492 1989 :
2529 1936 2581 1991 id
2613 1947 2694 1992 est
2714 1978 2728 2001 ,
2761 1952 2888 1992 crux
2917 1941 3030 1994 sole
3056 1940 3418 2010 splendidior:
3449 1943 3708 2014 siquidem

2126 2025 2203 2078 sol
2235 2025 2616 2082 obtenebratur
2640 2037 2694 2083 et
2720 2028 3090 2097 absconditur,
3104 2047 3233 2086 crux
3257 2042 3433 2088 autem
3455 2045 3707 2104 apparet:

2127 2131 2299 2185 neque
2329 2128 2603 2187 appareret
2621 2159 2637 2185 ,
2667 2120 2769 2176 nisi
2795 2121 3058 2177 solaribns
3090 2123 3245 2194 longe
3273 2126 3438 2180 radiis
3461 2128 3700 2197 Splendi-

2126 2204 2242 2261 dior
2281 2218 2441 2263 esset.
2489 2207 2598 2264 Cur
2643 2220 2820 2265 autem
2872 2211 2973 2266 hoc
3008 2213 3217 2282 signum
3245 2217 3501 2284 apponet?
3529 2217 3592 2272 Ut
3621 2217 3708 2272 ,Ιη-

2124 2299 2363 2356 dazorum
2410 2301 2733 2371 impudentia
2782 2303 2951 2373 plano
2982 2305 3321 2373 reprimatnr.
3365 2306 3710 2365 iustificatio-

2125 2408 2248 2448 nem
2271 2395 2464 2464 quippe
2489 2409 2736 2465 magnam
2757 2395 2957 2450 habens
2976 2396 3241 2463 Christus,
3265 2413 3455 2467 uernpe
3472 2413 3706 2462 crucem,

2126 2485 2176 2538 in
2206 2482 2307 2539 hoc
2334 2484 2569 2539 tribunal
2595 2485 2817 2540 advenit-
2847 2505 2858 2538 :
2893 2501 3065 2557 neque
3097 2496 3298 2542 tantum
3331 2489 3549 2543 vulnera
3571 2531 3585 2552 ,
3614 2491 3706 2544 sed

2125 2576 2526 2645 ignominiosam
2555 2585 2783 2630 mortem
2809 2576 3073 2633 ostendit.
3098 2577 3236 2630 Tunc
3268 2577 3507 2647 plangant
3526 2580 3704 2632 tribus.

2121 2667 2274 2722 Nulla
2301 2667 2586 2722 accusandi
2619 2669 2908 2723 necessitas
2933 2669 3053 2732 erit,
3081 2684 3200 2722 cum
3225 2670 3448 2724 viderint
3471 2685 3707 2732 crucem;

2125 2758 2372 2827 plangant
2393 2799 2409 2825 ,
2433 2758 2559 2827 quia
2583 2757 2674 2812 illo
2705 2767 2950 2824 mortuo,
2996 2759 3124 2813 nihil
3160 2758 3285 2814 inde
3323 2758 3549 2813 fructum
3581 2776 3706 2830 pa-r-

2121 2858 2377 2920 ceperunt
2403 2868 2416 2904 :
2447 2850 2696 2919 quoniam
2724 2846 3102 2906 'crucilixerunt
3133 2867 3257 2906 eum
3289 2868 3446 2922 quem
3479 2853 3707 2909 adorare

2120 2940 2418 3010 oportebat.
2461 2939 2650 2996 Viden"
2672 2956 2831 3011 quam
2865 2942 3172 2997 terribiliter
3215 2958 3369 2998 suum
3421 2944 3704 2998 adventum

2119 3029 2436 3087 describat?
2482 3031 2752 3100 quomodo
2801 3031 3180 3102 discipulorum
3237 3034 3444 3088 animos
3496 3035 3707 3106 erigat?

2119 3121 2324 3178 Idcirco
2364 3123 2534 3178 tristia
2567 3123 2738 3194 primo
2765 3124 2950 3194 ponit,
2984 3131 3036 3179 et
3073 3133 3194 3196 post
3221 3125 3335 3180 [nec
3366 3125 3502 3180 bona
3535 3136 3587 3180 et
3621 3127 3707 3197 ju-

2118 3214 2312 3279 cunda,
2369 3223 2426 3269 ut
2471 3215 2549 3271 sic
2595 3215 2720 3272 illos
2767 3217 3091 3273 consoletur.
3143 3217 3452 3272 Passionem
3497 3235 3706 3289 quoque

2118 3321 2327 3360 rursum
2355 3315 2760 3374 commemorat,
2791 3322 3000 3363 necnon
3026 3308 3476 3364 resurrectionem
3499 3351 3513 3376 ,
3544 3319 3703 3379 atque

2115 3397 2476 3466 splendidiore
2502 3397 2662 3453 modo
2687 3413 2903 3454 crucem
2930 3408 3227 3467 memorat,
3256 3416 3326 3456 ne
3357 3401 3526 3472 pudor
3558 3403 3700 3471 ipsos

2117 3487 2200 3541 vel
2242 3487 2395 3542 dolor
2425 3487 2665 3553 invadat,
2693 3504 2812 3544 cum
2835 3489 2944 3559 jam
2977 3491 3154 3545 veniat
3197 3491 3342 3546 illam
3398 3508 3493 3562 pro
3541 3494 3692 3562 signo

2118 3579 2402 3648 positurus.
2435 3579 2583 3633 Alius
2611 3595 2739 3636 vero
2767 3580 2929 3646 dicit,
2971 3579 3222 3635 Videbunt
3262 3583 3315 3636 in
3361 3600 3506 3654 quem
3538 3593 3702 3638 trtms-

2115 3671 2331 3738 ﬁxerunt
2375 3670 2558 3739 (Zach.
2594 3673 2679 3726 12.
2715 3671 2825 3742 I0).
2857 3672 2980 3727 Ideo
3008 3673 3256 3744 plangth
3284 3675 3449 3728 tribus
3471 3716 3484 3739 ,
3519 3677 3701 3729 viden-

2117 3773 2195 3817 tcs
2239 3764 2483 3817 eumdem
2525 3767 2693 3833 ipsum
2738 3779 2876 3818 esse.
2924 3765 3208 3835 Postquam
3259 3775 3433 3820 autem
3485 3782 3696 3821 crucem

2113 3854 2572 3920 connnemoravit,
2605 3854 2807 3924 adjicit,
2849 3854 3090 3909 Videbunt
3112 3855 3304 3909 Filium
3334 3857 3548 3909 hominis
3565 3858 3698 3910 veiti-

2114 3955 2306 4013 entem,
2337 3961 2439 3999 non
2472 3945 2522 3998 in
2549 3961 2738 4010 cruce,
2773 3948 2897 4012 sed,
2923 3947 2987 4001 In
3018 3948 3228 4002 nubibus
3260 3947 3372 4002 ca'li
3410 3966 3520 4002 cum
3551 3961 3694 4017 pote-

2112 4048 2239 4093 stale
2263 4049 2310 4094 et
2332 4042 2592 4109 ntajestate
2617 4056 2800 4110 magna
2827 4038 3004 4109 (Joan.
3042 4039 3127 4095 l9.
3161 4040 3272 4113 57).
3305 4039 3383 4094 Nc
3413 4041 3530 4111 quia
3563 4058 3691 4095 crn-

2111 4145 2226 4184 cem
2270 4129 2496 4195 audisti,
2529 4129 2723 4199 inquit,
2758 4140 2914 4201 putes
2941 4129 3132 4186 adesse
3169 4129 3294 4200 quid
3343 4132 3523 4195 triste;
3571 4147 3693 4185 nam

2110 4234 2230 4274 cum
2271 4229 2532 4289 potestate
2579 4229 2633 4274 et
2676 4220 2954 4290 majestate
2997 4237 3183 4291 magna
3227 4223 3422 4276 veniet.
3463 4220 3685 4276 Crucem

2109 4321 2286 4366 autem
2315 4319 2520 4381 gestat,
2555 4320 2610 4365 ut
2638 4322 2909 4381 peccatum
2943 4313 3176 4381 ipsorum
3209 4312 3311 4368 hoc
3341 4313 3455 4382 ipso
3498 4323 3548 4367 et
3597 4330 3690 4383 per.

2108 4419 2167 4459 se
2195 4403 2580 4459 condemnetur
2613 4419 2626 4457 :
2661 4413 2718 4457 ut
2746 4405 2790 4457 si
2822 4405 2940 4472 quis
2966 4403 3140 4474 lapide
3173 4419 3474 4473 percussus,
3517 4404 3688 4473 ipsum

2109 4496 2336 4567 lapidem
2363 4495 2701 4560 ostenderet,
2734 4495 2818 4549 vel
2867 4496 3176 4549 vestimenta
3223 4502 3516 4550 cruentata.
3546 4495 3610 4548 Et
3636 4495 3688 4549 in

2106 4587 2247 4642 nube
2292 4587 2487 4650 veniet,
2533 4587 2670 4640 sicut
2716 4595 3020 4655 assumptus
3045 4595 3161 4648 est;
3207 4586 3425 4654 haecque
3449 4585 3688 4639 videntes
3777 4610 3780 4616 ι

2108 4679 2274 4733 tribus
2324 4677 2544 4732 ﬂebunt.
2594 4677 2776 4747 Neque
2824 4677 2958 4731 intra
3005 4678 3186 4731 {letum
3214 4678 3470 4731 sistentur
3497 4678 3681 4731 mala:

2105 4769 2197 4824 sed
2226 4768 2346 4824 ideo
2375 4768 2529 4823 ﬂetus
2559 4768 2693 4833 erit,
2735 4777 2789 4821 ut
2818 4767 3135 4822 sententiam
3169 4767 3341 4821 ferant
3383 4777 3437 4821 et
3478 4768 3685 4836 seipsos

2103 4859 2373 4914 damnent.
2405 4857 2554 4912 Tunc
2581 4865 2756 4911 autem
2789 4872 2993 4923 rursus,
3016 4857 3105 4911 5i.
3140 4857 3306 4909 Mittet
3331 4856 3536 4926 angelos
3565 4872 3684 4909 suos

2104 4967 2218 5003 cum
2239 4949 2357 5003 tuba
2383 4964 2599 5018 magna,
2642 4957 2686 5001 et
2723 4947 3094 5018 congregabunt
3143 4948 3321 5001 electos
3367 4964 3431 5001 ea:
3467 4956 3684 5016 quatuor

2103 5043 2280 5108 ventis,
2321 5058 2352 5095 a
2391 5041 2600 5095 summis
2644 5041 2882 5094 etelorum
2907 5056 3064 5109 usque
3103 5040 3170 5092 ad
3213 5041 3448 5094 terminos
3486 5056 3676 5094 eorum.

2103 5137 2233 5189 Cum
2266 5134 2380 5188 haec
2409 5132 2638 5188 audieris
2661 5175 2674 5194 ,
2702 5132 2870 5201 cogita
2902 5147 3084 5186 eorum
3115 5131 3202 5201 qui
3237 5133 3529 5186 manebunt
3555 5146 3679 5199 sup-

2104 5226 2337 5296 plicium.
2365 5224 2484 5280 Non
2503 5225 2642 5279 enim
2673 5233 2873 5278 tantum
2901 5223 3017 5278 illas
3046 5238 3228 5292 pennas
3252 5224 3475 5282 dabunt.
3504 5221 3598 5276 sed
3627 5231 3680 5276 et

2105 5320 2237 5373 hanc
2267 5332 2497 5388 quoque.
2529 5317 2595 5371 Et
2621 5317 2758 5369 sicut
2787 5315 2999 5369 dicebat
3023 5329 3180 5382 supra
3208 5355 3221 5377 ,
3251 5314 3486 5368 dicturos
3515 5328 3635 5366 esse
3660 5354 3674 5375 ,

2099 5408 2397 5464 Benedictus
2424 5407 2506 5476 qui
2527 5408 2654 5460 venit
2683 5407 2736 5458 in
2758 5406 2957 5458 nomine
2978 5403 3182 5457 Domini
3203 5403 3415 5472 (Matth.
3437 5403 3527 5458 9.5.
3551 5403 3673 5473 59):

2099 5504 2176 5557 sic
2220 5503 2318 5557 hoc
2358 5502 2475 5555 loco
2517 5499 2671 5562 dicit,
2709 5496 2978 5568 Plangent.
3022 5496 3152 5564 Quia
3177 5496 3316 5549 enim
3342 5495 3408 5550 de
3428 5497 3676 5564 gravibus

2099 5595 2251 5651 bellis
2277 5595 2421 5660 ipsos
2448 5591 2749 5659 alloqnntus
2776 5596 2858 5642 est
2877 5628 2892 5653 ,
2925 5595 2980 5640 ut
3005 5587 3208 5641 discant
3227 5629 3240 5650 ,
3274 5597 3392 5657 post
3416 5591 3569 5661 hujus
3593 5589 3672 5644 vi.-

2103 5696 2168 5743 ιω
2195 5685 2352 5752 mala,
2385 5683 2562 5736 futura
2587 5681 2706 5736 illos
2727 5689 2993 5739 tormenta
3020 5694 3256 5749 manere,
3289 5696 3340 5742 et
3367 5690 3678 5763 plangcntes
