4076 6142
417 273 522 331 699

427 383 668 452 inducit,
717 393 773 440 et
799 385 866 440 ab
890 385 1075 440 electis
1100 395 1406 456 segregatos
1425 429 1440 453 ,
1474 395 1526 442 et
1552 386 1810 457 gehenna:
1843 384 2004 440 tradi-

427 490 507 533 tos
542 495 555 531 :
590 477 818 548 hincque
850 493 1058 531 rursum
1090 477 1379 547 discipulos
1408 479 1700 544 suscitans,
1730 477 1961 532 ostendit
1989 519 2004 542 ,

423 583 453 620 a
505 569 718 638 quantis
765 566 1128 622 liberabuntur
1174 567 1368 634 malis,
1410 577 1466 622 et
1513 568 1723 638 quantis
1768 568 2007 622 fruentur

426 657 605 714 bouis.

493 751 548 804 4.
597 748 666 802 Et
717 764 813 804 cur
869 764 963 818 per
1013 749 1230 820 angelos
1281 759 1437 804 vocat
1480 750 1619 816 illos,
1650 751 1693 804 si
1722 751 1799 804 sic
1832 751 2003 818 palam

423 849 681 894 venturus
716 840 828 894 sit?
860 840 926 896 Ut
954 841 1053 895 illis
1087 841 1231 896 hunc
1256 857 1472 912 quoque
1499 841 1755 897 honorem
1789 841 2001 895 tribuat.

423 931 620 988 Paulus
661 948 790 989 vero
840 934 914 988 ait
944 935 1089 1003 ipsos
1127 935 1410 1004 rapiendos
1431 951 1550 990 esse
1577 937 1628 990 in
1657 935 1904 990 nubibus.
1941 934 2007 988 Et

427 1023 527 1078 hoc
571 1024 729 1079 etiam
777 1025 943 1092 dicit,
997 1040 1116 1079 cum
1166 1026 1233 1080 de
1289 1028 1678 1082 resurrectione
1727 1027 2002 1096 loquitur:

429 1113 548 1185 Ipse
571 1116 733 1177 enim,
763 1116 952 1186 inquit,
985 1115 1229 1170 Dominus
1249 1116 1510 1171 descendet
1531 1118 1593 1170 de
1612 1117 1732 1171 cado
1749 1118 1799 1170 in
1815 1117 1966 1186 jussu
1987 1157 2001 1182 ,

425 1210 477 1262 in
522 1225 637 1264 uoce
674 1209 966 1279 archangeli
1007 1210 1084 1278 (1.
1117 1207 1298 1263 Thess.
1334 1210 1386 1263 4.
1420 1207 1530 1280 15).
1561 1209 1740 1278 Itaque
1765 1223 1884 1263 cum
1917 1225 2004 1263 re-

425 1303 754 1357 surreXerint
774 1343 789 1369 ,
817 1303 990 1372 angeli
1020 1303 1164 1372 ipsos
1188 1302 1584 1372 congregabuut
1607 1345 1624 1368 ,
1655 1309 2006 1370 congregatos

424 1405 604 1450 autem
636 1395 802 1450 nubes
845 1395 1052 1464 rapieut
1093 1406 1193 1450 :et
1243 1396 1354 1450 haec
1406 1397 1587 1451 omnia
1635 1395 1688 1450 in
1735 1404 2005 1450 momento

426 1476 578 1541 fiunt.
625 1486 807 1557 Neque
845 1488 986 1541 enim
1033 1502 1244 1542 sursum
1281 1503 1502 1542 manens
1532 1497 1684 1542 vocat
1715 1488 1865 1551 illos,
1911 1489 2004 1541 Sed

425 1582 540 1648 ipse
568 1580 706 1633 venit
741 1579 791 1633 in
826 1579 970 1634 tuba.
1007 1579 1072 1633 Et
1097 1579 1222 1649 quid
1250 1579 1352 1633 sibi
1375 1579 1562 1633 volunt
1589 1579 1727 1633 tuba:
1757 1587 1812 1634 et
1841 1579 1956 1633 soni
1983 1579 2008 1632 ?

425 1673 507 1726 Ad
551 1671 973 1736 suscitationem,
1003 1670 1066 1724 ad
1097 1671 1330 1725 la-titiam
1349 1711 1362 1732 ,
1386 1671 1451 1724 ad
1473 1669 1847 1725 declarandum
1891 1679 2005 1724 stu-

439 1777 641 1833 porem,
660 1761 1004 1830 doloremque
1030 1775 1215 1816 eorum
1235 1761 1721 1830 quirelinquentur.
1743 1760 1833 1815 Vae
1854 1761 2008 1815 nobis

426 1869 454 1908 a
478 1854 564 1909 die
590 1854 680 1908 illo
710 1852 929 1908 terribili
956 1870 968 1903 :
993 1867 1112 1907 cum
1141 1861 1416 1922 oporteret
1436 1867 1534 1908 nos
1550 1852 1780 1923 gaudere
1795 1853 2007 1922 quando

426 1947 551 2001 talia
581 1947 851 2009 audimus,
880 1947 1145 2011 dolemus,
1173 1955 1225 2000 et
1245 1945 1425 2000 animo
1451 1945 1662 2015 dejecto
1690 1960 1872 2000 sumus
1897 1986 1914 2012 ,
1944 1962 2007 2006 ac

425 2053 655 2092 mmrore
685 2037 1020 2090 conlicimur.
1050 2035 1184 2090 Num
1215 2052 1313 2106 ego
1341 2036 1487 2090 solus
1516 2036 1631 2091 haec
1667 2037 1862 2106 patior,
1882 2053 2004 2091 vos-

424 2142 526 2197 que
556 2127 800 2197 gaudetis
823 2126 936 2180 h:rc
961 2127 1260 2193 audientes,
1288 2127 1412 2180 dum
1443 2141 1528 2181 me
1558 2137 1611 2181 et
1649 2126 1840 2182 horror
1860 2127 2006 2182 iuva-

422 2218 521 2284 dit,
545 2233 667 2272 cum
695 2217 812 2272 ilth
836 2217 1107 2281 dicuntur,
1140 2227 1193 2270 et
1222 2218 1456 2285 graviter
1484 2218 1658 2287 lugeo,
1687 2232 1862 2288 exque
1883 2217 2006 2272 inti-

423 2326 512 2365 mo
541 2309 703 2364 corde
730 2309 1064 2380 ingemisco?
1089 2309 1228 2363 Nihil
1257 2309 1372 2364 iniec
1396 2309 1461 2363 ad
1485 2325 1587 2375 me,
1619 2310 1714 2366 sed
1741 2325 1857 2381 qua:
1881 2325 2004 2366 mox

423 2413 751 2472 sequuntur,
783 2417 900 2472 quae
932 2402 1162 2472 virgines
1188 2411 1466 2472 spectant,
1503 2411 1557 2456 et
1595 2418 1713 2472 quae
1746 2403 1894 2457 illum
1915 2405 2006 2474 qui

420 2505 694 2564 acceptum
721 2494 975 2548 talentum
1007 2493 1242 2560 defodit,
1283 2503 1335 2548 et
1363 2511 1479 2564 qua:
1506 2511 1717 2550 servum
1757 2511 2003 2566 nequam.

421 2587 546 2645 Ideo
574 2588 842 2658 lacrymor
864 2628 879 2653 ,
911 2588 1155 2658 cegitans
1191 2603 1256 2643 ex
1301 2596 1493 2658 quanta
1531 2588 1698 2660 gloria
1739 2589 2006 2660 delapsuri

421 2681 586 2736 simus
608 2721 624 2748 ,
653 2697 718 2735 ex
747 2679 1066 2751 Quantorum
1111 2695 1206 2749 spe
1237 2680 1496 2734 bonormn
1519 2722 1534 2746 ,
1566 2679 1723 2750 idque
1750 2691 2007 2750 perpetuo

421 2783 472 2830 et
494 2787 740 2845 semper,
794 2789 860 2828 ne
899 2787 1086 2845 parum
1131 2772 1288 2826 studii
1342 2772 1731 2841 impendamus.
1783 2773 1914 2826 Nam
1961 2773 2003 2827 si

421 2866 620 2919 tuultus
648 2874 791 2919 esset
821 2864 991 2930 labor,
1027 2863 1072 2918 si
1097 2863 1275 2933 gravis
1304 2864 1414 2927 lex,
1444 2864 1521 2917 sic
1544 2879 1754 2934 quoque
1793 2871 2007 2932 oporte-

421 2962 501 3009 ret
532 2955 664 3010 nihil
707 2969 812 3009 non
843 2970 1023 3025 agere.
1057 2955 1305 3010 Attamen
1333 2954 1575 3024 plerique
1605 2953 1816 3008 desides
1845 2969 2006 3008 excu-

420 3054 677 3101 sationem
697 3045 981 3116 quamdam
1002 3044 1198 3100 habere
1219 3045 1558 3111 viderentur;
1579 3045 1819 3115 frigidam
1833 3054 2003 3112 certe,

420 3137 513 3191 sed
556 3145 732 3191 tamen
778 3137 1087 3192 viderentur
1115 3136 1352 3200 habere;
1384 3147 1768 3207 prmceptorum
1815 3153 2007 3207 nempe

421 3228 808 3296 difficultatem,
833 3229 973 3298 quod
998 3244 1218 3299 magnus
1246 3230 1314 3285 sit
1339 3229 1510 3297 labor,
1535 3231 1676 3299 quod
1697 3230 2004 3285 diuturnum

423 3327 632 3388 tempus
657 3359 673 3386 ,
704 3329 758 3374 et
787 3319 1121 3375 intolerabile
1144 3335 1280 3375 onus
1311 3339 1324 3374 :
1359 3335 1503 3375 nunc
1531 3329 1709 3376 autem
1742 3320 1872 3375 nihil
1903 3322 2006 3376 tale

421 3411 713 3468 obtendere
729 3426 1029 3481 possumus,
1044 3413 1185 3487 quod
1208 3421 1387 3468 tamen
1401 3413 1567 3485 magis
1589 3427 1746 3482 quam
1763 3412 2006 3483 gehenna

423 3517 520 3561 uos
561 3502 810 3557 corrodet
841 3503 892 3556 in
939 3511 1182 3573 tempore
1221 3503 1344 3567 illo,
1374 3517 1497 3556 cum
1537 3503 1607 3556 ob
1632 3503 2005 3558 brevissimum

425 3598 680 3666 temporis
705 3597 956 3667 spatium,
987 3605 1041 3652 et
1070 3596 1318 3650 sudorem
1353 3612 1592 3665 parvum,
1625 3612 1845 3666 regnum
1869 3597 2006 3652 ami-

422 3689 650 3746 serimus
678 3698 733 3744 et
753 3687 1039 3744 ineffabilia
1068 3688 1228 3743 bona.
1255 3686 1386 3742 Nam
1411 3697 1466 3743 et
1489 3696 1696 3758 tempus
1717 3689 1878 3744 breve
1903 3698 2005 3755 est,

423 3789 476 3835 et
505 3780 656 3836 labor
683 3779 958 3847 modicus;
991 3789 1044 3836 et
1071 3789 1245 3837 tamen
1278 3779 1594 3834 resolvimur
1613 3787 1668 3834 et
1691 3778 2005 3835 decidimus.

425 3870 480 3929 In
510 3881 650 3926 terra
675 3872 918 3927 decertas
939 3913 954 3940 ,
985 3880 1038 3926 et
1065 3872 1116 3926 iu
1143 3871 1290 3927 caelis
1315 3886 1512 3926 corona
1539 3879 1654 3936 est;
1687 3870 1755 3926 ab
1777 3870 2008 3924 homini-

425 3965 522 4019 bus
565 3962 850 4031 cruciaris,
901 3973 954 4018 et
996 3980 1023 4016 a
1073 3964 1178 4018 Deo
1226 3963 1483 4018 honorem
1534 3962 1759 4033 accipis;
1803 3963 2009 4018 duobus

425 4055 600 4110 curris
626 4055 814 4110 diebus
835 4097 848 4120 ,
880 4063 937 4109 et
957 4056 1022 4109 ad
1047 4055 1240 4109 smcula
1270 4056 1469 4109 infinita
1493 4055 1672 4109 bravia
1698 4055 1925 4125 accipis;
1955 4055 2007 4109 in

425 4159 680 4217 corrupto
720 4161 947 4217 corpore
988 4147 1128 4200 lucta
1149 4188 1164 4213 ,
1194 4157 1247 4201 et
1288 4148 1340 4200 in
1370 4147 1678 4217 incorrupto
1708 4149 1899 4203 honor.
1933 4151 2011 4204 Ac

427 4249 623 4312 praeter
654 4240 768 4295 lucc
799 4239 926 4294 illud
957 4240 1118 4294 etiam
1144 4241 1378 4309 cogitare
1407 4249 1636 4308 Oportet,
1670 4241 1876 4296 etiamsi
1902 4256 2008 4295 nou

429 4340 648 4404 propter
673 4330 941 4385 Christum
970 4329 1168 4398 aliquid
1202 4330 1306 4399 pati
1334 4329 1530 4383 doloris
1558 4329 1803 4398 velimus,
1827 4339 1882 4384 at
1904 4332 2011 4400 pati

429 4439 528 4483 nos
575 4421 796 4477 omnino
843 4436 1066 4476 necesse
1114 4421 1246 4476 fore.
1298 4420 1478 4490 Neque
1519 4422 1661 4476 enim
1704 4423 1747 4476 si
1793 4434 2013 4495 propter

428 4516 698 4573 Christum
723 4531 828 4570 non
853 4514 1116 4579 moriaris,
1151 4514 1270 4568 ideo
1300 4513 1613 4568 immortalis
1638 4515 1744 4569 eris
1785 4534 1798 4569 :
1839 4531 2012 4586 neque

427 4611 475 4667 si
502 4620 720 4682 propter
746 4607 1013 4664 Christum
1045 4607 1254 4662 divitias
1273 4622 1377 4661 non
1405 4606 1662 4672 effundas,
1695 4607 1809 4667 illas
1838 4618 2010 4663 tecum

427 4706 660 4766 auferes.
694 4706 739 4760 A
770 4714 820 4761 te
851 4705 937 4759 illa
965 4704 1145 4776 exigit,
1175 4720 1292 4775 qua:
1319 4705 1478 4763 etiam
1499 4705 1611 4774 ipso
1637 4722 1741 4760 non
1769 4707 2013 4777 exigente

429 4799 652 4855 daturus
677 4814 736 4854 es
760 4840 774 4865 ,
803 4798 923 4868 quia
955 4797 1192 4852 mortalis
1231 4814 1328 4862 es;
1375 4798 1489 4852 hzec
1532 4807 1584 4854 te
1633 4799 1858 4855 libenter
1902 4801 2015 4856 vult

427 4890 626 4955 facere,
685 4905 804 4960 quae
863 4889 1162 4944 necessario
1212 4888 1444 4946 facturus
1487 4904 1565 4944 es.
1597 4889 1709 4944 Hoc
1745 4891 1914 4945 solum
1958 4901 2016 4946 ut

434 4981 574 5038 adsit
613 4989 791 5050 Optat,
840 4989 895 5033 ut
925 4990 1140 5050 propter
1183 4980 1356 5048 ipsum
1381 4979 1482 5035 hoc
1511 4980 1631 5044 fiat;
1662 4981 1804 5050 quod
1834 4991 2013 5040 autem

433 5073 549 5130 huic
579 5073 752 5126 omnia
782 5076 1090 5141 contingant
1114 5082 1165 5126 et
1194 5080 1483 5133 transeant,
1515 5087 1578 5125 ex
1604 5081 1804 5128 naturae
1832 5088 2016 5127 necesv

432 5168 588 5222 sitate
611 5164 687 5220 fit.
725 5163 908 5219 Viden
936 5181 1092 5234 quam
1124 5165 1275 5219 facile
1306 5165 1614 5220 certamen?
1641 5167 1768 5231 Qua:
1796 5166 2015 5223 omnino

437 5272 690 5326 passurus
716 5272 774 5311 es
795 5297 810 5320 ,
842 5255 1041 5325 inquit,
1072 5265 1287 5323 propter
1331 5271 1415 5310 me
1459 5265 1639 5325 patere
1671 5273 1682 5309 :
1714 5256 1814 5313 hoc
1841 5258 2015 5311 solum

436 5352 680 5415 addatur,
722 5360 777 5405 et
820 5349 868 5404 id
916 5364 1012 5419 pro
1051 5348 1242 5404 idonea
1268 5349 1609 5418 obsequentia
1642 5347 1833 5408 habeo.
1865 5350 2016 5418 Quod

438 5445 525 5500 alii
555 5452 890 5500 mutuaturns
915 5457 1099 5496 aurum
1129 5457 1188 5496 es
1212 5483 1228 5508 ,
1252 5441 1380 5494 mihi
1410 5449 1650 5499 mutuare
1675 5457 1795 5496 cum
1828 5443 2015 5509 majori

441 5536 644 5588 l'mnorc
682 5549 746 5586 ac
769 5534 1054 5587 securitate
1085 5550 1098 5585 :
1130 5534 1270 5603 quod
1299 5548 1491 5602 corpus
1519 5532 1671 5586 alteri
1702 5533 1901 5586 militi-.e
1938 5533 2017 5586 vis

437 5623 772 5687 adscribere,
814 5640 945 5678 meae
985 5624 1228 5677 adscrihe
1259 5643 1269 5676 :
1303 5641 1422 5676 nam
1471 5623 1677 5684 labores
1720 5631 1838 5678 tuos
1864 5623 2016 5694 longe

433 5712 684 5770 excedam
723 5712 980 5766 mercedis
1009 5713 1386 5779 magnitudine.
1419 5712 1496 5766 Tu
1523 5727 1646 5765 vero
1675 5713 1724 5766 in
1752 5713 1869 5767 aliis
1895 5727 2016 5767 eum

1101 273 1156 328 S.
1197 271 1471 329 JOANNIS
1509 268 1983 328 CHRYSOSTOMI
2023 267 2336 325 ARCHIEP.
2378 269 2915 332 CONSTANTINOP.

3598 283 3702 341 700

2115 398 2328 453 semper
2357 386 2610 456 prmfers,
2641 390 2731 460 qui
2762 391 2915 462 plura
2960 391 3237 463 retribuit,
3282 393 3337 450 in
3379 405 3598 466 mutuo,
3648 401 3700 456 in

2115 477 2412 546 emptione.
2442 480 2493 533 in
2523 482 2708 535 militia
2742 501 2756 538 :
2787 479 3057 538 Christum
3086 486 3258 542 solum
3286 503 3392 544 non
3420 491 3657 548 admittis
3683 537 3698 556 ,

2115 568 2202 635 qui
2250 569 2366 638 plus
2414 579 2468 624 et
2515 571 2768 627 infinities
2805 573 2922 644 plus
2965 577 3166 645 praebet
3201 594 3357 650 quam
3385 585 3587 636 cmteri.
3634 585 3703 639 Et

2113 660 2254 727 quod
2293 661 2392 716 hoc
2419 661 2648 717 bellum?
2677 681 2794 735 quae
2821 667 2935 722 haec
2966 667 3274 725 inimicitia?
3304 672 3574 730 Undenam
3601 680 3698 733 dc-

2115 766 2259 805 mum
2292 754 2501 807 veniam
2531 767 2585 810 et
2609 759 3008 815 excusationem
3040 760 3261 818 habebis
3283 807 3296 833 ,
3325 781 3447 821 cum
3479 769 3530 823 in
3559 770 3623 825 iis
3644 773 3699 827 in

2112 841 2304 910 quibus
2333 841 2578 899 homines
2615 846 2917 905 hominibus
2945 855 3257 923 anteponis,
3288 873 3355 913 ne
3385 859 3548 914 Deum
3575 865 3698 932 qui-

2111 932 2232 986 dem
2261 935 2338 989 vis
2369 934 2670 992 hominibus
2697 944 3058 1010 anteponere?
3081 945 3187 1000 Cur
3209 956 3365 1004 terrae
3389 950 3698 1009 thesaurum

2115 1025 2316 1078 tradis?
2346 1025 2401 1080 In
2430 1030 2670 1084 manibus
2701 1034 2834 1088 meis
2864 1049 3082 1105 repone,
3114 1037 3303 1109 inquit.
3334 1042 3528 1100 Annon
3553 1047 3701 1104 vide-

2113 1123 2198 1168 tur
2239 1115 2330 1170 tibi
2375 1118 2629 1175 Dominus
2676 1130 2831 1178 terra:
2859 1126 3022 1180 tutior
3059 1143 3179 1184 esse
3208 1146 3364 1200 quam
3395 1137 3573 1190 terra?
3601 1138 3697 1194 Illa

2111 1205 2407 1275 depositum
2453 1212 2661 1279 reddit,
2712 1231 2883 1283 neque
2925 1218 3097 1272 reddit
3147 1237 3403 1292 semper:
3433 1227 3522 1282 ille
3568 1245 3699 1286 vero

2111 1297 2268 1350 etiam
2318 1301 2616 1355 mercedem
2660 1318 2756 1372 pro
2790 1308 3026 1362 custodia
3053 1309 3123 1364 ab
3170 1326 3229 1367 se
3273 1313 3452 1370 habita
3498 1319 3694 1375 reddit.

2116 1388 2279 1443 Valde
2306 1392 2500 1460 quippe
2530 1409 2626 1448 nos
2651 1407 2811 1451 amat.
2844 1398 2966 1453 ldco
2995 1402 3039 1455 si
3068 1414 3252 1458 mutuo
3273 1405 3401 1461 dare
3430 1411 3688 1476 volucris,

2114 1493 2324 1550 paratus
2351 1493 2433 1539 est
2457 1503 2469 1538 :
2499 1487 2543 1540 si
2572 1488 2839 1546 seminare
2858 1532 2873 1559 ,
2905 1492 3018 1562 ipse
3041 1510 3224 1550 semen
3243 1500 3469 1567 excipit;
3502 1504 3546 1556 si
3569 1505 3698 1560 aedi-

2115 1574 2230 1628 licia
2256 1576 2490 1630 excitare
2511 1620 2525 1643 ,
2556 1588 2606 1632 te
2630 1579 2695 1633 ad
2723 1593 2782 1634 se
2810 1583 3068 1650 pertrahit
3092 1585 3276 1642 dicens
3294 1631 3308 1654 ,
3339 1589 3393 1644 ln
3424 1607 3543 1647 meo
3570 1594 3694 1648 fun-

2111 1666 2179 1719 do
2199 1667 2342 1723 aedes
2371 1680 2640 1726 construe.
2664 1672 2799 1740 Quid
2829 1676 2999 1730 curris
3027 1677 3092 1732 ad
3120 1694 3399 1750 pauperes,
3426 1683 3492 1738 ad
3525 1687 3696 1740 homi-

2113 1774 2206 1812 nes
2233 1759 2641 1816 mcndicantes?
2703 1763 2871 1820 Curre
2897 1766 2962 1820 ad
2992 1767 3156 1823 Deum
3184 1812 3198 1836 ,
3229 1773 3316 1841 qui
3345 1788 3441 1843 pro
3469 1778 3694 1833 modicis

2112 1864 2299 1919 magna
2323 1850 2416 1903 tibi
2445 1848 3070 1912 datttrnsest'.Attatnen
3112 1858 3144 1912 h
3165 1875 3225 1914 rc
3252 1878 3318 1916 ne
3347 1865 3528 1920 auditu
3568 1869 3689 1937 qni-

2109 1938 2230 1993 dem
2259 1940 2509 2027 ferimus;
2540 1943 2632 1998 sed
2662 1957 2728 1998 eo
2747 1942 3060 2002 festinanter
3083 1952 3370 2021 pergimus,
3395 1957 3480 2009 ubi
3505 1973 3692 2027 pugna:

2108 2033 2256 2087 Stml,
2280 2024 2442 2090 bella,
2473 2025 2594 2080 lites
2635 2028 2814 2082 omnis
2853 2031 3088 2098 generis,
3115 2034 3267 2101 rixae,
3295 2024 3690 2106 sycophantiae.

2180 2114 2232 2167 5.
2263 2113 2328 2167 In
2357 2114 2565 2169 Christo
2595 2119 2777 2171 omnia
2795 2119 2946 2175 nobis
2971 2125 3686 2192 suppeditantur.-Annon

2109 2206 2273 2276 igitur
2294 2223 2391 2264 nos
2413 2209 2558 2278 jnste
2578 2221 2864 2266 aversatur
2889 2224 2941 2268 et
2962 2215 3266 2285 ulciscitur,
3293 2234 3414 2274 eum
3439 2220 3492 2276 in
3513 2223 3693 2279 omni-

2108 2298 2209 2354 bus
2229 2300 2464 2369 seipsum
2492 2301 2648 2358 nobis
2673 2303 2883 2370 offerat,
2912 2323 3121 2377 nosque
3147 2311 3294 2366 illum
3335 2314 3692 2383 rejiciamus?

2111 2391 2164 2444 Id
2196 2400 2339 2446 certe
2368 2408 2532 2448 nemo
2559 2410 2665 2448 non
2700 2397 2948 2452 fateatur.
2984 2398 3041 2454 Si
3077 2402 3258 2470 enim_',
3288 2405 3488 2475 inquit,
3522 2407 3688 2462 deco-

2109 2482 2217 2536 rari
2248 2483 2401 2549 velis,
2436 2487 2621 2556 accipe
2644 2487 2896 2543 decorem
2932 2506 3113 2546 nteum
3143 2512 3156 2560 ;
3195 2496 3240 2551 si
3281 2498 3506 2563 armari,
3535 2513 3692 2554 arma

2109 2589 2261 2642 mea;
2292 2575 2337 2629 si
2373 2578 2579 2643 vestiri,
2612 2579 2995 2636 vestimentum
3025 2599 3243 2652 meum;
3265 2587 3310 2641 si
3343 2589 3511 2662 vesci,
3538 2604 3694 2645 men-

2107 2681 2221 2721 sam
2253 2684 2468 2737 meam;
2495 2671 2539 2724 si
2578 2672 2676 2726 iter
2711 2672 2910 2741 facere,
2943 2677 3085 2732 viam
3125 2694 3340 2746 meam;
3384 2683 3434 2736 si
3461 2683 3693 2738 haeredi-

2109 2768 2244 2826 tare,
2275 2761 2645 2817 fuereditatem
2682 2781 2856 2820 meam
2887 2786 2902 2835 ;
2931 2769 2975 2823 si
3007 2769 3060 2823 in
3090 2771 3318 2840 patriam
3351 2773 3580 2843 ingredi,
3610 2775 3691 2831 ci-

2109 2853 2353 2919 vitatem,
2385 2854 2543 2924 cujus
2571 2871 2672 2927 ego
2696 2873 2818 2914 sum
2847 2860 3043 2916 artifex
3075 2873 3128 2916 et
3149 2863 3400 2918 conditor
3474 2883 3490 2933 ;
3523 2867 3568 2922 si
3592 2867 3693 2922 do-

2108 2960 2252 2998 mum
2284 2947 2417 3003 velis
2446 2948 2733 3016 aedilicare,
2773 2952 2976 3007 aedifica
3006 2955 3057 3008 in
3093 2955 3459 3013 tabernaculis
3493 2960 3632 3016 meis
3667 2977 3684 3015 :

2101 3052 2200 3106 ego
2239 3047 2384 3094 certe
2428 3055 2528 3107 pro
2575 3041 2644 3098 iis
2685 3058 2804 3112 qua:
2853 3044 3052 3100 dedero
3097 3048 3300 3103 nullam
3349 3065 3379 3104 a
3426 3059 3477 3104 te
3529 3068 3676 3106 mer-

2100 3131 2285 3185 cedem
2339 3135 2660 3205 requiram;
2712 3140 2823 3193 imo
2872 3141 2955 3195 vel
2999 3156 3065 3196 ex
3103 3157 3168 3198 eo
3217 3143 3335 3212 ipso
3374 3148 3680 3200 mercedem

2096 3224 2193 3280 tibi
2246 3225 2454 3292 debeo,
2502 3229 2548 3283 si
2598 3231 2734 3286 meis
2777 3233 3038 3288 omnibus
3091 3235 3168 3289 uti
3222 3236 3486 3291 volueris.
3538 3237 3684 3306 Quid

2095 3319 2222 3378 huic
2261 3320 2573 3380 liberalitati
2619 3339 2720 3394 par
2755 3336 2838 3382 est
2940 3328 3050 3397 Ego
3096 3337 3247 3395 pater
3271 3368 3286 3391 ,
3318 3343 3417 3399 ego
3465 3327 3681 3393 frater,

2108 3415 2208 3471 ego
2234 3416 2480 3472 sponsus,
2507 3417 2607 3473 ego
2639 3406 2851 3472 domus,
2883 3421 2982 3477 ego
3007 3408 3341 3480 alimentum,
3374 3428 3473 3483 ego
3510 3414 3694 3482 vestis,

2108 3507 2206 3562 ego
2236 3492 2406 3555 radix,
2438 3509 2538 3564 ego
2562 3494 2984 3563 fundamentum,
3017 3513 3116 3570 ego
3140 3500 3393 3573 quidquid
3417 3504 3688 3571 volueris;

2111 3586 2252 3640 nulla
2280 3601 2405 3656 ergo
2422 3601 2479 3641 re
2500 3601 2677 3658 egeas.
2701 3589 2812 3659 Ego
2832 3590 2992 3645 etiam
3015 3592 3106 3647 tibi
3130 3595 3388 3661 serviam;
3412 3599 3530 3652 veni
3552 3599 3697 3653 enim

2111 3677 2427 3741 ministrare,
2461 3694 2566 3733 non
2598 3680 2888 3735 ministrari
2930 3681 3144 3754 (Matth.
3175 3685 3264 3742 20.
3286 3687 3401 3752 28).
3427 3689 3540 3759 Ego
3558 3690 3696 3744 ami-

2111 3784 2226 3834 cus,
2257 3769 2578 3837 membrum,
2623 3780 2800 3841 caput,
2849 3772 3030 3841 frater,
3081 3791 3254 3838 soror.
3301 3789 3486 3846 mater,
3518 3782 3694 3836 omnia

2113 3877 2211 3930 ego
2239 3875 2354 3915 sum
2381 3879 2393 3915 :
2421 3861 2591 3916 solum
2638 3862 2768 3917 mihi
2795 3864 2998 3920 amicus
3026 3877 3159 3921 esto.
3191 3868 3301 3938 Ego
3331 3885 3532 3940 panper
3573 3888 3699 3941 pro-

2112 3962 2230 4024 pter
2259 3961 2330 4020 te,
2350 3953 2623 4008 mendicus
2653 3965 2866 4024 propter
2893 3965 2963 4021 te,
2999 3957 3050 4011 in
3073 3973 3282 4014 crucem
3310 3970 3459 4016 actus
3482 3973 3698 4034 propter

2114 4055 2184 4111 te,
2218 4045 2269 4098 in
2301 4045 2547 4114 sepulcro
2578 4046 2780 4114 positus
2810 4058 3025 4117 propter
3055 4061 3124 4114 te,
3159 4051 3209 4104 in
3229 4053 3374 4106 ca-lis
3399 4064 3616 4123 propter
3643 4065 3696 4109 te

2115 4136 2257 4188 Patri
2287 4136 2550 4206 supplico,
2583 4136 2634 4190 in
2659 4147 2796 4192 terra
2824 4147 3042 4208 propter
3067 4150 3118 4194 te
3139 4151 3321 4195 orator
3338 4143 3403 4196 ad
3415 4144 3532 4198 veni
3557 4145 3696 4214 apud

2114 4225 2344 4280 Patrem.
2376 4224 2564 4280 Omnia
2613 4227 2742 4283 mihi
2786 4236 2842 4283 tu
2871 4244 2950 4295 es,
2984 4229 3166 4297 frater,
3199 4233 3443 4301 coheres,
3472 4238 3694 4303 amicus,

2115 4319 2432 4374 membrum.
2457 4319 2595 4386 Quid
2622 4323 2848 4392 amplius
2873 4323 3179 4380 desideras?
3205 4341 3303 4380 cur
3330 4341 3449 4381 eum
3473 4329 3560 4398 qui
3579 4337 3697 4382 tan-

2115 4421 2223 4466 tum
2248 4420 2300 4466 te
2324 4421 2466 4466 amat
2492 4413 2790 4468 aversaris?
2818 4415 2942 4483 quid
2966 4416 3164 4471 mundo
3190 4417 3314 4472 huic
3340 4418 3584 4473 laboras?
3605 4434 3700 4474 cur

2114 4504 2258 4558 dolio
2281 4505 2333 4557 in
2358 4512 2571 4577 pertuso
2603 4503 2814 4559 hauris?
2833 4504 2945 4560 Hoc
2967 4506 3109 4560 enim
3135 4517 3217 4562 est
3239 4522 3337 4578 pro
3356 4509 3604 4577 prmsenti
3624 4509 3699 4562 vi-

2116 4605 2164 4650 ta
2211 4594 2474 4650 laborare.
2519 4593 2628 4651 Cur
2655 4596 2829 4665 ignem
2859 4596 3472 4653 verberas?curaerem
3515 4614 3702 4667 percu-

2117 4687 2218 4741 tis?
2241 4701 2340 4740 cur
2358 4687 2550 4742 frustra
2577 4688 2780 4741 curris?
2801 4689 2988 4742 Annon
3011 4703 3098 4742 ars
3122 4703 3345 4757 quaeque
3367 4688 3523 4743 finem
3546 4705 3699 4744 suum

2117 4777 2310 4834 habet?
2339 4779 2394 4833 id
2423 4793 2552 4834 sane
2579 4779 2824 4833 omnibus
2853 4780 3218 4849 conspicuum.
3249 4781 3482 4836 Ostende
3504 4783 3631 4835 mihi
3649 4793 3704 4838 et

2120 4879 2172 4925 tu
2203 4871 2473 4926 smcularis
2502 4870 2662 4925 studii
2691 4872 2870 4926 finem.
2899 4871 3005 4926 Sed
3034 4887 3140 4925 non
3170 4881 3354 4941 potes:
3377 4889 3496 4926 nam
3543 4872 3705 4926 Vani-

2118 4973 2194 5015 tas
2220 4963 2518 5028 vanitatum,
2545 4972 2592 5016 et
2621 4963 2790 5015 omnia
2814 4963 3006 5016 vanitas
3034 4960 3228 5034 (Eccle.
3271 4965 3322 5018 1.
3353 4961 3428 5031 1).
3478 4965 3703 5020 Proci-

2119 5067 2332 5108 scamur
2358 5053 2423 5107 ad
2469 5055 2736 5124 sepulcra,
2769 5052 2993 5107 ostende
3032 5054 3160 5107 mihi
3205 5063 3434 5123 patrem,
3480 5055 3704 5110 ostende

2121 5159 2361 5199 uxorem.
2394 5144 2495 5200 Ubi
2535 5144 2731 5214 estqui
2757 5143 2933 5199 aureis
2971 5145 3204 5199 vestibus
3233 5144 3585 5200 induebatur?
3614 5146 3704 5216 qui

2121 5235 2172 5288 in
2199 5250 2356 5290 curru
2383 5235 2639 5290 sedebat?
2658 5235 2748 5305 qui
2774 5234 3040 5290 exercitus
3063 5234 3312 5299 habebat,
3335 5235 3423 5304 qui
3445 5235 3705 5301 balteum,

2121 5325 2207 5394 qui
2237 5325 2545 5395 praecones?
2573 5325 2663 5395 qui
2696 5325 2830 5380 alios
2861 5325 3150 5390 occidebat,
3185 5326 3319 5381 alios
3348 5325 3402 5380 in
3430 5341 3700 5386 carcerem

2213 5457 2430 5526 Savilius
2453 5456 2740 5531 inmargine
2755 5459 3086 5531 .hanc'variam
3113 5461 3542 5530 lectionematfert
3560 5475 3570 5508 :
3591 5462 3691 5531 Cu!

2106 5531 2198 5566 non
2225 5519 2392 5586 curris
2405 5519 2468 5566 ad
2497 5519 2654 5586 illum,
2681 5519 2765 5569 sed
2791 5520 2857 5570 ad
2883 5519 3099 5586 {raritates
3124 5519 3288 5586 inopes
3307 5521 3391 5586 qui
3409 5535 3499 5582 pro
3517 5519 3690 5586 parvis

2107 5593 2280 5645 magna
2305 5580 2392 5630 tibi
2413 5580 2604 5645 negotia
2629 5581 2866 5644 facessunt
2887 5581 2993 5645 .
3027 5581 3186 5640 Field,
3205 5580 3273 5645 ad
3297 5580 3346 5645 p.
3373 5580 3478 5633 738.

2216 5642 2373 5706 Morel
2400 5678 2412 5702 ,
2433 5641 2570 5706 cujus
2592 5641 2683 5706 ego
2708 5656 2817 5692 sum
2837 5643 3020 5706 artifex
3042 5649 3088 5697 et
3114 5641 3338 5694 conditur
3366 5646 3496 5700 Deus

2221 5705 2272 5752 .
2298 5703 2658 5767 .,
2681 5705 2740 5755 ad
2759 5719 2810 5767 p.
2837 5703 2959 5760 739'.
