4076 6142
437 277 533 333 701

436 386 787 458 conﬁciebat?
817 386 904 457 qui
936 383 1285 440 interﬁciebat
1305 396 1439 451 quos
1459 380 1636 445 vellet,
1661 377 2024 446 liherabatque

434 481 502 535 ad
534 479 754 532 nutum?
773 477 911 531 Nihil
932 476 1076 530 aliud
1107 475 1262 529 video
1289 488 1446 543 quam
1474 485 1617 535 ossa,
1649 484 1880 533 vermes,
1904 483 2024 521 ara-

435 588 599 627 neas:
631 570 810 625 omnia
843 569 930 622 illa
961 579 1100 622 terra
1131 578 1273 629 sunt,
1297 565 1475 619 omnia
1503 563 1697 628 fabula,
1727 562 1902 617 omnia
1931 575 2024 614 so-

435 662 658 726 mnium,
687 661 894 722 umbra,
919 675 1066 714 mera
1094 660 1326 713 narratio
1354 667 1408 712 et
1435 657 1634 727 pictura
1656 672 1670 720 ;
1692 656 1800 708 imo
1821 666 1920 708 nec
1943 653 2024 723 pi-

434 763 606 809 ctura.
639 753 904 808 Picturam
931 753 1072 807 enim
1098 751 1286 804 saltem
1315 750 1366 803 in
1395 749 1622 818 imagine
1642 746 1909 809 videmus;
1939 745 2025 800 hic

436 861 565 901 vero
609 861 676 902 nc
721 846 935 916 quidem
989 845 1292 913 imaginem.
1327 845 1498 912 Atque
1528 843 1726 895 utinam
1760 841 1845 895 hic
1884 840 2022 893 mala

437 938 881 994 terminarentur!
908 935 1058 990 Nunc
1084 951 1210 990 vero
1230 934 1420 998 honor,
1450 934 1676 999 deliciae,
1699 931 1886 1003 gloria,
1908 945 2026 985 um-

437 1031 534 1086 bra
565 1037 770 1084 tantum
798 1037 854 1084 et
883 1027 1042 1082 verba
1069 1035 1222 1081 sunt:
1254 1040 1372 1095 quae
1413 1040 1540 1080 vero
1579 1024 1669 1079 illa
1704 1033 2018 1093 sequuntur,

437 1136 544 1176 non
576 1119 786 1185 umbra,
817 1134 924 1172 non
955 1117 1116 1173 verba
1145 1125 1298 1181 sunt;
1343 1114 1436 1170 sed
1477 1123 1712 1178 nmient,
1746 1122 1800 1168 et
1839 1112 2023 1166 nobis-

435 1226 558 1266 cum
587 1211 678 1266 illo
708 1209 1029 1274 transibunt,
1058 1208 1409 1276 omnibusque
1438 1214 1562 1262 nota
1589 1213 1773 1270 erunt;
1798 1203 2022 1274 rapinae,

438 1303 680 1364 avaritia,
710 1300 1110 1366 fornicationes,
1133 1298 1411 1363 adulteria,
1440 1305 1494 1352 et
1516 1295 1660 1352 mille
1680 1293 1816 1350 mala
1841 1293 2026 1364 hujus-

438 1396 607 1462 modi,
641 1409 745 1450 non
778 1394 829 1448 in
857 1393 1084 1461 imagine
1109 1401 1164 1446 et
1189 1393 1239 1444 in
1267 1391 1485 1462 pulvere
1508 1397 1683 1453 erunt,
1711 1385 1808 1442 sed
1827 1387 2023 1456 scripta

440 1487 495 1542 in
523 1486 670 1542 caelis
700 1493 844 1551 sunt,
873 1498 968 1539 seu
990 1482 1152 1545 dicta,
1186 1496 1279 1536 seu
1309 1495 1490 1550 opera.
1517 1477 1721 1545 Quibus
1743 1491 1876 1545 ergo
1893 1491 2024 1530 ocu-

441 1577 506 1631 Iis
534 1574 801 1630 Christum
832 1572 1164 1628 videbimus?
1187 1571 1318 1627 Nam
1363 1572 1406 1625 si
1453 1582 1654 1639 patrem
1703 1584 1808 1623 non
1850 1576 2024 1637 potest

439 1669 560 1737 quis
589 1666 832 1735 aspicere
874 1664 973 1720 sibi
1000 1664 1247 1718 conscius
1275 1661 1475 1731 peccati
1505 1661 1555 1714 in
1589 1659 1758 1722 illum,
1786 1673 1910 1713 eum
1933 1657 2022 1728 qui

439 1769 588 1830 patre
619 1759 774 1827 longe
801 1757 1130 1810 mansuetior
1158 1765 1258 1815 est.
1291 1751 1559 1823 quomodo
1588 1761 1715 1807 tunc
1735 1749 2022 1820 respicere,

439 1849 706 1920 quomodo
734 1848 872 1902 ferre
900 1844 1226 1915 poterimus?
1250 1843 1382 1898 Nam
1412 1841 1662 1897 tribunali
1706 1839 1904 1896 Christi
1929 1838 2025 1894 ad-

441 1940 718 2002 stahimus,
741 1940 1086 2006 omniumque
1101 1943 1404 1990 accuratum
1428 1932 1528 1987 erit
1555 1946 1799 1986 examen.
1835 1929 1890 1984 Si
1907 1929 2026 1998 quis

440 2046 568 2085 vero
596 2027 832 2084 futurum
853 2029 1110 2098 judicium
1139 2043 1240 2080 non
1274 2025 1464 2091 credit,
1497 2023 1746 2092 respiciat
1788 2022 1874 2075 illa
1905 2035 2024 2090 quae

1290 269 1359 325 IN
1397 263 1801 323 MATTIIAEUM
1844 261 2071 319 HOMIL.
2116 263 2372 320 LXXVII.
2412 265 2483 322 al.
2525 265 2802 322 LXXVIII.

3604 276 3710 332 70']

2127 377 2213 430 hic
2237 388 2514 448 geruntur,
2544 379 2721 435 videat
2749 396 2843 437 eos
2867 383 2956 451 qui
2986 384 3039 440 in
3064 398 3300 454 carcere,
3331 387 3420 457 qui
3445 388 3499 444 in
3522 391 3709 445 metal-

2125 467 2215 535 Iis,
2245 471 2333 540 qui
2364 472 2415 525 in
2445 483 2702 540 stercore,
2752 477 2998 532 rexoieiat
3049 479 3430 548 daemoniacos,
3472 485 3709 553 insanos,

2126 563 2506 618 incuraliilihns
2534 568 2730 622 morbis
2762 570 3082 637 laborantes,
3128 591 3246 628 cum
3297 587 3545 646 perpetua
3579 593 3711 647 pau-

2133 659 2342 719 pe-rtate
2363 664 2690 725 pugnantes,
2717 656 2894 711 inedia
2914 669 3157 726 vexatos,
3187 663 3390 731 ingenti
3417 664 3563 717 luctu
3587 682 3712 718 sau-

2133 741 2326 808 ciatos,
2350 745 2614 814 captivos.
2640 745 2826 816 Neque
2847 751 2994 803 enim
3015 752 3090 805 illi
3110 753 3223 806 haec
3248 764 3579 822 paterentur,
3606 757 3709 810 nisi

2125 830 2260 883 alios
2285 831 2373 900 qui
2401 833 2585 888 eadem
2614 850 2918 902 peccavere,
2950 839 3079 894 ultio
3099 851 3152 896 et
3171 845 3486 913 supplicium
3515 862 3710 918 exspe-

2127 933 2315 977 Ctaret.
2344 924 2398 976 Si
2431 941 2557 979 vero
2600 929 2778 982 caeteri
2810 930 2940 984 nihil
2973 932 3059 988 hic
3091 938 3227 1002 passi
3272 948 3416 1004 sunt,
3467 939 3568 996 hoc
3615 943 3710 999 tibi

2127 1015 2334 1086 signum
2355 1032 2476 1072 esse
2503 1019 2681 1086 debet,
2709 1022 2907 1092 aliquid
2931 1025 3070 1080 aliud
3095 1043 3376 1097 superesse
3398 1045 3513 1102 post
3536 1035 3712 1104 profe-

2127 1108 2356 1164 ctionem
2378 1125 2443 1164 ex
2466 1109 2566 1166 hac
2591 1112 2715 1166 vita.
2749 1114 2929 1185 Neque
2948 1119 3088 1172 enim
3115 1121 3223 1189 ille,
3253 1137 3374 1177 cum
3401 1126 3468 1179 sit
3495 1129 3712 1182 univer-

2127 1213 2306 1253 sorum
2338 1200 2498 1267 Deus,
2521 1202 2656 1256 alios
2683 1205 2822 1260 ultus
2847 1218 3015 1273 esset;
3045 1209 3177 1266 alios
3209 1229 3353 1280 vero,
3393 1219 3480 1286 qui
3522 1219 3710 1277 eadem

2127 1290 2210 1343 vel
2239 1291 2398 1345 etiam
2441 1295 2686 1361 graviora
2714 1308 2930 1366 peccata
2969 1300 3310 1371 admiserant,
3349 1308 3565 1376 impune
3589 1327 3710 1367 esse

2131 1382 2450 1453 reliquisset,
2478 1387 2578 1440 nisi
2609 1389 2875 1458 quoddam
2905 1392 3032 1462 ipsis
3058 1397 3373 1466 supplicium
3409 1401 3478 1454 ibi
3511 1403 3712 1474 irroga-

2132 1481 2281 1528 turus
2309 1485 2472 1530 esset.
2505 1476 2584 1534 Ex
2617 1479 2702 1536 his
2729 1481 2888 1551 igitur
2909 1485 3206 1542 rationibus
3245 1499 3299 1542 et
3327 1492 3584 1563 exemplis
3613 1511 3711 1553 nos

2129 1564 2274 1656 ipsos
2303 1565 2647 1627 humiliemus
2679 1590 2694 1630 :
2737 1585 2792 1629 et
2837 1577 2926 1646 qui
2974 1577 3231 1646 judicium
3264 1597 3367 1636 non
3400 1586 3709 1656 credebant,

2129 1655 2353 1711 credant
2375 1657 2511 1746 jam,
2541 1671 2596 1715 et
2623 1662 2873 1720 meliores
2900 1665 3220 1737 eﬁiciantur,
3252 1682 3308 1725 ut
3336 1687 3456 1728 cum
3497 1675 3711 1746 dignam

2136 1754 2304 1810 regno
2348 1743 2612 1800 caelorum
2659 1747 2825 1804 vitam
2872 1751 3227 1819 duxerimus,
3287 1754 3466 1812 futura
3515 1743 3714 1815 conse-

2131 1848 2368 1901 quamur
2413 1836 2576 1905 bona,
2631 1843 2805 1911 gratia
2863 1854 2919 1900 et
2967 1847 3302 1918 benignitate
3358 1850 3572 1907 Domini
3611 1855 3712 1908 nd-

2127 1925 2227 2069 ;tri
2255 1923 2383 1982 Jesu
2417 1926 2658 1998 Christi,
2706 1933 2794 1988 cui
2831 1935 3002 2006 gloria
3046 1938 3100 1993 in
3127 1941 3328 1996 sarcula
3363 1929 3709 2000 saeculorum.

2180 2032 2322 2069 me".

2180 2032 2322 2073 men.

1125 2151 2954 2177 *ρῳ-*Ἥ

2965 2167 3723 2196 ____________

1514 2232 1861 2308 HOMILIA
1903 2227 2224 2290 LXXVII.
2271 2231 2356 2294 al.
2404 2234 2753 2302 LXXVIII.

440 2385 564 2438 CAP.
607 2384 697 2439 24.
752 2399 802 2436 v.
859 2383 948 2436 52.
989 2381 1064 2434 Ab
1114 2381 1291 2434 arbore
1323 2388 1489 2432 autem
1527 2377 1610 2444 ﬁci
1646 2375 1821 2428 discite
1867 2384 2026 2442 para-

513 2476 678 2529 bolam
692 2491 712 2539 ;
738 2493 849 2528 cum
865 2492 980 2546 1am
1000 2489 1169 2526 ramus
1191 2474 1298 2542 ejus
1319 2482 1456 2524 tener
1476 2469 1644 2541 fuerit,
1671 2477 1716 2522 et
1731 2467 1856 2534 [alia
1882 2473 2023 2528 nata,

513 2570 650 2624 scitis
676 2570 794 2633 quia
821 2583 979 2637 prope
1003 2575 1079 2620 est
1103 2575 1284 2626 testas;
1321 2563 1408 2618 55.
1446 2562 1516 2614 ita
1543 2571 1588 2614 et
1616 2575 1720 2624 vos,
1749 2575 1864 2612 cum
1889 2558 2028 2611 vide-

512 2661 622 2713 ritis
643 2660 749 2712 Ita’c
773 2660 963 2723 omnia,
993 2659 1168 2711 scitote
1191 2655 1307 2726 quia
1329 2669 1486 2723 prope
1507 2662 1576 2706 est
1597 2653 1649 2704 in
1661 2651 1861 2720 januis.

517 2753 567 2806 1.
607 2751 738 2818 Quia
770 2750 924 2816 dixit,
948 2748 1134 2804 Statim
1163 2755 1272 2816 post
1293 2745 1664 2798 tribulationem
1688 2743 1882 2795 dierum
1914 2739 2029 2792 illo-

445 2860 578 2907 rum,
609 2843 707 2912 ipsi
734 2857 862 2896 vero
903 2839 1214 2911 quaerebant
1253 2846 1372 2906 post
1408 2843 1661 2905 quantum
1690 2833 1946 2901 temporis
1976 2830 2027 2884 id

447 2939 679 2994 futurum
707 2945 870 3000 esset,
894 2934 1144 3004 diemque
1161 2933 1301 2986 scire
1333 2928 1639 2999 cupiebant,
1669 2925 1790 2980 ideo
1818 2925 1908 2978 ille
1930 2938 2026 2978 ex-

445 3029 679 3099 emplum
703 3028 832 3082 ﬁcus
851 3026 1026 3091 aﬁ'ert,
1044 3023 1332 3080 ostendens
1364 3036 1468 3075 non
1497 3034 1744 3091 magnum
1774 3019 2032 3072 interesse

450 3120 706 3192 temporis
747 3117 1000 3190 spatium,
1049 3131 1148 3171 nec
1185 3114 1277 3169 diu
1318 3122 1500 3182 postea
1539 3111 1714 3181 ipsum
1749 3117 2032 3163 venturum

447 3227 599 3268 esse:
629 3210 681 3266 id
707 3209 851 3283 quod
879 3224 984 3264 non
1018 3207 1178 3262 modo
1209 3221 1303 3277 per
1331 3203 1662 3277 parabolam,
1712 3200 1804 3255 sed
1845 3208 1900 3255 et
1939 3214 2034 3268 per

447 3303 549 3358 alia
578 3301 718 3357 dicta
763 3309 945 3370 postea
978 3296 1257 3368 significat,
1293 3305 1348 3349 ut
1376 3309 1496 3349 cum
1545 3292 1650 3346 ait:
1681 3289 1872 3346 Scitote
1915 3290 2034 3352 quia

448 3411 604 3467 prape
627 3403 699 3448 est
723 3393 777 3446 in
814 3390 1011 3462 januis.
1058 3387 1192 3443 Hinc
1221 3387 1380 3442 etiam
1412 3384 1566 3438 aliam
1601 3382 1838 3452 praedicit
1863 3381 2038 3452 spiri—

453 3485 646 3539 tualem
675 3493 934 3548 aestatem,
979 3490 1032 3535 et
1076 3479 1504 3548 tranquillitatem
1550 3485 1666 3544 post
1711 3473 1870 3542 hujus
1913 3471 2036 3526 vitm

451 3576 641 3631 ﬂuctus
669 3576 756 3630 illa
783 3574 867 3630 die
883 3572 1042 3644 justis
1057 3571 1314 3635 futuram;
1335 3567 1698 3638 peccatoribus
1715 3574 1895 3619 contra
1920 3570 2037 3632 post

454 3677 694 3722 aestatem
722 3667 951 3722 hiemem
985 3662 1234 3719 indicavit
1256 3671 1459 3729 postea,
1488 3673 1608 3713 cum
1633 3656 1785 3720 dixit,
1821 3654 1922 3707 illis
1943 3653 2038 3707 de-

457 3758 776 3821 liciantibus,
806 3757 946 3812 diem
976 3770 1096 3810 esse
1123 3762 1420 3808 venturam.
1454 3749 1638 3819 Neque
1681 3747 1800 3801 ideo
1831 3756 2033 3801 tantum

458 3852 590 3906 licus
617 3850 919 3920 exemplum
951 3849 1145 3918 posuit,
1189 3856 1244 3900 ut
1289 3844 1514 3915 spatium
1547 3840 1804 3910 temporis
1832 3839 2036 3909 signiti-

458 3953 633 4008 caret;
663 3943 916 4012 potuisset
941 3939 1083 3995 cnim
1134 3939 1240 3992 alio
1267 3935 1424 3991 modo
1453 3933 1582 3988 illud
1610 3933 1916 3994 declarare;
1945 3930 2038 3984 sed

461 4045 520 4091 ut
544 4035 665 4090 inde
693 4049 805 4090 rem
834 4033 1053 4088 omnino
1078 4032 1304 4086 futuram
1342 4025 1704 4081 conﬁrmaret.
1731 4022 1878 4077 Sicut
1897 4020 2039 4075 enim

461 4143 680 4186 necesse
708 4137 789 4181 est
815 4127 915 4181 hoc
937 4125 1173 4188 evenire,
1198 4124 1269 4176 ita
1296 4132 1348 4175 et
1366 4119 1513 4174 illud.
1536 4117 1668 4171 Nam
1689 4116 1774 4170 ubi
1800 4131 1909 4169 rem
1927 4129 2043 4167 om-

462 4221 588 4276 nino
607 4221 842 4274 fnturam
872 4219 982 4273 vult
1003 4219 1390 4280 demonstrare,
1414 4211 1680 4268 naturales
1697 4207 2042 4263 necessitates

462 4314 514 4368 in
547 4311 778 4366 medium
806 4311 979 4377 affert,
1012 4319 1116 4362 tam
1150 4308 1282 4378 ipse,
1301 4321 1457 4376 quam
1485 4301 1896 4376 ipsiusimitator
1915 4298 2040 4351 hea-

465 4415 546 4459 tus
574 4403 789 4459 Paulus.
813 4403 1012 4457 Idcirco
1035 4401 1104 4456 de
1126 4398 1514 4454 resurrectione
1540 4396 1763 4464 loquens
1787 4393 1862 4444 ait
1884 4407 1897 4443 :
1925 4388 2045 4443 Nisi

457 4512 674 4566 granum
695 4495 931 4562 frumenti
951 4491 1133 4545 cadens
1152 4491 1203 4543 in
1221 4501 1401 4544 terram
1420 4497 1669 4540 ntortuum
1689 4483 1862 4556 fuerit,
1882 4482 2045 4550 ipsum

463 4589 625 4644 solum
649 4598 852 4642 manet:
879 4586 922 4640 si
947 4595 1112 4639 autem
1136 4592 1385 4637 mortuum
1403 4580 1573 4652 fuerit,
1594 4576 1804 4630 multum
1826 4575 2046 4644 fructum

464 4679 610 4748 affert
640 4679 818 4752 (-Ioan.
846 4678 912 4732 ιε
954 4676 1044 4732 24.
1068 4676 1184 4745 25).
1213 4675 1345 4728 llinc
1381 4671 1604 4727 edoctus
1637 4668 1824 4723 beatus
1857 4665 2048 4720 Paulus

465 4773 654 4829 eodem
683 4772 848 4826 utitur
871 4769 1138 4839 exemplo,
1166 4764 1378 4837 quando
1402 4761 1693 4818 Corinthiis
1717 4758 1785 4813 de
1811 4772 2051 4812 resurre‘

467 4867 644 4922 ctione
675 4863 939 4936 loquitur:
969 4877 1092 4916 nam
1126 4861 1232 4913 ait:
1259 4857 1444 4919 Stulte,
1467 4853 1602 4924 quod
1622 4852 1837 4906 semina:
1855 4867 1952 4902 non
1975 4849 2049 4902 vi-

470 4961 722 5030 oiﬁcatur,
754 4958 853 5011 nisi
872 4967 1128 5010 mortuum
1155 4951 1304 5023 fuerit
1341 4951 1415 5021 (I.
1448 4948 1564 5001 Cor.
1594 4947 1680 5002 15.
1711 4945 1821 5013 56).
1854 4941 2052 4997 Deinde

473 5063 540 5102 ne
572 5048 682 5101 cito
715 5058 902 5115 postea
937 5044 1340 5111 interrogarent
1360 5037 1581 5108 quando
1614 5034 1664 5089 id
1700 5033 1942 5086 futurum
1965 5047 2053 5085 es-

475 5149 601 5205 set,
654 5140 707 5192 in
772 5137 1093 5191 memoriam
1149 5133 1284 5200 ipsis
1334 5129 1592 5200 praedicta
1649 5133 1912 5190 revocat,
1965 5123 2052 5177 di-

472 5243 633 5284 cens:
665 5227 751 5282 54.
786 5228 946 5278 Amen
991 5223 1104 5277 dico
1141 5222 1298 5283 vobis,
1347 5236 1448 5273 non
1495 5217 1763 5288 prwteribit
1801 5215 2055 5287 generatio

473 5319 599 5384 haec,
631 5319 788 5371 donec
804 5316 972 5369 omnia
989 5314 1095 5368 luet:
1109 5313 1254 5382 ﬁant.
1276 5310 1401 5364 Haec
1421 5311 1610 5372 omnia,
1629 5323 1893 5378 quaenam,
1912 5323 2057 5377 qua:-

477 5409 570 5465 so?
595 5409 724 5476 Quae
763 5407 1148 5476 Jerosolymam
1189 5402 1518 5472 spectabant,
1551 5399 1708 5461 bella,
1743 5399 1928 5460 fames,
1960 5411 2056 5465 pc-

477 5500 592 5566 stis,
628 5511 783 5555 terra:
815 5505 1010 5562 motus,
1066 5489 1506 5565 pseudo~christi,
1533 5487 2054 5562 pseudo-prophetia,

473 5593 818 5664 Evangelium
842 5590 1036 5658 ubique
1053 5587 1478 5651 disseminatum,
1508 5582 1816 5647 seditiones,
1847 5589 2058 5650 pertur-

477 5689 742 5749 bationes,
790 5692 1088 5754 cacteraque
1124 5680 1326 5746 omnia,
1355 5693 1474 5750 quae
1511 5677 1743 5732 diximus
1791 5687 1960 5744 usque
1986 5673 2053 5728 ad

2133 2376 2249 2445 ejus
2276 2378 2561 2436 adventum
2595 2383 2792 2440 futura.
2824 2387 3103 2456 Quomodo
3139 2393 3298 2463 igitur
3322 2395 3415 2461 ait,
3455 2396 3722 2454 ϐοηθείαιῐο

2133 2471 2278 2525 hare?
2299 2472 2412 2528 Non
2441 2474 2508 2530 de
2535 2485 2658 2534 tunc
2681 2481 2976 2537 viventibus
2997 2483 3246 2554 loquitur,
3279 2487 3372 2543 sed
3398 2489 3464 2544 de
3495 2507 3719 2560 genera-

2134 2564 2277 2618 tione
2309 2566 2572 2634 ﬁdelium;
2605 2572 2741 2628 solet
2767 2575 2909 2629 enim
2939 2581 3340 2646 generationem
3381 2598 3485 2636 non
3522 2598 3549 2636 a
3581 2592 3718 2638 tem-

2135 2670 2263 2724 pore
2290 2658 2484 2725 solum,
2508 2661 2600 2716 sed
2631 2664 2790 2718 etiam
2823 2681 2852 2719 a
2889 2667 3161 2737 religionis
3183 2681 3235 2724 et
3260 2669 3380 2725 vita:
3403 2673 3721 2730 ratioueano

2137 2758 2357 2814 notare;
2381 2758 2434 2803 ut
2457 2754 2669 2820 quando
2695 2755 2854 2810 dicit:
2884 2755 3009 2812 ch
3027 2769 3098 2814 est
3113 2763 3368 2831 generatio
3393 2767 3723 2832 quaerentium

2139 2841 2410 2895 Dominum
2447 2841 2617 2914 (Paul.
2651 2845 2739 2900 25.
2784 2847 2840 2917 6)
2881 2849 3067 2919 :quod
3117 2867 3244 2922 ergo
3285 2868 3442 2922 supra
3489 2856 3720 2921 dicebat,

2139 2934 2349 3004 Oportet
2391 2937 2524 2990 enim
2565 2939 2735 2993 omnia
2773 2941 2916 3008 ﬁeri;
2959 2957 3023 2997 ac
3065 2958 3297 3010 rursam,
3353 2945 3725 3003 Pra'dicabitur

2132 3028 2468 3100 Evangelium
2486 3049 2504 3085 :
2524 3031 2608 3086 hic
2631 3047 2844 3103 quoque
2870 3033 3136 3105 significat
3162 3037 3368 3104 dicens,
3401 3039 3524 3094 llazc
3552 3041 3728 3096 omni-

2143 3136 2212 3172 no
2239 3119 2490 3176 evenient
2537 3124 2737 3189 omnia,
2783 3134 2836 3180 et
2880 3129 3154 3196 generatio
3197 3129 3431 3186 ﬁdelium
3457 3172 3471 3194 ,
3517 3149 3544 3188 a
3576 3133 3720 3190 nullo

2141 3211 2515 3282 praedictorum
2544 3215 2764 3270 discissa
2790 3258 2804 3278 .
2833 3220 3200 3288 permanebit;
3248 3222 3359 3275 imo
3383 3224 3542 3278 etiam
3571 3223 3725 3279 Jeru-

2140 3305 2345 3376 solyma
2392 3306 2622 3375 peribit,
2679 3318 2730 3362 et
2777 3308 3086 3365 Judmorum
3116 3328 3302 3384 magna
3351 3331 3472 3386 pars
3522 3317 3726 3373 delebi-

2143 3405 2246 3450 tur.
2274 3396 2420 3452 Ilanc
2443 3413 2568 3453 vero
2591 3399 2720 3454 nihil
2747 3403 3038 3470 superabit,
3065 3421 3170 3459 non
3196 3407 3382 3474 fames,
3409 3421 3514 3462 neu
3540 3411 3723 3480 pestis,

2140 3503 2245 3543 non
2277 3499 2432 3544 terra:
2459 3499 2632 3546 motus
2657 3534 2670 3557 ,
2704 3510 2808 3549 non
2836 3495 3098 3551 bellorum
3137 3499 3583 3568 perturbationes,
3619 3519 3724 3558 non

2142 3581 2555 3652 pseudo-christi
2576 3626 2591 3651 ,
2633 3601 2735 3640 non
2767 3587 3269 3660 pseudo-prophetm
3295 3635 3308 3656 ,
3340 3608 3444 3647 non
3475 3592 3728 3663 decepto-

2143 3690 2250 3739 res,
2279 3691 2382 3732 non
2410 3676 2444 3730 ii
2473 3680 2560 3746 qui
2596 3679 2842 3744 tradent,
2875 3696 2979 3737 non
3012 3682 3045 3734 ii
3077 3682 3165 3750 qui
3194 3683 3520 3739 oﬁ'endiculo
3545 3695 3724 3752 erunt,

2145 3783 2248 3821 non
2279 3767 2391 3822 falsi
2434 3767 2625 3825 fratres
2651 3786 2664 3834 ;
2695 3786 2800 3824 non
2827 3770 2945 3824 alia:
2976 3772 3180 3826 similes
3207 3775 3544 3829 teutationes.
3579 3775 3731 3830 Dein-

2143 3859 2212 3915 de
2239 3860 2383 3929 ipsos
2411 3861 2579 3930 magis
2603 3861 2669 3916 ad
2701 3862 2857 3917 ﬁdem
2885 3863 3157 3918 adducens
3186 3864 3259 3918 ait
3292 3883 3302 3917 :
3336 3865 3427 3921 35.
3459 3866 3650 3921 Cretum
3681 3878 3729 3922 et

2146 3959 2279 4003 terra
2324 3951 2643 4018 transibunt,
2691 3952 2840 4008 verba
2887 3964 3055 4008 autent
3104 3972 3216 4009 mea
3265 3973 3365 4010 non
3416 3957 3725 4024 transibunt,

2149 4043 2248 4098 hoc
2275 4052 2374 4107 est,
2416 4044 2645 4099 Facilius
2671 4055 2833 4101 estut
2863 4047 2976 4101 haec
3003 4047 3072 4101 ita
3103 4048 3250 4101 ﬁrma
3295 4058 3350 4103 et
3390 4050 3604 4104 immota
3639 4050 3731 4105 de-

2147 4135 2356 4190 leantur
2380 4178 2394 4201 ,
2427 4152 2585 4206 quam
2615 4147 2668 4191 ut
2718 4154 2783 4193 ex
2814 4138 2989 4194 verbis
3034 4139 3166 4194 meis
3197 4139 3470 4210 quidpiam
3501 4140 3731 4195 excidat.

2147 4227 2245 4296 Qui
2276 4242 2403 4282 vero
2447 4228 2793 4292 contradicit,
2825 4231 3000 4283 omnia
3043 4242 3291 4285 accurate
3334 4231 3636 4297 examinet;
3682 4243 3738 4286 et

2149 4341 2269 4379 cum
2298 4341 2417 4380 vera
2445 4340 2564 4380 esse
2594 4325 2855 4380 invenerit
2885 4325 2903 4397 (
2927 4327 3159 4380 inveniet
3188 4327 3330 4381 enim
3359 4327 3496 4381 haud
3529 4325 3734 4399 dubie),

2150 4433 2216 4473 ex
2267 4419 2657 4485 praeteritorum
2702 4429 2894 4474 eventu
2946 4418 3138 4474 futuris
3182 4420 3367 4475 credat
3408 4421 3736 4490 :omniaque

2151 4519 2400 4566 accurate
2426 4512 2727 4575 examinet,
2760 4511 3063 4581 videbitque
3091 4529 3270 4568 rerum
3299 4513 3497 4567 exitum
3522 4514 3735 4568 veritati

2155 4604 2449 4675 prophetia:
2490 4605 2647 4660 ﬁdem
2690 4603 2991 4660 facientem.
3023 4606 3297 4659 Elemeuta
3338 4615 3514 4659 autem
3547 4605 3600 4659 in
3630 4621 3742 4660 mc-

2155 4697 2244 4752 dio
2275 4698 2485 4766 posuit,
2539 4707 2648 4750 tum
2680 4704 2738 4750 ut
2783 4695 3114 4766 signiﬁcaret
3163 4680 3297 4751 eicio
3341 4707 3392 4751 et
3424 4706 3564 4751 terra
3599 4712 3737 4768 prae-

2154 4789 2470 4843 stantiorem
2503 4783 2796 4841 Ecclesium
2828 4801 2979 4853 esse;
3006 4798 3114 4841 tum
3148 4796 3204 4841 ut
3228 4804 3285 4843 se
3317 4788 3548 4843 universi
3577 4788 3743 4843 Crea-

2158 4894 2325 4937 torem
2378 4880 2705 4935 ostenderet.
2765 4879 2896 4946 Quia
2962 4879 3103 4934 enim
3159 4881 3225 4935 de
3279 4881 3742 4936 consummatione

2157 4974 2445 5039 disseruit,
2471 4987 2588 5043 quae
2612 4986 2697 5026 res
2727 4985 2756 5025 a
2780 4971 2961 5025 multis
2987 4987 3092 5024 non
3119 4971 3374 5034 creditur,
3402 4970 3520 5026 ideo
3549 4973 3739 5027 czclum

2156 5076 2211 5123 et
2235 5077 2431 5122 terram
2455 5067 2506 5118 in
2528 5064 2761 5120 medium
2786 5062 3026 5129 adduxit,
3052 5063 3371 5120 ineﬁ'ahilem
3394 5079 3543 5119 suam
3563 5075 3717 5119 osteu

2158 5161 2291 5215 deus
2312 5158 2629 5230 potentiam,
2659 5166 2714 5212 ct
2737 5173 2924 5226 magna
2946 5173 3065 5212 cum
3095 5165 3356 5226 potestate
3377 5173 3435 5211 se
3459 5157 3742 5211 Dominum

2160 5252 2391 5307 universi
2421 5249 2699 5305 declarans
2726 5267 2738 5302 :
2770 5248 3001 5318 hincque
3026 5249 3108 5301 vel
3134 5247 3421 5303 admodum
3449 5245 3743 5300 dubitanti-

2160 5347 2259 5400 bus
2287 5344 2428 5399 dicta
2466 5357 2560 5397 sua
2590 5340 2692 5395 ﬁde
2713 5339 2870 5411 digna
2922 5339 3172 5394 reddens.
3213 5337 3299 5392 56.
3346 5335 3426 5389 De
3471 5336 3551 5389 die
3579 5345 3745 5389 autent

2161 5437 2252 5491 illa
2277 5444 2322 5490 et
2349 5435 2474 5488 hora
2500 5433 2669 5487 nullus
2693 5432 2828 5486 novit
2849 5471 2864 5495 ,
2909 5445 3067 5502 neque
3092 5429 3260 5500 angeli
3291 5427 3552 5494 caelorum,
3586 5443 3743 5497 neque

2164 5526 2332 5582 Filius
2359 5527 2376 5558 ¹
2395 5567 2410 5593 ,
2441 5525 2539 5580 nisi
2563 5521 2704 5578 solus
2729 5522 2900 5577 Pater.
2928 5518 3080 5590 Quod
3111 5535 3237 5591 ergo
3257 5519 3425 5586 dixit,
3460 5517 3633 5588 Neque
3652 5536 3739 5574 ano

2229 5678 2245 5711 ³
2272 5675 2469 5737 Quidam
2491 5673 2697 5735 habent,
2717 5684 2868 5741 neque
2895 5668 3044 5722 Filius
3067 5665 3290 5718 hominis.
