4076 6142
315 189 420 243 705

316 306 446 374 geli,
476 303 718 373 reprimit
743 317 869 366 eos,
915 315 982 355 ne
1021 297 1229 352 discere
1275 297 1516 362 quaerant
1540 287 1591 342 id
1623 288 1764 356 quod
1804 296 1902 334 an-

319 399 418 464 geli
452 397 728 453 nesciunt:
761 407 880 446 cum
913 399 1090 443 autem
1121 387 1255 441 dicit
1276 427 1292 450 ,
1334 381 1512 450 Neque
1542 377 1742 441 Filius,
1775 387 1902 444 pro-

325 488 472 540 hibet
506 500 611 539 non
642 483 801 538 modo
851 496 916 534 ne
941 481 1148 533 discant
1174 519 1189 543 ,
1239 475 1330 529 sed
1357 473 1514 526 etiam
1545 484 1612 524 ne
1640 472 1901 537 quaerant.

323 575 477 641 Quod
505 577 643 628 enim
676 575 766 628 illo
804 573 983 625 animo
1008 569 1058 624 id
1091 568 1321 632 dixerit,
1353 565 1491 624 vide,
1520 561 1642 632 quia
1676 568 1793 630 post
1823 572 1910 612 re-

328 666 713 721 surrectionem
765 663 884 716 illos
930 661 1251 715 curiosiores
1293 672 1412 711 esse
1441 654 1613 719 vidit,
1642 648 1909 721 quomodo

323 757 655 826 rcpresserit.
711 754 860 808 Nunc
901 754 1042 806 enim
1091 752 1253 804 multa
1311 751 1697 814 innumeraque
1756 743 1908 810 signa

325 847 492 911 dixit;
528 857 652 901 tunc
695 861 822 900 vero
863 843 1174 912 simpliciter
1197 885 1212 904 ,
1244 840 1362 894 Non
1393 848 1463 892 est
1505 846 1720 890 vestrum
1769 846 1913 885 nosse

328 949 553 1009 tempora
582 939 657 992 vel
683 948 932 991 momenta
957 937 974 1005 (
996 937 1104 988 Act.
1139 936 1189 988 1.
1220 931 1295 1005 7).
1329 929 1527 985 Deinde
1553 944 1619 982 ne
1649 926 1908 989 dicerent,

324 1031 462 1098 Quia
492 1031 815 1090 dubitamus,
849 1028 1166 1097 negligimnr
1190 1067 1204 1086 ,
1234 1038 1404 1092 neque
1435 1021 1536 1074 hac
1560 1034 1620 1073 re
1648 1015 1792 1083 digni
1824 1029 1913 1068 su-

328 1120 490 1175 mus?
515 1122 621 1184 ait,
658 1120 784 1186 Quae
813 1119 965 1171 Pater
990 1117 1153 1188 posuit
1199 1115 1251 1166 in
1291 1130 1382 1168 sua
1413 1117 1676 1181 potestate.
1711 1107 1911 1174 Magna:

328 1212 525 1279 quippe
549 1210 646 1279 ipsi
675 1223 817 1262 cura:
859 1208 954 1259 fuit
980 1207 1098 1260 illos
1125 1205 1418 1265 honorare,
1462 1198 1700 1266 nihilque
1728 1194 1912 1248 occul-

334 1311 450 1354 tare
479 1300 626 1368 ipsis.
655 1298 887 1366 Ideoque
931 1295 1074 1350 Patri
1113 1293 1243 1350 illud
1274 1292 1475 1353 tribuit,
1510 1289 1633 1342 hinc
1660 1302 1770 1341 rem
1799 1295 1911 1340 tre-

332 1391 576 1444 mendam
600 1387 906 1450 ostendens,
933 1386 1326 1455 prohibensque
1354 1397 1419 1437 ne
1451 1382 1537 1434 illa
1565 1380 1631 1434 de
1659 1394 1717 1433 re
1745 1379 1915 1432 inter-

331 1490 604 1552 rogarent.
637 1479 745 1535 Nisi
772 1483 915 1534 enim
947 1477 1074 1531 illud
1103 1478 1172 1529 ita
1200 1479 1302 1539 sit,
1349 1485 1402 1528 ct
1432 1474 1475 1526 si
1506 1487 1631 1526 vere
1658 1471 1825 1524 Filius
1860 1467 1914 1522 id

333 1575 581 1642 ignorat,
610 1570 947 1641 quandonam
981 1568 1030 1621 id
1064 1567 1235 1622 sciet?
1263 1581 1328 1619 an
1376 1561 1694 1618 nobiscum?
1724 1559 1917 1628 Ecquis

338 1663 437 1715 hoc
467 1661 704 1716 dixerit?
735 1661 942 1714 Patrem
971 1659 1114 1713 clare
1140 1657 1317 1721 novit,
1339 1665 1391 1710 et
1420 1665 1524 1708 tam
1555 1653 1728 1716 clare,
1757 1665 1916 1718 quam

340 1754 498 1808 Pater
528 1753 673 1806 novit
699 1751 912 1814 Filium,
934 1764 985 1804 et
1013 1749 1154 1803 diem
1182 1749 1326 1801 illam
1361 1743 1660 1815 ignorabit?
1687 1742 1916 1796 Praeter-

335 1859 398 1898 ea
428 1842 650 1912 Spiritus
694 1843 954 1912 investigat
983 1841 1132 1893 etiam
1163 1837 1419 1908 profunda
1446 1833 1542 1887 Dei
1572 1835 1589 1903 (
1617 1834 1668 1887 1.
1697 1830 1816 1886 Cor.
1861 1829 1916 1882 ‘2.

344 1934 484 2005 10);
520 1933 610 1988 ille
654 1947 781 1986 vero
823 1947 891 1986 ne
923 1941 1133 1998 tempus
1177 1928 1391 1998 quidem
1440 1925 1625 1995 judicii
1677 1921 1919 1978 noverit?

337 2024 445 2081 Sed
495 2025 595 2078 scit
636 2033 691 2077 et
725 2021 993 2092 quomodo
1031 2019 1272 2088 judicare
1320 2025 1567 2085 Oportcat
1605 2015 1620 2045 ¹
1653 2023 1706 2068 et
1726 2027 1918 2066 arcana

337 2115 703 2184 singulorum;
735 2111 874 2181 quod
903 2121 1079 2163 autem
1122 2109 1277 2177 longe
1311 2105 1532 2162 inferius
1558 2115 1671 2170 est,
1703 2103 1753 2157 id
1781 2102 1921 2173 igno-

339 2217 553 2261 raturus
595 2204 748 2260 erat?
794 2200 1108 2270 Quomodo,
1141 2201 1184 2253 si
1233 2198 1417 2252 Omnia
1448 2213 1536 2267 per
1586 2196 1750 2267 ipsum
1785 2194 1923 2264 facta

340 2308 456 2354 sunt
477 2339 494 2363 ,
523 2307 571 2350 et
600 2297 708 2350 sine
733 2295 845 2362 ipso
872 2296 1062 2363 factum
1088 2300 1161 2345 est
1205 2290 1336 2344 nihil
1367 2289 1544 2360 (Joan.
1591 2289 1641 2342 1.
1671 2287 1749 2356 5),
1779 2286 1920 2340 diem

343 2390 488 2443 illam
523 2385 828 2458 ignoravit?
858 2384 987 2438 Nam
1011 2383 1101 2452 qui
1133 2381 1324 2436 smcula
1369 2380 1494 2434 fecit
1514 2419 1529 2444 ,
1557 2394 1686 2432 sane
1712 2377 1840 2432 fecit
1870 2385 1924 2432 et

343 2491 615 2550 tempora;
667 2478 713 2532 si
763 2486 999 2544 tempora
1025 2515 1040 2542 ,
1073 2475 1237 2529 etiam
1287 2472 1428 2527 diem
1460 2489 1472 2523 :
1503 2468 1770 2541 quomodo
1796 2483 1924 2538 ergo

340 2587 502 2643 quam
553 2571 676 2625 fecit
705 2567 950 2638 ignorat?

409 2661 463 2716 ‘2.
497 2661 561 2716 Et
586 2676 680 2716 vos
725 2659 937 2728 quidem
973 2657 1088 2726 ejus
1125 2670 1334 2726 quoque
1379 2652 1726 2708 substantiam
1757 2666 1918 2706 nosse

345 2752 520 2808 dicitis
542 2749 639 2823 (a),
668 2757 722 2804 et
748 2749 934 2803 Filium
963 2762 1134 2816 neque
1157 2745 1299 2800 diem
1332 2744 1469 2800 scire
1497 2743 1674 2806 vultis,
1707 2741 1919 2806 Filium,

341 2845 432 2914 qui
477 2856 690 2912 semper
713 2850 795 2896 est
838 2840 888 2894 in
920 2839 1036 2892 sinu
1070 2837 1239 2891 Patris
1259 2879 1272 2901 ,
1305 2849 1623 2904 quamquam
1651 2833 1821 2902 major
1845 2841 1926 2886 est

343 2935 439 2988 illa
461 2933 752 2987 substantia
780 2945 936 3000 quam
967 2928 1082 2983 dies
1102 2969 1116 2992 ,
1148 2928 1254 2982 imo
1282 2925 1534 2980 inﬁnities
1564 2924 1751 2992 major.
1778 2923 1923 2990 Quo-

346 3026 505 3080 modo
531 3025 688 3095 igitur
709 3023 832 3077 dum
864 3021 913 3076 id
944 3021 1082 3091 quod
1109 3020 1279 3088 majus
1299 3028 1380 3073 est
1411 3018 1560 3073 vobis
1587 3016 1834 3080 tribuitis,
1859 3030 1926 3069 ne

344 3117 397 3170 id
436 3115 651 3186 quidem
687 3112 831 3192 quod
874 3114 1049 3166 minus
1090 3119 1172 3165 est
1217 3108 1350 3164 Filio
1378 3107 1668 3164 c0nceditis
1693 3149 1706 3171 ,
1734 3105 1801 3160 In
1830 3122 1926 3176 quo

344 3216 460 3262 sunt
485 3206 764 3260 absconditi
803 3221 972 3258 omnes
1006 3204 1224 3257 thesauri
1260 3203 1520 3272 sapientia:
1546 3211 1592 3255 et
1632 3200 1928 3270 cognitionis

346 3298 483 3370 (Col.
511 3298 564 3352 2.
599 3298 693 3365 5)?
713 3296 817 3352 Sed
847 3312 1018 3366 neque
1046 3309 1141 3349 vos
1169 3296 1315 3350 scitis
1336 3309 1452 3364 quas
1477 3295 1546 3348 sit
1574 3294 1662 3348 Dei
1685 3293 1931 3347 substan-

347 3393 416 3446 tia
437 3434 451 3454 ,
483 3390 688 3446 etiamsi
717 3389 910 3444 millies
945 3388 998 3442 id
1038 3389 1220 3442 insane
1241 3386 1537 3450 afﬁrmetis,
1571 3400 1740 3456 neque
1767 3385 1929 3440 Filius

349 3485 491 3539 diem
520 3483 748 3552 ignorat,
776 3480 869 3535 sed
901 3479 1064 3548 probe
1094 3477 1238 3532 novit
1267 3476 1429 3531 illam.
1456 3477 1579 3532 Ideo
1605 3491 1724 3531 cum
1753 3477 1928 3530 omnia

348 3577 588 3640 dixisset,
621 3583 676 3630 ct
699 3581 972 3642 tempora,
1001 3581 1054 3626 et
1078 3578 1368 3634 momenta,
1401 3578 1456 3623 et
1482 3569 1545 3623 ad
1579 3570 1719 3638 ipsas
1741 3569 1931 3638 januas

346 3668 587 3722 duxisset
620 3665 778 3736 (nam
806 3665 879 3718 ait
906 3703 922 3730 ,
952 3661 1121 3732 Prope
1142 3670 1214 3715 est
1237 3661 1289 3714 in
1303 3657 1513 3731 januis)
1534 3701 1549 3725 ,
1579 3658 1718 3712 diem
1747 3659 1926 3712 tacuit.

349 3759 479 3813 Nam
507 3758 549 3812 si
575 3757 716 3812 diem
747 3766 799 3810 et
825 3752 1010 3808 horam
1038 3766 1271 3820 quaeras,
1305 3767 1410 3805 non
1445 3748 1630 3804 audies
1653 3765 1683 3803 a
1715 3765 1820 3812 me,
1853 3750 1932 3803 in-

349 3851 502 3920 quit;
533 3848 614 3902 sin
648 3857 883 3915 tempora
910 3853 964 3899 et
1001 3843 1145 3897 initia
1171 3884 1187 3909 ,
1221 3842 1352 3896 nihil
1375 3841 1563 3896 celabo
1587 3883 1601 3905 ,
1634 3841 1726 3897 sed
1754 3841 1931 3896 omnia

351 3943 443 3996 tibi
490 3948 735 3994 accurate
773 3938 966 3993 dicam.
1004 3936 1156 4002 Quod
1208 3937 1351 3991 enim
1391 3952 1498 3991 non
1543 3937 1780 4006 ignorem
1820 3936 1930 4007 jam

351 4031 534 4088 multis
556 4029 787 4096 ostendi,
813 4030 979 4096 Spatia
1008 4038 1306 4095 temporum
1337 4036 1527 4097 etquae
1556 4036 1781 4081 ventura
1808 4038 1933 4082 sunt

350 4121 531 4174 omnia
560 4120 666 4174 dixi
693 4161 707 4184 ,
731 4120 995 4187 etiamque
1034 4126 1289 4185 quantum
1331 4117 1403 4171 sit
1441 4117 1708 4172 interstitii
1735 4119 1802 4172 ab
1833 4119 1934 4174 hoc

351 4223 594 4279 tempore
618 4223 783 4278 usque
803 4208 869 4262 ad
890 4208 1030 4262 diem
1055 4208 1222 4260 illam.
1244 4207 1354 4260 lloc
1372 4208 1511 4260 enim
1536 4207 1780 4275 parabola
1805 4209 1934 4264 ﬁcus

352 4299 658 4362 declaravit,
689 4306 744 4351 et
774 4313 938 4365 usque
966 4297 1029 4349 ad
1063 4298 1174 4364 ipsa
1203 4296 1383 4349 limina
1407 4305 1458 4350 te
1485 4296 1700 4361 adduxi;
1730 4298 1867 4366 quod
1890 4299 1935 4352 si

347 4393 538 4462 januas
566 4403 670 4442 non
697 4386 790 4442 tibi
814 4387 1016 4454 aperui,
1037 4386 1137 4440 hoc
1158 4400 1366 4456 quoque
1392 4386 1458 4440 ad
1488 4386 1767 4440 utilitatem
1793 4397 1934 4442 tuam

357 4483 512 4538 facio.
537 4480 608 4537 Ut
631 4495 758 4534 vero
781 4479 994 4532 aliunde
1017 4477 1212 4540 discas.
1239 4492 1343 4531 non
1371 4494 1435 4532 ex
1469 4479 1762 4547 ignorantia
1795 4479 1934 4534 illius

345 4591 472 4631 esse
502 4572 642 4644 quod
670 4572 844 4638 sileat,
867 4569 986 4626 vide
1011 4568 1279 4640 quomodo
1304 4584 1423 4623 cum
1450 4569 1765 4639 supradictis
1792 4569 1934 4626 aliud

351 4679 563 4734 quoque
591 4664 796 4733 signum
823 4661 1056 4730 adjiciat.
1081 4660 1169 4715 58.
1205 4661 1347 4715 Sicut
1374 4671 1540 4714 autem
1579 4671 1719 4715 erant
1748 4662 1800 4715 in
1829 4662 1936 4717 die-

353 4755 442 4808 bus
482 4752 595 4807 Noe
641 4751 952 4806 comrdentes
1006 4760 1054 4804 et
1107 4750 1324 4804 bibentes
1348 4793 1361 4814 ,
1399 4751 1635 4805 nubentes
1673 4761 1718 4805 et
1756 4754 1936 4823 nuptui

352 4845 635 4905 tradentes,
667 4859 821 4912 usque
848 4842 916 4895 ad
945 4841 1074 4895 diem
1099 4879 1117 4906 ,
1137 4857 1235 4911 qua
1263 4842 1513 4911 ingressus
1534 4852 1606 4895 est
1635 4841 1748 4896 Noe
1770 4845 1823 4896 in
1851 4859 1935 4896 ar-

352 4951 464 4990 cam
482 4973 503 5001 ,
523 4933 612 4987 59.
645 4941 689 4985 et
714 4949 815 4986 non
844 4941 1178 5002 cognoverunt
1198 4973 1213 4996 ,
1241 4931 1398 4985 donec
1419 4933 1548 4985 venit
1579 4934 1820 4986 diluvium
1839 4975 1854 4997 ,
1885 4944 1933 4987 et

350 5024 555 5079 abstulit
583 5038 751 5075 omnes
774 5038 791 5075 :
813 5023 884 5074 sic
921 5023 1012 5075 erit
1053 5030 1098 5075 et
1133 5022 1374 5075 adventus
1404 5021 1531 5075 Filii
1568 5025 1804 5078 hominis.
1840 5023 1932 5080 His

349 5128 512 5184 porro
535 5113 826 5169 declaravit
848 5129 906 5168 se
927 5121 1144 5183 repente
1160 5123 1214 5168 et
1239 5129 1343 5167 non
1360 5124 1719 5184 exspectatum
1740 5129 1932 5172 ventu-

348 5224 472 5265 rum
497 5221 615 5263 esse
638 5248 654 5273 ,
685 5203 811 5260 dum
839 5205 988 5259 multi
1025 5205 1075 5259 in
1101 5205 1306 5260 deliciis
1335 5215 1513 5261 erunt.
1540 5206 1692 5273 Quod
1722 5218 1774 5264 et
1799 5209 1934 5263 Pau-

419 5386 436 5447 ἢ
463 5393 608 5443 Unus,
633 5389 678 5447 et
701 5383 933 5446 quomodo
956 5382 1229 5447 diiudicare
1252 5390 1480 5447 aporteat.

416 5446 489 5506 (a)
513 5448 597 5494 Hic
617 5444 853 5506 disputat,
880 5452 934 5493 ut
955 5444 1020 5507 ret
1058 5444 1170 5494 alibi
1209 5444 1412 5506 passim,
1449 5453 1615 5494 eontra
1652 5446 1929 5507 Anomoaos,

354 5521 437 5570 qui
461 5507 690 5570 dicebant
710 5519 767 5554 se
793 5506 999 5567 perinde
1016 5519 1158 5556 nosse
1173 5507 1488 5556 substantiam
1501 5507 1616 5567 Dei,
1636 5506 1934 5568 atqueDeuS

355 5566 460 5631 ἤδη
477 5566 609 5615 illam
626 5566 844 5616 noverat.

1113 180 1166 236 S.
1209 173 1484 233 JOANNIS
1519 161 1994 227 CllRYSOSTOMI
2034 163 2350 219 ARCHIEP.
2393 164 2922 222 CONSTANTINOP.

3495 162 3598 220 704

2013 279 2093 334 ius
2130 279 2208 334 sic
2249 279 2574 350 descripsit:
2604 278 2728 333 Cum
2766 295 2939 347 pacem
2967 278 3140 330 dicunt
3165 284 3213 330 et
3240 275 3590 339 securitatem,

2016 387 2134 430 tunc
2161 375 2448 446 repentinus
2467 376 2621 428 instat
2647 377 2872 427 interitus
2894 375 2970 442 (l.
2999 371 3174 426 Thess.
3197 372 3247 426 5.
3281 371 3369 438 5i)
3395 387 3409 433 ;
3437 385 3597 438 quam

2014 467 2435 533 inexspectatum
2463 465 2735 519 declarans
2761 463 2972 518 dicebat
2997 483 3009 516 :
3035 463 3176 516 Sicut
3208 461 3355 514 dolor
3380 462 3431 512 in
3460 468 3598 511 utero

2015 559 2235 612 habenti.
2265 558 2544 624 Quomodo
2572 573 2699 628 ergo
2725 557 2854 611 dicit
2877 597 2892 618 ,
2926 555 3046 608 Post
3074 554 3449 608 tribulationem
3488 553 3598 604 die—

2015 667 2127 703 rum
2155 650 2357 703 illorum
2389 649 2600 719 (Matth.
2624 649 2716 704 24.
2737 649 2870 718 ‘29)?
2902 648 3026 701 Nam
3063 647 3104 700 si
3133 646 3358 712 deliciae,
3390 654 3445 700 et
3475 660 3596 713 pax,

2014 751 2069 794 et
2094 741 2369 804 securitas,
2400 749 2454 793 ut
2482 739 2610 793 dicit
2639 739 2852 804 Paulus,
2881 739 3147 807 quomodo
3177 737 3323 800 dicit,
3357 735 3484 790 Post
3506 737 3593 788 tri-

2015 825 2319 878 bulationem
2350 825 2543 877 dierum
2567 824 2808 878 illorum?
2835 822 2888 879 Si
2919 824 3124 877 deliciae
3147 863 3162 888 ,
3190 823 3458 891 quomodo
3503 823 3601 876 tri-

2016 915 2256 970 bulatio?
2289 914 2500 968 Deliciae
2526 925 2580 968 et
2606 930 2706 983 pax
2734 925 2855 968 sunt
2883 915 2946 968 iis
2974 913 3062 983 qtti
3105 914 3252 967 nullo
3287 928 3447 968 sensu
3477 921 3606 967 sunt

2017 1005 2212 1060 aﬁ‘ecti.
2242 1005 2528 1076 Propterea
2561 1021 2666 1060 non
2691 1005 2822 1060 dixit
2847 1046 2860 1068 ,
2891 1006 3115 1073 Quando
3158 1021 3259 1075 pax
3299 1005 3403 1058 erit
3425 1044 3440 1070 ,
3469 1003 3562 1058 sed
3583 1045 3600 1071 ,

2022 1097 2237 1163 Quando
2278 1112 2451 1166 pacem
2475 1106 2519 1151 et
2543 1107 2860 1151 securitatem
2891 1098 3077 1161 dicent,
3106 1097 3450 1151 stoliditatem
3484 1097 3604 1151 illo-

2019 1204 2135 1242 rum
2167 1187 2488 1252 ostendens;
2514 1189 2650 1241 sicut
2680 1188 2754 1242 illi
2784 1189 2836 1242 in
2865 1198 3102 1257 tempore
3122 1187 3254 1248 Noe.
3289 1188 3376 1257 qui
3406 1188 3459 1242 in
3486 1195 3606 1240 tau-

2022 1278 2088 1332 tis
2114 1279 2286 1344 malis,
2318 1277 2522 1332 deliciis
2548 1292 2763 1348 operam
2797 1277 2989 1332 dabant
3020 1299 3032 1332 :
3057 1289 3108 1332 at
3135 1294 3240 1332 non
3269 1279 3393 1332 item
3423 1277 3550 1344 justi
3583 1320 3599 1344 ,

2019 1371 2111 1439 qui
2153 1371 2204 1423 in
2246 1371 2502 1424 aerumnis
2530 1378 2587 1424 et
2616 1384 2847 1424 most-ore
2872 1369 3243 1424 versabantur.
3273 1368 3409 1424 Hinc
3438 1368 3601 1437 signi-

2022 1463 2227 1526 ticatur,
2254 1462 2572 1516 adveniente
2601 1463 2950 1526 Antichristo,
2979 1462 3190 1530 iniquos
3220 1471 3271 1514 et
3297 1455 3391 1516 e05
3420 1461 3508 1530 qui
3535 1460 3602 1515 de

2021 1553 2194 1607 salute
2220 1567 2314 1607 sua
2343 1553 2720 1622 desperabunt,
2751 1553 2992 1622 turpibus
3017 1552 3374 1621 voluptatibus
3406 1567 3464 1606 se
3488 1567 3606 1605 am-

2024 1642 2159 1712 plius
2185 1643 2457 1697 dedituros
2487 1658 2629 1697 esse.
2658 1642 2807 1697 Tunc
2837 1642 3116 1711 ingluvies,
3143 1642 3561 1696 comessationes
3585 1682 3601 1706 ,

2022 1736 2337 1790 ebrietates.
2386 1735 2722 1805 Quapropter
2772 1735 3017 1803 exemplo
3065 1735 3228 1788 utitur
3268 1735 3602 1803 congruenti.

2021 1824 2153 1878 Nam
2179 1824 2625 1894 quemadmodum
2645 1840 2767 1879 cum
2787 1839 2908 1879 arca
2935 1823 3102 1889 ﬁeret,
3139 1840 3242 1878 non
3275 1825 3600 1890 credebant,

2024 1917 2234 1986 inquit,
2267 1915 2364 1971 sed
2410 1917 2534 1970 licet
2579 1931 2701 1970 arca
2750 1916 2802 1970 in
2833 1916 3008 1971 medio
3049 1917 3215 1986 posita
3249 1914 3422 1970 futura
3463 1917 3603 1970 mala

2027 2010 2400 2078 pramuntiaret
2425 2050 2438 2074 ,
2477 2010 2548 2062 illi
2579 2008 2818 2063 videntes
2855 2024 2970 2063 eam
3002 2051 3018 2075 ,
3061 2011 3129 2064 ita
3177 2009 3561 2064 dcliciabantur
3586 2052 3601 2077 ,

2024 2101 2174 2171 quasi
2207 2100 2338 2154 nihil
2369 2101 2491 2155 mali
2521 2100 2752 2155 futurum
2781 2110 2923 2156 esset
2948 2120 2960 2154 :
2986 2102 3063 2156 sic
3092 2111 3144 2156 et
3170 2117 3310 2156 nunc
3336 2102 3607 2157 Antichri-

2025 2202 2138 2247 stus
2165 2195 2469 2264 apparebit,
2499 2205 2617 2264 post
2643 2211 2800 2265 quem
2826 2195 3243 2258 consummatio,
3273 2203 3328 2250 et
3355 2211 3522 2266 poenas
3551 2197 3603 2252 in

2025 2288 2483 2341 consummatione
2538 2287 2765 2352 futurae,
2819 2287 3074 2357 supplicia
3121 2287 3471 2342 intoleranda.
3525 2289 3603 2342 Illi

2027 2395 2185 2444 vero,
2210 2382 2297 2450 qui
2338 2381 2587 2450 nequitiae
2628 2381 2884 2435 ebrietate
2921 2383 3060 2450 capti
3092 2391 3284 2444 erunt,
3313 2397 3379 2435 ne
3404 2393 3604 2434 meuun

1975 2495 1982 2500 -
2026 2472 2240 2541 quidem
2283 2472 2578 2526 futurorum
2628 2472 2877 2528 sentient.
2907 2473 3031 2527 Ideo
3073 2474 3146 2527 ait
3183 2473 3407 2527 Paulus:
3445 2472 3608 2526 Veluti

2027 2562 2172 2615 dolor
2195 2563 2248 2615 in
2274 2573 2414 2616 utero
2441 2564 2641 2617 habenti
2663 2561 2739 2636 (1.
2763 2561 2941 2617 Thess.
2958 2564 3010 2618 5.
3029 2564 3109 2635 5),
3128 2565 3204 2617 sic
3222 2563 3326 2618 illis
3350 2563 3604 2617 terribilia

2027 2665 2081 2710 et
2108 2656 2438 2710 intoleranda
2464 2656 2708 2711 aderunt.
2735 2656 2843 2711 Cur
2865 2665 3040 2712 autem
3070 2655 3423 2711 Sodomorum
3467 2656 3605 2709 mala

2028 2761 2134 2800 non
2160 2745 2330 2800 dixit?
2354 2745 2665 2802 Universale
2694 2748 2906 2803 volebat
2934 2749 3237 2819 exemplum
3267 2763 3566 2818 proponere
3587 2789 3602 2812 ,

2027 2838 2168 2907 quod
2216 2849 2493 2908 postquam
2543 2840 2850 2908 praulietum
2894 2838 3068 2896 fuerat
3109 2856 3216 2895 non
3266 2838 3605 2896 credebatur.

2031 2928 2234 2983 Idcirco
2253 2929 2376 2998 quia
2402 2931 2640 3001 plerique
2662 2932 2836 2984 futura
2866 2945 2970 2986 non
2999 2931 3240 2998 credunt,
3274 2947 3337 2985 ex
3373 2932 3610 3000 pratteri-

2032 3020 2099 3076 tis
2137 3021 2248 3090 ipsa
2289 3021 2600 3087 conﬁrmat,
2625 3023 2966 3092 animumque
3006 3023 3238 3092 ipsorum
3284 3033 3605 3079 commovet.

2032 3111 2110 3165 Ad
2151 3113 2264 3166 haec
2298 3112 2424 3167 illud
2451 3114 2610 3168 etiam
2652 3113 2947 3169 ostenditur
2976 3133 2989 3168 :
3019 3114 3187 3184 ipsum
3216 3129 3407 3184 nempe
3435 3115 3610 3184 priora

2031 3219 2244 3274 quoque
2296 3203 2489 3259 fecisse
2512 3206 2551 3258 ί.
2580 3207 2705 3260 Post
2743 3205 2859 3261 haec
2902 3206 3044 3262 aliud
3083 3208 3288 3277 signum
3335 3208 3607 3274 ostendit,

2031 3295 2220 3362 quibus
2249 3295 2494 3348 omnibus
2522 3295 2687 3364 signis
2723 3296 2974 3366 probatur
2998 3298 3168 3366 ipsum
3200 3314 3302 3353 non
3334 3299 3610 3368 ignorasse

2032 3385 2171 3439 diem
2192 3387 2352 3440 illam.
2369 3386 2518 3452 Quod
2541 3399 2713 3443 autem
2731 3398 2813 3443 est
2832 3389 3073 3459 signum?
3089 3392 3178 3446 ΔΟ.
3201 3391 3338 3445 Tunc
3354 3392 3453 3446 duo
3468 3402 3612 3446 erunt

2033 3477 2084 3530 in
2112 3493 2234 3548 agro
2255 3519 2268 3541 ,
2299 3494 2429 3532 unus
2455 3491 2767 3546 assumetur,
2791 3491 2837 3534 et
2861 3482 2988 3535 alter
3015 3483 3318 3552 relinquetur
3341 3499 3358 3536 :
3378 3484 3466 3537 41.
3497 3485 3612 3538 duc

2033 3572 2274 3624 molentes
2312 3571 2365 3624 in
2399 3570 2564 3637 mola,
2599 3589 2698 3626 una
2726 3585 3038 3641 assumetur,
3067 3584 3112 3628 et
3152 3592 3256 3629 una
3284 3577 3605 3646 relinquetur.

2032 3663 2123 3718 42.
2167 3663 2377 3735 Vigilate
2400 3681 2537 3736 ergo,
2560 3666 2899 3734 quia'nescitis
2919 3684 3019 3734 qua
3039 3669 3164 3722 hora
3192 3667 3436 3723 Dominus
3457 3680 3612 3723 vester

2034 3766 2267 3811 venturus
2295 3759 2377 3810 sit.
2419 3758 2542 3813 Hatc
2579 3759 2753 3812 omnia
2783 3769 3096 3829 argumento
3131 3769 3254 3814 sunt
3296 3762 3466 3830 ipsum
3505 3777 3610 3816 non

2037 3850 2283 3918 ignorare
2307 3892 2322 3915 ,
2361 3851 2756 3922 discipulosque
2798 3853 2866 3906 ab
2903 3854 3280 3924 interrogando
3318 3855 3608 3909 deterrere.

2038 3941 2160 3997 Ideo
2189 3943 2321 3996 dixit
2359 3953 2414 3998 et
2450 3943 2564 3999 dies
2591 3944 2722 4010 Noe,
2753 3956 2828 4010 et,
2855 3944 2973 3999 Duo
3002 3947 3055 3999 in
3091 3962 3212 4017 agro
3232 3949 3274 4013 ’,
3302 3947 3608 4014 ostendens,

2039 4033 2208 4101 ipsum
2231 4035 2306 4087 sic
2332 4034 2770 4104 inexspectatum,
2801 4036 2901 4089 illis
2925 4035 3054 4089 nihil
3077 4037 3401 4103 curantibus,
3428 4046 3612 4091 ventu-

2037 4140 2153 4178 rum
2184 4141 2340 4189 esse;
2378 4137 2460 4191 el,
2503 4127 2632 4181 Duae
2673 4129 2942 4194 molentes,
2972 4129 3022 4183 id
3055 4128 3192 4197 quod
3221 4129 3378 4183 etiam
3415 4130 3609 4183 nullam

2038 4218 2447 4273 sollicitudinem
2478 4219 2707 4275 exhibet.
2737 4220 2817 4274 Ad
2847 4221 2978 4284 lucc,
3003 4220 3142 4290 quod
3171 4229 3224 4274 et
3251 4221 3410 4283 servi,
3440 4231 3494 4276 et
3519 4220 3612 4274 dc-

2039 4311 2189 4375 miui,
2222 4320 2275 4364 et
2299 4319 2634 4364 assumantur
2661 4321 2714 4366 et
2743 4311 3144 4381 relinquantur;
3173 4313 3259 4381 qui
3288 4312 3340 4364 in
3367 4313 3495 4374 otio,
3524 4312 3612 4381 qui

2042 4399 2091 4452 in
2122 4400 2322 4464 labore,
2349 4417 2413 4454 ex
2441 4400 2538 4455 hac
2565 4410 2620 4455 et
2645 4417 2709 4456 ex
2738 4403 2841 4457 alia
2871 4402 3123 4472 dignitate
3153 4421 3165 4457 :
3193 4403 3329 4456 sicut
3357 4403 3407 4456 in
3439 4402 3613 4457 Veteri

2039 4505 2250 4559 quoque
2289 4490 2556 4558 Scriptura
2583 4491 2796 4557 dicitur,
2831 4493 2874 4545 A
2911 4493 3112 4547 sedente
3135 4493 3187 4545 in
3216 4493 3341 4546 solio
3371 4509 3522 4562 usque
3551 4493 3614 4545 ad

2039 4583 2286 4651 captivam
2312 4598 2424 4652 qua:
2452 4583 2504 4636 t'n
2537 4583 2671 4637 mola
2704 4593 2774 4638 est
2803 4583 3011 4652 (Exod.
3052 4584 3140 4638 11.
3181 4584 3215 4638 5
3236 4581 3275 4653 ).
3313 4583 3442 4652 Quia
3474 4585 3615 4639 enim

2039 4674 2188 4738 dixit,
2221 4674 2411 4730 divites
2433 4676 2650 4731 dil'ﬁcile
2678 4677 2853 4731 salvos
2882 4676 3017 4744 ﬁeri,
3041 4676 3290 4742 ostendit,
3324 4692 3496 4747 neque
3521 4677 3617 4731 hos

2039 4779 2224 4818 omnes
2250 4768 2509 4833 perituros
2537 4781 2675 4833 esse,
2705 4783 2876 4837 neque
2900 4783 3158 4837 pauperes
3184 4783 3370 4823 omnes
3396 4770 3617 4823 salutem

2038 4868 2492 4926 consequuturos,
2537 4859 2630 4912 sed
2677 4875 2744 4913 ex
2791 4860 3028 4930 utrisque
3071 4859 3327 4929 quosdam
3376 4861 3620 4926 servari,

2038 4947 2294 5016 quosdam
2337 4947 2530 5016 perire.
2567 4948 2782 5003 Videtur
2815 4958 2993 5004 autem
3038 4950 3167 5003 mihi
3203 4950 3499 5020 signiﬁcare
3529 4949 3620 5004 ad-

2037 5049 2251 5094 ventum
2282 5039 2331 5092 in
2355 5049 2508 5094 nocte
2530 5039 2758 5094 futurum
2781 5056 2920 5096 esse.
2947 5041 3078 5094 Illud
3100 5040 3241 5094 enim
3267 5042 3426 5096 etiam
3449 5040 3620 5095 Lucas

2039 5131 2188 5201 (Cap.
2220 5132 2304 5185 17.
2337 5130 2440 5202 51)
2480 5130 2628 5186 dicit.
2657 5129 2843 5186 Viden‘
2881 5131 3147 5202 quomodo
3170 5131 3346 5185 omnia
3369 5141 3622 5187 accurate

2039 5225 2226 5281 novit?
2264 5225 2493 5292 Deinde,
2527 5241 2593 5280 ne
2622 5226 3029 5296 interrogarent,
3055 5223 3325 5294 subjunxit
3355 5242 3368 5277 :
3407 5222 3624 5294 Vigilat:

2103 5445 2119 5475 ι
2148 5442 2310 5505 Morel.
2338 5443 2483 5500 addit,
2509 5448 2554 5492 et
2570 5454 2678 5504 qua:
2694 5442 2858 5505 futura
2879 5447 3004 5494 sunt.

2102 5507 2122 5535 ¹
2145 5504 2288 5571 savil.
2305 5506 2357 5552 in
2395 5511 2555 5571 textu,
2583 5501 2703 5571 Duo
2720 5504 2770 5571 in
2803 5503 2937 5564 lecto,
2965 5509 3017 5556 et
3032 5505 3102 5556 sic
3124 5511 3226 5555 Mss.
3239 5505 3435 5571 plurimi
3461 5501 3619 5554 Morel

2045 5574 2096 5617 et
2114 5565 2251 5616 savii.
2279 5569 2326 5616 in
2351 5568 2588 5629 margine,
2613 5564 2709 5615 duo
2729 5564 2781 5617 in
2801 5578 2935 5631 agro.
