4076 6142
346 307 451 362 705

345 439 484 496 ergo,
510 425 628 493 quia
648 424 846 480 nescitis
870 441 967 495 qua
994 429 1116 478 liora
1138 423 1379 478 Dominus
1393 433 1549 478 vester
1575 432 1813 477 uenturus
1838 421 1923 475 sit.

345 515 460 572 Non
491 515 645 581 dixit,
673 514 885 579 Nescio,
918 515 1034 582 sed,
1071 514 1308 569 Nescitis.
1335 513 1468 569 Cum
1509 513 1649 568 enim
1682 512 1824 582 ipsos
1862 509 1927 566 ad

343 604 490 660 illam
520 620 656 675 pene
685 605 868 659 horam
897 605 1203 660 deduxisset
1233 613 1285 658 et
1322 604 1714 665 constituisset,
1747 614 1927 654 rursus

341 694 410 749 ab
438 697 814 768 interrogando
842 706 1048 762 avocat,
1077 697 1216 768 quod
1242 697 1372 752 velit
1399 697 1543 766 ipsos
1569 709 1781 763 semper
1809 709 1926 748 esse

341 789 619 844 sollicitos.
663 789 949 860 PrOpterea
978 789 1126 854 dicit,
1167 788 1398 859 Vigilate,
1427 788 1714 843 ostendens
1744 804 1802 842 se
1829 787 1926 842 hac

340 877 410 933 de
435 893 597 934 causa
625 880 805 936 dicere
831 881 1084 935 noluisse.
1113 881 1200 936 45.
1226 879 1368 934 Illud
1389 889 1554 933 autem
1579 881 1772 947 scitote,
1797 897 1924 950 quo-

340 973 479 1025 niam
504 972 549 1026 si
575 973 723 1026 sciret
748 973 1111 1044 paterfamilias
1130 989 1228 1043 qua
1253 973 1376 1026 hora
1404 975 1488 1044 fur
1513 983 1753 1027 venturus
1775 981 1920 1039 esset,

339 1063 573 1131 vigilaret
600 1065 786 1132 utique,
809 1073 856 1118 et
876 1081 975 1118 non
995 1066 1177 1118 sineret
1201 1064 1400 1134 perfodi
1419 1065 1451 1117 d
1470 1080 1623 1118 unum
1647 1080 1808 1117 suam.
1834 1064 1921 1118 44.

341 1153 470 1208 Ideo
509 1164 556 1208 et
596 1171 681 1208 vos
722 1165 876 1209 estote
904 1157 1104 1226 parati,
1135 1156 1252 1226 quia
1278 1172 1377 1225 qua
1404 1155 1530 1208 Intra
1563 1171 1662 1208 non
1696 1155 1882 1224 putatis
1905 1196 1920 1221 ,

339 1245 512 1300 Filius
541 1248 755 1302 hominis
793 1249 971 1302 veniet.
1005 1249 1287 1318 Propterea
1322 1249 1485 1314 dicit,
1517 1249 1628 1315 Qua
1658 1248 1784 1303 hora
1817 1264 1921 1303 non

338 1338 662 1406 exspectatis
687 1339 859 1393 veniet
885 1381 900 1400 ,
931 1349 988 1394 ut
1016 1341 1272 1395 sollicitos
1299 1339 1483 1395 reddat
1511 1349 1565 1395 et
1592 1340 1800 1394 virtutis
1828 1356 1922 1396 co-

339 1425 512 1480 lendae
541 1428 826 1483 studiosos.
857 1429 988 1483 Illud
1015 1439 1189 1484 autem
1217 1431 1316 1484 sibi
1345 1431 1475 1496 vult,
1504 1431 1556 1485 Si
1587 1432 1783 1485 scirent
1814 1431 1923 1500 ple-

338 1517 493 1587 rique
523 1519 766 1574 homines
792 1521 1128 1590 quandonam
1156 1522 1261 1576 sint
1288 1524 1528 1578 morituri
1549 1565 1564 1591 ,
1594 1524 1920 1596 diligentiam

337 1622 488 1663 suam
515 1611 653 1663 circa
687 1611 827 1664 illam
850 1612 1039 1667 horam
1065 1613 1081 1644 ¹
1111 1613 1452 1671 exhiberem.

411 1701 460 1754 5.
498 1699 598 1754 Cur
617 1699 849 1755 Christus
870 1702 982 1755 vite
999 1703 1242 1772 cujusque
1262 1703 1412 1770 ﬁnem
1433 1703 1675 1757 incertum
1696 1704 1917 1775 reliquit.

336 1819 406 1830 --
435 1789 512 1844 Ne
539 1790 698 1859 igitur
724 1789 793 1846 de
821 1793 908 1846 illa
937 1792 1046 1846 sola
1086 1793 1294 1848 solliciti
1332 1801 1509 1847 essent
1529 1835 1544 1859 ,
1577 1809 1745 1864 neque
1769 1809 1918 1849 com-

334 1896 551 1935 munem
576 1881 714 1934 illam
738 1883 898 1946 diem,
927 1898 1097 1952 neque
1122 1883 1380 1952 cujusque
1402 1882 1583 1937 horam
1606 1884 1913 1947 declaravit,

334 1985 392 2029 ut
419 1989 633 2043 semper
658 1975 801 2029 illam
830 1987 1222 2045 exspectarent,
1251 1991 1567 2046 semperque
1592 1976 1780 2032 eodem
1806 1987 1919 2033 stu-

331 2065 423 2120 dio
461 2076 802 2130 tenerentur;
845 2067 964 2121 ideo
1003 2068 1260 2135 cujusque
1296 2067 1418 2121 vita
1459 2065 1616 2120 finem
1655 2067 1913 2122 incertum

331 2155 565 2226 reliquit.
597 2156 792 2210 Deinde
815 2164 1001 2226 aperte
1026 2172 1083 2210 se
1108 2156 1384 2210 Dominum
1414 2164 1582 2219 vocat,
1607 2173 1778 2226 neque
1799 2173 1917 2212 Ulu-

327 2263 489 2318 quam
519 2248 589 2302 ita
619 2250 759 2304 clare
787 2249 1015 2304 dixerat.
1047 2249 1140 2302 llic
1171 2257 1348 2302 autem
1377 2249 1585 2302 videtur
1612 2250 1739 2304 mihi
1771 2250 1913 2305 desi-

327 2341 426 2396 des
447 2355 686 2410 carpere,
717 2342 805 2411 qui
834 2356 938 2394 non
968 2350 1164 2394 tantam
1202 2339 1456 2395 adhibent
1485 2341 1674 2394 anima:
1705 2341 1914 2396 tuendae

327 2447 530 2495 curam,
555 2441 804 2501 quantam
827 2433 969 2488 circa
1002 2432 1252 2501 pecunias
1275 2439 1574 2485 monstrant
1595 2432 1626 2484 ii
1653 2434 1738 2502 qui
1765 2431 1914 2490 fures

328 2531 592 2578 metuunt.
621 2522 751 2576 Nam
780 2523 830 2576 hi
860 2524 903 2577 si
937 2523 1055 2577 illos
1081 2530 1392 2592 exepectent
1414 2563 1429 2590 ,
1467 2522 1720 2592 vigilant,
1751 2524 1910 2578 nihil-

326 2629 433 2685 que
452 2630 514 2670 ex
540 2614 827 2669 reconditis
845 2615 1024 2669 sinunt
1047 2613 1242 2670 auferri
1269 2633 1283 2669 :
1305 2629 1402 2668 vos
1420 2623 1619 2680 autem,
1642 2617 1738 2671 etsi
1763 2628 1912 2672 certo

323 2707 508 2762 sciatis
535 2717 813 2760 venturum
842 2706 989 2761 illum
1017 2721 1158 2772 esse,
1184 2722 1290 2760 non
1322 2705 1566 2776 vigilatis,
1598 2707 1784 2776 inquit,
1812 2723 1912 2763 nec

324 2798 496 2869 parati
542 2798 705 2862 estis,
747 2812 814 2851 ne
861 2797 976 2852 sine
1015 2797 1402 2868 pra'paratione
1447 2800 1568 2852 hinc
1601 2797 1906 2856 discedatis.

321 2892 659 2961 Quapropter
674 2905 796 2944 cum
819 2889 1051 2960 pernicie
1070 2891 1446 2945 dormientium
1466 2890 1582 2945 dies
1603 2892 1689 2946 ille
1710 2891 1904 2946 veniet.

320 2981 780 3048 Quemadmodum
812 2983 952 3036 enim
981 2983 1068 3037 ille
1096 2982 1138 3036 si
1168 2983 1330 3037 sciret
1355 2982 1476 3037 l'urti
1508 2991 1749 3052 tempus,
1777 2984 1903 3040 illttd

321 3073 512 3126 vitaret
539 3090 552 3124 :
581 3072 658 3126 sic
687 3081 740 3127 et
764 3087 889 3138 vos,
919 3073 963 3127 si
994 3073 1161 3144 parati
1192 3073 1381 3126 essetis
1400 3115 1414 3136 ,
1443 3073 1761 3144 etl‘ugeretis.
1803 3077 1904 3130 Dc-

319 3164 444 3218 inde
464 3164 584 3233 quia
607 3163 790 3233 judicii
818 3165 1142 3219 mentionem
1169 3164 1312 3226 fecit,
1338 3164 1401 3218 ad
1425 3165 1670 3220 doctores
1689 3166 1902 3220 demum

319 3268 620 3308 sermonem
641 3255 921 3319 convertit,
945 3270 1007 3310 ac
1028 3255 1093 3309 de
1117 3256 1390 3324 suppliciis
1414 3265 1466 3310 et
1490 3257 1723 3325 pramuis
1745 3258 1900 3312 verba

317 3345 462 3412 facit,
488 3357 543 3400 et
571 3361 690 3401 cum
721 3347 892 3416 primo
919 3347 1085 3400 bonos
1112 3355 1478 3411 memorasset,
1509 3348 1560 3401 iu
1594 3358 1901 3416 peccatores

312 3436 530 3500 desiuit,
559 3452 622 3492 ac
647 3438 891 3492 timorem
925 3438 1184 3492 incutiens
1205 3441 1224 3469 ³
1255 3439 1414 3493 linem
1445 3439 1653 3494 dicendi
1681 3439 1826 3493 facit.

399 3527 566 3583 Verbis
592 3527 781 3582 Christi
807 3529 997 3594 Deique
1021 3529 1073 3582 in
1101 3531 1322 3582 medium
1348 3531 1598 3596 adductis,
1626 3547 1738 3602 qua:
1756 3534 1900 3602 igno-

310 3621 532 3673 rantiam
574 3636 786 3691 arguere
833 3620 1101 3684 videntur;
1143 3622 1423 3690 explicatur
1458 3639 1613 3690 quare
1652 3625 1724 3676 sic
1763 3623 1898 3678 Deus

309 3711 581 3765 identidem
605 3712 670 3764 sit
694 3711 908 3765 locutus.
937 3739 1006 3752 -
1030 3711 1228 3766 Idcirco
1259 3713 1428 3781 primo
1453 3712 1582 3766 dicit
1613 3730 1625 3766 :
1653 3713 1742 3768 45.
1771 3713 1897 3780 Quis

308 3819 429 3870 ergo
454 3813 527 3856 est
555 3801 719 3870 ﬁdelis
747 3819 918 3856 servus
947 3811 990 3855 et
1031 3801 1281 3870 prudens,
1312 3818 1456 3870 quem
1493 3803 1748 3856 constituit
1795 3803 1898 3859 Do-

310 3895 476 3950 minus
505 3896 614 3965 ejus
640 3911 792 3964 super
827 3895 1075 3965 fatrtiliam
1111 3910 1258 3947 suam
1281 3935 1297 3959 ,
1323 3903 1378 3947 ut
1403 3895 1485 3948 det
1518 3893 1623 3948 illis
1651 3895 1815 3947 cibum
1839 3895 1894 3947 in

307 3999 532 4058 tempore
549 3988 577 4042 1
603 3987 692 4042 46.
723 3985 912 4041 Beatus
939 4003 1112 4041 seruus
1139 3985 1254 4049 ille,
1282 4001 1428 4055 quem
1515 3996 1634 4035 cum
1696 3984 1890 4038 venerit

313 4079 572 4132 Dominus
593 4123 607 4146 ,
668 4079 908 4132 invenerit
929 4079 1004 4132 sic
1030 4077 1316 4148 facientem.
1351 4077 1440 4131 47.
1471 4075 1628 4130 Amen
1667 4077 1779 4131 dico
1803 4093 1891 4132 tto-

306 4171 415 4230 bis.
446 4186 596 4238 super
633 4171 800 4224 omnia
828 4172 958 4224 bona
991 4187 1085 4224 sua
1124 4170 1389 4224 constituet
1422 4185 1553 4223 eum.
1583 4168 1775 4236 Qumso
1805 4178 1889 4237 te,

305 4277 432 4314 nunt
477 4261 579 4315 hoc
617 4262 910 4331 ignorantis
947 4263 1070 4316 est?
1100 4260 1155 4316 Si
1192 4262 1333 4316 enim
1363 4261 1486 4331 quia
1511 4260 1682 4326 dixit,
1718 4260 1893 4331 Neque

307 4352 476 4406 Filius
505 4354 640 4407 novit
665 4395 678 4417 ,
710 4354 878 4423 ipsum
920 4357 1168 4424 ignorare
1199 4354 1334 4409 dicis
1366 4371 1382 4409 :
1409 4355 1533 4424 quia
1563 4353 1735 4418 dixit,
1767 4354 1890 4420 Quis

304 4455 380 4500 est
403 4461 542 4516 ergo,
569 4445 696 4516 quid
717 4446 950 4501 dixeris?
971 4464 1037 4501 an
1065 4447 1212 4501 illum
1242 4449 1486 4517 ignorare
1513 4446 1692 4502 dices?
1716 4447 1886 4502 Absit.

303 4537 384 4593 Ne
421 4536 636 4602 quidem
675 4552 739 4591 ex
780 4546 959 4594 mente
1003 4539 1169 4606 captis
1208 4538 1468 4608 quispiam
1509 4537 1610 4592 hoc
1647 4538 1839 4591 dixerit
1871 4555 1886 4591 :

303 4627 514 4682 etiamsi
555 4627 625 4681 ibi
664 4642 879 4682 causam
921 4627 1158 4695 proferre
1187 4628 1488 4696 possimus,
1523 4626 1609 4680 hic
1634 4641 1762 4681 vero
1787 4629 1887 4681 mi-

306 4719 472 4772 nime.
505 4717 638 4786 Quid
670 4727 847 4772 autem
875 4733 995 4771 cum
1027 4717 1180 4781 dicit,
1210 4717 1392 4781 Petre,
1423 4733 1565 4769 antas
1591 4733 1670 4769 me
1698 4716 1886 4789 (Joan.

301 4811 395 4864 2|.
432 4810 562 4880 I5)?
589 4827 712 4866 num
742 4811 867 4865 illud
895 4825 1104 4880 quoque
1134 4809 1452 4876 ignorabat?
1476 4816 1569 4862 aut
1592 4823 1715 4862 cum
1739 4808 1886 4874 dicit,

307 4905 409 4959 (Ibi
448 4905 683 4976 posuistis
724 4920 835 4958 eum
874 4902 1048 4972 (Ibid.
1095 4903 1174 4957 II.
1205 4901 1357 4970 54)?
1402 4901 1512 4954 Imo
1539 4910 1595 4954 et
1633 4899 1788 4954 Pater
1814 4900 1892 4954 sic

303 4997 450 5066 loqui
479 4996 915 5064 deprehenditur.
956 4994 1083 5047 Nam
1125 5007 1174 5048 et
1217 4993 1329 5062 ipse
1355 4995 1432 5046 ait
1463 5011 1475 5046 :
1504 4991 1665 5045 Adam
1686 5032 1700 5051 ,
1731 4991 1815 5044 ubi
1841 5008 1891 5046 es

301 5088 456 5158 (Gen.
488 5087 540 5141 5.
570 5086 670 5157 9)?
700 5096 784 5149 et,
820 5086 1022 5140 Clamor
1065 5085 1403 5138 Sodomorum
1433 5083 1794 5152 multiplicatus
1820 5091 1891 5136 est

299 5179 443 5248 apud
468 5194 566 5230 me.
596 5176 914 5230 Descendens
935 5177 1088 5247 igitur
1108 5175 1300 5236 videbo,
1329 5176 1371 5227 si
1398 5175 1671 5227 secundum
1703 5174 1888 5226 clame—

299 5289 408 5326 rem
448 5286 644 5334 eorum,
673 5269 760 5337 qui
787 5271 918 5321 venit
945 5269 1010 5320 ad
1041 5285 1134 5330 me,
1166 5267 1394 5337 faciunt;
1425 5267 1464 5318 si
1492 5275 1656 5317 autem
1686 5281 1806 5327 non,
1833 5271 1888 5315 ut

297 5377 602 5430 cognoscam
627 5359 788 5433 (Ibid.
816 5360 902 5414 18.
927 5358 1016 5413 20.
1042 5358 1154 5428 21).
1186 5359 1248 5412 Et
1271 5357 1392 5411 alibi
1420 5357 1491 5410 ait
1520 5375 1532 5410 :
1558 5355 1617 5410 Si
1644 5355 1774 5423 forte
1797 5371 1890 5406 au-

301 5457 482 5522 diunt,
509 5454 554 5507 si
584 5454 714 5522 forte
740 5451 1022 5521 intelligant
1043 5450 1250 5519 (Ezech.
1279 5449 1331 5502 2.
1363 5449 1436 5519 5).
1470 5449 1533 5502 Et
1563 5449 1612 5500 in
1649 5448 1889 5516 Evange-

301 5547 376 5602 Itu
397 5587 412 5612 ,
449 5546 600 5599 Forte
629 5541 983 5598 reverebantur
1017 5541 1209 5595 Filium
1248 5557 1410 5594 meum
1441 5539 1604 5611 (Luc.
1633 5540 1722 5594 20.
1763 5540 1885 5611 15).

365 5716 378 5744 ι
411 5711 500 5761 Alii
546 5711 723 5759 habent
752 5705 900 5759 diem,
923 5717 1028 5764 pro,
1049 5705 1234 5752 horam.

363 5779 383 5808 ³
406 5773 526 5828 Alii.
559 5779 604 5823 et
629 5770 825 5820 utilitati
851 5771 1111 5819 consulens.

1257 306 1319 364 IN
1359 305 1769 364 MATTHA‘IUM
1809 304 2039 392 IIObIIIn
2083 305 2336 364 LXXVII.
2376 308 2446 365 al.
2487 304 2762 364 LXXVIII.

3511 315 3615 374 706

2035 418 2165 486 Quae
2193 422 2367 475 omnia
2399 425 2710 492 ignorantia!
2735 427 2893 482 verba
2920 434 3089 482 erant.
3115 427 3308 484 Verum
3335 443 3439 483 non
3466 427 3617 499 igno-

2032 525 2156 563 rans
2187 509 2300 565 Ita‘c
2329 513 2533 567 dicebat
2558 555 2572 579 ,
2603 517 2697 570 sed
2726 527 2783 571 ut
2815 517 2878 572 iis
2903 534 3019 588 qua:
3045 533 3180 588 opus
3210 529 3360 575 erant
3398 521 3611 591 prospi-

2030 613 2177 656 ceret
2207 621 2219 654 :
2250 603 2301 658 in
2331 605 2553 668 Adamo,
2585 618 2640 661 ut
2673 621 2787 676 post
2817 619 3088 678 peccatum
3117 611 3262 666 illum
3291 612 3354 666 ad
3386 627 3613 668 excusa-

2031 693 2228 746 tionem
2263 693 2569 757 induceret;
2604 699 2652 750 iu
2693 699 2980 756 Sodomitis
3001 745 3016 768 ,
3050 712 3106 758 ut
3136 719 3232 758 nos
3260 704 3474 760 doceret
3505 721 3612 760 non

2031 786 2176 854 prius
2205 792 2523 842 sententiam
2551 805 2672 844 esse
2707 791 2999 860 ferendam,
3028 811 3184 864 quam
3214 796 3354 866 ipsas
3383 813 3466 852 res
3497 812 3605 865 per-

2029 876 2393 945 spiceremus;
2428 879 2478 932 in
2527 880 2780 948 propheta
2810 894 2987 938 autem
3025 885 3093 938 ita
3135 886 3394 960 loquitur.
3416 902 3482 940 ne
3513 903 3602 956 pu.

2031 974 2139 1018 tettt
2165 967 2392 1036 imperiti
2417 983 2444 1020 a
2472 969 2811 1037 praedictione
2835 974 3202 1028 necessitatem
3225 977 3507 1042 quamdam
3533 977 3613 1031 in-

2031 1057 2153 1112 ferri
2186 1075 2291 1112 non
2319 1060 2598 1116 obediendi
2625 1079 2638 1125 ;
2669 1063 2719 1116 in
2759 1065 3004 1132 parabola
3030 1073 3207 1121 autem
3230 1069 3524 1139 Evangelii,
3555 1079 3612 1124 ut

2029 1151 2277 1206 ostendat
2307 1154 2606 1221 oportuisse
2650 1155 2766 1210 illos
2806 1155 2996 1210 Filium
3028 1171 3180 1211 suum
3222 1160 3494 1225 revereri;
3528 1161 3612 1215 hic

2029 1256 2190 1305 vero,
2227 1257 2292 1298 ne
2331 1245 2591 1298 curiosius
2631 1247 2927 1316 inquirant,
2978 1257 3032 1302 et
3079 1258 3135 1304 ut
3176 1251 3419 1304 ostendat
3467 1253 3609 1305 illam

2026 1333 2382 1400 cognitionem
2423 1334 2708 1390 admodum
2755 1352 2874 1392 esse
2918 1354 3090 1392 raram
3121 1347 3178 1394 et
3210 1341 3513 1408 pretiosam.
3551 1342 3612 1396 Et

2025 1422 2146 1478 vide
2179 1433 2427 1494 quantam
2460 1425 2808 1497 ignorantiam
2853 1429 2953 1486 hoc
2992 1430 3208 1485 verbum
3242 1431 3536 1505 indicaret“
3569 1436 3611 1486 si

2028 1513 2172 1566 illum
2219 1515 2485 1583 ignoraret
2528 1534 2685 1587 quem
2726 1522 3018 1574 constituit.
3053 1521 3181 1576 Nam
3224 1524 3367 1578 illum
3401 1524 3608 1579 beatum

2026 1605 2274 1671 prtedical
2308 1625 2319 1660 :
2354 1607 2540 1663 Beatus
2569 1610 2731 1678 enim,
2767 1613 2954 1681 inquit,
2983 1631 3154 1668 servus
3178 1617 3300 1680 ille;
3331 1632 3503 1686 neque
3530 1618 3609 1670 tli-

2020 1697 2114 1756 cil.
2142 1699 2261 1767 quis
2289 1699 2374 1754 ille
2395 1702 2463 1755 sit
2493 1719 2504 1754 :
2537 1719 2657 1756 nam
2689 1704 2782 1770 ait,
2817 1705 2941 1771 Quis
2969 1708 3098 1760 enim
3123 1717 3215 1768 est,
3247 1726 3392 1779 quem
3421 1711 3609 1762 consti-

2024 1799 2126 1842 tuet
2167 1791 2400 1846 dominus
2439 1796 2600 1849 suus?
2623 1808 2709 1862 et,
2742 1795 2926 1850 Beatus
2965 1815 3111 1868 quem
3150 1801 3389 1855 invenerit
3416 1803 3486 1856 sic
3522 1807 3606 1873 [α-

2022 1880 2249 1934 cientem.
2305 1883 2426 1937 llam
2467 1895 2641 1940 autem
2690 1902 2794 1941 non
2835 1889 2899 1941 de
2939 1892 3176 1956 pecuniis
3221 1902 3420 1948 tantum
3465 1895 3602 1949 dictu

2021 1982 2173 2036 sunt,
2205 1973 2297 2028 sed
2327 1975 2482 2028 etiam
2510 1977 2575 2031 de
2604 1977 2770 2034 verbo
2799 1988 2852 2033 et
2879 1979 2946 2034 de
2975 1982 3168 2037 virtute
3187 2024 3202 2047 ,
3235 1983 3301 2038 de
3331 1985 3517 2038 denis‘
3548 1996 3603 2040 et

2019 2063 2414 2131 dispensatione
2443 2068 2633 2137 cuique
2664 2072 2968 2124 commissa.
3005 2071 3126 2126 llaze
3157 2074 3400 2142 parabola
3433 2076 3602 2146 magi-

2019 2155 2269 2210 Stratibus
2296 2171 2506 2227 quoque
2527 2159 2725 2227 optime
2750 2171 3036 2230 competat.
3067 2164 3301 2233 Quisque
3322 2167 3462 2220 enim
3490 2182 3602 2220 om-

2019 2245 2125 2308 uia,
2153 2261 2270 2315 qua:
2301 2261 2394 2301 sua
2425 2258 2567 2315 sunt,
2596 2250 2660 2303 ad
2683 2265 3021 2307 communem
3053 2254 3329 2308 utilitatem
3355 2256 3600 2312 conferre

2016 2333 2193 2390 debet.
2221 2336 2342 2391 Sive
2364 2339 2676 2416 sapientiam
2705 2341 2922 2407 habeas,
2951 2342 3063 2397 sive
3095 2344 3464 2414 principatum,
3489 2347 3601 2402 sive

2015 2427 2226 2483 divitias
2246 2471 2260 2496 ,
2290 2431 2402 2485 sive
2426 2431 2633 2501 quidvis
2663 2433 2804 2488 aliud
2825 2476 2840 2497 ,
2874 2450 2940 2490 ne
2965 2435 3030 2490 ad
3060 2436 3436 2494 detrimentum
3467 2454 3601 2495 con-

2015 2535 2314 2590 servorum,
2343 2539 2474 2577 neve
2503 2525 2568 2579 ad
2595 2526 2884 2594 perniciem
2912 2527 2984 2582 sit
3011 2537 3174 2582 tuam.
3205 2528 3324 2584 Ideo
3351 2530 3509 2585 ambo
3532 2531 3600 2586 ab

2016 2612 2106 2667 illo
2135 2614 2392 2683 requirit,
2420 2624 2473 2668 et
2505 2617 2835 2684 prudentiam
2865 2629 2918 2672 et
2951 2618 3128 2674 fidem.
3161 2619 3292 2674 Nam
3325 2633 3598 2690 peccatum

2013 2703 2080 2756 ab
2101 2705 2331 2758 amentia
2353 2705 2611 2774 originem
2643 2706 2806 2760 ducit.
2837 2707 3070 2762 Fidelem
3101 2710 3246 2762 illum
3276 2721 3446 2770 vocat.
3474 2713 3596 2782 quia

2013 2811 2077 2848 ex
2107 2795 2263 2849 rebus
2289 2795 2488 2850 domini
2518 2797 2645 2851 nihil
2673 2797 2753 2850 vel
2785 2798 2835 2851 in
2868 2813 2977 2852 rem
3008 2813 3159 2853 suam
3190 2802 3484 2866 convertit,
3513 2804 3596 2858 vel

2012 2901 2288 2956 perperam
2317 2886 2565 2958 expendit
2589 2904 2604 2954 ;
2636 2887 2946 2957 prudentem
2973 2905 3132 2954 vero,
3161 2892 3281 2960 quia
3312 2892 3410 2947 sibi
3442 2908 3593 2948 com-

2011 2979 2168 3032 missa
2202 2990 2256 3032 ut
2285 2995 2381 3049 par
2405 2988 2521 3034 erat
2545 2979 2954 3035 administravit.
2990 2979 3223 3051 Utraque
3247 2983 3387 3038 enim
3413 3001 3469 3039 re
3497 3001 3594 3040 no-

2009 3069 2090 3121 bis
2125 3083 2262 3138 opus
2298 3079 2381 3124 est
2401 3111 2415 3134 ,
2446 3084 2513 3125 ue
2551 3071 2754 3125 scilicet
2784 3087 2902 3140 quze
2931 3071 3128 3126 domini
3167 3083 3291 3127 sunt
3322 3074 3475 3130 nobis
3502 3091 3589 3130 ra-

2008 3159 2214 3230 piamus
2239 3201 2253 3225 ,
2281 3171 2336 3216 et
2380 3171 2437 3215 ttt
2476 3172 2774 3230 opportune
2817 3163 2906 3217 illa
2946 3163 3333 3232 dispensemus.
3374 3163 3506 3222 Nam
3542 3167 3589 3220 si

2007 3255 2232 3310 alterum
2273 3255 2444 3320 absit,
2476 3256 2700 3310 alterum
2731 3256 3010 3312 claudicat.
3052 3257 3106 3314 Si
3153 3257 3322 3312 fidelis
3361 3259 3459 3324 sit,
3494 3275 3592 3315 nec

2007 3348 2210 3402 furetur
2229 3390 2243 3414 ,
2271 3349 2363 3403 sed
2391 3349 2660 3418 superﬂue
2687 3349 2751 3403 ad
2780 3349 2909 3403 nihil
2952 3349 3079 3404 utile
3111 3350 3378 3418 expendat
3405 3349 3541 3405 bona
3566 3392 3583 3417 ,

2006 3456 2253 3510 magnum
2278 3452 2358 3495 est
2385 3450 2659 3510 peccatum
2686 3457 2700 3504 ;
2733 3440 2777 3494 si
2807 3439 2938 3494 sciat
2965 3449 3108 3495 recte
3129 3439 3462 3510 dispensare,
3490 3441 3584 3494 sed

2002 3532 2222 3596 furetur,
2258 3547 2442 3586 rursus
2471 3545 2574 3585 non
2619 3532 2731 3586 leve
2769 3531 2971 3585 crimen
3011 3539 3111 3586 est.
3150 3531 3275 3586 Haec
3311 3531 3588 3586 audiamus

2003 3625 2090 3694 qui
2122 3624 2392 3693 pecuniosi
2424 3641 2626 3678 sumus.
2653 3624 2767 3678 Non
2793 3625 2936 3678 enim
2958 3623 3208 3679 doctores
3231 3632 3429 3678 tantum
3457 3625 3588 3679 allo-

2001 3718 2200 3786 quitur,
2229 3715 2322 3770 sed
2351 3717 2510 3771 etiam
2543 3715 2759 3769 divites.
2789 3714 3040 3783 Utrisque
3068 3715 3208 3767 enim
3239 3714 3434 3768 divitia:
3460 3730 3588 3769 con-

2001 3807 2218 3860 creditae
2248 3815 2412 3870 sunt;
2443 3804 2752 3860 doctoribus
2784 3805 2883 3858 illae
2907 3820 3025 3872 qua:
3065 3803 3231 3873 magis
3269 3806 3586 3859 necessaria:

1999 3905 2156 3962 sunt;
2187 3895 2338 3950 vobis
2365 3911 2443 3949 ea:
2469 3910 2587 3964 quae
2619 3895 2837 3948 minoris
2863 3903 2986 3948 sunt
3017 3893 3191 3963 pretii.
3223 3893 3309 3958 Si,
3336 3894 3460 3947 dum
3490 3895 3587 3949 do-

1997 3995 2175 4042 ctores
2203 3987 2402 4056 majora
2433 3987 2778 4058 dispergunt,
2808 4002 2903 4040 vos
2930 4003 2996 4041 ne
3027 3987 3077 4040 in
3108 3987 3340 4040 minimis
3366 3987 3581 4056 quidem

1998 4081 2171 4135 velitis
2201 4081 2570 4136 liberalitatem
2601 4080 2894 4145 exhibere;
2923 4079 3030 4134 imo
3054 4095 3157 4133 non
3187 4079 3578 4142 liberalitatem,

1999 4171 2092 4225 sed
2130 4181 2336 4240 gratum
2383 4171 2619 4226 animum
2655 4171 2811 4241 (nam
2841 4171 3010 4224 aliena
3042 4168 3254 4238 datis),
3282 4185 3400 4238 qua:
3432 4169 3584 4225 vobis

1997 4263 2098 4318 erit
2134 4261 2418 4318 defensio?
2453 4262 2556 4318 Sed
2607 4262 2816 4317 interim
2839 4303 2854 4327 ,
2889 4273 3012 4316 ante
3051 4262 3364 4330 supplicium
3397 4276 3580 4315 eorum

1995 4356 2083 4425 qui
2113 4355 2251 4411 male
2281 4363 2589 4424 operantur,
2621 4353 2736 4422 ejus
2770 4352 2858 4422 qui
2902 4353 3065 4421 probe
3103 4367 3160 4405 se
3189 4353 3354 4420 gessit
3383 4367 3583 4405 merce-

1994 4451 2115 4505 dem
2138 4449 2414 4504 audiamus
2439 4467 2451 4502 :
2475 4449 2630 4500 Amen
2658 4447 2770 4499 dico
2789 4445 2944 4511 vobis,
2970 4461 3121 4514 super
3144 4445 3312 4498 omnia
3341 4444 3470 4496 bona
3489 4461 3582 4498 sua

1995 4541 2259 4594 constituet
2287 4556 2423 4593 eum.
2455 4537 2589 4605 Quid
2621 4538 2739 4590 huic
2764 4537 2950 4590 hoaori
2981 4551 3076 4605 par
3100 4550 3219 4589 esse
3245 4535 3442 4604 possit?
3463 4551 3582 4604 qua:

1993 4631 2165 4686 oratio
2209 4629 2344 4683 hanc
2381 4628 2690 4698 dignitatem
2719 4668 2732 4687 ,
2761 4627 2899 4681 hanc
2943 4625 3323 4680 beatitudinem
3365 4626 3579 4693 assequi

1995 4722 2182 4791 possit,
2215 4719 2429 4791 quando
2455 4719 2704 4772 caelorum
2733 4718 2867 4781 Rex,
2897 4717 3047 4784 cujus
3085 4724 3208 4769 sunt
3247 4716 3448 4780 omnia,
3479 4715 3577 4770 Ito-

1996 4814 2192 4868 minem
2235 4828 2396 4881 super
2438 4811 2614 4866 omnia
2665 4810 2798 4862 bona
2846 4822 2940 4861 sua
2979 4805 3314 4860 constituet?
3348 4804 3578 4876 Ideoque

1999 4899 2319 4964 prudentem
2351 4897 2528 4966 ipsum
2553 4905 2732 4960 vocat,
2765 4898 2889 4966 quia
2928 4895 3080 4948 novit
3114 4911 3308 4965 magna
3339 4909 3435 4962 pro
3455 4915 3580 4968 par-

1997 4994 2082 5048 vis
2108 5008 2212 5045 nor.
2240 4991 2547 5055 dimittere;
2573 4989 2664 5045 sed
2695 5005 2817 5043 cum
2848 4989 2936 5044 hic
2963 4999 3330 5059 temperanter
3353 4992 3578 5063 egisset,

1998 5088 2169 5142 caelos
2197 5096 2571 5154 consequutus
2600 5093 2700 5139 est.

2061 5177 2117 5231 4.
2147 5172 2378 5239 Deinde,
2409 5171 2460 5226 id
2485 5170 2626 5242 quod
2657 5185 2870 5238 semper
2898 5167 3022 5224 facit
3042 5209 3057 5236 ,
3091 5186 3194 5224 non
3235 5187 3299 5226 es
3342 5171 3575 5240 reposito

1991 5266 2146 5323 bouis
2175 5264 2416 5334 prtemio,
2441 5263 2534 5316 sed
2565 5278 2629 5318 ex
2661 5261 3076 5316 comminatione
3118 5277 3288 5330 poena:
3320 5262 3575 5331 improbis

1991 5369 2186 5429 parata:
2223 5355 2517 5410 auditorem
2562 5353 2782 5422 corrigit
2813 5370 2826 5404 :
2859 5351 3082 5420 ideoque
3126 5352 3397 5420 subjunin
3432 5369 3445 5404 ε
3480 5353 3572 5406 48.

1992 5453 2054 5507 Si
2079 5461 2240 5504 autem
2264 5449 2445 5503 dixerit
2468 5463 2680 5514 nequam
2705 5460 2875 5498 servus
2896 5444 2981 5497 ille
2999 5445 3051 5496 in
3072 5447 3222 5496 corde
3241 5459 3353 5508 suo,
3375 5442 3574 5499 Tardat

1991 5544 2220 5595 dominus
2249 5557 2387 5592 utens
2411 5538 2604 5598 venire,
2634 5535 2718 5590 49.
2747 5544 2792 5587 et
2821 5535 3060 5604 inceperit
3089 5535 3342 5588 verberare
3371 5551 3574 5590 conser-

1989 5652 2072 5689 vos
2097 5652 2228 5687 suos.
2260 5631 2527 5686 comederit
2552 5640 2717 5682 autem
2752 5639 2798 5682 et
2824 5629 3000 5682 biberit
3029 5646 3142 5684 cum
3169 5630 3315 5682 ebriis
3337 5645 3354 5682 :
3376 5630 3462 5683 511.
3489 5647 3574 5684 tte-

1985 5727 2221 5837 7“gs-Haec,
2244 5727 2302 5778 de
2325 5726 2482 5787 donis,
2505 5740 2554 5776 tn
2597 5742 2695 5778 uno
2741 5726 2910 5778 codice
2945 5730 3143 5780 desunt.
3177 5730 3238 5779 Υ.
3264 5727 3407 5781 Field
3424 5731 3486 5781 ad
3509 5745 3558 5796 ρ.
