4076 6142
445 318 544 375 707

445 430 545 482 niet
575 427 806 481 dominus
832 424 957 480 servi
984 422 1122 477 illius
1144 421 1196 476 in
1227 420 1306 473 die
1328 433 1427 487 qua
1455 431 1555 468 non
1580 419 1829 480 exspectat
1849 450 1863 472 ,
1896 415 1944 460 et
1968 407 2021 459 in

447 523 571 574 hora
598 537 698 592 qua
727 537 824 573 non
851 518 1017 583 novit,
1046 515 1134 571 5|.
1165 523 1211 568 et
1240 512 1424 566 dividet
1453 526 1564 563 eum
1584 549 1599 574 ,
1630 517 1673 560 et
1702 514 1890 575 partem
1921 501 2029 570 ejus

445 630 559 666 cum
586 612 859 683 Iiypocritis
888 616 1055 675 ponet.
1087 607 1165 661 Ibi
1189 607 1283 659 erit
1312 605 1460 675 ﬂetus
1488 612 1533 655 et
1571 599 1756 654 stridor
1783 596 2026 650 dentium.

446 708 500 760 Si
532 707 651 775 quis
679 721 805 758 vero
834 702 1030 759 dixerit
1063 719 1076 756 :
1105 699 1294 754 Viden’
1323 713 1441 766 qua:
1481 694 1729 764 cogitatio
1766 689 2023 750 subierit,

445 797 584 864 quod
625 795 736 850 dies
769 795 850 848 illa
894 810 998 847 non
1039 801 1161 846 nota
1192 789 1372 844 esset?
1407 787 1592 840 Tarda!
1623 783 1763 838 enim
1796 782 2030 833 douiinus

447 901 583 938 meus
606 927 619 950 ,
664 886 834 954 inquit
865 903 876 936 :
911 882 1351 950 respondebimus
1385 877 1540 932 :Non
1582 873 1721 944 quod
1766 873 1879 926 dies
1923 885 2026 923 non

447 987 568 1030 uota
595 985 756 1038 esset,
780 975 870 1029 sed
895 967 1036 1043 quod
1062 973 1330 1041 improbus
1352 971 1421 1025 sit
1445 983 1648 1030 servus,
1676 965 1724 1020 id
1748 963 2022 1018 accidisse.

446 1067 574 1123 Nam
602 1083 694 1122 cur
724 1067 1032 1136 prudentem
1064 1074 1118 1118 et
1144 1063 1353 1118 fidelem
1383 1078 1477 1130 par
1498 1058 1745 1128 cogitatio
1776 1071 1876 1109 nou
1903 1053 2026 1107 sub-

447 1160 503 1212 iit
524 1159 546 1209 ‘!
573 1159 699 1223 Cur,
734 1160 916 1222 miser,
945 1158 1067 1227 quia
1107 1155 1278 1209 tardat
1306 1153 1551 1207 dominus
1571 1192 1586 1216 ,
1617 1148 1841 1219 sperasti
1884 1148 2028 1200 illum

448 1266 734 1320 numquam
762 1249 1086 1303 venturum?
1112 1262 1208 1300 cur
1233 1262 1335 1298 non
1363 1244 1618 1298 sollicitur
1649 1240 1744 1294 es?
1773 1240 1905 1293 Hinc
1937 1238 2033 1308 igi-

449 1353 534 1397 tur
555 1344 830 1406 discimus,
855 1357 957 1395 non
983 1341 1192 1394 tardare
1220 1338 1524 1392 Dominum.
1550 1335 1670 1388 Hasc
1693 1333 1886 1402 quippe
1913 1348 2034 1386 sen-

450 1434 613 1488 tentia
647 1447 748 1486 non
774 1432 991 1494 domini,
1022 1431 1114 1485 sed
1152 1429 1374 1498 improbi
1405 1427 1542 1482 servi
1572 1434 1691 1487 est;
1725 1423 1955 1491 ideoque
1981 1422 2031 1474 in

451 1525 652 1578 crimen
685 1533 920 1578 vocatur.
950 1521 1066 1576 Non
1106 1519 1316 1574 tardare
1355 1518 1496 1571 enim
1537 1515 1658 1568 audi
1700 1513 1916 1567 Paulum
1948 1511 2033 1564 di-

451 1625 662 1670 centem
695 1633 707 1668 :
742 1613 988 1667 Dominus
1018 1628 1174 1683 prope
1203 1619 1275 1663 est
1295 1652 1308 1675 ,
1341 1607 1471 1662 nihil
1503 1605 1707 1660 solliciti
1736 1605 1842 1657 silis
1871 1601 2035 1672 (ΡΙιὶ-

453 1705 580 1774 lipp.
613 1707 665 1758 4.
695 1705 748 1758 5.
777 1703 829 1771 6)
861 1719 875 1769 ;
907 1712 978 1767 et,
1015 1703 1114 1769 Qui
1144 1711 1380 1754 venturus
1407 1709 1477 1752 est
1503 1697 1695 1760 veniet,
1724 1703 1772 1748 et
1799 1711 1897 1746 non
1927 1701 2034 1745 tar-

453 1799 590 1850 dubit
620 1795 814 1867 (Hebr.
845 1794 932 1848 10.
965 1795 1031 1847 57
1057 1798 1094 1860 ).
1126 1791 1203 1845 Τιι
1244 1806 1372 1844 vero
1407 1805 1525 1859 qua:
1556 1798 1850 1857 sequuntur
1876 1784 2034 1848 audi,

455 1897 506 1943 ct
534 1889 681 1943 disce
706 1882 1592 1958 quamfrequenterignorationem
1609 1878 1712 1934 diei
1733 1879 1785 1932 in
1803 1885 2036 1932 mentem

458 1988 712 2044 revocet,
747 1979 918 2032 servis
957 1975 1246 2030 ostendens
1281 1972 1330 2026 id
1363 1971 1492 2026 utile
1523 1985 1642 2024 esse
1667 2011 1683 2034 ,
1715 1980 1766 2023 et
1795 1967 2040 2022 sufficere

457 2082 513 2127 ut
543 2073 660 2125 illos
692 2085 722 2123 a
752 2084 941 2124 somno
969 2069 1164 2122 excitet
1187 2074 1242 2120 et
1269 2065 1454 2133 erigat.
1488 2061 1623 2128 Quid
1663 2060 1806 2115 enim
1835 2059 1878 2112 si
1911 2057 2039 2111 nihil

457 2165 669 2235 quidam
701 2163 824 2216 inde
851 2161 1038 2216 lucrati
1067 2159 1226 2213 sunt?
1243 2156 1438 2226 Neque
1460 2156 1602 2209 enim
1625 2153 1692 2207 ab
1715 2152 1831 2205 aliis
1854 2151 2044 2220 juvan-

457 2258 597 2312 tibus
639 2255 765 2326 quid
808 2252 1080 2322 assequuti
1121 2260 1287 2306 sunt:
1321 2260 1552 2304 attamen
1601 2247 1686 2302 hic
1726 2261 1829 2299 non
1869 2253 2044 2298 cessat

457 2365 579 2418 qu:e
606 2362 696 2401 sua
728 2356 852 2400 sunt
879 2345 1070 2398 facere.
1100 2343 1234 2411 Quid
1261 2357 1409 2411 ergo,
1438 2340 1664 2409 inquies,
1696 2338 1746 2390 in
1774 2335 2044 2406 sequenti-

461 2439 597 2493 bus?
626 2437 798 2490 Veniet
822 2454 921 2507 qua
947 2437 1028 2490 die
1055 2453 1156 2489 non
1182 2443 1450 2505 exspectat,
1477 2443 1524 2486 et
1550 2433 1673 2486 hora
1696 2447 1794 2501 qua
1820 2431 2041 2499 ignorat,

461 2539 515 2585 et
542 2539 777 2584 extrema
814 2529 912 2597 ipsi
955 2526 1168 2582 inferet.
1202 2526 1364 2581 Vides
1401 2523 1671 2596 quomodo
1710 2521 1812 2576 hoc
1849 2521 2045 2590 ubique

462 2630 690 2690 repetat,
724 2619 1140 2689 ignorantiazqne
1171 2617 1446 2670 utilitatem
1487 2621 1769 2679 monstret,
1799 2613 1875 2666 sic
1900 2611 2046 2666 solli-

460 2713 598 2766 citos
623 2726 834 2780 semper
862 2709 1131 2765 reddens?
1161 2708 1272 2762 Hoc
1302 2709 1443 2763 enim
1469 2714 1553 2762 est
1580 2705 1720 2777 quod
1754 2705 1920 2773 magis
1948 2718 2045 2757 cu-

463 2816 581 2873 rat,
611 2816 668 2860 ut
697 2821 911 2875 semper
937 2805 1210 2874 vigilemus
1237 2823 1249 2856 :
1279 2812 1333 2858 et
1358 2802 1479 2874 quia
1516 2817 1728 2869 semper
1758 2799 1808 2852 in
1840 2797 2046 2852 deliciis

465 2899 742 2964 eatlimus,
793 2897 844 2950 in
887 2895 1278 2950 calamitatibus
1318 2909 1448 2948 vero
1484 2891 1844 2960 resipiscimus
1869 2930 1884 2954 ,
1926 2888 2048 2942 ideo

464 2991 661 3060 ubique
701 2988 800 3043 hoc
829 2987 991 3052 dicit,
1022 2985 1234 3058 quando
1277 2984 1484 3039 remissi
1521 2983 1826 3052 inertesque
1862 2994 2048 3035 sumus

465 3094 592 3138 tunc
612 3083 747 3137 mala
771 3081 1032 3137 accidere.
1057 3081 1132 3133 Ac
1159 3076 1603 3148 quemadmodum
1632 3090 1791 3146 supra
1817 3089 1912 3144 per
1937 3073 2049 3128 Noe

467 3173 571 3227 hoc
595 3173 880 3227 declaravit
904 3188 918 3225 :
947 3173 1022 3227 sic
1043 3179 1096 3226 et
1119 3170 1203 3224 hic
1224 3161 1316 3236 ait,
1338 3167 1468 3224 Cum
1491 3183 1679 3222 servus
1707 3168 1796 3222 ille
1820 3165 2046 3222 inebria-

468 3277 585 3331 tur,
616 3281 736 3320 cum
769 3266 1048 3329 verberat,
1081 3274 1206 3319 tunc
1240 3262 1556 3334 supplicium
1582 3271 1664 3316 est
1692 3257 2045 3314 intolerabile.

469 3357 663 3412 Verum
709 3371 776 3410 ne
820 3355 1136 3424 supplicium
1179 3354 1275 3423 ipsi
1314 3352 1635 3407 destinatum
1674 3347 2046 3414 solummodo,

468 3449 561 3505 sed
594 3449 719 3502 illud
749 3447 904 3501 etiam
931 3445 1330 3501 consideremus
1348 3484 1363 3509 ,
1394 3458 1463 3498 ne
1490 3441 1627 3496 forte
1655 3449 1710 3496 et
1735 3440 1834 3512 ipsi
1862 3438 2047 3495 eadem

466 3549 686 3610 agentes
713 3539 764 3592 id
797 3553 903 3592 non
931 3537 1289 3592 advertamus.

541 3629 924 3699 Eleemosynam
962 3625 1298 3680 commendat.
1327 3654 1398 3664 —
1428 3622 1640 3679 Etenim
1684 3621 1806 3676 huic
1847 3619 2052 3675 similes

467 3729 593 3776 sunt
623 3719 692 3774 illi
725 3721 812 3788 qui
846 3718 1098 3788 pecunias
1129 3716 1420 3780 habentes,
1447 3713 1631 3785 egenis
1669 3727 1773 3768 non
1812 3711 2052 3782 largiun-

468 3823 553 3868 tur
581 3831 594 3868 :
623 3812 664 3866 si
693 3811 905 3882 quidem
935 3817 988 3864 et
1018 3817 1070 3862 tu
1099 3809 1448 3880 pecuniarum
1481 3814 1687 3859 tuarum
1716 3801 2053 3873 dispensator

466 3921 525 3959 cs
549 3946 564 3968 ,
597 3920 699 3957 nou
741 3903 916 3956 minus
956 3919 1111 3971 quam
1145 3901 1188 3955 is
1218 3899 1306 3970 qui
1347 3898 1598 3954 Ecclesia:
1644 3897 1781 3952 bona
1819 3894 2052 3950 admini-

469 4003 621 4050 strat.
650 3994 719 4049 Ut
759 3995 900 4048 enim
947 3993 1031 4048 hic
1073 4008 1134 4046 ea
1178 4007 1297 4062 qua:
1335 4007 1362 4044 a
1402 3990 1553 4044 vobis
1591 4003 1689 4058 pro
1733 3986 2052 4057 pauperibus

468 4094 681 4155 erogata
721 4095 879 4150 sunt,
911 4101 1013 4138 non
1051 4093 1226 4153 potest
1264 4097 1360 4152 pro
1388 4082 1556 4136 lubito
1583 4090 1636 4134 et
1667 4089 1868 4134 temere
1896 4093 2052 4148 spar-

468 4192 596 4246 gere
619 4218 634 4241 ,
667 4177 786 4246 quia
833 4177 882 4229 in
933 4190 1222 4244 pauperum
1259 4174 1397 4228 datm.
1433 4180 1556 4227 sunt
1584 4172 1894 4225 alimentum
1928 4188 1942 4224 :
1976 4169 2055 4225 sic

473 4282 571 4320 nec
598 4275 650 4319 tu
684 4274 791 4319 tua.
822 4266 1043 4319 Etiamsi
1070 4266 1212 4319 enim
1246 4273 1518 4333 paternam
1545 4262 1816 4330 acceperis
1845 4261 2056 4315 heredi-

471 4367 632 4412 tatem
654 4397 668 4420 ,
701 4365 859 4426 atque
887 4357 964 4410 sic
994 4357 1170 4410 omnia
1213 4365 1297 4408 tua
1345 4353 1614 4424 possideas
1651 4370 1664 4406 :
1696 4360 1928 4406 attamen
1962 4351 2052 4407 Dei

471 4458 595 4502 sunt
623 4447 735 4502 luec
760 4447 958 4501 omnia.
987 4447 1126 4501 Sane
1156 4463 1272 4517 qua:
1303 4457 1355 4500 ιιι
1380 4445 1571 4500 dedisti
1603 4444 1682 4498 vis
1707 4453 1953 4498 accurate
1977 4443 2056 4497 di-

472 4539 712 4609 spensari
738 4555 750 4592 :
776 4554 953 4592 annon
979 4548 1130 4608 putas
1157 4538 1323 4592 Deum
1350 4552 1442 4591 sua
1472 4553 1501 4590 a
1529 4537 1680 4591 nobis
1709 4538 1910 4606 majore
1932 4553 2053 4592 cum

470 4632 803 4688 vehementia
833 4632 1200 4701 repetiturum,
1233 4630 1325 4685 sed
1354 4629 1456 4684 illis
1483 4637 1682 4684 temere
1713 4631 2056 4699 pereuntibus

473 4725 522 4778 id
550 4722 822 4778 laturum?
849 4721 964 4778 Non
994 4723 1061 4775 ita
1096 4737 1180 4776 res
1205 4737 1262 4776 se
1291 4721 1470 4783 habet,
1501 4734 1605 4773 nou
1636 4720 1704 4773 ita
1732 4727 1898 4774 certe.
1925 4719 2054 4773 Nam

472 4815 510 4869 ιι
529 4831 589 4868 vc
616 4815 736 4871 ideo
763 4813 901 4884 apud
935 4823 986 4868 te
1019 4813 1232 4882 reliquit
1251 4855 1264 4876 ,
1299 4823 1357 4866 ut
1385 4812 1480 4866 des
1504 4827 1681 4866 escam
1711 4813 1810 4865 illis
1839 4815 1891 4865 in
1923 4821 2057 4866 tem-

473 4922 603 4973 pore
642 4917 960 4976 opportuno.
1002 4907 1137 4974 Quid
1182 4915 1263 4959 est
1288 4948 1302 4967 ,
1345 4907 1394 4960 in
1435 4915 1676 4974 tempore
1714 4905 2057 4975 opportuno?

478 4997 670 5064 Egenis
690 5037 705 5061 ,
737 4997 1113 5051 esurientibus.
1148 4996 1295 5050 Sicut
1325 4997 1484 5064 igitur
1514 5006 1568 5050 tu
1596 5010 1856 5049 conservo
1881 4995 1946 5049 ad
1977 4995 2059 5048 di-

474 5088 830 5155 spensandum
871 5087 1061 5142 dedisti
1088 5131 1102 5154 ,
1132 5089 1208 5142 sic
1249 5087 1502 5142 Dominus
1532 5097 1583 5142 te
1612 5087 1723 5140 vult
1759 5095 1813 5140 ut
1855 5101 1947 5155 par
1975 5095 2060 5141 est

475 5178 798 5250 expendere.
829 5177 971 5240 Ideo,
997 5193 1116 5232 cum
1146 5179 1312 5246 possit
1334 5178 1562 5242 auferre,
1587 5176 1835 5248 relinquit
1858 5185 2054 5243 tamen,

475 5283 532 5324 ut
561 5271 766 5324 virtutis
793 5269 1105 5325 exercenda}
1133 5270 1468 5324 occasionem
1509 5269 1736 5332 habeas;
1769 5276 1929 5337 utque
1959 5283 2056 5322 cu-

478 5362 643 5415 rando
675 5371 729 5415 ut
756 5363 889 5416 alter
918 5365 1084 5416 altero
1113 5372 1330 5431 egeret,
1369 5371 1604 5415 mutuam
1643 5360 1917 5415 caritatem
1949 5358 2058 5414 fer-

481 5455 768 5509 ventiorem
799 5455 1065 5510 redderet.
1091 5454 1167 5508 'l‘u
1198 5470 1322 5508 vero
1348 5462 1625 5523 postquam
1654 5452 1925 5520 accepisti,
1950 5466 2056 5504 non

479 5545 649 5596 solum
678 5559 782 5598 non
811 5545 926 5610 das,
958 5545 1050 5598 sed
1081 5546 1236 5598 etiam
1264 5546 1532 5598 verberas.
1558 5543 1710 5610 Quod
1737 5543 1781 5597 si
1807 5557 1908 5596 non
1933 5542 2059 5597 dare

477 5632 632 5698 culpa
659 5643 758 5697 est,
784 5652 902 5703 qua:
931 5634 1084 5689 venia
1113 5636 1215 5688 erit
1241 5635 1580 5689 verberanti?

549 5722 603 5776 ὕ.
646 5721 756 5777 lloc
781 5737 956 5780 autem
985 5724 1114 5780 mihi
1141 5726 1315 5781 dicere
1341 5726 1546 5781 videtur
1568 5726 1618 5780 in
1641 5725 2058 5782 contumeliosos

1296 303 1353 357 S.
1393 299 1671 358 JOANNIS
1707 287 2181 352 CilllYSOSTOMl
2223 286 2540 344 ARCHIEP.
2584 281 3119 342 CONSTANTINOP.

3619 277 3727 336 708

2136 411 2190 458 et
2209 417 2450 471 rapaces,
2470 400 2840 455 vehementem
2863 399 3128 451 intentans
3147 391 3566 456 accusationem,
3583 391 3730 462 quod

2135 507 2229 548 eos
2260 493 2544 545 verberent
2581 504 2715 560 quos
2759 490 2902 542 alere
2936 485 3070 556 jussi
3101 495 3245 540 sunt.
3290 482 3511 537 Videtur
3547 493 3729 538 autem

2135 583 2265 638 mihi
2294 583 2380 636 hic
2405 581 2523 636 illos
2548 579 2890 636 subindieare
2913 579 2999 649 qui
3029 593 3075 632 in
3103 575 3308 631 deliciis
3330 577 3490 628 vitam
3529 585 3730 643 agunt;

2136 691 2257 729 nam
2288 674 2504 727 delicias
2536 687 2721 741 magna
2744 679 3017 740 exspectat
3042 681 3193 738 poma
3219 665 3512 731 :Comedat,
3537 665 3662 735 inqu
3691 675 3731 728 t,

2137 775 2180 818 et
2206 764 2336 818 bibat
2357 780 2469 817 cum
2493 763 2662 827 ebriis,
2689 763 2889 816 ventris
2911 759 3199 830 ingluviem
3227 757 3588 812 subindicans.
3613 757 3732 810 Non

2135 862 2277 916 enim
2310 859 2429 914 ideo
2458 858 2707 927 accepisti
2733 897 2748 921 ,
2787 865 2844 910 ut
2877 854 3142 910 delicieris
3162 894 3179 919 ,
3209 851 3304 906 sed
3343 861 3400 906 ut
3428 850 3732 923 eleemosy-

2140 969 2260 1007 nam
2289 967 2496 1021 eroges.
2523 950 2658 1004 Num
2687 959 2772 1004 tua
2802 957 2852 1002 te
2875 959 3028 1018 putas
3058 947 3290 1000 habere?
3312 946 3612 1014 Pauperum
3636 943 3732 998 tibi

2140 1045 2275 1098 bona
2305 1042 2606 1098 concredita
2635 1049 2778 1103 sunt,
2807 1040 3012 1094 etiamsi
3043 1038 3307 1093 hereditas
3334 1042 3552 1106 paterna
3579 1031 3725 1098 sint;

2136 1134 2344 1190 etiamsi
2390 1150 2454 1188 ex
2485 1133 2643 1202 jusds
2671 1131 2938 1185 laboribus
2971 1139 3132 1198 parta:
3160 1129 3268 1182 sint
3295 1141 3447 1195 opes.
3477 1128 3667 1180 Annon
3699 1140 3733 1178 a

2141 1237 2193 1283 tc
2225 1229 2364 1282 Deus
2395 1226 2488 1280 has
2527 1223 2740 1278 auferre
2769 1222 2979 1292 potuit?
3007 1221 3111 1276 Sed
3143 1221 3263 1274 ideo
3299 1234 3402 1273 non
3433 1217 3607 1272 aufert
3627 1259 3640 1280 ,
3673 1226 3736 1272 ut

2142 1329 2195 1372 tu
2227 1317 2396 1386 possis
2419 1331 2544 1384 erga
2573 1329 2770 1384 egenos
2797 1313 3165 1367 liberalitatem
3193 1325 3466 1365 exercere.
3497 1310 3576 1364 Tu
3603 1324 3734 1364 vero

2139 1412 2266 1465 mihi
2316 1411 2584 1481 perpende
2607 1451 2622 1476 ,
2654 1408 2922 1478 quomodo
2954 1409 3003 1462 in
3032 1407 3278 1460 omnibus
3314 1405 3582 1475 parabolis
3611 1405 3735 1460 illos

2141 1505 2334 1572 plectat
2358 1545 2372 1564 ,
2401 1503 2489 1572 qui
2529 1502 2720 1570 opibus
2759 1501 2868 1555 suis
2907 1499 2971 1554 ad
3001 1513 3197 1569 egenos
3227 1496 3446 1552 alendus
3474 1512 3577 1551 non
3609 1506 3736 1550 sunt

2141 1595 2240 1648 usi.
2275 1593 2455 1662 Neque
2482 1594 2621 1648 enim
2652 1593 2884 1661 virgines
2926 1591 3032 1644 illa:
3070 1591 3241 1644 aliena
3281 1597 3606 1658 rapuerunt,
3635 1587 3731 1642 sed

2143 1702 2236 1740 sua
2265 1701 2370 1741 non
2392 1686 2595 1754 largitae
2618 1696 2778 1746 sunt;
2809 1699 2982 1753 neque
3010 1684 3053 1737 is
3077 1683 3164 1753 qui
3207 1682 3461 1736 talentum
3491 1681 3731 1748 defodit,

2140 1779 2314 1833 aliena
2356 1780 2588 1844 invasit,
2625 1779 2718 1832 sed
2764 1778 2888 1832 illud
2931 1792 3036 1830 non
3075 1775 3396 1845 duplicavit;
3439 1791 3613 1846 neque
3641 1777 3731 1846 qui

2139 1870 2440 1925 esurientes
2472 1870 2764 1940 ni-gligunt,
2800 1868 2920 1922 ideo
2947 1867 3255 1936 puniuntur,
3282 1865 3422 1936 quod
3449 1866 3618 1920 aliena
3647 1882 3735 1920 ra-

2143 1966 2352 2035 puerint
2371 2008 2386 2034 ,
2415 1967 2508 2021 sed
2539 1967 2676 2036 quod
2707 1981 2799 2021 sua
2831 1980 2934 2020 non
2962 1965 3345 2035 disperserint;
3375 1962 3733 2034 quemadmo-

2142 2056 2269 2111 dum
2308 2067 2364 2112 et
2401 2056 2487 2112 hic
2527 2071 2731 2111 servus.
2765 2057 3057 2111 Audiamus
3083 2055 3243 2126 igitur
3271 2064 3529 2126 quotquot
3560 2054 3734 2108 ventri

2145 2149 2498 2219 indulgemus,
2529 2159 2789 2220 quotquot
2815 2151 2868 2203 in
2895 2149 3066 2204 lautas
3092 2165 3276 2206 coenas
3306 2149 3564 2220 pecunias
3589 2149 3738 2202 insu-

2147 2242 2358 2308 mimus,
2383 2258 2500 2312 qua:
2526 2258 2630 2296 non
2663 2252 2879 2307 nostrae,
2914 2242 3006 2297 sed
3038 2257 3325 2310 egenorum
3356 2249 3497 2296 sunt.
3532 2241 3608 2295 Ne
3638 2256 3736 2310 pu-

2149 2341 2228 2386 tes
2257 2332 2397 2385 eniin
2429 2333 2549 2402 quia
2583 2348 2676 2402 per
2704 2333 2923 2387 multam
2956 2332 3374 2388 misericordiam
3417 2332 3531 2386 hrec
3561 2341 3618 2386 ut
3647 2342 3736 2386 tua

2146 2422 2274 2476 dare
2298 2423 2477 2491 jussus
2506 2439 2584 2486 es,
2614 2424 2734 2478 ideo
2765 2424 2877 2478 haec
2903 2437 3024 2478 esse
3057 2433 3163 2478 tua.
3191 2423 3306 2478 Tibi
3339 2422 3732 2486 commodavit,

2149 2523 2206 2567 ut
2232 2515 2396 2583 probe
2434 2531 2591 2585 agere
2637 2530 2839 2585 posses.
2888 2515 2964 2570 Ne
2997 2525 3081 2570 tua
3119 2516 3277 2585 igitur
3303 2514 3431 2569 dare
3457 2525 3508 2569 te
3539 2521 3693 2583 putes
3715 2554 3730 2577 ,

2149 2606 2274 2660 dum
2309 2609 2404 2677 ipsi
2435 2624 2527 2662 sua
2559 2609 2788 2679 largiris.
2820 2608 3001 2679 Neque
3031 2610 3171 2663 etaim
3203 2610 3246 2664 si
3277 2617 3330 2663 tu
3358 2608 3584 2679 cuipiam
3614 2624 3738 2662 mu-

2151 2706 2240 2752 tuo
2265 2699 2443 2767 dares,
2474 2710 2531 2755 ut
2560 2701 2830 2772 profectus
2857 2702 2980 2756 inde
3009 2702 3200 2757 lucrari
3231 2711 3447 2772 posset,
3483 2701 3738 2770 pecunias

2149 2789 2269 2844 illas
2293 2790 2358 2844 ad
2392 2792 2562 2862 ipsum
2599 2794 2864 2862 pertinere
2889 2794 3116 2848 diceres.
3147 2793 3236 2849 Sic
3272 2793 3364 2848 tibi
3405 2793 3543 2848 Deus
3571 2806 3736 2861 pecu-

2151 2881 2290 2935 niam
2329 2881 2578 2944 tradidit,
2612 2893 2668 2936 ut
2695 2883 2881 2937 czelum
2921 2898 3088 2939 emas.
3121 2883 3198 2938 Ne
3227 2899 3354 2954 ergo
3393 2882 3738 2954 benignitatis

2149 2973 2510 3041 magnitudine
2558 2973 2724 3027 utaris
2767 2983 2827 3028 ut
2871 2974 3136 3044 ingratum
3179 2974 3430 3029 exhibeas
3475 2975 3730 3029 animum.

2147 3060 2330 3128 Cogita
2360 3078 2518 3131 quam
2549 3063 2780 3133 optabile
2815 3074 2931 3119 erat
2969 3075 3087 3131 post
3119 3064 3375 3134 baptisma
3407 3065 3474 3120 ad
3509 3067 3734 3121 eldendn

2150 3157 2370 3216 peccata
2407 3162 2603 3202 novam
2637 3146 2874 3214 reperire
2911 3144 3077 3198 viam.
3117 3141 3181 3197 Ni
3211 3142 3464 3206 dixisset,
3497 3141 3576 3193 Da
3601 3139 3733 3192 elec-

2150 3259 2445 3312 mosynam,
2465 3249 2599 3311 quot
2621 3239 2871 3294 homines
2887 3238 3084 3293 dicturi
3103 3246 3281 3302 erant,
3303 3237 3521 3292 Utinam
3545 3252 3736 3304 posse-

2151 3352 2274 3392 mus
2300 3335 2546 3406 pecuniis
2569 3351 2599 3389 a
2625 3334 2822 3389 futuris
2845 3349 2942 3388 nos
2968 3333 3124 3387 malis
3144 3331 3412 3386 redimere
3439 3331 3452 3384 ι
3482 3327 3587 3383 Sed
3604 3329 3732 3398 quia

2151 3437 2329 3499 potest
2356 3428 2492 3494 ﬁeri,
2517 3443 2712 3482 rursus
2735 3426 2915 3496 supini
2942 3425 3146 3494 jacent.
3168 3422 3274 3478 Sed
3297 3423 3391 3487 do,
3417 3421 3654 3490 inquies.
3670 3417 3739 3472 Et

2151 3521 2282 3592 quid
2299 3518 2729 3577 illud?Nondum
2756 3526 2963 3572 tantum
2983 3515 3202 3583 dedisti,
3221 3525 3482 3585 quantum
3506 3513 3598 3566 illa
3622 3526 3747 3564 mu-

2153 3615 2254 3669 lier
2279 3630 2400 3686 qute
2419 3614 2556 3669 duos
2582 3612 2824 3684 erogavit
2847 3612 3068 3677 obolos;
3084 3625 3191 3665 non
3215 3608 3520 3669 dimidiam,
3537 3608 3648 3660 imo
3670 3619 3740 3658 ne

2161 3697 2431 3748 minimam
2453 3696 2667 3764 quidem
2697 3703 2899 3764 partem
2923 3696 2938 3725 ¹
2958 3695 3010 3748 in
3030 3692 3423 3762 comparatione
3449 3690 3623 3754 illius;
3646 3688 3743 3744 sed

2155 3788 2319 3842 multa
2359 3787 2413 3843 in
2451 3796 2692 3856 sumptus
2738 3786 2952 3840 inutiles
2999 3783 3312 3855 profundis,
3353 3784 3404 3837 in
3451 3782 3738 3844 convivia,

2155 3881 2486 3943 ebrietatem,
2517 3888 2915 3947 extremamque
2945 3877 3233 3946 ingluviem
3263 3893 3276 3926 :
3309 3888 3451 3928 nunc
3477 3874 3706 3927 invitans
3725 3912 3741 3936 ,

2157 3988 2297 4026 nunc
2322 3972 2601 4033 invitatus;
2633 3984 2771 4023 nunc
2791 3967 3082 4032 consumis,
3110 3980 3249 4021 nunc
3269 3965 3403 4019 alios
3422 3977 3745 4019 consumere

2157 4065 2330 4133 cogis;
2376 4063 2448 4117 ita
2490 4070 2547 4115 ut
2584 4059 2848 4130 duplicem
2881 4058 2973 4114 tibi
3015 4071 3170 4127 pares
3205 4056 3497 4111 cruciatum
3522 4096 3538 4120 ,
3575 4053 3646 4109 ab
3681 4055 3744 4109 iis

2157 4168 2276 4220 quae
2319 4163 2373 4206 ιιι
2412 4150 2578 4217 facis,
2610 4159 2664 4205 et
2703 4150 2771 4204 ab
2814 4150 2879 4203 iis
2915 4163 3034 4218 quae
3078 4156 3130 4202 te
3161 4154 3376 4201 auctore
3402 4145 3493 4200 alii
3523 4143 3745 4200 faciunt.

2162 4240 2292 4298 Vide
2327 4257 2454 4312 ergo
2501 4242 2642 4295 hunc
2686 4241 2940 4294 famulum
2975 4238 3165 4293 eadem
3203 4237 3270 4292 de
3308 4253 3368 4291 re
3393 4247 3701 4291 accusatum
3725 4277 3742 4300 ,

2159 4332 2404 4395 Comedit,
2435 4330 2623 4401 inquit,
2647 4344 2696 4384 et
2719 4330 2838 4383 bibit
2861 4345 2976 4382 cum
3002 4327 3166 4381 ebriis.
3196 4326 3378 4395 Neque
3405 4327 3548 4380 enim
3569 4326 3749 4380 ebrios

2162 4432 2364 4478 tantum
2392 4464 2408 4490 ,
2451 4422 2546 4476 sed
2585 4431 2640 4477 et
2679 4422 2887 4475 illorum
2920 4419 3094 4474 socios
3133 4418 3393 4484 supplicio
3430 4416 3664 4480 afficiet;
3695 4427 3752 4471 et

2156 4515 2277 4586 jure
2307 4513 2520 4584 quidem
2549 4531 2562 4568 :
2591 4527 2711 4567 nam
2753 4521 2807 4566 et
2843 4511 3046 4579 seipsos
3071 4517 3457 4577 corrumpunt,
3485 4515 3541 4562 et
3568 4507 3750 4575 proxi-

2161 4622 2370 4663 morum
2400 4607 2631 4662 salutem
2661 4605 2952 4675 neglignut.
2997 4601 3136 4656 Nihil
3165 4611 3340 4655 autem
3372 4601 3441 4653 ita
3473 4600 3644 4653 Deum
3674 4600 3751 4653 ir-

2161 4701 2322 4764 ritat,
2363 4707 2422 4752 ιιι
2459 4698 2502 4752 si
2543 4697 2768 4767 proximi
2812 4709 2898 4748 res
2937 4693 3287 4762 negligantur.
3331 4690 3670 4758 Quapropter
3697 4698 3754 4743 ut

2163 4792 2296 4846 iram
2328 4805 2478 4845 suam
2506 4788 2808 4857 exprimat,
2835 4785 3058 4840 discindi
3085 4798 3297 4837 servum
3326 4782 3499 4851 jussit.
3547 4781 3755 4836 Idcirco

2162 4883 2439 4938 caritatem
2467 4880 2846 4948 discipulorum
2885 4891 3102 4931 suorum
3139 4884 3396 4930 tesseram
3422 4872 3558 4926 dixit
3586 4888 3708 4927 esse
3739 4889 3752 4925 :

2163 4977 2284 5046 quia
2310 4988 2527 5028 necesse
2547 4973 2766 5026 omnino
2795 4979 2877 5024 est
2901 4968 3206 5037 diligentem
3231 4979 3316 5019 res
3338 4964 3518 5018 dilecti
3541 4977 3755 5022 curare.

2166 5066 2313 5120 Hanc
2351 5065 2509 5134 igitur
2544 5062 2681 5115 viam
2729 5071 3002 5115 teneamus
3034 5074 3047 5109 :
3082 5071 3204 5111 nam
3247 5055 3361 5108 haec
3401 5054 3635 5108 maxime
3678 5066 3758 5110 est

2164 5175 2282 5228 qur.
2310 5157 2376 5210 ad
2413 5154 2600 5208 ea‘lum
2632 5153 2811 5213 ducit,
2841 5165 2958 5219 quae
2987 5149 3183 5203 Christi
3225 5145 3517 5200 imitatores
3547 5144 3716 5199 efficit
3742 5186 3757 5209 ,

2166 5263 2284 5316 qua:
2315 5247 2423 5299 Deo
2451 5243 2650 5297 similes
2685 5240 2876 5294 reddit.
2927 5237 3060 5292 Vide
3089 5251 3217 5305 ergo
3245 5250 3402 5304 quam
3436 5238 3757 5289 necessaria!

2166 5337 2274 5391 sint
2313 5337 2395 5388 ha:
2435 5334 2658 5386 virtutes
2684 5371 2699 5394 ,
2731 5344 2849 5398 quae
2888 5328 3036 5396 juxta
3077 5327 3215 5380 viam
3243 5326 3379 5380 hanc
3414 5325 3757 5380 tabernacula

2167 5431 2476 5497 posuerunt.
2501 5423 2556 5476 Si
2586 5422 2755 5490 placet
2783 5428 2959 5473 autem
2986 5459 3000 5480 ,
3038 5417 3153 5470 illas
3181 5416 3484 5485 diligentius
3510 5416 3758 5483 explore-

2167 5536 2304 5584 mus,
2339 5527 2394 5573 et
2422 5514 2713 5572 secundum
2744 5513 2836 5568 Dei
2871 5511 3121 5581 placitum
3148 5509 3465 5564 sententiam
3495 5506 3752 5563 feramus.

2154 5725 2182 5772 ὁ
2217 5666 2232 5694 ι
2262 5662 2392 5724 llzec,
2420 5674 2512 5711 non
2561 5655 2838 5720 dimidiam,
2863 5672 3008 5708 0mm.
3053 5655 3396 5720 Mor.,Montf.,
3424 5661 3478 5704 et
3504 5667 3634 5702 unus
3654 5664 3738 5702 co-

2189 5740 2265 5772 ex.

2189 5740 2265 5772 ex.
