4076 6142
298 291 304 296 ’
329 284 431 342 τθἹ

318 401 453 456 ἀλλά
479 400 568 482 διά
595 401 656 456 τὸ
693 402 928 482 πονηρὸν
957 397 1098 458 εἰναι
1130 405 1221 457 τὸν
1251 405 1485 478 οἰκέτην,
1527 409 1682 462 Ἐπεὶ
1712 409 1792 479 τῷ
1818 411 2002 482 φρονί-

321 498 409 560 μῳ
444 481 537 535 καὶ
567 481 746 560 πιστῷ
791 482 936 546 τίνος
975 482 1160 536 ἔνεκεν
1188 485 1232 516 ¹³
1273 487 1374 538 οὐκ
1417 485 1742 557 ἐπεισῆλθεν
1791 481 1930 558 αὐτη
1967 491 2000 560 ή

318 559 531 624 εννοια;
563 559 629 613 Τί
654 559 782 632 γάρ,
826 561 875 613 εἰ
903 562 995 614 καὶ
1027 562 1263 632 χρονίζει
1297 565 1325 615 6
1348 563 1634 634 δεσπότης,
1665 563 1836 629 ἄθλιε,
1867 559 2003 628 ὅλως

318 639 626 713 προσδοκᾷς
663 639 826 692 αὐτὸν
850 639 1000 709 ἥξειν
1031 641 1110 705 ”;
1142 641 1206 693 Τί
1233 637 1325 694 οὖν
1356 643 1414 694 οὐ
1452 645 1749 713 μεριμνᾷς;
1799 643 2006 696 Ἐντεῦ-

321 715 415 769 θεν
442 712 536 770 οὖν
567 717 932 788 μανθάνομεν,
961 720 1042 772 ὅτι
1072 719 1191 771 οὐδὲ
1215 719 1471 789 χρονίζει.
1506 712 1787 792 Αὐτηγάρ
1817 723 1883 776 οὐ
1908 723 2000 776 τοῦ

319 793 604 860 δεσπότου,
635 797 770 850 ἀλλά
797 799 897 867 τῆς
921 797 1014 849 τοῦ
1045 797 1281 868 πονηροῦ
1310 799 1521 851 οἰκέτου
1565 799 1791 869 γνώμης
1823 801 1856 870 ή
1892 801 2000 872 ψῆ-

321 892 421 941 φος
443 893 457 906 ο
485 875 564 928 διὸ
595 877 688 928 καὶ
723 875 810 928 διὰ
830 875 987 928 τοῦτο
1005 876 1338 944 ἐγκαλεῖται.
1383 878 1505 930 ’Ὀτι
1527 876 1634 948 γάρ
1657 878 1716 929 οὐ
1742 878 1998 948 χρονίζει,

319 954 552 1006 ἄκουσον
606 955 817 1008 Παύλου
861 956 1140 1023 λέγοντος·
1200 956 1260 1008 ’0
1314 957 1530 1022 Κύριος
1575 957 1775 1025 ἐγγὺς,
1809 957 2003 1026 μηδὲν

314 1033 670 1103 μεριμνᾶτεο
711 1036 824 1098 καὶ,
885 1035 938 1087 '0
970 1035 1291 1104 ἐρχόμενος
1318 1035 1472 1103 ἣξει,
1507 1035 1607 1091 καί
1652 1039 1724 1090 οὐ
1756 1037 1997 1104 χρονιεῖ.

319 1115 395 1166 Συ
425 1113 479 1164 δέ
517 1114 608 1166 καὶ
649 1113 756 1166 τῶν
791 1113 918 1183 ἐξῆς
961 1114 1148 1175 ἄκουε,
1184 1115 1278 1167 καὶ
1320 1113 1555 1184 μάνθανε
1597 1114 1715 1178 πῶς
1763 1115 2002 1185 συνεχῶς

320 1195 728 1263 ὑπομιμνήσκει
768 1195 810 1226 ³⁸
865 1195 962 1264 τῆς
1018 1193 1236 1262 ἀγνοίας
1267 1194 1365 1263 τῆς
1394 1194 1625 1263 ἡμέρας,
1665 1192 1838 1262 δηλῶν
1891 1198 2000 1257 τοῖς

317 1272 557 1334 οἰκέταις
584 1273 739 1324 τοῦτο
771 1274 1036 1343 χρήσιμον
1087 1273 1166 1337 ὃν,
1218 1273 1311 1326 καί
1354 1272 1534 1326 ἱκανὸν
1565 1272 1867 1340 ἀφυπνίσαι
1910 1274 2001 1325 αὐ-

318 1350 446 1410 τούς
476 1352 568 1401 καὶ
599 1350 972 1418 διανοστῆσαι.
1007 1351 1071 1403 Τί
1105 1353 1213 1420 γὰρ
1245 1353 1294 1402 εἰ
1324 1352 1418 1404 καὶ
1446 1352 1612 1421 μηδέν
1644 1368 1788 1414 τινες
1813 1352 1997 1405 ἐντεῦ-

320 1430 414 1480 θεν
445 1427 776 1498 ἐκέρδανανς
813 1430 946 1482 Οὐδὲ
974 1430 1079 1502 γὰρ
1108 1431 1214 1482 ἀπὸ
1242 1430 1348 1482 τῶν
1373 1430 1548 1483 ἀλλων
1587 1429 1694 1483 τῶν
1724 1430 1996 1500 ὠφελούν-

317 1524 427 1558 των
460 1507 820 1578 ὠφελήθησάν
847 1526 1009 1571 τινες,
1055 1509 1171 1562 ἀλλ’
1197 1509 1344 1578 ὅμως
1378 1503 1530 1572 οὗτος
1567 1510 1627 1562 οὑ
1663 1509 1895 1564 παύεται
1930 1511 1997 1565 τὰ

319 1585 484 1639 αὐτοῦ
511 1587 551 1617 ⁸⁸
584 1587 770 1640 ποιῶν.
804 1587 868 1639 Τί
909 1583 1000 1640 οὖν
1028 1604 1160 1657 φησι
1189 1587 1255 1640 τά
1283 1587 1443 1656 ἐξῆς;
1495 1589 1840 1642 Ἐλεύσεται
1888 1589 1996 1660 7&9

323 1667 366 1695 ³⁷
404 1667 473 1718 ἐν
501 1666 689 1735 ἡμέρᾳ
730 1661 768 1738 ᾖ
806 1670 878 1721 οὐ
907 1667 1237 1736 προσδοκᾷ,
1273 1668 1371 1720 καὶ
1404 1669 1474 1721 ἐν
1499 1667 1620 1735 ὥρᾳ
1648 1662 1689 1739 ᾖ
1718 1669 1790 1721 οὐ
1826 1670 1992 1737 γινώ-

315 1760 472 1810 σκει,
526 1751 621 1800 καὶ
654 1748 722 1800 τὰ
771 1748 971 1818 ἔσχατα
1016 1749 1176 1801 αὐτὸν
1221 1748 1482 1820 διαθήσει.
1542 1750 1702 1820 Ὁρᾷς
1737 1747 1854 1812 πῶς
1897 1750 1990 1802 καὶ

316 1825 591 1894 πανταχοῦ
623 1826 780 1878 τοῦτο
807 1826 1006 1897 τίθησι,
1058 1827 1116 1879 τὸ
1157 1825 1256 1895 τῆς
1286 1827 1525 1895 ἀγνοίας,
1554 1827 1767 1890 δεικνὺς
1799 1829 1989 1898 χρήσι-

319 1919 418 1970 μον
451 1903 508 1956 ὃν
536 1905 597 1963 ¹⁸,
635 1906 925 1978 καὶταύτῃ
962 1907 1128 1959 ποιῶν
1154 1908 1478 1976 ἐναγωνίους
1505 1909 1624 1972 ἀεί;
1677 1907 1847 1960 Τοῦτο
1881 1908 1989 1978 γάρ

314 1984 464 2036 ἐστιν
519 1985 664 2055 αὐτῷ
701 1985 761 2038 τὸ
799 1986 1246 2056 σπουδαζόμενον,
1292 1987 1354 2038 τὸ
1389 1987 1474 2039 ἀεὶ
1506 1989 1652 2057 ήμᾶς
1693 1987 1990 2058 ἐγρηγορέ-

313 2079 434 2114 ναι·
461 2065 553 2115 καὶ
577 2066 762 2136 ἐπειδὴ
793 2067 879 2118 ἀεὶ
911 2068 967 2118 ἐν
1001 2069 1122 2128 ταῖς
1150 2067 1378 2135 τρυφαῖς
1408 2066 1806 2135 ἀναπίπτομεν,
1837 2067 1893 2117 ἐν
1930 2064 1987 2116 δέ

312 2146 435 2204 ταῖς
466 2147 770 2214 συμφοραῖς
803 2145 998 2214 μᾶλλον
1029 2144 1446 2214 συστελλόμεθα,
1481 2145 1568 2198 διά
1597 2144 1756 2198 τοῦτο
1786 2160 1988 2197 παντα-

313 2221 410 2289 χοῦ
441 2221 598 2275 τοῦτο
628 2222 795 2291 λέγει,
820 2225 902 2276 ὅτι
924 2225 1055 2276 ὅταν
1081 2225 1263 2286 ἀνεσις
1294 2220 1349 2296 ᾗ,
1382 2224 1501 2276 τότε
1543 2223 1759 2293 ἔρχεται
1781 2224 1850 2276 τὰ
1879 2222 1988 2275 δειο

312 2299 400 2352 νά.
445 2302 553 2354 Kal
598 2300 783 2370 ὥσπερ
813 2303 1071 2374 ἀνωτέρω
1099 2303 1186 2356 διὰ
1215 2302 1306 2355 τοῦ
1352 2302 1475 2354 Νῶε
1501 2302 1656 2354 τοῦτο
1695 2301 1984 2372 ἐδήλωσεν,

313 2377 457 2431 οὕτω
479 2379 572 2432 καί
603 2381 835 2434 ἐνταῦθά
866 2398 1047 2450 φησιν,
1079 2383 1245 2434 Ὀταν
1283 2383 1310 2433 6
1332 2380 1514 2443 δοῦλος
1544 2382 1748 2444 ἐκεῖνος
1787 2380 1984 2453 μεθύῃ,

313 2458 440 2510 ὅταν
463 2458 640 2530 τύπτῃ
667 2499 679 2520 ,
726 2460 819 2513 καὶ
858 2463 890 2530 ή
933 2461 1152 2522 κόλασις
1184 2460 1456 2530 ἀφόρητος
1484 2463 1546 2512 ¹⁹.
1591 2459 1750 2511 Ἀλλά
1782 2459 1854 2530 μὴ
1889 2460 1986 2529 τὴν

313 2537 536 2590 κόλασιν
579 2539 774 2608 ἴδωμεν
808 2540 964 2609 μόνον
997 2539 1093 2609 τὴν
1139 2540 1330 2609 ἐκείνῳ
1369 2539 1647 2609 κειμένην,
1697 2538 1833 2592 ἀλλά
1887 2540 1987 2591 κά-

311 2620 459 2670 κεῖνο
487 2620 660 2690 σκοπή
672 2636 873 2689 σωμεν,
908 2621 1119 2691 μήποτε
1147 2620 1237 2672 καὶ
1265 2619 1506 2673 αὐτοὶτὰ
1543 2618 1681 2672 αὐτά
1719 2621 1984 2690 πράττον-

311 2713 405 2759 τες
435 2696 805 2766 λανθάνωμεν.

384 2775 494 2828 Kal
527 2775 635 2847 7&9
666 2776 840 2846 τούτῳ
867 2777 1104 2830 ἐοίκασιν
1133 2777 1184 2829 οἰ
1214 2777 1471 2848 χρήματα
1505 2777 1738 2848 ἔχοντες,
1774 2778 1868 2830 καὶ
1911 2778 1985 2848 μὴ

309 2853 544 2917 διδόντες
593 2859 708 2919 τοῖς
756 2855 1050 2925 δεομένοις.
1103 2857 1210 2908 Kal
1239 2856 1348 2928 7&9
1395 2857 1485 2909 καὶ
1533 2858 1597 2909 σὺ
1621 2857 1901 2925 οἰκονόμος
1938 2853 1990 2909 εἰ

309 2933 421 2987 τῶν
451 2935 646 2988 σαυτοῦ
679 2937 994 3006 χρημάτων,
1036 2936 1132 3004 οὐχ
1165 2931 1326 3004 ἦττον
1369 2935 1401 3004 ἦ
1440 2937 1468 2987 6
1515 2936 1584 2988 1&
1617 2935 1717 3004 τῆς
1761 2935 1989 3004 Ἐκκληο

314 3013 436 3075 σίας
463 3014 778 3084 οἰκονομῶν.
833 3015 1038 3086 Ὠσπερ
1071 3010 1164 3068 οὖν
1205 3017 1411 3076 ἐκεῖνος
1449 3014 1547 3066 οὐκ
1590 3014 1702 3084 ἔχει
1743 3013 1988 3078 ἐξουσίαν

309 3094 382 3145 τὰ
412 3094 658 3164 διδόμενα
693 3098 820 3166 παρ’
847 3093 998 3165 ὑμῶν
1027 3096 1106 3158 είς
1137 3095 1372 3164 πένητας
1403 3094 1587 3157 ἀπλῶς
1617 3094 1710 3148 καὶ
1736 3094 1810 3158 ὡς
1833 3095 1988 3165 ἔτυχε

315 3174 632 3243 σκορπίσαι,
675 3173 824 3246 [747]
860 3174 1049 3244 ἐπειδὴ
1076 3176 1155 3237 εἰς
1198 3174 1446 3244 πενήτων
1482 3172 1636 3241 ἐδόθη
1662 3173 1985 3244 διατροφήν·

312 3252 485 3316 οὑτως
512 3254 631 3306 οὐδὲ
655 3256 718 3306 σύ
739 3254 806 3306 τά
833 3255 921 3307 σά.
943 3254 1004 3307 Εἰ
1022 3254 1128 3324 γὰρ
1153 3254 1244 3305 καὶ
1274 3252 1521 3322 πατρῷον
1537 3251 1752 3316 διεδέξω
1766 3251 1988 3322 κλῆρον,

313 3333 409 3384 καὶ
449 3331 620 3396 οὕτως
675 3332 817 3402 ἔχεις
875 3333 1052 3385 πάντα
1084 3331 1119 3384 ἃ
1166 3331 1334 3401 ἔχεις·
1385 3332 1478 3384 καὶ
1527 3330 1668 3384 οὑτω
1716 3330 1809 3384 τοῦ
1853 3328 1988 3384 Θεοῦ

313 3411 491 3464 πάντα
525 3410 690 3464 ἐστίν.
745 3408 896 3473 Εἶτα,
943 3411 1005 3464 σύ
1054 3410 1151 3481 μὲν
1184 3412 1320 3480 ὅπερ
1351 3409 1578 3473 ἔδωκας,
1622 3409 1762 3463 οὑτω
1813 3409 1991 3480 βούλει

314 3489 456 3557 μετὰ
478 3489 766 3560 ἀκριϐείας
798 3489 1194 3559 οἰκονομεῖσθαι
1215 3506 1228 3518 ·
1264 3489 1365 3542 ’τὸν
1388 3488 1446 3540 δέ
1479 3488 1610 3542 Θεὸν
1640 3489 1742 3542 οὑκ
1772 3489 1873 3542 οίει
1922 3489 1991 3542 τά

310 3566 479 3620 αὐτοῦ
510 3567 648 3638 μετά
679 3567 921 3630 πλείονος
951 3568 1268 3638 ἀπαιτήσειν
1295 3569 1442 3638 ἡμᾶς
1481 3569 1581 3638 τῆς
1610 3567 1986 3640 σφοδρότητος,

311 3646 451 3698 ἀλλὰ
489 3646 776 3717 ἀνέχεσθαι
807 3647 994 3710 ἁπλῶς
1023 3647 1202 3699 αὐτῶν
1243 3647 1664 3717 ἀπολλυμένων;
1716 3650 1830 3702 Οὐκ
1876 3649 1990 3704 ἔστι

309 3724 508 3791 ταῦτα,
543 3727 642 3778 οὐκ
675 3726 810 3778 ἐστι.
857 3727 965 3777 Καὶ
985 3727 1093 3796 7&9
1121 3725 1206 3778 διὰ
1229 3724 1386 3777 τοῦτο
1411 3727 1504 3778 καὶ
1536 3726 1687 3796 παρὰ
1718 3727 1801 3779 σοὶ
1821 3727 1992 3782 ταῦτα

312 3806 519 3868 εἴασεν,
554 3804 694 3858 ὥστε
734 3804 915 3857 δοῦναι
949 3804 1046 3874 τὴν
1080 3804 1282 3875 τροφὴν
1314 3807 1494 3869 αὐτοῖς
1532 3807 1589 3858 ἐν
1621 3807 1796 3877 καιρῷ
1825 3809 1888 3860 ⁸ο.
1927 3811 1991 3862 Τί

311 3887 483 3947 ἐστιν,
521 3885 578 3936 ἐν
613 3883 823 3955 καιρῷ;
853 3885 976 3946 Τοῖς
1015 3883 1306 3953 δεομένοις,
1335 3887 1446 3946 τοῖς
1475 3884 1750 3938 πεινῶσιν.
1782 3886 1990 3956 ’Ὠσπερ

311 3963 426 4032 γὰρ
452 3965 516 4016 σὺ
531 3961 607 4032 τῷ
639 3961 905 4031 συνδούλῳ
939 3961 1144 4024 ἔδωκας
1185 3963 1552 4032 οἰκονομῆσαι,
1590 3961 1730 4015 οὑτω
1757 3964 1848 4016 καὶ
1879 3965 1936 4017 σὲ
1961 3966 1989 4016 6

311 4043 588 4110 Δεσπότης
619 4039 863 4110 βούλεται
901 4042 980 4102 εἰς
1022 4041 1140 4092 δέον
1185 4040 1354 4094 ταῦτα
1398 4040 1658 4111 δαπανᾷν.
1699 4041 1797 4094 Διά
1833 4043 1989 4096 τοῦτο

314 4123 408 4174 καὶ
433 4122 724 4188 δυνάμενος
759 4121 895 4174 αὐτά
933 4120 1242 4188 ἀφελέσθαι,
1286 4120 1516 4191 ἀφῆκεν,
1551 4122 1634 4174 ἵνα
1657 4121 1783 4194 ἔχῃς
1817 4125 1987 4194 ἀφορ-

209 4201 215 4206 ’
316 4201 427 4271 μὴν
452 4201 651 4271 ἀρετὴν
681 4197 1080 4263 ἐπιδείξασθαι·
1117 4200 1202 4252 ἵνα
1229 4201 1470 4270 ἀλλήλων
1503 4203 1582 4263 εἰς
1614 4203 1801 4271 χρείαν
1829 4220 1990 4256 κατα-

315 4283 520 4349 στήσας
544 4281 642 4350 τὴν
671 4280 805 4349 πρὸς
836 4278 1099 4348 ἀλλήλους
1125 4279 1344 4348 ἀγάπην
1378 4279 1712 4350 θερμοτέραν
1749 4283 1988 4352 ἐργάση-

311 4375 422 4410 ται.
457 4359 528 4410 Σὺ
554 4358 609 4410 δὲ
641 4357 840 4422 λαϐὼν,
871 4356 932 4409 οὑ
965 4357 1123 4425 μόνον
1151 4357 1211 4408 οὐ
1239 4357 1413 4420 δίδως,
1442 4359 1575 4410 ἀλλά
1615 4360 1708 4411 καὶ
1738 4360 1980 4423 τύπτεις.

313 4436 572 4503 Καίτοιγε
607 4439 656 4490 εἰ
686 4438 747 4489 τὸ
783 4435 858 4507 μὴ
894 4435 1075 4491 δοῦναι
1123 4436 1392 4507 ἔγκλημα,
1427 4437 1486 4490 τὸ
1526 4441 1796 4508 τυπτῆσαι
1825 4440 1984 4494 ποίαν

312 4515 470 4584 φέρει
505 4515 859 4584 συγγνώμηνς

385 4599 447 4645 ε’.
482 4591 652 4645 Τοῦτο
687 4593 743 4646 δέ
773 4610 860 4663 μοι
888 4593 1034 4646 δοκεῖ
1061 4592 1262 4660 λέγειν,
1297 4594 1423 4656 τοὺς
1444 4594 1701 4664 ὑϐριστὰς
1735 4599 1828 4650 καὶ
1858 4598 1982 4661 τοὺς

313 4671 644 4734 πλεονέκτας
675 4673 1062 4740 αἰνιττόμενος,
1094 4674 1188 4724 καλ⁵
1219 4672 1421 4740 πολλὴν
1451 4675 1854 4744 ἐνδεικνύμενος
1886 4676 1982 4746 τὴν

313 4749 668 4819 κατηγορίαν,
718 4751 845 4802 ὅταν
899 4749 991 4813 οὓς
1035 4750 1254 4821 τρέφειν
1302 4751 1714 4822 ἐκελεύσθησαν,
1763 4754 1983 4818 τούτους

311 4828 577 4881 τύπτωσι.
623 4831 780 4880 Δοκεῖ
801 4829 856 4880 δέ
887 4845 975 4899 μοι
1006 4830 1097 4882 καὶ
1123 4831 1248 4892 τοὺς
1283 4831 1601 4900 τρυφῶντας
1632 4831 1867 4884 ἐνταῦθα
1899 4834 1982 4885 αἰ-

312 4909 588 4961 νίττεσθαι
609 4925 622 4938 ’
669 4909 894 4979 καὶγὰρ
921 4910 1014 4962 καὶ
1043 4910 1254 4980 τρυφῆς
1295 4911 1500 4981 μεγάλη
1532 4914 1704 4964 κεῖται
1739 4912 1979 4975 κόλασις.

1320 288 1389 348 IN
1426 290 1846 350 MATTHIEUM
1891 295 2122 352 IIOMIL.
2165 296 2404 354 LXXVII
2443 299 2512 353 al.
2555 296 2831 354 LXXVIII.

3675 298 3770 358 705

2119 411 2343 472 Ἐσθίει
2377 413 2485 484 γὰρ
2513 414 2610 467 καί
2641 414 2821 477 πίνει,
2849 412 2981 483 φησί
3008 413 3076 478 ²¹,
3100 413 3254 483 μετὰ
3272 411 3390 467 τῶν
3416 415 3776 480 μεθυονιων,

2103 490 2200 561 τὴν
2219 493 2663 564 γαστριμαργίαν
2689 493 2883 563 δηλῶν.
2920 493 2992 546 Οὐ
3021 492 3128 564 γὰρ
3155 493 3244 546 διὰ
3265 491 3423 545 τοῦτο
3445 491 3653 556 ἔλαϐες,
3687 491 3775 543 ἵνα

2104 573 2182 634 είς
2207 573 2418 642 τρυφὴν
2451 575 2494 603 "
2526 574 2864 644 δαπανήσῃς,
2894 573 3006 625 ἀλλ’
3036 573 3121 624 ἵνα
3145 574 3226 635 είς
3271 570 3638 642 ἐλεημοσύνην
3683 571 3776 623 ἀν-

2104 649 2336 721 αλώσῃς.
2365 650 2457 720 Μὴ
2479 651 2584 721 7&9
2604 652 2673 704 1&
2693 651 2887 704 σαυτοῦ
2915 651 3058 720 ἔχεις
3073 669 3086 716 ;
3103 650 3184 703 Τά
3204 649 3311 704 τῶν
3333 651 3579 720 πενήτων
3602 651 3777 701 ἐνεπιο

2105 727 2353 798 στεύθης,
2390 729 2494 782 κᾶν
2540 731 2605 782 ἐκ
2647 730 2825 783 πόνων
2876 729 3117 793 δικαίων,
3171 729 3274 783 κᾶν
3327 729 3433 782 ἀπὸ
3489 727 3534 758 ’⁸
3569 727 3774 798 κλήρου

2104 805 2359 877 πατρῴου
2393 808 2728 877 κεκτημένος
2753 809 2939 879 τύχῃς.
2966 809 3058 878 Μὴ
3083 806 3192 877 7&9
3225 807 3325 859 οὐκ
3348 806 3578 874 ήδύνατο
3601 806 3774 860 ταῦτα

2102 889 2129 940 6
2166 887 2298 950 Θεὸς
2332 887 2628 956 ἀφελέσθαι
2677 905 2808 954 σου;
2857 887 2993 939 Ἀλλ’
3022 888 3081 940 οὐ
3108 889 3250 939 ποιεῖ
3277 885 3456 949 τοῦτο,
3489 885 3547 938 σέ
3586 884 3772 956 κύριον

2103 963 2272 1018 ποιῶν
2308 965 2404 1034 τῆς
2449 965 2528 1028 εἰς
2570 967 2694 1029 τοὺς
2743 966 3030 1035 δεομένους
3069 965 3400 1034 φιλοτιμίας.
3456 966 3527 1018 Σὺ
3571 964 3627 1017 δέ
3681 982 3771 1033 μοι

2104 1045 2313 1109 σκόπει,
2350 1045 2465 1108 πῶς
2508 1044 2598 1097 διὰ
2631 1045 2818 1098 πασῶν
2857 1045 2964 1098 τῶν
3015 1044 3339 1114 παραϐολῶν
3382 1043 3600 1108 κολάζει
3645 1044 3773 1106 τοὺς

2100 1127 2179 1188 εἰς
2234 1127 2361 1190 τοὺς
2406 1125 2694 1198 δεομένους
2738 1127 2785 1158 ³⁵
2842 1127 2955 1188 τοῖς
2995 1127 3240 1195 χρήμασι
3287 1125 3604 1195 χρωμένους
3657 1127 3771 1186 τοῖς

2104 1205 2272 1268 ἰδίοις.
2327 1203 2462 1258 Οὑτε
2520 1205 2630 1276 γὰρ
2677 1207 2733 1258 αἰ
2779 1205 3037 1275 παρθένοι
3085 1204 3338 1273 ἥρπασαν
3377 1203 3446 1255 τά
3491 1202 3766 1272 ἀλλότρια,

2098 1283 2212 1336 ἀλλ’
2242 1284 2342 1336 οὐκ
2365 1284 2568 1337 ἔδωκαν
2601 1285 2668 1338 τά
2697 1284 2830 1337 ίδια·
2865 1283 2988 1337 οὐτε
3024 1285 3053 1336 6
3081 1285 3142 1336 16
3162 1283 3218 1335 ἓν
3243 1281 3501 1335 τάλαντον
3536 1281 3770 1352 κατορύ-

2101 1362 2196 1427 ξας
2243 1364 2684 1435 ἐπλεονέκτησεν,
2723 1365 2838 1418 ἀλλ’
2865 1366 2912 1397 ⁸⁵
2943 1365 3045 1418 οὐκ
3089 1364 3492 1418 ἐδιπλασίασεν·
3549 1361 3672 1414 οὔτε
3716 1361 3768 1412 οἰ

2100 1441 2397 1505 πεινῶντας
2427 1444 2763 1511 παριδόντες,
2789 1441 2976 1514 ἐπειδὴ
3009 1443 3078 1496 τὰ
3101 1443 3356 1514 ἀλλότρια
3375 1441 3647 1510 ήρπασαν,
3674 1454 3768 1489 κο-

2097 1520 2367 1594 λάζονεται,
2405 1520 2520 1574 ἀλλ’
2547 1521 2733 1594 ἐπειδὴ
2754 1521 2819 1575 τά
2865 1521 3044 1574 αὐτῶν
3079 1521 3178 1574 οὐκ
3206 1522 3558 1591 ἑσκόρπισαν,
3599 1515 3767 1570 καθά-

2097 1617 2202 1670 περ
2231 1592 2326 1652 καὶ
2357 1602 2384 1652 6
2415 1599 2597 1662 δοῦλος
2626 1592 2797 1662 οὗτος.
2840 1599 3182 1669 Ἀκούσωμεν
3204 1598 3380 1652 τοίνυν
3401 1597 3513 1649 ὅσοι
3542 1610 3768 1663 γαστρι-

2097 1675 2318 1746 ζόμεθα,
2349 1678 2460 1730 ὅσοι
2485 1679 2563 1740 εἰς
2595 1677 2782 1730 δεῖπνα
2811 1676 3072 1748 πολυτελῆ
3108 1678 3196 1730 τὸν
3223 1676 3451 1730 πλοῦτον
3484 1671 3770 1726 ἀναλίσκοι-

2101 1773 2198 1825 μεν
2249 1756 2339 1809 τὸν
2382 1757 2528 1810 οὐδὲν
2576 1758 2706 1828 ήμῖν
2752 1757 3117 1827 προσήκοντα,
3167 1757 3302 1809 ἀλλά
3347 1753 3456 1806 τῶν
3499 1749 3766 1820 δεομένων

2095 1835 2240 1889 ὄντα.
2288 1835 2379 1904 Μή
2414 1833 2521 1904 7&9
2567 1833 2751 1904 ἐπειδὴ
2791 1835 2896 1887 ἀπὸ
2929 1833 3332 1906 φιλανθρωπίας
3361 1831 3558 1901 πολλῆς
3589 1828 3665 1891 ὡς
3701 1828 3768 1906 ἐκ

2093 1915 2203 1968 τῶν
2247 1902 2720 1983 σῶννέκελεύσθης
2741 1902 2950 1966 διδόναι
2972 1915 3038 1978 ’⁸,
3088 1902 3176 1967 διὰ
3206 1911 3364 1965 τοῦτο
3417 1910 3512 1963 καὶ
3566 1902 3766 1959 σαυτοῦ

2094 1993 2322 2063 νομίσῃς
2350 1993 2394 2024 ³⁷
2425 1987 2560 2045 εἶναι
2598 1991 2786 2045 ταῦτα.
2825 1993 3064 2062 Ἔχρησέ
3087 2009 3190 2055 σοι,
3237 1992 3322 2044 ἵνα
3349 1989 3582 2060 δυνηθῇς
3613 1989 3764 2041 εὐδο-

2094 2072 2346 2141 κιμῆσαι.
2396 2070 2488 2142 Μὴ
2531 2070 2709 2123 τοίνυν
2750 2069 2820 2122 σά
2856 2065 2994 2123 εἶναι
3038 2070 3247 2140 νόμιζε,
3295 2070 3364 2132 τά
3405 2067 3571 2124 αὐτοῦ
3614 2065 3767 2136 αὐτῷ

2091 2149 2285 2214 διδούς.
2322 2149 2455 2203 Οὐδέ
2487 2148 2596 2219 γάρ
2633 2150 2681 2202 εί
2710 2149 2773 2202 σύ
2803 2149 3078 2212 ἐδάνεισάς
3127 2167 3252 2212 τινι,
3287 2149 3373 2202 ἵνα
3399 2145 3648 2202 ἀπελθὼν
3674 2145 3765 2199 δυ·

2092 2227 2228 2298 νηθῇ
2262 2245 2414 2290 τινας
2435 2226 2687 2300 ἀφορμὰς
2713 2226 2896 2282 λαϐεῖν
2937 2226 3138 2298 πόρων,
3175 2226 3383 2280 ἐκείνου
3413 2225 3480 2279 τά
3509 2225 3764 2295 χρήματα

2091 2307 2228 2378 ἔφης
2255 2305 2320 2360 ἀν
2341 2307 2394 2337 ’⁸
2419 2302 2580 2359 εἶναι.
2617 2306 2726 2359 Kal
2765 2306 2848 2358 col
2877 2306 3053 2359 τοίνυν
3086 2307 3282 2359 ἔδωκεν
3311 2306 3340 2358 6
3364 2304 3517 2368 Θεὸς,
3548 2303 3638 2354 ἵνα
3666 2303 3765 2372 ἐμ·-

2093 2385 2336 2457 πορεύσῃ
2365 2386 2456 2437 τὸν
2485 2385 2730 2456 οὐρανόν.
2763 2385 2854 2456 Μὴ
2883 2385 3059 2439 τοίνυν
3097 2383 3194 2455 τὴν
3224 2382 3528 2454 ὑπερϐολὴν
3553 2381 3650 2450 τῆς
3683 2397 3767 2449 φι-

2091 2464 2433 2535 λανθρωπίας
2461 2464 2715 2517 ὑπόθεσιν
2760 2464 3146 2534 ἀγνωμοσύνης
3181 2463 3414 2534 ποιήσῃς
3446 2461 3510 2513 ¹⁹.
3553 2457 3768 2526 Ἐννόη-

2094 2561 2184 2596 σον
2209 2543 2340 2612 ὂσης
2367 2542 2531 2612 εὐχῆς
2553 2541 2700 2605 ἄξιον
2723 2537 2810 2612 ἦν,
2836 2541 2896 2594 τὸ
2919 2541 3206 2612 δυνηθῆναι
3232 2540 3370 2611 μετὰ
3395 2538 3456 2591 τὸ
3481 2537 3766 2612 βάπτισμα

2091 2624 2268 2693 εὑρεῖν
2289 2608 2404 2676 όδὸν
2428 2608 2575 2693 [⁵7η]
2593 2608 2822 2674 λύουσαν
2845 2608 3316 2690 ἁμαρτήματα.Ἐί
3342 2617 3416 2688 μὴ
3439 2615 3594 2669 τοῦτο
3619 2608 3762 2676 εἶπε,

2092 2703 2202 2768 Δός
2220 2703 2658 2768 ἐλεημοσύνην,
2685 2701 2837 2753 πόσοι
2866 2699 2931 2753 ἂν
2958 2697 3129 2763 εἷπον,
3154 2698 3280 2751 Εἴθε
3304 2694 3370 2767 ἢν
3383 2694 3604 2749 δυνατὸν
3629 2695 3765 2763 χρή-

2096 2797 2242 2851 ματα
2277 2779 2477 2843 δοῦναι,
2512 2779 2604 2831 καὶ
2630 2777 3008 2846 ἀπαλλαγῆναι
3050 2776 3157 2828 τῶν
3187 2775 3371 2828 κακῶν
3404 2774 3511 2828 τῶν
3545 2770 3768 2843 μελλόν-

2092 2877 2198 2913 των
2223 2875 2237 2924 ;
2273 2857 2488 2928 Ἐπειδὴ
2516 2857 2573 2910 δὲ
2607 2856 2828 2910 δυνατὸν
2855 2855 3013 2908 τοῦτο
3041 2855 3251 2923 γέγονε,
3287 2853 3447 2907 πάλιν
3476 2853 3764 2920 γεγόνασιν

2096 2935 2296 2990 ὕπτιοι.
2334 2935 2494 2987 Ἀλλά
2521 2935 2730 3005 δίδωμι,
2761 2933 2915 3006 φησί.
2965 2935 3073 2986 Kal
3099 2933 3151 2984 τί
3185 2931 3372 2997 τοῦτο;
3402 2930 3627 2983 Οὐδέπω
3654 2928 3764 2998 γὰρ

2095 3017 2302 3078 ἔδωκας
2339 3016 2460 3068 ὅσον
2490 3019 2524 3088 ή
2562 3016 2686 3078 τούς
2724 3015 2816 3068 δύο
2845 3014 3063 3076 ὀϐολοὺς
3093 3011 3474 3066 καταϐαλοῦσα
3497 3025 3510 3038 ⁸
3562 3009 3761 3088 μᾶλλον

2094 3095 2149 3148 δὲ
2172 3096 2293 3147 οὐδὲ
2324 3095 2368 3126 ⁸ο
2397 3095 2458 3146 τὸ
2487 3085 2678 3166 ἥμισυ,
2708 3094 2829 3147 οὐδέ
2859 3095 2918 3147 τὸ
2947 3091 3236 3146 πολλοστὸν
3263 3090 3497 3159 ἐκείνης,
3530 3086 3666 3141 ἀλλά
3693 3085 3763 3142 τά

2098 3173 2316 3226 πλείονα
2355 3174 2434 3236 εἰς
2467 3174 2754 3244 ἀνονήτους
2789 3173 2833 3204 ³¹
2884 3171 3165 3234 ἐκϐάλλεις
3209 3168 3470 3232 δαπάνας,
3510 3168 3588 3230 εἰς
3626 3182 3758 3236 συμο

2096 3254 2259 3306 πόσια
2293 3252 2386 3306 καὶ
2421 3254 2592 3323 μέθην
2619 3255 2710 3306 καὶ
2739 3252 2973 3306 ἀσωτίαν
2997 3251 3229 3320 ἐσχάτην
3249 3266 3263 3280 ο
3299 3247 3394 3302 νῦν
3426 3247 3524 3317 μὲν
3553 3244 3758 3310 καλῶν,

2093 3333 2186 3386 νῦν
2212 3333 2267 3384 δέ
2304 3331 2663 3402 καλούμενος·
2704 3330 2798 3385 νῦν
2836 3332 2930 3394 μὲν
2964 3329 3283 3394 ἀναλίσκων,
3320 3326 3414 3382 νῦν
3448 3326 3504 3379 δέ
3542 3325 3761 3395 ἐτέρους

2093 3412 2400 3465 ἀναλίσκειν
2425 3411 2778 3480 ἀναγκάζωνο
2827 3409 2968 3463 ὥστε
2997 3409 3091 3462 xal
3131 3407 3325 3477 διπλῆν
3371 3423 3453 3459 σοι
3505 3405 3757 3480 γενέσθαι

2093 3491 2192 3561 τὴν
2227 3491 2467 3554 κόλασιν,
2514 3477 2608 3543 καὶ
2638 3491 2728 3560 ἀφ’
2760 3482 2836 3541 ὧν
2872 3488 3032 3550 αὐτὸς
3057 3490 3250 3550 ποιεῖς,
3280 3485 3374 3538 καὶ
3409 3485 3502 3553 ἀφ’
3526 3477 3600 3536 ὧν
3644 3484 3760 3536 ἐτέ-

2096 3587 2221 3640 ρους
2254 3572 2600 3643 προτρέπεις.
2635 3570 2776 3641 Ὅρα
2819 3567 2950 3638 γοῦν
2981 3569 3076 3621 καὶ
3121 3565 3307 3620 τοῦτον
3333 3562 3493 3618 αὑτὸν
3527 3561 3680 3643 τοῦτο
3712 3563 3758 3643 ξ’

2093 3642 2490 3720 ἐγκαλούμενον
2521 3649 2612 3701 τὸν
2655 3649 2893 3719 οἰκέτην.
2935 3647 3148 3702 Ἐσθίει
3181 3645 3310 3716 7&9,
3345 3643 3498 3715 φησὶ,
3529 3642 3627 3720 καὶ
3661 3642 3760 3694 πι-

2092 3743 2180 3780 νει
2205 3719 2351 3795 μετὰ
2393 3727 2511 3781 τῶν
2547 3729 2908 3796 μεθυόντων.
2963 3726 3096 3779 Οὐδὲ
3139 3723 3248 3794 γὰρ
3285 3725 3410 3785 τοὺς
3462 3719 3758 3791 μεθύοντας

2095 3807 2274 3876 μόνον,
2323 3806 2458 3858 ἀλλά
2501 3808 2596 3858 καὶ
2644 3807 2768 3868 τοὺς
2802 3807 2919 3876 μετ’
2953 3803 3126 3858 αὐτῶν
3161 3803 3318 3863 ὄντας
3362 3799 3605 3861 κολάζει’
3662 3799 3757 3851 κα)⁸

2093 3884 2238 3956 μάλα
2270 3884 2513 3949 εἰκότως,
2543 3885 2624 3937 ὅτι
2643 3884 2687 3915 ³³
2711 3883 2848 3954 μετά
2872 3883 2970 3952 τῆς
2994 3881 3198 3943 οἰκείας
3227 3878 3521 3951 διαφθορᾶς
3542 3879 3754 3947 καὶτῆς

2089 3963 2198 4016 τῶν
2227 3963 2447 4033 πλησίον
2487 3964 2793 4035 ὑπερορῶσι
2840 3961 3127 4033 σωτηρίας.
3184 3960 3287 4012 Τὸν
3331 3958 3389 4010 δὲ
3435 3957 3566 4010 Θεὸν
3603 3958 3754 4011 οὐδὲν

2089 4043 2230 4097 οῦτω
2260 4043 2569 4114 παροξύνει,
2602 4043 2676 4106 ὼς
2707 4043 2768 4094 τὸ
2797 4041 3172 4112 ὑπεροπτικῶς
3205 4039 3345 4109 ἐχειν
3367 4036 3472 4089 τῶν
3499 4037 3577 4107 τῷ
3614 4037 3752 4106 πλη-

2092 4122 2202 4175 σίον
2235 4121 2636 4193 προσηκόντων.
2668 4123 2757 4175 Διὸ
2787 4123 2881 4174 καὶ
2905 4121 2994 4174 τὸν
3021 4119 3189 4189 θυμὸν
3217 4115 3641 4185 ἐνδεικνύμενος,
3677 4116 3760 4168 δι-

2088 4201 2452 4272 χοτομηθῆναι
2482 4201 2641 4254 αὐτὸν
2668 4201 2936 4254 ἐκέλευσε.
2969 4199 3067 4252 Διά
3090 4198 3244 4251 τοῦτο
3272 4195 3368 4249 καὶ
3406 4195 3503 4266 τὴν
3532 4197 3756 4266 ἀγάπην

2087 4281 2372 4350 γνώρισμα
2405 4280 2452 4311 ³⁸
2477 4279 2586 4332 τῶν
2613 4279 2774 4332 αὐτοῦ
2817 4277 3072 4350 μαθητῶν
3109 4277 3310 4348 ἔφησεν
3340 4273 3477 4331 εἶναι
3497 4290 3511 4304 ³
3564 4275 3752 4346 ἐπειδὴ

2089 4361 2237 4413 πᾶσα
2261 4359 2496 4429 ἀνάγκη,
2521 4358 2612 4411 τὸν
2639 4358 2936 4426 ἀγαπῶντα
2973 4358 3042 4410 τά
3082 4357 3175 4409 τοῦ
3204 4355 3567 4426 ἀγαπωμένου
3608 4371 3756 4424 μερι-

2090 4442 2244 4511 μνᾷν.
2290 4439 2503 4510 Ταύτης
2533 4439 2708 4492 τοίνυν
2747 4437 3000 4508 ἐχώμεθα
3025 4437 3120 4507 τῆς
3143 4437 3293 4490 ὁδοῦ·
3342 4436 3436 4489 καὶ
3463 4434 3571 4505 γάρ
3611 4433 3749 4503 αὕτη

2091 4518 2324 4588 μάλιστά
2369 4523 2515 4571 ἐστιν
2554 4520 2587 4588 ἡ
2641 4519 2776 4586 πρὸς
2823 4519 2912 4569 τὸν
2955 4516 3181 4586 οὐρανὸν
3229 4516 3523 4582 ἀνάγουσα,
3575 4516 3608 4583 ὴ
3655 4513 3749 4566 τοῦ

2087 4596 2319 4666 Χριστοῦ
2358 4596 2597 4666 μιμητάς
2626 4595 2984 4664 ἐργαζομένη,
3018 4595 3050 4664 ή
3075 4593 3166 4645 τοῦ
3193 4593 3324 4645 Θεοῦ
3356 4593 3492 4646 κατά
3523 4592 3750 4664 δύναμιν

2086 4675 2303 4745 ὁμοίους
2333 4673 2575 4726 ποιοῦσα.
2635 4673 2775 4744 Ὅρα
2802 4673 2931 4741 γοῦν
2957 4675 3047 4726 καὶ
3086 4672 3183 4734 τὰς
3211 4672 3407 4742 ἀρετὰς
3433 4671 3634 4734 ταύτας
3658 4673 3751 4726 οὔ·

2088 4769 2187 4815 σας
2221 4752 2666 4821 ἀναγκαιοτέρας,
2713 4751 2768 4803 αἳ
2799 4753 2948 4822 παρὰ
2977 4750 3177 4820 ταύτην
3212 4751 3543 4819 ἐσκήνωνται
3575 4751 3618 4782 ³³
3647 4754 3749 4825 τὴν

2085 4832 2222 4886 ὁδόν.
2258 4832 2365 4883 Kal
2397 4832 2446 4882 εἰ
2474 4830 2746 4899 βούλεσθε,
2787 4833 3098 4902 ποιήσωμεν
3145 4828 3321 4882 αὐτῶν
3355 4827 3616 4894 ἐξέτασιν,
3653 4831 3748 4884 καὶ

2085 4910 2182 4973 τάς
2211 4911 2421 4981 ψήφους
2471 4909 2578 4963 ἀπὸ
2626 4909 2725 4979 τῆς
2773 4909 2864 4963 τοῦ
2907 4909 3040 4962 Θεοῦ
3081 4909 3390 4978 ἐνέγκωμεν
3413 4909 3456 4940 ³⁸
3498 4909 3742 4982 γνώμης.

319 5013 1048 5118 ἰλέξξῗνλὲῗί¹ιὶἳῗεὲἒὶἶ
1276 5015 1347 5118 1‘s.
1499 5015 1594 5118 ἦξε
1602 5014 1790 5118 511.532
1815 5015 1990 5118 liii“.

2095 5033 2127 5070 Γ,
2161 5015 2298 5100 ξω...
2328 5016 2370 5047 ιι
2409 5017 2809 5118 γειναμιμνήσιὲει
2839 5015 2900 5068 L.
2933 5015 3029 5118 τῆς
3043 5016 3149 5118 ὶάγ.
3179 5015 3288 5118 τξῆςΙ
3316 5013 3448 5118 ήμῇ
3477 5013 3567 5118 Si:
3591 5014 3650 5069 L.
3685 5023 3746 5072 ut

311 5083 548 5150 conjecit

313 5153 379 5208 L.
423 5154 482 5224 ἐν
506 5164 634 5224 alito
662 5152 782 5224 ὥρᾳ
813 5152 922 5207 0m.
970 5153 1038 5206 M.
1075 5152 1535 5224 Μοχδιαθήσεται
1581 5155 1643 5210 G.
1677 5155 1748 5208 M.

643 5052 1136 5154 Ξέἕῖ”’τῆἱι”ἐγῦ‹ἷια“ὖ’
1155 5052 1250 5154 τῆξ
1276 5052 1486 5206 ἧ“δὶέρας
1507 5052 1790 5140 ’ίῖῗῖἐειὲῖί
1822 5052 1990 5140 KH]

662 5152 782 5206 ῶοα
813 5169 922 5206 om.
970 5153 1038 5206 M.
1075 5153 1192 5206 Mox
1222 5155 1308 5206 6ta
1346 5155 1535 5206 ήσεται
1581 5155 1643 5206 G.
1677 5155 1748 5206 M.
1845 5157 1886 5187 ¹⁸
1933 5156 1990 5206 ὃν

2095 5052 2127 5070 ι.
2165 5052 2292 5070 νυ...
2409 5052 2575 5072 νειμ...
2631 5052 2809 5069 ηυδε.
2839 5052 2900 5068 υ.
2943 5052 2982 5068 ..
3061 5052 3094 5067 υ.
3137 5057 3149 5069 .
3190 5052 3228 5068 ..
3322 5052 3332 5067 .
3405 5057 3416 5069 .

2095 5131 2118 5141 η.
2149 5088 2245 5155 τῆς
2277 5085 2498 5152 ἀγνοίας
2529 5052 2624 5155 τὴῗ
2651 5052 2884 5156 ήμέραν.
2963 5052 3026 5118 ά,
3041 5052 3420 5141 ἐαύτοῦβι...ψ¹

2095 5158 2234 5206 .didi.
2263 5156 2610 5206 (listinctlone
2640 5157 2918 5206 oaululum
2951 5165 3177 5206 mutata.
3215 5157 3420 5206 auctori

1274 5155 1535 5225 αθήσεται
1581 5155 1643 5210 G.
1677 5155 1748 5208 Μ.
1845 5157 1886 5187 ¹⁸
1933 5156 1990 5210 ὃν

2095 5158 2234 5218 .didi,
2263 5156 2610 5225 distinctione
2640 5155 2918 5225 paululum
2951 5165 3177 5219 mutata,
3215 5157 3530 5212 auctoribus
3568 5155 3640 5209 VG.
3675 5156 3740 5210 ll.

2963 5087 3005 5118 ¹⁶
3041 5085 3232 5138 ἐαυτοῦ
3269 5085 3367 5141 ι..ί⁷
3409 5085 3448 5118 ⁸⁷
3489 5085 3598 5157 γάρ
3629 5101 3741 5157 ou].

313 5225 386 5296 Κ.
525 5231 579 5276 ι·ι
615 5221 814 5296 Ιηιοιίρ.
897 5225 938 5296 ’γ’
969 5224 1254 5296 HQIKON.
1280 5221 1430 5296 ,Περὶ
1459 5225 1847 5296 ἐλεημοσύνης,
1900 5227 1993 5280 καὶ
2021 5228 2102 5279 ὅτι
2149 5224 2462 5296 οἰκονόμους
2492 5221 2816 5296 Θεοῦήμᾶς
2857 5223 2996 5279 εἶναι
3042 5227 3140 5289 δεῖ,
3184 5226 3279 5279 καὶ
3295 5227 3441 5296 -οὐκΑ
3457 5225 3744 5296 ὀφείλομεν

311 5293 627 5365 ἀναλίσκειν
657 5289 836 5346 αὐτῶν
871 5293 961 5365 τὸν
992 5293 1217 5365 πλοῦτον
1244 5295 1323 5357 εἰς
1349 5289 1612 5364 ἀκαίρούς
1650 5289 1911 5359 δαπάνας,
1946 5297 2046 5350 κᾶν
2068 5289 2343 5365 πατρῷος,
2375 5293 2475 5346 κᾶν
2499 5294 2607 5346 ἀπὸ
2625 5289 2800 5349 πόνων
2834 5297 2978 5350 ἰδίων
3003 5298 3149 5348 ἐστίν
3169 5314 3182 5326 ’
3209 5299 3266 5348 ἐν
3287 5289 3331 5361 ᾧ
3348 5294 3458 5365 -καί
3475 5289 3557 5365 fit:
3569 5295 3621 5363 pl
3644 5289 3739 5348 τοῦ

317 5363 395 5434 μὴ
425 5363 719 5434 τυπτίζειν
738 5365 864 5426 τοὺς
894 5362 1242 5434 πένηταςίὲ.

312 5432 763 5505 ὲνῒξῆεέεᾎδηλῷν
794 5434 857 5505 H_-
900 5435 979 5505 ﬂ"
1009 5433 1086 5505 είς
1108 5432 1532 5505 ,τὴν-ερεερὴνίϐἐ

314 5517 370 5572 p.
411 5501 517 5575 580
546 5501 853 5575 meum]
883 5503 974 5556 Sic
997 5502 1078 5575 G,_
1108 5501 1169 5554 ll.
1208 5501 1286 5575 LK.
1311 5501 1534 5575 κινέει.

313 5571 476 5644 fulgo
502 5571 717 5644 lygitur,
752 5571 1167 5644 a'di'ersautibug.
1195 5571 1260 5644 _G.
1304 5574 1366 5628 Η.
1405 5574 1481 5644 Κλ
1501 5571 1682 5629 ΜᾞΙτι.
1711 5571 1980 5644 etlﬁterp.

315 5641 380 5713 Il.
416 5641 581 5713 ΚκΜ.
613 5653 666 5713 et
691 5641 886 5713 Interp.

1355 5366 1398 5395 ”
1423 5365 1619 5434 καιρῷ]
1674 5366 1762 5421 Sic
1814 5366 1875 5420 Il.
1911 5366 1974 5420 K.
2005 5367 2065 5420 L.
2104 5366 2172 5419 M.
2207 5366 2365 5434 vulgo
2395 5365 2478 5434 bis
2499 5365 2758 5434 εὐκαίρῳ.

1570 5365 1619 5487 £23
1674 5366 1762 5421 Sic
1814 5366 1875 5420 Il.
1911 5366 2065 5450 Κ.
2104 5366 2172 5419 M.
2207 5382 2269 5418 νυ

1622 5477 1632 5488 .
1662 5437 1731 5489 Μ.
1796 5437 1851 5508 7"
1874 5435 2003 5508 ἀπὸ]
2028 5454 2091 5488 εκ
2207 5433 2269 5487 II.

1588 5521 1621 5574 ί)

964 5641 1010 5674 ²⁶
1045 5641 1311 5694 διαδοῦναι
1351 5644 1413 5698 G.
1442 5643 1505 5696 II.
1547 5645 1609 5701 K.
1649 5646 1716 5700 M.
1749 5641 2028 5700 invito—Fl.

2713 5382 2758 5434 ρ.
2860 5367 2902 5397 ⁸³
2941 5367 3072 5436 φησί
3106 5380 3215 5419 om.
3249 5365 3313 5418 G.
3540 5365 3739 5436 δηλῶν]

2357 5477 2368 5489 .
2401 5433 2472 5486 Μ.
2510 5433 2755 5488 Alterum
2789 5444 2968 5488 tuetur
2999 5433 3142 5489 Flor.
3176 5450 3227 5503 p.
3271 5435 3394 5488 542.
3430 5433 3609 5502 (Tom.
3637 5433 3736 5490 xu.

1626 5521 1685 5577 ro
1719 5507 1934 5575 vulgato
1977 5504 1990 5555 ἡ

2095 5507 2267 5577 (άνῃς.
2319 5504 2573 5577 Clausum
2611 5504 2715 5577 κᾷν
2747 5507 2809 5577 ἐκ
2848 5506 3024 5577 πόνων
3055 5506 3280 5577 δικαίων
3313 5513 3433 5577 post
3468 5506 3739 5577 τυγχάκῃς

2084 5573 2128 5607 ⁵⁸
2162 5573 2384 5646 εἰςντούς
2511 5576 2589 5635 εἰς
2622 5573 2738 5646 δέον
2859 5575 2954 5646 Ge.
3006 5645 3015 5646 ί
3049 5576 3092 5646 Ἀθ
3130 5575 3423 5646 ἀλλέᾘιιΜ.
3451 5574 3638 5646 ἐπειδὴ

2122 5647 2180 5730 ’3.
2207 5643 2391 5730 νέειξέ
2421 5641 2484 5730 ιτὲ
2513 5641 2898 5730 νεμίὲιςηείὲάς
2975 5644 3184 5730 ’ἳέφης
3216 5641 3302 5730 ᾷὶι]
3327 5645 3533 5730 ἔφησας
3575 5641 3636 5696 ολ
3669 5644 3732 5698 "-

313 5712 386 5786 lli.
422 5712 510 5786 μί’
541 5712 742 5786 ποιήσῃ
768 5700 934 5786 Μ.
969 5711 1125 5786 ποιοῦ
1155 5710 1235 5762 Fl.
1273 5713 1407 5786 M0;
1432 5713 1492 5786 τὸ
1521 5700 1646 5770 ante
1675 5717 1966 5786 δυνηθῆναι

2095 5757 2106 5770 .
2142 5714 2205 5768 G.
2239 5700 2302 5766 II.
2430 5700 2587 5786 M._’_°'
2607 5700 2750 5784 οὐδ’ἐ]
2781 5717 2841 5767 οὐ
2866 5715 2990 5769 Sav.
3022 5700 3302 5770 Hauc"066§
3328 5700 3386 5768 τὸ
3415 5700 3586 5785 ήμιτσυ
3621 5729 3732 5786 oin.

317 5781 380 5854 I4.
419 5780 553 5854 Mor.
603 5779 760 5854 Βιξηξ-
781 5785 950 5854 invito
981 5781 1293 5854 Inte_rpretc.
1373 5784 1412 5815 ³¹
1443 5784 1702 5853 ἀνοήτους
1729 5779 1804 5840 ϐξ
1835 5779 1904 5838 Μ.
1931 5784 1990 5837 Ρ(

2095 5786 2142 5838 Il.
2182 5801 2235 5854 ν.
2267 5783 2424 5854 vulgo
2457 5779 2768 5854 adduntxa‘t
2800 5787 3112 5854 ἀνωφελεῖς,
3157 5787 3338 5840 invitis
3377 5779 3534 5840 collo.
3559 5795 3611 5836 et
3633 5784 3731 5854 ϐο.

317 5852 361 5882 ³¹
396 5850 558 5903 αὐτὸν
585 5849 763 5928 τοῦτο]
808 5853 897 5906 Sic
925 5851 985 5903 L.
1018 5851 1175 5928 12510
1221 5868 1331 5906 om.
1377 5849 1576 5906 exteri;
1629 5857 1758 5910 αὐτὸ
1803 5857 1961 5908 τοῦτο

2095 5856 2124 5907 l.
2200 5851 2632 5928 ³³-ὅτι1όῖαν-β.
2676 5856 2742 5928 Μ.
2818 5855 2866 5928 έδ
2887 5849 3114 5928 (Σόιίἱυςέ
3146 5858 3452 5928 γνῶριμονι
3487 5854 3577 5911 sed
3614 5853 3725 5906 γυι-

317 5930 500 5989 gntum
528 5916 812 5991 γνώρισμα
837 5931 1016 5978 tuetur
1054 5920 1181 5991 Reg.
1216 5924 1319 5978 688
1369 5933 1419 5978 et
1473 5940 1639 5996 marg.
1672 5927 1733 5980 (ἱ.

1815 5929 1859 5958 ³⁵
1900 5924 2216 5993 σκηνοῦνται
2251 5923 2313 5978 G.
2351 5924 2411 5976 II.
2446 5925 2514 5978 Κ.
2544 5921 2614 5981 Μ.
2694 5925 2734 5955 ³“
2765 5926 3012 6001 φέρωμεν
3043 5927 3104 5981 G.
3141 5921 3208 5981 Μ.
