4076 6142
364 380 470 437 709

351 502 472 556 Sint
492 519 620 574 ergo
643 506 661 539 ⁸
683 504 800 561 duae
824 507 889 563 ad
917 509 1081 564 vitam
1104 511 1356 581 optimam
1380 515 1497 581 vim,
1520 531 1742 586 quarum
1769 519 1934 605 altera

351 597 611 652 viatorem
631 597 905 654 dumtaxat
932 603 1155 671 probum
1186 604 1399 671 reddat;
1430 606 1595 662 altera
1622 609 1780 664 ctiam
1815 597 1936 680 pro-

349 692 573 748 limum.
622 691 1012 765 Videamusque
1050 713 1293 765 quamam
1329 702 1399 756 sit
1434 703 1755 771 perfectior,
1787 716 1841 761 ct
1864 709 1932 762 ad

347 784 560 839 virtutis
601 784 811 840 culmen
839 801 937 841 nos
960 787 1137 844 ducat.
1180 789 1272 846 Ille
1297 802 1442 848 certe
1470 795 1560 864 qui
1585 811 1679 851 sua
1725 809 1931 855 tantum

347 884 518 936 curat,
548 890 577 928 a
604 875 770 930 Paulo
792 879 1082 946 smpissime
1101 881 1377 950 culpatur;
1404 900 1525 940 cum
1550 903 1578 939 a
1602 888 1765 944 Paulo
1786 891 1928 959 dico,

345 977 375 1015 a
403 960 619 1017 Christo
647 966 918 1038 intelligo;
948 968 1101 1024 illum
1129 987 1254 1026 vero
1281 975 1369 1045 qui
1397 978 1623 1045 proximi
1651 995 1737 1035 res
1755 992 1926 1049 curat,

346 1053 590 1110 laudibus
614 1065 667 1110 et
692 1059 907 1115 coronis
933 1072 1174 1116 exornat.
1205 1062 1471 1121 Ubinam?
1499 1069 1635 1124 Audi
1661 1075 1928 1141 quomodo

344 1144 489 1207 huic,
515 1147 778 1215 quomodo
799 1149 874 1203 illi
899 1150 1162 1219 loquatur.
1187 1154 1351 1209 Nemo
1371 1158 1506 1227 quod
1528 1177 1677 1215 suum
1698 1175 1773 1219 est
1791 1182 1928 1235 oute-

298 1208 308 1287 ἶί
341 1245 442 1299 rat,
477 1208 565 1289 sed
590 1238 726 1307 quod
749 1250 823 1295 est
845 1208 1063 1310 prosilui
1091 1208 1431 1320 unusquisqtie
1452 1250 1527 1320 (l.
1555 1252 1674 1306 Cor.
1701 1208 1923 1330 10.120.

345 1325 533 1381 Viden‘
560 1330 827 1398 quomodo
854 1332 1080 1391 alterum
1109 1337 1266 1406 ejecit
1287 1380 1305 1407 ,
1334 1342 1559 1398 alterum
1589 1345 1829 1403 induxit?
1856 1325 1925 1406 Et

337 1508 409 1561 ad
432 1510 818 1580 aza‘iﬁcationem
852 1514 871 1583 (
895 1513 1047 1573 Rom.
1074 1519 1161 1574 15.
1188 1520 1225 1574 3
1244 1521 1288 1595 ).
1316 1523 1520 1583 Deinde
1541 1530 1780 1600 sequitur
1808 1533 1922 1591 laus

338 1600 623 1659 ineft‘abilis
657 1620 776 1663 cum
804 1607 1167 1668 admonitione
1200 1617 1503 1689 conjuncta.
1539 1621 1677 1678 Nam
1700 1635 1747 1680 et
1774 1626 1921 1682 Chri-

334 1703 444 1748 stus
469 1712 570 1749 non
598 1698 694 1751 sibi
720 1699 821 1771 ipsi
848 1700 1040 1772 placuit
1067 1703 1231 1773 (Ibid.
1259 1724 1305 1765 υ.
1332 1710 1412 1781 '5).
1440 1713 1556 1770 1am
1583 1717 1714 1773 satis
1739 1730 1920 1776 essent

335 1786 423 1839 [NB
448 1790 728 1845 sententiae
761 1791 829 1847 ad
861 1792 1131 1853 victoriam
1157 1803 1505 1862 asserendam
1533 1824 1547 1861 :
1576 1818 1635 1864 ut
1659 1818 1834 1867 tamen
1865 1814 1917 1869 id

334 1877 525 1946 majori
548 1881 762 1937 cumulo
785 1883 875 1938 tiat
893 1925 909 1951 ,
941 1887 1217 1948 videamus
1242 1909 1361 1963 quae
1389 1912 1454 1951 es
1482 1897 1639 1956 bonis
1666 1904 1916 1971 operibus

336 1966 390 2022 in
418 1969 568 2026 nobis
597 1975 977 2045 terminentur,
998 1996 1116 2051 quae
1138 1999 1266 2040 vero
1285 2001 1313 2040 a
1338 1989 1495 2046 nobis
1511 1991 1565 2046 in
1586 1994 1719 2050 alios
1742 2006 1915 2055 trans-

331 2074 479 2120 eant.
505 2065 756 2136 Jejuuare
782 2071 959 2143 igitur,
991 2073 1137 2132 humi
1165 2079 1360 2138 cubare
1377 2124 1393 2147 ,
1423 2086 1775 2157 virginitatem
1801 2107 1915 2147 ser-

332 2170 459 2211 vare
502 2168 662 2229 atque
701 2165 1120 2237 continentiam,
1168 2171 1301 2244 ipsis
1342 2176 1745 2241 observantibus
1788 2198 1912 2245 sunt

327 2248 509 2315 utilia;
540 2266 656 2320 qua:
685 2269 813 2310 vero
848 2272 878 2312 a
908 2259 1061 2314 nobis
1091 2262 1146 2317 in
1177 2267 1448 2333 proximos
1482 2280 1761 2331 transeunt
1785 2288 1911 2334 sunt

326 2339 687 2414 elcemosyna,
711 2345 971 2417 doctrina,
993 2355 1205 2411 caritas.
1235 2357 1332 2415 llic
1353 2364 1514 2419 etiam
1538 2367 1662 2423 audi
1688 2369 1908 2428 Paulum

326 2428 595 2487 dicentem
626 2452 639 2488 :
669 2436 731 2493 Si
763 2443 931 2495 omnia
957 2460 1073 2514 qua:
1097 2448 1253 2504 habeo
1286 2452 1340 2507 in
1368 2455 1503 2510 cibos
1528 2476 1806 2529 praepetum
1828 2466 1908 2519 di-

325 2522 569 2580 stribuant
589 2568 602 2591 ,
634 2528 680 2581 si
700 2546 884 2603 corpus
907 2551 1072 2592 meum
1098 2541 1296 2597 tradam
1323 2556 1378 2600 ut
1402 2558 1619 2628 uratur,
1651 2556 1909 2612 caritatem

323 2623 495 2667 autem
518 2632 618 2670 non
644 2618 883 2689 habeam,
917 2628 1047 2681 nihil
1076 2631 1198 2684 mihi
1220 2635 1425 2702 prodest
1452 2638 1525 2709 (I.
1561 2625 1679 2696 Cor.
1707 2645 1794 2699 I5.
1822 2647 1902 2723 ὅ).

399 2705 450 2757 6.
485 2703 719 2763 Proximi
737 2714 1064 2783 cedi/icationi
1082 2724 1252 2777 omnia
1272 2733 1639 2797 postponenda.
1675 2720 1905 2807 Virgines

322 2800 484 2866 fama:
506 2802 620 2857 ideo
645 2822 708 2860 ex
736 2807 959 2865 thalamo
988 2816 1237 2884 exclusae,
1266 2822 1385 2889 quia
1413 2823 1778 2897 eleemosynam
1804 2848 1907 2889 non

319 2891 587 2951 dederant.
613 2926 686 2939 --
715 2899 900 2957 Viden’
935 2907 1209 2965 caritatem
1253 2928 1347 2979 per
1372 2928 1431 2969 se
1460 2916 1735 2984 Splendida
1764 2937 1903 2991 prae-

317 2980 548 3039 dicatam
577 2998 628 3042 et
651 2997 994 3050 coronatam?
1019 2998 1122 3054 Sed
1148 3002 1192 3056 si
1220 3002 1389 3070 placet
1418 3008 1573 3063 tertio
1593 3015 1906 3082 congredia-

318 3091 460 3132 mur.
494 3078 628 3136 Ilinc
657 3084 791 3139 alius
819 3097 1103 3159 statuatur,
1127 3096 1215 3164 qui
1239 3096 1464 3167 jejunet,
1490 3103 1579 3172 qui
1604 3078 1903 3165 castitatem

320 3181 532 3237 servet,
563 3175 655 3243 qui
683 3182 992 3250 martyrium
1020 3185 1244 3254 subeat,
1277 3200 1332 3245 et
1359 3193 1702 3252 comburatur
1725 3241 1740 3265 ,
1768 3202 1902 3258 alius

316 3274 449 3316 vero
483 3264 550 3319 ad
588 3266 993 3328 tedilicationem
1032 3278 1259 3346 proximi
1296 3289 1607 3358 martyrium
1650 3291 1898 3363 dill‘erat,

316 3372 418 3412 nec
444 3359 604 3415 modo
634 3365 945 3436 martyrium
974 3369 1219 3441 differat,
1250 3377 1345 3432 sed
1375 3379 1493 3436 sine
1518 3387 1773 3457 martyrio
1803 3359 1899 3444 de;

309 3448 469 3503 cedat
497 3469 513 3505 :
539 3454 659 3522 quis
698 3465 821 3523 post
860 3459 1135 3518 decessum
1175 3481 1244 3521 ex
1286 3467 1387 3525 bac
1415 3472 1521 3527 vita
1561 3448 1899 3545 praestantior

311 3541 456 3597 erit?
498 3543 615 3599 Non
661 3547 820 3619 longo
859 3550 948 3607 hic
989 3569 1122 3622 opus
1159 3568 1242 3612 est
1277 3575 1527 3619 sermone
1550 3608 1565 3632 ,
1600 3584 1700 3624 nec
1738 3569 1896 3642 longa

310 3635 601 3691 verborum
629 3639 976 3709 circuitione;
1019 3647 1171 3703 adest
1197 3652 1337 3707 enim
1368 3653 1556 3712 beatus
1581 3658 1777 3716 Paulus
1803 3664 1891 3733 qui

306 3730 629 3783 sententiam
654 3730 808 3799 ferat,
836 3745 890 3790 et
914 3736 1057 3793 dicat
1080 3758 1093 3795 :
1117 3740 1337 3797 Dissolvi
1362 3756 1408 3800 et
1432 3764 1543 3802 cum
1570 3750 1767 3807 Christo
1790 3730 1895 3809 esse

307 3821 487 3876 melius
509 3834 582 3877 est
599 3842 619 3876 .'
645 3827 698 3879 in
725 3843 877 3883 carne
902 3841 1070 3886 autem
1089 3846 1404 3905 permanere,
1436 3853 1642 3910 propter
1670 3860 1758 3898 1‘08
1784 3862 1894 3899 ma-

304 3911 386 3981 gis
413 3917 746 3970 necessarium
772 3930 845 3972 est
876 3921 1148 3994 (Philipp.
1180 3928 1229 3981 1.
1262 3928 1350 3984 25.
1381 3931 1449 3987 24
1472 3934 1511 4002 ).
1547 3935 1713 3991 Audis
1741 3937 1888 3991 illutn

305 4001 709 4061 :edilicatiouem
748 4011 970 4077 proximi
1004 4015 1170 4082 pluris
1206 4017 1384 4076 facere
1406 4062 1422 4088 ,
1451 4040 1606 4093 quam
1634 4028 1698 4083 ad
1729 4030 1887 4087 Chri-

304 4100 447 4146 stum
490 4096 791 4164 proficisci?
824 4102 950 4157 Illud
979 4107 1118 4160 enim
1146 4112 1377 4169 maxime
1406 4124 1487 4169 est
1526 4134 1646 4174 cum
1675 4122 1886 4181 Christo

302 4196 464 4250 esse,
510 4187 625 4257 ejus
666 4189 841 4247 faccre
877 4195 1236 4267 voluntatem;
1280 4204 1521 4264 Voluntas
1563 4221 1739 4268 autem
1768 4217 1884 4287 ejus

302 4276 571 4345 prmcipne
615 4290 733 4347 cst,
782 4293 839 4337 ut
882 4289 1106 4355 proximi
1152 4294 1430 4352 utilitatem
1472 4316 1647 4361 cures.
1697 4276 1884 4365 Vis'et

300 4377 545 4434 quartam
584 4369 1091 4437 demonstrationem
1126 4379 1388 4444 allcrani?
1426 4389 1616 4460 Petre,
1658 4400 1703 4452 si
1740 4417 1882 4458 amas

299 4472 413 4524 nte,
445 4460 650 4529 inquit,
681 4481 829 4535 pasce
855 4485 967 4525 oves
996 4488 1129 4529 meas
1161 4477 1179 4547 (
1196 4477 1354 4535 Joau.
1383 4481 1470 4539 2i.
1506 4486 1611 4560 l5)
1638 4507 1648 4541 :
1680 4500 1732 4547 et
1758 4508 1878 4549 cum

297 4549 457 4602 tertio
481 4549 650 4620 ipsum
681 4554 1094 4632 interrogasset,
1124 4565 1227 4624 hoc
1253 4586 1372 4627 esse
1401 4575 1537 4632 dixit
1559 4583 1758 4638 amoris
1789 4601 1882 4640 ar—

297 4654 628 4707 gumentum.
666 4647 851 4720 Neque
889 4654 957 4710 ad
998 4660 1303 4719 sacerdotes
1347 4676 1548 4724 tantum
1589 4672 1640 4727 id
1680 4675 1876 4733 dictum

298 4729 429 4795 luit,
473 4736 566 4790 sed
608 4738 675 4793 ad
715 4751 952 4800 nostrum
992 4749 1262 4820 singulos,
1295 4758 1487 4825 quibus
1518 4764 1596 4817 vel
1625 4766 1876 4824 minimus

290 4836 422 4891 grex
450 4831 766 4888 commissus
790 4836 878 4890 sit.
911 4838 988 4895 Ne
1014 4843 1154 4898 enim
1182 4848 1324 4916 quod
1355 4866 1551 4920 parvus
1573 4857 1671 4926 sit,
1700 4860 1872 4929 ipsum

285 4915 554 4982 dcsliicias
583 4939 596 4973 :
628 4941 746 4980 nam
783 4927 939 4985 Pater
962 4951 1119 5001 meus,
1151 4915 1339 5009 inquit,
1366 4950 1668 5020 complacuit
1694 4956 1874 5019 initiis

287 5006 306 5076 (
332 5005 460 5062 Luc.
498 5011 583 5066 12.
615 5015 684 5070 52
703 5015 743 5087 ).
780 5021 981 5093 Singuli
1011 5005 1251 5087 nostrum
1278 5005 1431 5092 ovem
1462 5005 1692 5113 habent;

283 5096 355 5151 ad
377 5104 746 5161 conuenientia
772 5127 967 5180 pascua
996 5117 1210 5176 ducant.
1244 5124 1310 5180 Et
1330 5128 1412 5183 vir
1430 5146 1462 5186 e
1488 5132 1624 5191 lecto
1645 5152 1870 5210 surgens

283 5202 355 5242 ne
379 5191 521 5245 aliud
548 5209 777 5266 qumrat,
811 5220 965 5273 quam
998 5218 1056 5263 ut
1081 5213 1206 5281 quid
1246 5215 1404 5274 faciat
1433 5223 1516 5277 vel
1553 5191 1870 5302 omni};

1099 5278 1112 5281 _
1563 5278 1694 5284 νν--τ-
1717 5278 1730 5291 ν
1766 5278 1867 5302 'l""

277 5278 349 5332 ad
379 5282 636 5352 maiorem
668 5292 912 5357 pietatem
939 5298 1153 5358 domum
1183 5315 1238 5361 ct
1271 5307 1523 5370 familiam
1550 5331 1689 5389 agat.
1725 5323 1870 5382 Uxor

346 5438 361 5466 ³
388 5438 557 5490 nerei.
583 5443 730 5504 add‘t,
755 5448 855 5498 tibi.

1277 401 1342 456 ΙΝ
1380 403 1785 462 MA'I‘TIIASUM
1826 408 2051 465 lIOlIIL.
2098 414 2346 473 LXXVII.
2390 421 2457 475 al.
2504 425 2782 485 LXXVIII.

3521 440 3622 503 7H)

2041 538 2252 597 quoque
2286 531 2501 589 domum
2529 542 2826 609 custodiat;
2868 546 2961 602 sed
3004 565 3113 619 prae
3144 550 3241 608 hac
3267 557 3425 613 aliam
3454 568 3622 631 magis

2040 622 2393 679 necessariam
2420 628 2829 689 Sollicitudinem
2862 638 3088 707 habeat,
3114 650 3383 714 quomodo
3411 668 3473 707 ea
3500 670 3618 724 qua:

2037 710 2105 764 ad
2149 728 2367 784 regnum
2405 721 2654 778 ctelorum
2694 740 2936 797 spectant
2964 742 3071 793 tota
3113 737 3307 797 familia
3347 757 3614 812 operetur.

2037 801 2093 856 Si
2135 805 2274 858 enim
2319 807 2371 862 in
2414 812 2574 869 rebus
2610 819 2983 891 stccularibus,
3014 838 3300 899 antequam
3329 836 3617 893 domestica

2036 891 2379 961 disponamus
2402 940 2418 966 ,
2450 917 2573 971 quae
2602 907 2811 975 publice
2840 916 3070 985 persolvi
3109 891 3304 978 debent
3328 891 3575 985 curamus
3599 970 3615 993 ,

2035 997 2102 1037 ne
2141 984 2225 1039 Itis
2265 990 2522 1060 neglectis
2558 996 2888 1082 vinciantur,
2925 1006 2976 1059 in
3017 1008 3189 1065 forum
3232 1017 3536 1084 trahantur,
3564 1034 3618 1074 et

2032 1074 2298 1136 dedecere
2325 1099 2516 1154 magno
2539 1089 2835 1150 afliciamur
2862 1116 2876 1150 :
2905 1100 3073 1155 multo
3097 1108 3264 1175 magis
3292 1111 3347 1164 in
3368 1114 3617 1181 spiritua-

2032 1167 2171 1227 libus
2194 1172 2244 1227 id
2265 1189 2452 1233 curare
2472 1193 2705 1250 oportet,
2730 1198 2783 1239 ut
2807 1189 2954 1256 prius
2974 1209 3091 1262 qua:
3114 1199 3226 1268 regi
3247 1202 3614 1263 universorum

2029 1257 2140 1313 Deo
2169 1261 2432 1320 debentur
2470 1273 2879 1344 persolvantur;
2927 1289 2984 1336 ut
3024 1299 3093 1339 ne
3129 1302 3195 1341 eo
3232 1288 3492 1350 ducamur
3525 1300 3611 1354 ubi

2028 1349 2226 1404 stridor
2249 1352 2508 1414 dentium.
2548 1361 2654 1417 llas
2681 1380 2983 1436 qumramus
3021 1374 3247 1433 virtutes
3270 1420 3285 1444 ,
3316 1400 3431 1451 qum
3461 1388 3612 1443 nobis

2026 1440 2286 1499 salutares
2324 1456 2377 1500 et
2424 1452 2666 1518 proximo
2698 1460 2950 1525 perutiles
2985 1475 3129 1519 sunt.
3175 1440 3435 1528 Talis-cst
3472 1478 3611 1535 elec-

2024 1545 2246 1602 mosyna
2267 1576 2283 1601 ,
2326 1538 2447 1594 talis
2482 1545 2681 1610 oratio;
2725 1548 2831 1603 imo
2861 1567 2988 1607 vero
3020 1556 3134 1612 lucc
3167 1561 3236 1614 ab
3270 1562 3357 1618 illa
3390 1568 3529 1624 vires
3558 1582 3614 1627 et

2022 1621 2132 1676 alas
2177 1627 2388 1696 accipit.
2447 1630 2746 1705 Orationes,
2781 1643 2982 1714 inquit,
3014 1657 3146 1713 ture,
3182 1663 3229 1707 et
3285 1656 3613 1733 elermosyua:

2023 1718 2359 1775 ascenderunt
2385 1724 2440 1777 in
2460 1732 2754 1786 mermoriam
2775 1737 2827 1790 in
2849 1753 3114 1809 conspectu
3139 1743 3236 1801 Dei
3255 1750 3393 1820 (Act.
3422 1718 3607 1829 10:4).

2023 1801 2135 1829 Μ---
2185 1823 2233 1829 -ι
2246 1824 2266 1829 α
2281 1810 2306 1829 -1
2318 1826 2336 1829 -
2398 1828 2405 1829 ί
2486 1827 2493 1829 Α
2508 1816 2520 1829 ⁸
2701 1821 2716 1829 “
2817 1826 2828 1829 “

2020 1801 2137 1859 Non
2184 1810 2344 1866 modo
2385 1816 2592 1887 oratio,
2622 1821 2717 1877 sed
2758 1826 2919 1882 etiam
2955 1830 3217 1901 jejunium
3264 1841 3387 1898 inde
3415 1801 3608 1904 neri-ds

2019 1901 2230 1973 accipit.
2263 1905 2321 1960 Si
2350 1909 2551 1981 absque
2576 1916 2915 1992 eleemosyna
2939 1925 3168 1995 jejunes,
3195 1932 3246 1988 id
3280 1952 3377 2003 pro
3400 1901 3606 2010 jejunio

2018 2006 2124 2047 non
2170 1995 2431 2068 habetur;
2465 2004 2559 2061 sed
2601 2006 2900 2078 bujusmodi
2946 2017 3107 2076 homo
3133 2039 3324 2086 vorare
3352 2037 3601 2105 quopiam

2017 2091 2072 2137 et
2099 2088 2392 2147 temulento
2418 2094 2651 2153 deterior
2677 2112 2761 2157 est
2782 2145 2796 2167 ,
2831 2115 3082 2180 tantoque
3110 2113 3344 2175 deterior
3362 2166 3374 2187 ,
3406 2141 3605 2196 qua...“

2019 2175 2263 2196 ΜΛΔ..-
2344 2182 2356 2196 .
2394 2186 2427 2196 ..
2467 2186 2498 2196 ..
2625 2190 2636 2196 .

2016 2175 2304 2235 crudelitas
2324 2182 2529 2242 deliciis
2553 2190 2704 2260 pejor
2723 2204 2825 2249 est.
2859 2198 2920 2253 Et
2944 2175 3039 2255 cur
3064 2203 3131 2260 de
3149 2175 3605 2289 jejunio'lol

2017 2264 2237 2325 Etiamsi
2260 2284 2440 2332 castus
2460 2280 2552 2346 sis,
2577 2285 2675 2338 etsi
2697 2286 3049 2357 virginitatem
3073 2311 3276 2364 serves.
3302 2308 3345 2359 si
3369 2264 3602 2366 eleenio-

2014 2369 2201 2427 synam
2228 2377 2334 2418 non
2364 2368 2510 2424 colas
2535 2410 2551 2436 ,
2581 2382 2729 2431 extra
2760 2378 3051 2438 thalamum
3074 2394 3257 2457 sponsi
3289 2411 3369 2451 es.
3399 2402 3600 2467 Quam-

2013 2461 2172 2515 quam
2198 2454 2323 2522 quid
2352 2457 2638 2529 virginitati
2669 2480 2781 2535 par,
2814 2487 2931 2540 qua:
2959 2454 3131 2547 neque
3160 2483 3209 2536 in
3242 2484 3388 2542 Novo
3408 2454 3600 2551 iam-

2012 2552 2196 2598 mento
2216 2546 2285 2599 ob
2300 2550 2638 2610 eminentiam
2662 2572 2812 2614 suam
2844 2564 2956 2635 lege
2979 2546 3169 2628 statuta
3192 2576 3286 2633 luit
3304 2581 3328 2634 τ
3349 2584 3594 2641 Αῐιῆιιιοιντ

2012 2629 2101 2686 illa
2126 2634 2355 2704 ejicitur,
2380 2643 2480 2698 nisi
2506 2647 2842 2717 conjunctam
2874 2656 3064 2714 habeat
3093 2666 3487 2742 cleomosynam
3539 2680 3595 2735 Si

2012 2738 2173 2793 porro
2196 2728 2446 2801 virgines,
2473 2739 2613 2806 quod
2639 2740 2782 2796 illam
2808 2761 2911 2802 non
2934 2761 3014 2805 sat
3043 2753 3262 2826 largiter
3282 2766 3590 2838 coluissent,

3125 2817 3152 2826 ν
3323 2817 3491 2823 μ-----
3513 2817 3590 2838 ---,

2011 2817 2293 2885 ejiciantur
2313 2865 2326 2888 ,
2356 2829 2473 2895 quis
2512 2835 2705 2900 poterit
2730 2837 2815 2891 illa
2853 2840 3138 2905 destitutus
3166 2857 3373 2913 veniam
3404 2877 3596 2920 consc-

2009 2911 2140 2979 qui?
2175 2913 2343 2972 Nemo
2372 2935 2500 2977 sane
2523 2965 2538 2991 ,
2567 2927 2660 2981 sed
2686 2944 2807 2985 eum
2835 2935 2921 3003 qui
2960 2938 3103 2998 illam
3136 2961 3239 3001 non
3267 2952 3392 3008 colit
3420 2962 3593 3026 perire

2009 3016 2228 3071 prorsus
2253 3024 2471 3068 necesse
2496 3025 2593 3070 est.
2623 3017 2753 3074 Nam
2782 3023 2827 3097 si
2855 3025 2906 3080 in
2933 3032 3278 3095 sarcularibus
3306 3016 3463 3103 nemo
3490 3055 3589 3109 sibi

2008 3094 2109 3165 ipsi
2139 3100 2288 3167 vivit,
2317 3105 2412 3159 sed
2438 3109 2621 3165 artifex
2643 3155 2657 3177 ,
2693 3115 2845 3170 miles
2865 3160 2879 3182 ,
2914 3124 3146 3192 agricola
3167 3174 3181 3194 ,
3210 3149 3492 3211 mercator,
3520 3150 3586 3203 ad

2008 3184 2060 3211 υ
2114 3196 2250 3211 ---,Α
2281 3208 2307 3211 __
2354 3194 2367 3211 ι
2390 3195 2422 3211 ι·
2576 3201 2645 3211 γ...
2730 3207 2741 3211 -

2008 3184 2079 3252 id,
2110 3196 2250 3258 quod
2281 3194 2503 3261 publica:
2533 3201 2742 3259 utilitati
2767 3217 2820 3263 et
2843 3184 3124 3273 commodo
3146 3224 3379 3296 confert,
3411 3187 3590 3291 se’de.

2006 3277 2140 3333 dunt
2168 3299 2180 3331 :
2209 3284 2377 3339 multo
2403 3291 2571 3360 magis
2603 3292 2653 3347 in
2694 3298 3055 3366 spiritualibus
3094 3310 3145 3364 id
3174 3313 3582 3384 observandum.

2005 3368 2138 3426 Illud
2172 3384 2255 3429 cst
2296 3380 2524 3436 maxime
2555 3384 2734 3443 vivere
2763 3407 2779 3445 :
2804 3407 2921 3448 cum
2951 3410 3132 3457 contra
3162 3404 3207 3459 is
3232 3411 3320 3478 qui
3351 3413 3448 3470 sibi
3486 3419 3584 3490 ipsi

2006 3473 2210 3521 tantum
2241 3468 2397 3534 vivit,
2422 3487 2711 3546 omnesque
2736 3479 2994 3555 despicit,
3022 3490 3219 3551 inutilis
3245 3512 3298 3554 et
3328 3468 3580 3574 superia-

2000 3568 2198 3611 caneus
2225 3559 2312 3625 sit,
2342 3577 2447 3618 non
2475 3564 2656 3633 homo,
2680 3584 2853 3642 neque
2877 3582 3086 3647 generis
3108 3597 3249 3642 nosti
3265 3591 3299 3645 i.
3323 3593 3456 3662 Quid
3487 3599 3583 3671 igi-

2000 3654 2087 3702 tur
2111 3651 2214 3705 erit
2238 3693 2253 3718 ,
2286 3653 2493 3724 inquies
2513 3701 2528 3723 ,
2559 3660 2606 3714 si
2639 3677 2756 3719 mea
2785 3666 3072 3738 despiciam
3098 3718 3113 3743 ,
3150 3681 3319 3736 aliena
3352 3651 3532 3745 curet:
3558 3692 3581 3745 1’

1997 3739 2111 3793 Non
2146 3754 2318 3811 potest
2345 3757 2492 3805 certe
2514 3792 2528 3816 ,
2563 3767 2666 3808 non
2698 3764 2871 3823 potest
2896 3763 2984 3831 qui
3014 3766 3239 3825 aliorum
3271 3790 3356 3830 res
3385 3792 3535 3835 curat
3564 3825 3576 3844 .

1997 3845 2121 3885 suas
2147 3834 2431 3906 negligere.
2465 3840 2564 3908 Qui
2592 3845 2733 3899 enim
2760 3848 2987 3904 aliorum
3010 3870 3096 3910 res
3117 3870 3284 3927 curat,
3310 3868 3573 3925 nemiuem

1995 3921 2215 3977 oll‘cudit
2237 3966 2250 3987 ,
2284 3942 2470 3984 omnes
2498 3933 2814 4005 miseratur,
2853 3950 2907 3996 et
2933 3958 3030 4011 pro
3058 3949 3193 4005 virili
3219 3953 3404 4023 juvat;
3445 3964 3575 4021 nihil

1995 4011 2084 4067 ille
2123 4016 2330 4085 rapiet,
2362 4035 2469 4075 non
2510 4023 2771 4083 furabitur
2793 4071 2809 4095 ,
2843 4047 2946 4087 non
2986 4036 3178 4095 falsum
3210 4011 3571 4110 testimonioin

1991 4102 2132 4160 dicet
2162 4125 2177 4162 :
2203 4109 2270 4163 ab
2298 4112 2443 4167 omni
2473 4115 2758 4175 abstinebit
2782 4126 3013 4194 nequitia
3038 4173 3051 4193 ,
3081 4146 3294 4193 omnem
3324 4143 3571 4204 virtutem

1990 4198 2370 4269 amplectetur,
2419 4220 2517 4274 pro
2557 4209 2783 4269 inimicis
2823 4219 3157 4289 preCahitur,
3199 4225 3573 4293 insidiantibus

1989 4289 2089 4344 sibi
2120 4291 2432 4351 beneficium
2464 4303 2770 4369 praestabit:
2805 4312 3000 4367 nemini
3032 4320 3447 4394 conviciabitur,
3482 4349 3575 4388 ne.

1988 4383 2116 4437 mini
2146 4387 2425 4446 maledicet
2446 4435 2460 4459 ,
2489 4394 2695 4453 etiamsi
2736 4401 3011 4462 innumera
3037 4413 3218 4469 audiat
3242 4419 3525 4481 maledicta
3553 4472 3568 4493 ,

3553 4474 3568 4493 ν

1986 4474 2080 4528 sed
2124 4475 2238 4533 haec
2266 4486 2555 4551 apostolica
2586 4491 2743 4544 verba
2777 4496 3011 4563 proferet
3036 4517 3050 4555 :
3081 4503 3209 4568 Quis
3242 4509 3532 4578 inﬁrmatur
3555 4562 3569 4583 ,

1985 4575 2033 4618 et
2055 4583 2145 4637 ego
2166 4586 2266 4625 non
2287 4572 2520 4640 inﬁrmor
2534 4579 2562 4631 .9
2581 4582 2691 4645 quis
2716 4586 3114 4658 scandalizatur,
3141 4606 3188 4648 et
3211 4614 3300 4669 ego
3325 4618 3424 4656 non
3449 4623 3572 4661 uror

1986 4657 2062 4726 (2.
2087 4657 2205 4716 Cor.
2232 4663 2318 4717 Η.
2346 4663 2481 4738 29)?
2509 4667 2566 4723 Si
2594 4686 2723 4727 vero
2746 4686 2925 4732 nostra
2956 4657 3289 4750 qumramus.
3318 4708 3424 4748 non
3457 4657 3570 4752 oni-

1983 4751 2115 4804 nino
2146 4752 2215 4809 de
2250 4755 2440 4812 alienis
2474 4761 2795 4819 curabimus.
2839 4767 2933 4824 His
2963 4775 3211 4835 omnibus
3235 4795 3438 4841 morem
3473 4803 3563 4858 ge-

1980 4853 2164 4898 rentes
2188 4855 2242 4901 et
2272 4851 2542 4917 persuasi,
2573 4867 2679 4908 non
2709 4870 2864 4924 posse
2889 4875 2989 4917 nos
3016 4865 3236 4924 Salutem
3266 4881 3520 4949 consequi
3553 4923 3570 4946 ,

1979 4933 2080 4988 nisi
2098 4949 2435 4995 communem
2463 4943 2740 5001 utilitatem
2769 4962 3089 5022 spectemus,
3117 4957 3254 5017 hunc
3279 4965 3558 5028 discissum

1976 5029 2219 5085 videntes
2246 5074 2259 5095 ,
2294 5035 2545 5106 illumque
2583 5041 2783 5108 pariter
2810 5046 2900 5115 qui
2938 5048 3190 5109 talentum
3233 5058 3521 5122 sull‘oderat
3543 5111 3557 5131 ,

1978 5119 2118 5173 illam
2147 5124 2323 5190 potius
2348 5125 2605 5198 eligamus
2625 5132 2784 5202 viam,
2815 5145 2870 5189 ut
2895 5148 2947 5193 et
2969 5141 3127 5198 vitam
3157 5157 3408 5207 :rternam
3433 5172 3560 5224 con-

1975 5224 2263 5279 sequamur
2289 5234 2304 5270 :
2329 5233 2488 5286 quam
2529 5221 2728 5278 utinam
2760 5242 2947 5285 omnes
2976 5237 3363 5307 nanciscamur,
3391 5246 3557 5315 gratia

1973 5312 2027 5356 et
2058 5303 2381 5374 benignitate
2418 5310 2626 5366 Domini
2667 5321 2833 5371 nostri
2860 5319 2987 5377 Jcsu
3016 5324 3208 5382 Christi
3233 5371 3248 5395 ,
3279 5303 3361 5387 cui
3391 5303 3556 5405 gloria

1974 5395 2026 5446 in
2058 5398 2251 5450 stccula
2283 5402 2616 5457 sa'culorum.
2652 5407 2841 5463 Amen.

1340 5688 1622 5742 ——--oz—
1646 5683 2492 5761 ῖδὲθίρείῦξεῑέοκν-

589 5892 858 5957 Ριιτιιυι..
902 5900 1015 5959 Litt.
1064 5905 1274 5968 Ll'lll.

3137 5936 3208 5992 16
