4076 6142
489 348 586 406 'lll

1263 340 1320 395 S.
1360 337 1636 396 JOANNIS
1672 332 2141 393 CllRYSOSTOMI
2179 331 2494 389 ABCHIEP.
2535 327 3067 386 CONSTANTINOP.

3653 323 3752 382 πε

494 459 3138 496 _____________________________________________

1527 549 1893 611 THOMILIA
1936 544 2287 607 LXXVIII.
2333 543 2417 604 al.
2463 541 2759 602 LXXIX.

495 704 626 761 Car.
649 703 742 758 25.
773 716 825 753 v.
851 699 910 753 ’1.
938 697 1080 752 Tunc
1131 695 1291 751 simile
1325 697 1416 750 erit
1458 711 1666 766 regnum
1695 694 1935 748 caelorum
1977 693 2066 745 de-

564 811 671 850 cem
699 791 987 863 virginibus,
1012 804 1124 858 quos
1148 787 1448 856 accipientes
1482 785 1739 854 lampades
1767 800 1906 842 suas,
1941 783 2070 835 exie-

562 899 680 941 runt
700 885 894 938 obviam
914 898 1118 952 sponso.
1149 882 1204 935 2.
1236 880 1470 948 Quinque
1483 889 1650 932 autent
1679 887 1820 930 erant
1846 875 2068 943 pruden-

565 990 636 1033 tes
661 988 708 1030 et
727 977 943 1043 quinque
987 977 1160 1045 future,
1187 974 1240 1028 5.
1282 987 1394 1041 qua:
1420 988 1518 1024 non
1549 977 1849 1038 acceperunt
1880 968 2069 1022 oleum.

563 1072 618 1125 4.
666 1067 951 1123 Prudentes
989 1081 1105 1118 vero
1149 1072 1446 1133 acceperunt
1491 1062 1656 1115 oleum
1701 1060 1752 1113 in
1792 1075 1921 1112 vasis
1970 1057 2074 1110 suis

565 1179 683 1215 cum
731 1158 1049 1229 lampadibus
1098 1157 1224 1210 suis.
1276 1155 1329 1209 5.
1395 1153 1595 1207 Moram
1647 1163 1814 1205 autem
1863 1152 2076 1220 faciente

568 1266 752 1322 sponso
774 1293 788 1318 ,
811 1259 916 1305 etc.
954 1248 1055 1319 (α).

568 1409 624 1462 1.
653 1405 914 1460 Parabola
947 1402 1009 1457 de
1055 1402 1332 1472 virginibus
1375 1417 1486 1454 cum
1513 1399 1626 1453 aliis
1658 1397 1933 1452 secundum
1957 1393 2076 1465 quid

498 1499 744 1554 similibus
759 1505 1102 1563 comparatur,
1126 1492 1304 1545 deinde
1329 1492 1644 1555 explanatur.
1658 1487 1806 1542 Nihil
1820 1490 1927 1542 sine
1949 1487 2081 1539 elee-

497 1607 710 1662 mosyna
726 1589 949 1658 prodest.
977 1587 1027 1641 Μ
1035 1603 1117 1640 oss
1141 1602 1365 1639 somnus.
1389 1582 1588 1636 Futura
1607 1581 1922 1636 resurrectio.
1948 1578 2083 1633 Nul-

502 1684 579 1738 lus
605 1684 658 1738 in
678 1683 762 1737 die
788 1682 968 1748 iudicii
1003 1691 1264 1748 patronus.
1295 1707 1367 1718 -—
1393 1677 1485 1731 lla:
1516 1675 1780 1745 parabolae
1827 1673 1987 1742 priori
2014 1671 2082 1726 de

503 1775 645 1830 fideli
673 1788 829 1829 servo
857 1781 912 1828 et
935 1771 1006 1825 de
1034 1769 1277 1838 improbo
1299 1810 1313 1836 ,
1341 1767 1602 1838 quibona
1627 1765 1830 1820 domini
1857 1764 2083 1818 devora-

503 1870 600 1932 vit,
634 1867 836 1922 similes
857 1873 1000 1920 sunt.
1031 1865 1268 1932 Quatuor
1293 1862 1436 1916 enim
1463 1868 1588 1914 sunt
1612 1856 2080 1913 adremreamdem

508 1959 633 2014 licet
661 1958 875 2014 diverso
918 1955 1074 2010 modo
1125 1953 1434 2018 hortantes;
1490 1951 1609 2005 dico
1639 1959 1815 2004 autem
1867 1949 1982 2003 illas
2018 1948 2087 2002 de

507 2051 845 2120 eleemosyna
892 2046 1155 2117 eroganda
1182 2086 1198 2112 ,
1229 2060 1290 2100 ac
1331 2044 1399 2100 de
1428 2044 1672 2114 proximo
1699 2058 1795 2112 pro
1838 2041 2087 2096 facultate

509 2153 690 2198 nostra
707 2139 942 2211 juvando
965 2179 980 2201 ,
1007 2139 1156 2208 quasi
1187 2152 1290 2190 non
1336 2137 1598 2205 possimus
1624 2134 1728 2188 alio
1756 2133 1914 2187 modo
1946 2133 2089 2186 salu-

511 2244 617 2286 tem
645 2229 920 2299 consequi.
949 2228 1053 2282 Sed
1098 2228 1148 2280 in
1178 2227 1282 2282 illis
1302 2227 1513 2297 quidem
1543 2226 1862 2295 generaliter
1890 2225 1956 2279 dc
1983 2225 2087 2278 uti-

511 2324 652 2378 litate
687 2318 894 2386 quavis,
926 2333 1086 2388 quam
1108 2331 1392 2388 possumus
1437 2318 1688 2385 proximo
1719 2324 2008 2384 praestare;
2037 2313 2089 2366 in

513 2411 763 2486 parahota
809 2426 940 2465 vero
985 2411 1052 2465 de
1097 2411 1387 2480 virginibus
1415 2409 1482 2463 de
1507 2408 1855 2478 eleemOsyna
1885 2408 1996 2460 sive
2026 2407 2092 2460 de

514 2503 753 2580 pecunia:
795 2502 1075 2572 largitione
1107 2503 1314 2570 agitur,
1361 2509 1414 2554 et
1459 2499 1668 2568 quidem
1727 2497 2094 2553 vehementius

511 2593 748 2661 quamin
767 2595 1042 2664 superiore
1073 2592 1341 2663 parabola.
1373 2591 1483 2645 Illic
1504 2592 1645 2645 enim
1677 2589 2087 2659 percutientem,

509 2683 808 2751 ebriosum,
827 2683 1136 2754 dominique
1159 2684 1295 2737 h0na
1317 2681 1668 2751 dissipantem
1683 2691 1736 2736 et
1761 2680 2090 2750 perdentem,

509 2780 774 2850 supplicio
807 2775 965 2832 allicit
994 2791 1009 2842 ;
1053 2774 1140 2830 hic
1180 2789 1307 2828 vero
1333 2774 1490 2828 etiam
1531 2788 1653 2826 eum
1678 2773 1768 2842 qui
1797 2770 2093 2840 proximum

519 2887 626 2928 non
650 2872 823 2943 juvat,
856 2883 1028 2938 neque
1049 2865 1264 2936 largiter
1281 2866 1463 2935 egenis
1485 2879 1578 2918 sua
1608 2863 1895 2917 distribuit.
1922 2862 2094 2930 Virgi-

518 2982 614 3021 nes
631 2965 805 3020 oleum
829 2961 1043 3034 quidem
1069 2960 1354 3023 habebant,
1384 2958 1477 3012 sed
1501 2973 1603 3010 non
1629 2957 1923 3026 copiosum,
1953 2955 2100 3009 ideo-

520 3071 625 3126 que
651 3055 959 3125 puniuntur.
1009 3050 1118 3106 Cur
1155 3064 1281 3120 ergo
1306 3049 1404 3104 sub
1434 3063 1657 3118 persona
1682 3048 1945 3118 virginum
1966 3046 2102 3104 hanc

522 3145 727 3216 profert
786 3142 1130 3213 parabolam,
1177 3156 1276 3196 nec
1321 3141 1759 3210 qualemcumque
1823 3153 2100 3206 personam

523 3233 809 3289 adhibuit?
835 3233 1018 3302 Magna
1047 3231 1115 3286 de
1143 3232 1440 3301 virginitate
1480 3231 1688 3284 dixerat
1725 3247 1739 3284 :
1777 3227 1912 3282 Sunt
1945 3244 2104 3281 cunu-

525 3325 628 3391 chi,
661 3324 750 3394 qui
787 3325 976 3394 seipsos
1032 3331 1371 3375 castraverunt
1405 3331 1608 3390 propter
1634 3336 1840 3391 regnum
1866 3317 2105 3372 calorum

529 3415 744 3491 (Matth.
774 3413 862 3470 19.
896 3411 1027 3484 11),
1054 3423 1123 3477 et,
1183 3413 1281 3479 Qui
1310 3421 1468 3481 potest
1489 3428 1669 3479 capere
1692 3453 1706 3477 ,
1735 3412 1924 3480 capiat.
1956 3411 2106 3466 Alio-

528 3507 655 3578 quin
679 3520 803 3560 vero
850 3503 1052 3558 sciebat
1101 3503 1380 3572 plerosque
1421 3517 1663 3571 magnam
1691 3501 1760 3555 de
1788 3501 1873 3555 illa
1898 3503 2106 3570 Opinio-

531 3614 659 3655 nem
687 3597 906 3653 habere.
933 3594 1067 3651 Nam
1096 3610 1183 3650 res
1213 3604 1296 3649 est
1336 3606 1523 3648 natura
1551 3609 1644 3648 sua
1673 3595 1832 3649 ardua
1854 3637 1869 3661 ,
1903 3606 1960 3650 ut
1987 3595 2110 3651 inde

532 3693 704 3764 palam
735 3701 838 3758 est,
863 3689 1005 3762 quod
1031 3691 1084 3744 in
1113 3688 1284 3744 veteri
1313 3688 1429 3758 lege
1463 3702 1532 3742 ne
1562 3689 1728 3743 sancti
1757 3687 1971 3759 quidem
1994 3705 2105 3743 ma-

531 3788 727 3858 gnique
752 3785 852 3841 viri
896 3783 1040 3840 illam
1072 3782 1404 3839 exercuerim
1426 3823 1441 3847 ,
1473 3782 1604 3837 etin
1645 3797 1780 3836 nova
1809 3782 1950 3836 nulla
1976 3783 2109 3852 legis

531 3881 857 3937 necessitate
877 3877 1148 3948 jubeatur.
1178 3874 1363 3944 Neque
1404 3875 1544 3929 enim
1573 3875 1676 3931 hoc
1703 3877 1983 3945 prmcepit;
2017 3875 2110 3931 sed

532 3971 862 4028 audientium
904 3969 1126 4024 arbitrio
1163 3967 1292 4022 illud
1335 3967 1563 4037 reliquit.
1610 3967 1733 4022 Ideo
1755 3969 1828 4021 ait
1860 3968 2055 4023 Paulus
2095 3986 2109 4022 :

534 4065 616 4120 De
660 4061 934 4134 virginibus
986 4069 1158 4114 autem
1205 4066 1511 4127 praeceptum
1544 4057 1755 4111 Domini
1810 4075 1911 4112 non
1957 4059 2114 4112 habeo

534 4160 621 4233 (1.
651 4156 772 4213 Cor.
798 4156 852 4210 7.
883 4153 956 4209 25
977 4151 1022 4224 ).
1052 4151 1236 4207 Laudo
1265 4151 1480 4220 quidem
1507 4149 1637 4203 illud
1664 4159 1988 4215 servantem,
2020 4150 2116 4206 sed

538 4251 807 4305 nolentem
837 4259 946 4300 non
972 4257 1128 4313 cogo,
1153 4257 1325 4310 neque
1355 4249 1681 4310 praeceptum
1713 4241 1764 4296 id
1797 4241 1952 4296 facio.
1982 4243 2114 4311 Quia

538 4341 699 4411 igitur
726 4350 914 4407 magna
944 4348 1033 4389 res
1060 4341 1196 4396 erat,
1225 4341 1279 4386 et
1305 4333 1357 4386 in
1383 4347 1571 4402 magna
1611 4333 1750 4401 apud
1792 4334 1984 4388 multos
2005 4343 2120 4388 erat

537 4430 972 4493 existimatione;
1006 4441 1083 4482 ne
1121 4425 1238 4496 quis
1285 4424 1429 4480 illam
1469 4440 1718 4491 servans,
1751 4427 1902 4497 quasi
1943 4429 2118 4483 omnia

544 4529 850 4586 servasset,
878 4520 1019 4575 circa
1065 4526 1258 4573 caetera
1303 4517 1573 4587 negligens
1602 4529 1763 4582 esset,
1795 4519 1930 4573 hanc
1974 4519 2122 4589 ponit

541 4614 871 4686 parabolam,
899 4626 1020 4681 qua:
1046 4609 1270 4667 suadere
1294 4610 1496 4681 possit,
1521 4610 1877 4680 virginitatem
1907 4612 2117 4682 aliaque

540 4709 680 4763 bona
700 4704 901 4767 omnia,
931 4702 1288 4774 eleemosyna:
1311 4701 1571 4756 fructibus
1592 4716 1781 4767 vacua,
1803 4719 1922 4756 eum
1955 4702 2120 4758 forni-

548 4797 819 4852 catoribus
843 4793 963 4864 ejici
1013 4801 1112 4848 :et
1149 4792 1497 4847 inhumanum
1539 4793 2120 4864 immisericordemque

544 4903 668 4942 cum
686 4887 790 4942 illis
815 4883 1062 4940 collocari
1091 4900 1105 4940 :
1130 4882 1287 4955 idque
1303 4883 1424 4952 jure
1453 4883 1644 4939 merito
1667 4885 1719 4938 ιε
1750 4885 1835 4939 ille
1851 4885 1992 4940 enim
2007 4901 2128 4940 cor-

542 4985 735 5040 porum
789 4985 977 5026 amore
1022 4969 1201 5023 victus
1253 4979 1378 5031 est,
1434 4967 1598 5024 fatuae
1654 4977 1833 5022 autem
1890 4969 2130 5039 virgines

541 5075 734 5116 amore
797 5058 1175 5129 pecuniarum.
1247 5055 1368 5112 Non
1425 5067 1510 5112 est
1581 5067 1762 5112 autem
1834 5074 2129 5129 corporum

538 5161 594 5209 ct
647 5140 1004 5222 pecuniarum
1051 5165 1152 5220 par
1210 5148 1528 5220 cupiditas;
1575 5152 1669 5207 sed
1724 5153 1906 5207 acrior
1958 5156 2130 5206 multo

535 5260 605 5300 ac
655 5243 945 5299 violentior
998 5256 1313 5313 corporum.
1377 5243 1594 5309 Quanto
1644 5254 1825 5300 autem
1877 5246 2127 5300 imbecil-

536 5336 643 5392 lior
670 5345 754 5392 est
787 5335 1065 5400 inimicus,
1100 5342 1252 5391 tanto
1283 5334 1466 5391 minus
1503 5336 1612 5390 illa:
1644 5352 1765 5407 quae
1790 5337 1948 5392 victa:
1976 5349 2126 5402 sunt,

536 5431 755 5485 veniam
791 5439 1105 5495 merentur;
1139 5430 1371 5501 ideoque
1401 5429 1580 5484 fatuas
1609 5431 1730 5485 illas
1767 5440 1963 5495 vocat,
1997 5433 2125 5500 quia

537 5522 735 5591 majori
764 5533 1022 5592 superato
1044 5523 1248 5588 labore,
1279 5537 1373 5592 per
1393 5523 1656 5577 minorem
1683 5533 1853 5578 totum
1885 5525 2130 5593 perdide-

603 5627 697 5696 ‘_ln
721 5627 897 5696 Morel.
921 5629 1210 5696 legitur..."
1235 5641 1344 5696 cum
1371 5626 1746 5696 fornicatoribus
1765 5628 1939 5696 ejiciel
1965 5629 2126 5681 immi-

538 5688 888 5760 sericordilrus,
1069 5688 1186 5760 jure
1209 5688 1628 5760 me_ritd,_omissis
1637 5690 1688 5760 in
1699 5688 1968 5760 ten-positis.

604 5752 673 5820 tu)
701 5750 760 5821 ln‘
775 5742 964 5821 aliquot
979 5742 1245 5821 Eodtcibus
1268 5752 1374 5801 haec
1391 5742 1650 5821 Evangelii
1671 5742 1967 5821 lectiolante
1991 5753 2128 5821 prin-

541 5811 729 5922 ;titgilihm
746 5811 964 5860 homilia:
986 5813 1142 5872 posita
1171 5815 1314 5875 longe
1344 5811 1554 5876 amplior
1577 5814 1912 5867 etl'ertur.Cl‘r.
1941 5811 2120 5867 Aduot.

563 5888 568 5902 '
583 5886 701 5920 I810.

2180 695 2320 742 runt.
2372 684 2669 754 Lampades
2723 695 2898 738 autem
2950 682 3037 737 hic
3081 681 3212 736 dicit
3241 681 3410 749 ipsum
3439 679 3758 752 virginitatis

2177 780 2396 843 donum,
2421 775 2717 829 sanctitatis
2735 774 3032 844 puritatem
3059 790 3072 824 :
3102 772 3276 826 oleum
3304 787 3430 826 vero
3462 772 3760 841 benignita-

2182 879 2325 931 tem,
2386 869 2817 937 elecmosynam,
2883 864 3141 919 auxilium
3202 865 3384 933 egenis
3443 865 3759 933 praestitum.

2179 961 2232 1014 5.
2267 959 2466 1012 Moram
2502 969 2665 1011 autem
2688 958 2902 1028 faciente
2926 973 3113 1027 sponso
3134 997 3149 1024 ,
3174 956 3566 1010 donnitaverunt
3591 973 3762 1010 omnes

2182 1060 2228 1104 et
2285 1049 2618 1102 dormierunt.
2669 1046 2767 1100 llic
2811 1045 3046 1100 ostendit
3086 1061 3190 1099 non
3235 1061 3455 1116 parvum
3507 1046 3764 1115 temporis

2181 1143 2410 1212 Spatium
2458 1141 2793 1211 interiectum
2819 1181 2835 1206 ,
2868 1139 3156 1208 discipulos
3197 1138 3467 1193 abducens
3499 1154 3568 1193 ne
3595 1127 3763 1207 e‘xpeé

2181 1245 2324 1291 ctent
2341 1249 2559 1304 regnum
2581 1232 2696 1303 ejus
2718 1232 2895 1286 statim
2911 1240 3190 1285 venturum
3207 1233 3346 1285 esse.
3372 1229 3504 1284 Nam
3525 1229 3626 1284 hoc
3641 1244 3766 1298 spe-

2183 1327 2401 1393 rahant,
2438 1325 2660 1394 ideoque
2684 1323 2992 1393 frequenter
3017 1321 3138 1376 illos
3167 1319 3234 1375 ab
3257 1321 3358 1374 hac
3383 1335 3477 1390 spe
3504 1330 3764 1375 removet.

2183 1417 2264 1472 Ad
2287 1417 2400 1470 haec
2419 1415 2548 1470 illud
2565 1430 2776 1485 quoque
2787 1412 3104 1478 subindicat,
3123 1420 3348 1466 mortem
3362 1425 3482 1465 esse
3498 1425 3764 1464 somnum.

2185 1510 2531 1576 Dormierunt,
2558 1511 2744 1579 inquit.
2767 1507 2821 1563 6.
2851 1505 3026 1560 Media
3045 1514 3211 1558 autem
3227 1513 3369 1557 nocte
3396 1503 3586 1557 clamor
3605 1507 3770 1574 factus

2187 1612 2280 1658 est.
2305 1603 2399 1656 Vel
2422 1603 2472 1656 in
2507 1601 2759 1671 parabola
2789 1598 3022 1662 insistit;
3047 1597 3132 1651 vel
3157 1594 3320 1650 docet
3349 1603 3509 1650 nocte
3537 1593 3768 1648 futuram

2189 1695 2634 1751 resurrectionem
2649 1706 2796 1747 esse.
2828 1689 3127 1746 Clamorem
3157 1688 3314 1742 etiam
3341 1685 3538 1741 Paulus
3569 1701 3773 1740 memo-

2189 1797 2291 1852 rat,
2323 1787 2508 1841 dicens
2542 1804 2557 1840 :
2589 1784 2683 1838 In.
2689 1785 2864 1854 jussu,
2892 1783 2945 1836 in
2995 1798 3112 1836 voce
3153 1777 3444 1849 archangeli
3465 1821 3482 1846 ,
3511 1780 3563 1832 in
3597 1779 3775 1833 ultima

2191 1881 2307 1932 tuba
2348 1878 2608 1932 descendet
2651 1876 2716 1930 de
2743 1877 2866 1930 ccelo
2899 1874 2990 1947 (1.
3027 1872 3205 1926 Thess.
3235 1871 3290 1927 4.
3337 1870 3465 1936 16).
3514 1870 3650 1938 Quid
3675 1872 3773 1925 sibi

2192 1973 2376 2027 volunt
2402 1971 2560 2038 tubas,
2584 1969 2710 2040 quid
2737 1968 2977 2023 clamor?
3009 1966 3242 2037 Sponsus
3267 1964 3416 2018 venit.
3451 1963 3502 2016 7.
3535 1961 3664 2017 Cum
3689 1980 3774 2017 or-

2193 2073 2394 2118 nassent
2419 2079 2536 2133 ergo
2564 2061 2845 2131 lampades,
2883 2059 2937 2114 8.
2966 2058 3122 2126 fatum
3145 2054 3454 2126 sapientibus
3498 2054 3776 2108 dixerunt:

2195 2157 2323 2210 Date
2350 2156 2492 2209 nobis
2512 2156 2574 2207 de
2596 2154 2706 2208 oleo
2731 2162 2916 2207 vestro.
2959 2151 3192 2205 Rursum
3235 2147 3554 2203 illas'fatuas
3578 2158 3731 2201 vocat
3763 2189 3777 2210 ,

2196 2247 2484 2302 ostendens
2515 2245 2647 2300 nihil
2683 2244 2896 2298 stultius
2916 2257 3038 2297 esse
3062 2242 3126 2295 iis
3151 2241 3240 2311 qui
3267 2241 3353 2294 hic
3396 2239 3646 2309 pecunias
3667 2240 3779 2292 col-

2198 2339 2365 2406 ligunt.
2389 2379 2404 2402 ,
2438 2345 2493 2390 et
2534 2334 2659 2388 nudi
2691 2334 2818 2387 illuc
2849 2332 3082 2398 abeunt,
3134 2331 3220 2385 ubi
3252 2330 3404 2384 nobis
3441 2330 3782 2398 ‘henignitate

2203 2429 2379 2500 magis
2413 2443 2552 2498 opus
2591 2437 2710 2493 est,
2754 2427 3035 2495 multoque
3061 2423 3194 2478 oleo
3225 2423 3266 2479 ¹.
3307 2422 3425 2476 Non
3481 2422 3603 2477 ideo
3648 2428 3771 2475 tan-

2204 2527 2321 2576 tum
2350 2517 2552 2585 stultae,
2572 2519 2667 2573 sed
2695 2517 2841 2588 quod
2872 2511 3211 2585 expectat-int
3243 2527 3302 2567 se
3331 2513 3443 2566 illic
3467 2512 3645 2566 oleum
3674 2525 3774 2562 ae.-

2201 2621 2443 2682 ccpturas
2465 2624 2583 2665 esse
2604 2618 2656 2663 et
2676 2607 2816 2677 quod
2839 2605 3206 2674 intempestive
3230 2604 3566 2674 quaesierint:
3604 2617 3788 2672 quam-

2201 2719 2356 2774 quam
2388 2702 2521 2756 nihil
2563 2701 2843 2755 humanius
2882 2699 2987 2752 illis
3037 2697 3351 2767 virginibus,
3409 2711 3526 2765 qua:
3580 2695 3680 2750 hac
3732 2696 3786 2750 in

2202 2805 2353 2865 parte
2380 2793 2609 2848 maxime
2637 2792 2940 2861 conspicua:
2970 2789 3204 2844 fuerunt.
3231 2787 3412 2856 Neque
3428 2796 3606 2842 "totum
3635 2797 3788 2857 pete-

2203 2887 2332 2941 bant
2375 2903 2388 2938 :
2442 2884 2572 2937 Date
2614 2885 2754 2937 nobis
2789 2881 2853 2936 de
2899 2881 3009 2935 oleo
3060 2888 3260 2944 uestro;
3313 2879 3790 2948 necessitatemque

2204 2975 2574 3040 ostendebant,
2590 2974 2827 3028 dicentes
2849 2991 2863 3027 :
2886 2971 3173 3041 Lampades
3193 2981 3379 3024 nostrae
3404 2971 3784 3041 extinguuntur.

2205 3065 2310 3124 Sed
2336 3067 2381 3121 si
2401 3065 2561 3120 etiam
2588 3064 2857 3134 repulsam
2887 3062 3153 3117 tulerunt:
3184 3075 3247 3116 ac
3277 3076 3449 3129 neque
3473 3061 3787 3117 humanitas

2208 3172 2390 3214 earum
2419 3171 2448 3210 a
2475 3155 2670 3226 quibus
2709 3153 2978 3224 petebant,
3009 3166 3181 3222 neque
3231 3151 3505 3221 petitionis
3542 3149 3789 3206 facilitas.

2211 3266 2383 3319 neque
2415 3249 2727 3312 necessitas,
2759 3246 3030 3316 quidpiam
3062 3245 3433 3314 impetrarunt.
3457 3242 3652 3298 Verum
3669 3240 3793 3310 quid

2212 3342 2334 3396 inde
2360 3338 2658 3394 discimus?
2681 3337 2960 3392 Neminem
2989 3335 3097 3390 illic
3123 3334 3456 3403 nobis,‘quos
3485 3347 3648 3402 Opera
3672 3346 3795 3402 pro-

2214 3436 2486 3499 diderunt,
2511 3432 2710 3488 auxilio
2735 3433 2966 3486 futurum
2989 3447 3003 3496 ;
3030 3445 3138 3484 non
3167 3428 3296 3499 quid
3315 3428 3506 3495 nolint,
3533 3428 3627 3483 sed
3657 3428 3796 3497 quod

2215 3543 2322 3583 non
2344 3527 2565 3596 possint.
2611 3524 2743 3579 Nam
2773 3534 2825 3578 et
2867 3523 2970 3577 illa:
3014 3522 3081 3576 ad
3113 3521 3440 3590 impossibile
3467 3519 3796 3590 confugiunt.

2215 3622 2327 3676 lloc
2339 3630 2394 3675 et
2413 3620 2598 3674 beatus
2615 3616 2880 3672 Abraham
2901 3614 3131 3670 ostendit
3147 3613 3328 3670 dicens
3349 3629 3362 3665 :
3388 3611 3441 3665 .ll
3447 3628 3634 3682 agnum
3652 3613 3800 3664 chaos

2214 3717 2346 3770 inter
2371 3731 2456 3768 vos
2484 3721 2530 3768 et
2576 3728 2667 3766 nos
2694 3720 2769 3765 est
2790 3753 2805 3776 ,
2836 3718 2891 3763 ut
2918 3725 2979 3763 ne
3006 3706 3224 3762 volentes
3271 3706 3472 3777 quidem
3501 3705 3801 3776 pertransirs

2219 3811 2412 3880 possint
2439 3807 2586 3878 (Luc.
2622 3805 2709 3861 16.
2755 3805 2870 3877 26).
2907 3804 2960 3860 9.
2999 3803 3078 3859 lle
3100 3815 3267 3857 autem
3313 3803 3379 3856 ad
3415 3806 3678 3858 uendentes
3705 3844 3717 3866 ,
3759 3811 3802 3856 et

2219 3904 2382 3956 emite.
2424 3901 2522 3968 Qui
2576 3898 2906 3954 vendentes?
2955 3897 3243 3966 Pauperes.
3303 3895 3528 3951 Ubinam
3566 3895 3805 3951 illiillic

2220 4004 2371 4050 erant
2400 4012 2412 4046 :
2448 3993 2532 4047 hic
2557 4007 2797 4062 qnazrcre
2823 3991 3120 4060 oportebat,
3152 4003 3323 4058 neque
3350 3989 3401 4042 in
3437 3998 3676 4058 tempore
3693 3987 3797 4043 illo.

2291 4086 2347 4141 2.
2378 4085 2564 4140 Viden'
2582 4083 2859 4154 quomodo
2889 4083 2977 4136 ﬁat
3006 4082 3160 4136 nobis
3187 4096 3252 4134 ex
3283 4083 3606 4151 pauperibus
3646 4096 3803 4152 nego-

2227 4181 2410 4234 tiatio?
2433 4179 2488 4234 Si
2520 4179 2616 4234 hos
2643 4178 2924 4232 sustuleris
2942 4219 2956 4242 ,
2991 4193 3236 4248 magnam
3273 4177 3458 4231 salutis
3481 4191 3631 4246 spem
3654 4176 3805 4232 nobis

2225 4271 2522 4324 sustuleris.
2572 4269 2694 4324 Ideo
2741 4269 2828 4324 hic
2874 4279 3086 4338 oportet
3109 4270 3284 4324 oleum
3310 4268 3578 4338 colligere,
3622 4277 3676 4321 ut
3706 4266 3808 4320 illic

2227 4361 2378 4416 nobis
2399 4361 2528 4414 utile
2557 4361 2645 4427 sit,
2679 4343 2798 4415 cuin
2833 4368 3042 4430 tempus
3069 4374 3164 4413 nos
3187 4353 3489 4414 vocaverit.
3520 4357 3637 4412 Non
3660 4359 3804 4412 enim

2229 4462 2438 4522 tempus
2464 4453 2746 4523 colligendi
2774 4452 2902 4506 illud
2932 4462 3013 4508 est
3037 4470 3052 4506 :
3085 4452 3178 4507 sed
3198 4451 3298 4506 hoc
3321 4461 3550 4521 tempus.
3582 4449 3661 4506 Ne
3684 4464 3810 4520 ergo

2226 4561 2354 4614 epes
2380 4553 2498 4599 tuas
2528 4543 2718 4598 frustm
2747 4542 3023 4612 impendas
3048 4543 3098 4596 in
3127 4541 3367 4609 delicias,
3398 4542 3448 4594 in
3479 4556 3670 4595 vanam
3697 4539 3812 4612 glo-

2228 4637 2382 4691 riam.
2416 4636 2578 4690 Multo
2605 4636 2802 4705 quippe
2831 4635 2950 4690 oleo
2981 4635 3073 4688 tibi
3115 4635 3222 4689 illic
3249 4649 3382 4702 Opus
3422 4643 3530 4690 est.
3569 4633 3696 4688 Haec
3724 4648 3815 4687 au-

2227 4729 2434 4783 dientes
2454 4727 2558 4782 illa:
2587 4727 2831 4782 abierunt
2855 4768 2869 4792 ,
2906 4725 2999 4781 sed
3027 4725 3157 4780 nihil
3188 4724 3432 4780 utilitatis
3463 4734 3813 4792 acceperunt.

2230 4820 2342 4874 lloe
2391 4834 2554 4890 porro
2601 4819 2676 4873 ait
2724 4827 2817 4873 aut
2859 4818 2911 4872 in
2951 4817 3202 4888 parabola
3234 4817 3506 4884 insistens,
3566 4817 3816 4887 illamque

2231 4918 2446 4976 texens;
2491 4919 2582 4964 aut
2612 4918 2669 4964 ut
2693 4909 2958 4972 ostendat,
3005 4909 3212 4962 etiamsi
3243 4907 3460 4962 humani
3502 4909 3672 4963 simus
3701 4916 3816 4977 post

2231 5005 2506 5060 decessum
2533 5013 2772 5058 nostrum
2790 5043 2805 5069 ,
2835 5017 2932 5056 nos
2961 5002 3092 5056 nihil
3115 5001 3238 5056 inde
3263 5001 3482 5058 subsidii
3507 5012 3815 5070 accepturos

2231 5097 2298 5151 ad
2328 5097 2646 5167 supplicium
2675 5093 3058 5165 ellugiendum.
3093 5092 3274 5162 Itaque
3318 5089 3452 5146 nihil
3475 5091 3580 5148 illis
3605 5091 3815 5162 prolicit

2232 5187 2461 5242 studium
2487 5202 2500 5251 ;
2525 5187 2645 5256 quia
2665 5200 2769 5240 non
2795 5185 2879 5240 hic
2900 5185 3108 5240 iverunt
3131 5184 3197 5238 ad
3220 5183 3534 5250 vendentes,
3562 5185 3657 5239 sed
3677 5183 3813 5247 illic;

2232 5294 2404 5348 neque
2430 5279 2580 5332 diviti
2631 5276 2850 5348 profuit,
2879 5274 3093 5347 quando
3121 5276 3193 5330 ita
3222 5277 3485 5330 humanus
3525 5276 3696 5331 evasit
3715 5316 3729 5337 .
3763 5284 3817 5329 ut

2233 5370 2393 5426 etiam
2417 5368 2484 5423 de
2511 5367 2759 5422 affinibus
2783 5367 2895 5421 suis
2923 5367 3178 5422 sollicitus
3209 5377 3374 5422 esset.
3399 5365 3535 5422 Nam
3567 5367 3616 5422 is
3640 5368 3727 5438 qui
3752 5365 3815 5420 ad

2234 5459 2428 5512 ostium
2446 5457 2716 5527 jacentem
2745 5457 3068 5527 praeteribat,
3100 5472 3193 5512 eos
3213 5499 3228 5523 ,
3257 5472 3392 5528 quos
3424 5473 3707 5527 numquam
3738 5456 3816 5509 vi-

2234 5551 2406 5616 derat,
2438 5566 2504 5605 ex
2549 5550 2798 5620 periculis
2829 5559 2882 5605 et
2906 5565 2971 5605 ex
3003 5549 3244 5618 gehenna
3270 5550 3478 5621 eripere
3501 5549 3738 5615 festinat,
3770 5557 3818 5602 et

2235 5651 2390 5713 rogat
2416 5640 2552 5697 mitti
2577 5641 2855 5714 quosdam,
2879 5639 2968 5714 qui
2998 5640 3051 5698 id
3076 5641 3180 5698 illis
3203 5643 3520 5698 annuntient
3550 5641 3702 5715 (Luc.
3735 5640 3817 5697 lli-

2302 5868 2317 5897 ³
2350 5867 2486 5914 Unus
2520 5865 2671 5915 habet
2697 5864 2940 5925 multaque
2967 5859 3324 5911 misericordia.

3638 5900 3692 5926 ε.-
