4076 6142
284 303 396 358 715

277 417 398 480 ‘28).
441 414 687 469 Attamen
731 411 862 466 nihil
912 413 998 466 ille
1027 413 1150 466 hinc
1194 412 1324 466 lucri
1354 411 1576 474 retulit;
1608 417 1663 464 ut
1690 424 1860 480 neque

277 507 531 579 virgines.
552 505 836 574 Postquam
859 504 998 558 enim
1027 504 1108 558 his
1134 503 1327 558 auditis
1353 503 1618 565 abierunt,
1643 503 1729 557 10.
1767 501 1860 556 Vc-

277 601 350 652 nit
377 613 592 668 sponsus
617 613 636 661 ;
665 607 710 650 et
733 613 844 666 qute
870 605 1061 665 parate
1103 604 1262 662 erant,
1295 597 1602 648 intraverant
1630 611 1744 648 cum
1771 612 1862 661 eo;

276 697 358 752 lue
381 709 508 750 vero
529 693 760 750 exclusa:
785 703 929 749 sunt.
952 693 1075 748 Post
1107 693 1304 749 multos
1332 693 1563 758 labores,
1593 703 1713 763 post
1735 695 1858 748 inli-

275 790 415 841 nitos
453 785 700 847 sudores,
753 794 875 858 post
921 793 1192 840 certamen
1249 785 1379 842 illud
1420 784 1772 850 intolerabile,
1807 794 1864 841 et

273 891 470 950 tropea
495 894 619 951 quae
636 890 824 936 contra
852 877 1112 936 furentem
1149 891 1392 934 naturam
1419 892 1725 948 erexerant,
1755 898 1854 952 pu-

271 972 404 1025 dore
425 969 643 1026 snitum
662 985 782 1024 cum
805 971 1050 1025 extinctis
1074 969 1404 1039 lampadibus
1423 968 1656 1026 demisso
1683 973 1858 1041 capite

271 1063 614 1120 recedebant.
642 1061 782 1118 Nihil
799 1063 942 1117 enim
966 1061 1246 1117 obscurius
1266 1071 1346 1118 est
1370 1077 1529 1132 quam
1554 1065 1854 1134 virginitas,

270 1153 612 1225 eleemosyna
639 1167 832 1210 carens
855 1153 872 1186 ⁸
901 1169 916 1184 ·
945 1153 1022 1208 sic
1036 1153 1188 1208 multi
1215 1152 1386 1208 solent
1406 1154 1854 1211 tmmisericordes

270 1259 468 1300 vocare
509 1243 844 1299 tenebrosos.
889 1242 992 1299 Ubi
1049 1257 1176 1313 ergo
1220 1242 1538 1312 virginitatis
1564 1242 1772 1302 utilitas
1805 1247 1850 1312 ',

267 1333 484 1400 quando
510 1347 612 1390 nec
638 1347 894 1404 sponsum
913 1333 1127 1402 quidem
1153 1331 1418 1399 viderunt,
1450 1347 1551 1388 nec
1579 1333 1852 1402 pulsantes

267 1424 464 1495 aliquid
494 1425 864 1494 impetrarunt,
897 1422 989 1477 sed
1013 1423 1154 1478 illam
1183 1422 1471 1478 terribilem
1501 1423 1721 1478 audiere
1753 1440 1848 1479 vo-

267 1530 408 1582 cem,
445 1515 527 1569 l2.
551 1513 715 1576 Abite,
739 1515 904 1567 nescio
933 1512 1063 1566 vos?
1093 1511 1226 1566 Cum
1251 1519 1427 1566 autem
1461 1511 1549 1566 ille
1573 1513 1672 1568 hoc
1699 1513 1848 1569 dixe-

267 1605 354 1668 rit,
389 1604 521 1659 nihil
549 1603 690 1656 aliud
719 1617 879 1672 quam
902 1602 1143 1673 gehenna
1170 1601 1490 1672 relinquitur
1510 1613 1562 1656 et
1594 1603 1847 1658 intolera-

267 1697 376 1752 bile
393 1695 748 1766 supplicium;
777 1695 884 1748 imo
909 1693 1067 1749 etiam
1094 1691 1197 1748 hoc
1234 1692 1435 1746 dictum
1463 1692 1703 1762 gehcnna
1736 1694 1846 1764 ipsa

265 1789 481 1860 gravius
506 1797 606 1842 est.
631 1786 743 1842 Hoc
771 1785 931 1842 etiam
959 1785 1094 1844 dixit
1115 1785 1456 1855 operantibus
1481 1787 1842 1856 iniquitatem:

266 1880 356 1934 15.
397 1876 608 1950 Vigilate
634 1877 802 1947 itaque
825 1915 842 1941 ,
895 1875 1015 1944 quia
1055 1874 1254 1929 nescitis
1288 1874 1422 1928 diem
1461 1891 1620 1944 neque
1645 1875 1843 1929 horam.

265 1969 454 2024 Viden'
497 1983 652 2038 quam
684 1967 988 2035 frequenter
1019 1965 1114 2032 his.
1145 1965 1321 2020 verbis
1352 1966 1526 2028 finiat,
1559 1966 1846 2022 ostendens

263 2059 614 2136 ignorantiam
643 2059 815 2114 exitus
841 2073 904 2112 ex
944 2057 1044 2112 hac
1069 2057 1186 2110 vita.
1203 2057 1394 2110 utilem
1421 2057 1587 2111 esse?
1615 2057 1843 2112 Ubinam

261 2160 388 2204 sunt
419 2149 491 2202 illi
513 2163 610 2220 per
635 2157 797 2202 totam
823 2148 985 2201 vitam
1007 2145 1238 2209 desides,
1272 2147 1362 2216 qui
1387 2161 1510 2202 cum
1538 2147 1846 2202 incusantur

260 2257 290 2293 a
330 2239 485 2295 nobis
522 2239 744 2294 dicunt:
787 2237 1236 2306 Mortistempore
1277 2237 1458 2307 egenis
1511 2236 1844 2308 relinquam?

261 2331 494 2388 Audiant
521 2330 638 2386 lucc
665 2330 844 2396 verba,
876 2339 929 2384 et
948 2329 1316 2385 emendentur.
1351 2329 1482 2384 Nam
1515 2330 1567 2384 in
1598 2331 1689 2386 illo
1711 2339 1845 2384 tem-

261 2439 392 2494 pore
419 2423 564 2478 multi
589 2421 638 2478 id
657 2439 760 2477 non
787 2430 1090 2492 potuerunt,
1114 2421 1290 2477 subito
1313 2422 1550 2493 abrepti,
1575 2437 1672 2478 nec
1690 2423 1842 2493 quid-

259 2529 419 2582 quam
448 2513 558 2568 suis
591 2511 658 2568 de
705 2524 952 2580 suprema
1001 2511 1270 2566 voluntate
1311 2511 1549 2568 indicare
1596 2521 1837 2582 potuere.

259 2603 386 2658 llaec
415 2603 592 2677 itaque
613 2604 860 2672 parabola
896 2603 1036 2658 circa
1081 2603 1476 2675 eleemosynam
1507 2604 1648 2659 illam
1679 2619 1839 2674 pecu-

259 2695 481 2748 niariam
508 2693 649 2749 dicta
693 2703 812 2749 est:
843 2710 961 2764 qum
986 2704 1162 2748 autem
1193 2696 1330 2748 hanc
1358 2695 1618 2764 sequitur,
1651 2705 1837 2750 contra

257 2804 354 2843 eos
373 2788 461 2859 qui
482 2803 588 2844 non
614 2789 872 2858 pecuniis,
894 2803 1000 2843 non
1025 2788 1210 2848 verbo,
1241 2804 1344 2844 non
1373 2789 1694 2860 patrocinio,
1727 2801 1832 2842 non

255 2879 362 2932 alio
391 2879 638 2948 quopiam
669 2879 942 2948 proximos
963 2877 1152 2948 juvare
1183 2879 1390 2944 volunt,
1423 2878 1516 2933 sed
1538 2879 1714 2932 omnia
1739 2881 1840 2933 ab-

254 2969 542 3024 scondunt.
582 2967 693 3024 Cur
727 2976 906 3022 autem
939 2969 1054 3022 haec
1100 2969 1351 3038 parabola
1399 2983 1604 3038 regem,
1639 2983 1839 3038 prtece-

253 3059 391 3118 dens
455 3074 585 3114 vero
647 3073 900 3128 sponsum
950 3058 1199 3114 inducit?
1241 3058 1314 3115 Ut
1360 3061 1536 3134 discas
1584 3069 1850 3130 quantum.

253 3147 502 3202 Christus
528 3147 724 3203 luerent
749 3148 1040 3220 virginibus
1065 3189 1081 3214 ,
1111 3163 1230 3218 quae
1259 3162 1378 3202 sese
1403 3148 1557 3204 bonis
1585 3150 1696 3204 suis
1716 3163 1840 3219 spo-

254 3241 472 3294 liarunt.
529 3240 650 3294 llaec
691 3247 775 3294 est
821 3241 962 3294 enim
1005 3239 1296 3310 virginitas.
1347 3239 1680 3310 Quapropter
1703 3241 1840 3296 Pau-

254 3331 342 3386 lius
369 3329 502 3386 hanc
533 3332 682 3402 ponit
707 3331 786 3386 rei
819 3331 1181 3387 definitionem
1213 3350 1226 3385 :
1265 3331 1490 3401 lnuupta
1523 3333 1740 3387 sollicita
1763 3343 1838 3388 est

253 3424 316 3475 de
343 3422 407 3477 iis
431 3438 542 3492 quia
570 3423 762 3476 domini
786 3431 907 3477 sunt
929 3463 943 3488 ,
971 3433 1024 3476 ut
1050 3423 1114 3478 sit
1144 3423 1370 3476 modesta
1390 3464 1406 3489 ,
1430 3436 1671 3494 quantum
1698 3425 1838 3478 decet

250 3511 418 3577 illam,
461 3527 575 3582 qua
627 3511 840 3568 Domino
869 3512 1055 3566 assidet
1083 3524 1325 3583 perpetuo
1367 3512 1440 3583 (1.
1487 3513 1604 3568 Cor.
1641 3515 1690 3570 7.
1744 3516 1834 3570 54.

252 3603 324 3658 55
346 3604 386 3671 ).
435 3601 564 3660 Haec
591 3604 963 3669 admonemus,
1001 3605 1190 3676 inquit.
1219 3605 1369 3673 Quod
1397 3606 1440 3658 si
1468 3607 1606 3672 apud
1639 3607 1832 3662 Lucam

252 3692 272 3762 (
305 3691 434 3760 Cap.
466 3693 554 3749 19.
591 3695 676 3748 12.
706 3710 842 3764 seqq.
879 3693 900 3766 )
927 3693 1241 3749 talentorum
1273 3695 1518 3764 parabola
1539 3696 1644 3750 alio
1675 3697 1834 3752 modo

251 3793 514 3850 narratur,
550 3783 676 3838 illud
701 3783 1002 3850 dicendum,
1023 3785 1152 3840 alias
1181 3793 1234 3839 et
1263 3785 1500 3840 diversas
1525 3801 1643 3842 esse
1673 3803 1830 3856 para-

252 3874 422 3929 bolas.
453 3874 510 3929 ln
549 3875 638 3930 illa
684 3867 829 3932 enim.
848 3893 912 3932 ex
940 3892 1040 3930 una
1081 3891 1286 3932 summa
1311 3877 1504 3932 diversi
1537 3879 1682 3932 l'uere
1710 3895 1834 3948 pro-

246 3975 444 4020 ventus
475 3983 488 4018 :
519 3981 637 4021 nam
669 3983 734 4022 ex
765 3985 868 4022 una
900 3983 1025 4023 mna
1045 3969 1179 4022 alius
1206 3969 1460 4038 quinque,
1488 3969 1622 4025 alius
1647 3971 1831 4026 decem

249 4075 408 4114 muas
456 4059 779 4123 obtulerunt,
831 4059 1054 4131 ideoque
1093 4075 1198 4114 non
1251 4062 1436 4118 eadem
1485 4062 1656 4116 sortiti
1709 4073 1834 4118 sunt

249 4151 390 4204 dona
427 4168 438 4204 :
467 4149 554 4205 hic
579 4167 710 4206 vero
739 4160 927 4206 contra
952 4195 964 4214 ,
993 4151 1218 4220 ideoque
1259 4167 1416 4222 pares
1445 4167 1657 4208 coronae
1685 4163 1828 4208 sunt.

245 4241 382 4296 Nam
411 4247 465 4294 ut
498 4241 542 4296 is
568 4243 656 4312 qui
687 4241 792 4298 duo
819 4243 1044 4312 accepit,
1072 4242 1171 4296 alia
1189 4243 1296 4297 duo
1315 4243 1563 4309 reddidit,
1589 4244 1832 4300 similiter

243 4331 410 4386 etiam
441 4333 528 4400 qui
567 4332 802 4402 quinque
827 4333 1033 4400 accepit
1059 4348 1074 4386 :
1105 4332 1177 4388 ibi
1219 4348 1348 4388 vero
1376 4348 1442 4388 ex
1465 4334 1654 4390 eadem
1683 4344 1830 4390 sorte

248 4425 384 4477 alius
411 4425 687 4494 majorem,
721 4425 854 4479 alius
887 4427 1144 4479 minorem
1174 4436 1485 4494 proventum
1508 4427 1692 4482 habuit
1727 4447 1741 4484 :
1771 4429 1824 4483 in

247 4513 482 4582 prmmiis
501 4529 708 4584 quoque
723 4517 844 4582 jure
870 4530 973 4568 non
998 4531 1091 4584 par
1111 4515 1212 4569 crit
1239 4530 1466 4572 merces.
1497 4515 1630 4572 Vide
1650 4529 1826 4572 autent

251 4605 399 4657 illum
428 4605 621 4674 ubique
651 4621 756 4660 non
799 4607 976 4662 statim
1003 4609 1237 4678 exigere.
1281 4607 1414 4662 Nam
1447 4611 1654 4664 vineam
1681 4611 1828 4667 dedit

246 4697 514 4766 agricolis,
562 4707 615 4753 et
653 4713 878 4769 peregre
912 4700 1182 4770 prolectus
1205 4708 1319 4764 est;
1363 4700 1444 4756 sic
1484 4711 1538 4754 et
1571 4701 1672 4756 hoc
1709 4703 1827 4758 loco

246 4787 364 4844 haec
385 4788 673 4856 commisit,
703 4799 756 4845 et
781 4791 1144 4862 peregrinatus
1159 4802 1238 4846 est
1261 4834 1274 4856 ,
1303 4802 1360 4846 ut
1387 4793 1560 4848 discas
1581 4809 1823 4864 magnam

245 4878 366 4947 ejus
395 4879 722 4948 patientiam.
771 4879 898 4934 Mihi
946 4889 1122 4935 autem
1151 4881 1386 4936 videtur'
1405 4882 1518 4938 hmo
1547 4883 1742 4949 dicere,
1769 4894 1827 4940 ut

243 4966 694 5025 resurrectionem
721 4971 1040 5028 subindicet.
1075 4973 1270 5027 Verum
1297 4975 1400 5029 "hic.
1429 4991 1534 5029 non
1579 4977 1824 5045 agricola:

239 5070 297 5116 et
323 5061 497 5125 vinea,
539 5062 632 5116 sed
659 5078 846 5116 omnes
875 5065 1103 5132 eperarii
1135 5075 1279 5120 sunt.
1310 5066 1422 5119 Non
1451 5067 1592 5119 enim
1623 5068 1822 5136 princi-

239 5165 337 5218 pes
365 5159 604 5218 tantum,
624 5167 723 5208 nec
741 5151 954 5208 Judatos
973 5195 989 5219 ,
1020 5153 1116 5208 sed
1140 5169 1324 5210 omnes
1353 5156 1650 5226 alloquitur.
1683 5157 1825 5212 Olfeo

238 5252 436 5309 rentes,
471 5253 648 5297 autem
679 5246 906 5315 ingenue
963 5245 1195 5301 fatentur
1233 5255 1288 5301 et
1332 5262 1450 5320 quae
1490 5262 1584 5303 sua
1624 5256 1678 5301 et
1706 5263 1824 5316 quat

240 5329 453 5385 Domini
481 5343 624 5386 sunt.
652 5333 905 5404 Aliusque
925 5334 1077 5402 dicit,
1107 5335 1196 5390 20.
1227 5336 1462 5401 Domine,
1493 5337 1709 5408 quinque
1735 5347 1816 5390 ta-

237 5421 378 5473 lenta
417 5421 672 5476 tradidisti
701 5425 826 5478 mihi
847 5441 867 5489 ;
895 5425 1030 5481 alius
1061 5469 1076 5492 ,
1101 5429 1214 5483 Duo
1241 5445 1253 5478 :
1289 5436 1646 5483 monstrantes
1671 5443 1728 5483 se
1755 5429 1822 5484 ab

234 5511 332 5566 illo
389 5515 716 5582 operationis
763 5517 1099 5572 occasionem
1153 5519 1442 5589 accepisse,
1493 5521 1824 5590 multamque

188 5659 208 5705 χι
301 5645 322 5679 ι
347 5643 459 5705 Ald,
481 5645 588 5696 oleo
609 5657 800 5698 carens.

302 5707 449 5758 ‘Mii
472 5707 678 5764 habent,
701 5711 880 5774 gloria,
909 5723 1014 5774 pro,
1033 5713 1234 5768 utilitas.

1165 297 1230 356 IN
1269 294 1674 354 ΜᾹΤΤΙῙᾸΞΟΜ
1713 293 1940 350 1103111..
1982 296 2258 352 LXXVIII.
2300 299 2370 354 al.
2413 299 2648 360 LXXIX.

3447 310 3548 366 ’ΤΗ

1966 410 2064 480 ipsi
2088 414 2310 484 gratiam
2336 415 2552 482 habere,
2578 427 2632 472 et
2656 426 2819 473 totum
2848 421 2946 488 ipsi
2993 431 3258 492 l'OP’lIIﬂI'C'.
3289 423 3424 490 Quid
3453 425 3556 493 igi-

1967 513 2052 555 tur
2087 503 2372 560 dominus?
2394 507 2484 585 2i.
2509 507 2671 577 Euge,
2701 527 2838 564 serra
2857 513 3002 578 banc,
3035 515 3205 584 inquit
3227 514 3379 585 (illud
3411 516 3553 570 enim

1965 592 2088 648 boni
2115 595 2215 648 viri
2244 605 2344 662 est,
2389 582 2595 666 ecqua:
2625 601 2854 668 proximi
2881 615 3001 657 sunt
3031 607 3298 674 respicere
3321 607 3340 676 )
3367 647 3384 672 ,
3417 607 3552 672 et/i-

1967 683 2094 737 delia
2123 700 2143 739 :
2171 701 2322 756 super
2349 704 2512 756 pauca
2531 690 2672 757 fuisti
2700 692 2886 760 fidelis,
2919 709 3073 765 super
3095 697 3255 748 multa
3285 705 3330 749 te
3357 697 3553 750 consti-

1961 783 2132 840 tuam;
2162 776 2296 829 intra
2324 777 2375 831 in
2395 779 2639 849 gaudium
2666 781 2858 836 domini
2879 785 2970 839 tui.
3002 783 3227 841 Omnem
3265 784 3552 842 beatitudi-

1962 881 2084 920 nem
2107 883 2202 936 per
2231 868 2330 923 hoc
2355 870 2554 924 dictum
2569 874 2820 930 ostendit.
2840 877 2907 929 At
2936 891 3038 930 non
3055 877 3142 932 ille
3163 879 3258 945 sic,
3281 879 3374 934 sed
3410 895 3552 952 quo.

1960 957 2156 1011 modo?
2181 957 2270 1014 21.
2300 960 2531 1014 Sciebam
2552 964 2674 1034 quia
2699 964 2848 1018 homo
2873 977 3103 1022 austems
3133 986 3204 1036 es,
3249 979 3439 1025 metens
3464 972 3548 1025 ubi
3575 992 3582 998 ·

1959 1065 2058 1103 non
2089 1052 2364 1115 seminasti,
2401 1063 2446 1107 et
2477 1071 2788 1128 congregans
2814 1057 2900 1111 ubi
2945 1076 3044 1112 non
3076 1063 3306 1128 sparsisti
3330 1079 3349 1117 τ
3369 1063 3460 1120 9.5.
3495 1073 3544 1118 et

1958 1141 2136 1195 timens
2159 1142 2398 1196 abscondi
2428 1145 2670 1199 talentum
2701 1157 2858 1200 tuum.
2896 1147 3025 1202 Ecce
3055 1150 3205 1204 habes
3231 1155 3368 1222 quod
3403 1164 3544 1208 tuum

1957 1243 2048 1288 est.
2069 1235 2204 1302 Quid
2235 1251 2362 1305 ergo
2388 1236 2678 1292 dominus?
2702 1238 2793 1294 ‘36.
2842 1239 2996 1295 Scire
3021 1258 3254 1311 nequam,
3285 1254 3544 1315 oportebat

1954 1333 2002 1378 te
2046 1325 2294 1396 deponere
2345 1338 2607 1398 argentum
2658 1347 2821 1384 meum
2866 1333 3215 1388 mtumtniariis
3267 1349 3286 1388 .'
3329 1334 3382 1390 id
3435 1349 3538 1400 est,
3577 1345 3586 1354 '

1953 1412 2199 1484 Oportuit
2225 1425 2278 1472 te
2321 1420 2614 1484 monuisse,
2651 1421 3004 1476 consuluisse.
3055 1421 3158 1477 Sed
3201 1439 3304 1478 non
3334 1424 3541 1480 obtem-

1953 1507 2180 1574 perant?
2207 1507 2348 1561 Nihil
2373 1508 2472 1562 hoc
2497 1509 2562 1562 ad
2586 1519 2654 1564 te.
2681 1510 2815 1578 Quid
2847 1511 2935 1565 illo
2963 1515 3332 1568 mansuetius?

2023 1597 2077 1650 5.
2110 1597 2364 1652 Homines
2391 1607 2536 1654 certe
2564 1597 2666 1654 hoc
2695 1617 2799 1655 non
2831 1601 3060 1669 facium,
3093 1604 3186 1658 sed
3215 1605 3284 1659 ab
3309 1606 3426 1676 ipso
3453 1610 3541 1677 qui

1951 1685 2140 1741 fmnori
2170 1686 2348 1767 dedit,
2383 1689 2629 1759 exigendi
2671 1691 2904 1746 officium
2945 1704 3218 1764 expetunt.
3258 1694 3380 1767 ipse
3415 1711 3544 1754 vero
3588 1695 3590 1698 ’

1950 1791 2056 1830 non
2087 1779 2164 1831 sic
2209 1795 2224 1836 ;
2270 1765 2400 1843 sed,
2449 1779 2527 1834 Te
2571 1783 2850 1850 oportebat
2897 1782 3197 1852 deponere,
3243 1785 3448 1856 inquit,
3488 1799 3541 1842 et

1948 1871 2277 1923 exactionem
2319 1871 2444 1924 mihi
2490 1873 2812 1941 relinquere.
2862 1873 2930 1927 Et
2966 1890 3066 1944 ego
3101 1890 3221 1930 cum
3254 1893 3412 1932 usura
3443 1895 3540 1933 ex.

1949 1958 2174 2027 egissem
2197 1975 2211 2022 ;
2241 1973 2454 2014 usuram
2482 1962 2755 2017 concionis
2785 1963 2902 2018 sive
2923 1965 3135 2020 auditus
3156 1981 3353 2023 vocans
3375 1985 3538 2039 Opera

1953 2048 2066 2118 ipsa
2097 2049 2352 2103 exhibita.
2381 2051 2458 2105 Te
2483 2053 2715 2121 oportuit
2744 2053 2794 2107 id
2821 2053 2960 2122 quod
2990 2054 3196 2111 facilius
3222 2066 3335 2112 erat
3357 2073 3536 2129 agere,

1947 2140 2186 2211 mihique
2213 2142 2352 2210 quod
2383 2152 2497 2198 erat
2537 2143 2802 2199 difficilius
2844 2146 3164 2216 relinquere.
3205 2149 3336 2216 Quia
3379 2153 3538 2222 igitur

1947 2229 2048 2286 hoc
2076 2248 2180 2286 non
2211 2233 2368 2300 fecit,
2400 2235 2499 2301 ait,
2531 2235 2620 2291 28.
2650 2237 2875 2308 Accipite
2899 2239 2960 2293 ab
2985 2255 3042 2293 eo
3071 2240 3330 2309 talentum,
3355 2253 3400 2298 et
3421 2244 3538 2299 date

1944 2322 1991 2376 ei
2016 2324 2102 2392 qui
2129 2323 2300 2378 decent
2329 2327 2515 2380 talenta
2541 2327 2707 2380 habet.
2748 2329 2840 2383 29.
2874 2327 3015 2382 Nam
3043 2335 3182 2385 omni
3211 2333 3414 2388 habenti
3438 2337 3534 2390 da-

1944 2412 2096 2480 bitur,
2121 2421 2168 2467 et
2197 2414 2500 2480 abundabit;
2530 2417 2592 2470 ab
2621 2433 2677 2471 eo
2703 2428 2870 2472 autem
2893 2421 2978 2490 qui
3007 2436 3107 2474 non
3133 2423 3298 2488 habet,
3325 2433 3373 2478 et
3400 2427 3561 2495 quod.

1943 2503 2122 2557 liabet'
2149 2509 2410 2575 auferetur
2425 2505 2487 2558 ab
2513 2522 2593 2560 eo.
2620 2505 2755 2573 Quid
2782 2518 2962 2564 autem
2996 2511 3094 2565 hoc
3123 2513 3416 2582 significat?
3437 2515 3538 2584 Qui

1941 2597 2162 2665 gratiam
2186 2596 2334 2650 verbi
2363 2604 2418 2651 et
2445 2597 2704 2652 doctrina:
2728 2599 2794 2652 ad
2823 2599 3102 2655 utilitatem
3127 2603 3352 2658 aliorum
3381 2619 3537 2661 acce-

1943 2689 2052 2756 pit,
2101 2703 2199 2742 nec
2237 2687 2323 2742 illa
2363 2703 2491 2742 usus
2521 2697 2636 2753 est,
2680 2691 2902 2758 gratiam
2945 2689 3113 2760 ipsam
3161 2692 3344 2760 perdet
3389 2713 3404 2748 :
3443 2697 3559 2766 qui.

1939 2785 2116 2832 autem
2161 2777 2394 2832 studium
2435 2793 2586 2834 suum
2627 2780 2902 2846 adhibuit,
2948 2781 3120 2848 majus
3161 2783 3262 2839 sibi
3298 2789 3534 2843 attrahat

1939 2867 2168 2936 donum;
2199 2883 2319 2925 cum
2361 2882 2545 2925 contra
2587 2871 2676 2926 ille
2715 2873 2855 2942 quod
2897 2885 3180 2944 acceperat
3222 2878 3558 2947 perdiderit..

1943 2959 2138 3014 Verum
2166 2960 2340 3016 otioso
2371 2976 2475 3016 non
2508 2961 2559 3016 id
2585 2963 2756 3018 solum
2789 2962 2970 3017 damni
2993 2965 3124 3027 fuit,
3154 2967 3247 3020 sed
3278 2968 3546 3025 itttolera-.

1941 3049 2046 3105 bile
2075 3051 2394 3120 supplicium
2415 3093 2430 3119 ,
2463 3061 2517 3108 et
2545 3068 2665 3108 cum
2697 3055 2956 3124 supplicio
2982 3059 3243 3112 sententia
3273 3061 3533 3114 crimioa-

1941 3143 2102 3198 tionis
2131 3143 2304 3212 plena.
2339 3144 2428 3199 30.
2465 3143 2708 3198 Inutilent
2735 3162 2956 3212 seruant,
2991 3149 3191 3218 inquit,
3219 3152 3451 3222 projicite
3477 3155 3550 3206 in.

1941 3233 2166 3288 tenebras
2203 3233 2507 3300 exteriores;
2548 3234 2618 3290 ibi
2659 3237 2752 3289 erit
2791 3239 2938 3306 fletus
2973 3248 3021 3294 et
3061 3240 3248 3296 stridor
3286 3242 3530 3300 dentiant.

1942 3322 2128 3378 Viden‘
2153 3325 2420 3396 quomodo
2449 3341 2556 3381 non
2583 3327 2754 3382 solum
2793 3338 2974 3400 raptor
3009 3340 3058 3386 et
3102 3333 3192 3402 qui
3231 3335 3370 3388 mala
3402 3351 3530 3406 per-

1942 3425 2150 3484 petrat,
2179 3417 2273 3472 sed
2312 3418 2472 3474 etiam
2513 3421 2557 3473 is
2591 3421 2680 3489 qui
2711 3421 2846 3476 boiia
2895 3437 2996 3478 non
3038 3437 3311 3494 Oper-stur,
3350 3439 3534 3485 extre-

1938 3523 2082 3562 mum
2113 3509 2428 3578 supplicium
2467 3511 2609 3564 luat?
2637 3513 2931 3570 Audiamus
2969 3517 3128 3586 igitur
3167 3518 3284 3575 inec
3323 3523 3526 3587 verba;

1939 3598 2064 3653 dum
2095 3607 2301 3670 tempus
2328 3611 2441 3664 est,
2475 3611 2714 3657 nostram
2743 3619 3048 3662 asset-anius
3090 3609 3312 3666 salutem
3335 3653 3352 3679 ,
3375 3613 3534 3668 secis

1941 3693 2147 3760 piamus
2175 3693 2352 3748 oleum
2380 3694 2432 3748 in
2459 3695 2791 3764 lampadibus
2810 3739 2824 3764 ,
2857 3699 3114 3754 talentum
3142 3701 3209 3755 ad
3239 3701 3414 3759 lienus
3436 3705 3534 3760 de-

1939 3799 2056 3836 mus
2089 3803 2103 3838 :
2134 3785 2178 3838 si
2207 3785 2348 3840 enim
2379 3785 2467 3840 hic
2492 3787 2648 3840 otiosi
2674 3796 2728 3842 et
2757 3789 2887 3857 pigri
2919 3789 3205 3856 fuerimus,
3239 3808 3398 3850 nemo
3431 3810 3528 3850 no-

1937 3874 2031 3926 stri
2062 3873 2170 3928 illic
2201 3875 2561 3937 miserebitur,
2589 3877 2797 3931 etiamsi
2825 3879 3018 3933 millies
3045 3879 3308 3952 lacrymas
3337 3881 3524 3938 funda-

1936 3979 2075 4018 mus.
2121 3962 2366 4033 Seipsum
2413 3964 2686 4020 damnavit
2733 3968 2894 4022 etiam
2936 3969 2980 4022 is
3021 3971 3110 4040 qui
3153 3972 3364 4028 sordida
3409 3984 3526 4031 erat

1935 4066 2098 4119 veste,
2132 4063 2185 4109 et
2207 4055 2340 4110 nihil
2369 4057 2573 4128 accepit
2597 4057 2859 4113 utilitatis.
2889 4059 3144 4116 Reddidit
3171 4063 3256 4118 hic
3276 4068 3541 4124 commis-s

1937 4159 2053 4199 sum
2083 4145 2183 4200 sibi
2213 4146 2471 4200 talentum
2492 4189 2506 4214 ,
2543 4157 2598 4203 et
2636 4148 2712 4203 sic
2740 4149 3020 4206 damnatus
3053 4162 3154 4208 est.
3182 4154 3544 4226 Rogaverunt:

1936 4236 2062 4290 item
2101 4237 2368 4308 virgines,
2415 4251 2790 4306 accesserunt,
2840 4243 3150 4311 pulsarunt;
3191 4246 3285 4301 sed
3331 4245 3528 4305 frustra

1934 4333 1991 4381 et
2015 4327 2281 4382 incassum
2310 4329 2512 4382 omnia.
2537 4331 2802 4402 Hacergo
2823 4346 2941 4386 cum
2965 4334 3217 4405 sciamus,
3247 4339 3523 4406 pecunias,

1934 4419 2165 4474 studium
2182 4461 2198 4487 ,
2227 4423 2579 4490 patrocinium
2603 4433 2658 4478 et
2679 4427 2857 4482 omnia
2887 4425 3176 4482 oﬂeramus
3201 4428 3266 4482 ad
3291 4429 3525 4498 proximi-

1937 4511 2234 4566 utilitatcm.
2284 4512 2506 4568 Talenta
2551 4515 2693 4568 enim
2741 4515 2828 4570 hie
2865 4525 3140 4582 vomuntur,
3173 4534 3290 4588 qua
3333 4521 3390 4575 in
3431 4535 3524 4576 cn-

1927 4603 2122 4672 jusque
2157 4611 2418 4671 potestate
2447 4615 2599 4666 sunt,
2641 4607 2754 4660 sive
2791 4607 3173 4674 patrocinium,
3203 4608 3314 4663 sive
3351 4623 3519 4678 pecu-

1936 4694 2036 4747 niae
2055 4735 2070 4758 ,
2111 4695 2223 4748 sive
2251 4694 2490 4748 doctrina
2511 4735 2528 4761 ,
2561 4695 2674 4750 sive
2699 4695 2844 4750 aliud
2873 4697 3154 4766 quidquam
3192 4697 3522 4769 hujusmodi.

1932 4781 2099 4838 Nemo
2129 4785 2306 4852 itaque
2331 4784 2505 4849 dicat,
2535 4783 2708 4840 Unum
2741 4785 2910 4840 habeo
2947 4787 3234 4856 talentum,
3279 4790 3520 4860 nihilque

1933 4890 2148 4943 possum
2185 4875 2376 4929 facere.
2409 4875 2568 4930 Potes
2597 4877 2738 4932 enim
2775 4891 2896 4932 cum
2926 4894 3032 4932 uno
3065 4895 3178 4936 rem
3220 4881 3383 4949 Irobe
3419 4899 3518 4952 εει·

1933 4982 2070 5020 rere.
2110 4967 2288 5038 Neque
2331 4969 2471 5022 enim
2505 4983 2563 5024 es
2589 4969 2742 5023 vidua
2775 4970 2858 5024 illa
2889 4972 3186 5040 murtei-for,
3219 4989 3324 5028 non
3357 4975 3518 5032 Petro

1931 5065 1985 5111 et
2013 5056 2218 5112 Joanne
2253 5059 2458 5123 rudior,
2500 5059 2589 5128 qui
2626 5059 2800 5113 idiota:
2827 5071 2880 5114 et
2912 5059 3139 5113 illiterttti
3166 5073 3340 5118 erant.
3373 5066 3524 5120 Atta-

1931 5163 2052 5202 men
2080 5149 2204 5218 quia
2239 5149 2470 5202 studimn
2502 5163 2657 5202 suum
2697 5149 3088 5214 cxiiihucrunt,
3131 5155 3415 5224 omniaque
3451 5157 3518 5210 ad

1931 5254 2266 5294 communem
2315 5239 2556 5297 iecerunt
2594 5227 3088 5308 utilitatetnfcaelo
3127 5241 3326 5310 dignati
3372 5253 3518 5298 sunt.

1877 5346 1882 5350 δ
1929 5331 2066 5386 Nihil
2087 5332 2230 5387 enim
2264 5333 2332 5384 ita
2369 5332 2476 5386 Deo
2493 5343 2701 5402 gratum
2725 5341 2826 5394 est,
2859 5333 2982 5387 utsi
3005 5334 3165 5386 vitam
3187 5334 3251 5388 ad
3275 5349 3517 5390 comnm-

1930 5438 2047 5475 nem
2071 5421 2349 5475 utilitatem
2371 5420 2590 5478 ducas'.
2617 5423 2741 5476 Ideo
2761 5423 3010 5492 loquendi
3042 5423 3343 5479 facultatem
3367 5426 3518 5484 nobis

1993 5595 2008 5625 ι
2036 5593 2090 5642 In
2124 5591 2284 5644 Morel.
2311 5599 2363 5642 et
2395 5593 2562 5656 paucis
2601 5600 2706 5643 Mss.
2733 5592 2932 5656 legitur,
2964 5599 3011 5644 et
3047 5595 3174 5657 quod
3217 5594 3394 5648 habere
3437 5596 3506 5649 1-i-

1929 5655 2148 5776 deiujl'lii,
2173 5720 2222 5764 at
2246 5713 2286 5764 si
2309 5713 2569 5770 counnunis
2593 5722 2840 5778 qmcratur
2865 5714 3047 5767 utilitas
