4076 6142
544 307 652 367 715

543 418 693 477 dedit
722 420 882 481 Dens,
914 434 1131 485 manus,
1159 419 1341 488 pedes,
1379 420 1540 473 robur
1567 417 1826 487 corporis,
1859 423 2091 471 mentem
2115 453 2129 478 ,

548 512 950 583 intelligentiam
968 552 985 579 ,
1013 520 1071 565 ut
1091 510 1175 565 bis
1200 512 1447 566 omnibus
1468 522 1521 565 et
1547 510 1612 564 ad
1644 509 1868 564 salutem
1896 515 2133 560 nostram

546 614 601 660 et
625 603 692 658 ad
719 604 945 658 aliorum
977 602 1261 657 utilitatem
1290 613 1521 656 utamur.
1551 596 1783 671 Loqnela
1811 601 1952 654 enim
1981 597 2135 651 nobis

492 742 494 745 ,
545 710 649 751 non
677 694 742 749 ad
772 694 999 766 hymnos
1034 694 1382 749 celebrandas
1418 704 1467 747 et
1495 694 1692 762 gratias
1722 685 2020 745 reddendas
2051 703 2138 742 so-

546 788 653 842 lum
683 787 806 842 data
835 797 950 853 est,
978 786 1071 841 sed
1103 787 1263 841 etiam
1296 787 1361 840 ad
1388 786 1686 839 doctrinam
1718 783 1860 837 utilis
1886 791 1967 836 est
1991 791 2043 835 et
2068 778 2133 832 ad

543 879 980 934 admonitionem.
1023 878 1087 932 Et
1124 880 1168 933 si
1203 871 1275 932 ad"
1311 872 1414 931 hoc
1455 872 1541 931 illa
1577 885 1811 941 utamur,
1856 872 2134 927 Dominum

547 975 853 1039 imitamur;
884 972 930 1028 si
962 985 1094 1027 vero
1121 970 1190 1025 ad
1226 971 1522 1035 contraria,
1563 968 1852 1023 diabolum.
1884 963 2139 1034 Quandoa

545 1065 761 1138 quidem
787 1075 841 1120 et
870 1065 1062 1120 Petrus
1087 1078 1208 1121 cum
1231 1062 1502 1116 Christum
1524 1061 1796 1114 confessus
1822 1068 1924 1121 est,
1953 1055 2139 1110 beatus

544 1159 863 1228 praedicatus
907 1156 1041 1223 fuit,
1087 1164 1147 1209 ut
1181 1155 1270 1224 qui
1309 1170 1338 1207 a
1381 1154 1533 1207 Patre
1563 1150 1750 1206 ductus
1786 1146 2089 1219 loqueretur
2121 1164 2133 1199 :

544 1264 665 1305 cam
694 1262 823 1304 vero
851 1262 1066 1303 erucem
1096 1243 1348 1300 horrebat
1386 1252 1440 1300 et
1469 1239 1791 1313 repellebat,
1837 1242 2139 1311 increpatus

546 1352 632 1395 est
657 1341 1028 1404 vehementer,
1060 1348 1116 1394 ut
1142 1339 1230 1408 qui
1259 1353 1318 1392 ea
1347 1352 1465 1407 qua:
1495 1330 1698 1390 diaboli
1726 1343 1877 1390 erant
1904 1340 2134 1403 saperet.

546 1432 604 1488 Si
648 1447 776 1502 ergo
816 1431 903 1486 ubi
944 1446 1009 1485 ex
1050 1429 1344 1501 ignorantia
1386 1428 1716 1497 loquebatur,
1763 1436 1865 1479 tam
1904 1424 2139 1494 graviter

547 1525 909 1596 reprehensus
935 1534 1018 1579 est
1050 1541 1063 1577 :
1096 1523 1309 1594 quando
1353 1522 1579 1576 libenter
1619 1516 1782 1574 multa
1826 1530 2133 1589 peccamus,

544 1615 1038 1687 quamhabebimus
1103 1614 1314 1672 veniam
1350 1612 1421 1666 ‘?
1483 1611 1631 1669 Talia
1684 1611 1840 1682 igitur
1858 1608 2138 1678 loquamur

544 1719 604 1762 ut
647 1709 771 1762 hinc
800 1707 995 1762 Christi
1037 1722 1154 1760 esse
1195 1706 1353 1758 verba
1396 1703 1564 1771 palam
1611 1701 1698 1756 sit.
1748 1700 1863 1755 Non
1907 1699 2046 1753 enim
2091 1694 2135 1749 si

544 1799 753 1866 dixero,
779 1800 946 1869 Surge
960 1808 1009 1853 et.
1026 1798 1231 1851 ambula
1252 1796 1459 1867 (Matth.
1480 1794 1534 1850 9.
1558 1793 1637 1864 5),
1663 1808 1836 1863 neque
1863 1793 1906 1846 si
1927 1791 2130 1853 dixero,

543 1885 797 1943 Thabitha
814 1930 832 1955 ,
860 1904 1008 1959 surge
1033 1886 1181 1958 (Act.
1203 1887 1256 1942 9.
1277 1884 1389 1956 40),
1416 1895 1538 1939 tunc
1560 1883 1732 1938 solum
1754 1881 1948 1937 Christi
1976 1878 2135 1934 verba

543 1984 769 2054 loquor;
801 1983 892 2036 sed
926 1982 1094 2035 multo
1125 1980 1290 2050 magis
1320 1979 1364 2032 si
1395 1978 1649 2032 conviciis
1675 1976 1943 2044 impetitus
1975 1973 2134 2026 bene—

545 2076 718 2131 dicam
741 2118 756 2141 ,
797 2074 889 2130 vel
905 2075 947 2128 si
975 2074 1154 2135 hesus,
1190 2088 1377 2142 precer
1406 2086 1500 2139 pro
1521 2069 1761 2124 laedente.
1788 2067 1966 2137 Nuper
1991 2076 2138 2121 certe

545 2167 787 2223 dicebam
810 2207 827 2233 ,
860 2167 1093 2236 linguam
1124 2175 1360 2219 nostram
1392 2178 1512 2218 esse
1541 2178 1781 2225 manum,
1816 2176 1935 2230 qua:
1976 2157 2136 2227 pedes

547 2260 647 2315 Dei
681 2259 900 2328 attingat
938 2275 951 2311 :
981 2272 1119 2311 nunc
1147 2271 1274 2310 vero
1302 2255 1417 2324 plus
1443 2254 1594 2320 dico,
1634 2254 1863 2322 linguam
1900 2262 2136 2304 nostram

546 2351 741 2407 Christi
775 2350 1005 2419 linguam
1036 2348 1265 2413 imitari,
1297 2347 1341 2401 si
1367 2347 1649 2416 diligenter
1669 2345 1878 2398 studeat
1901 2359 1959 2397 ca
1977 2383 1991 2406 ,
2019 2357 2137 2412 qua:

547 2446 661 2516 ipse
687 2461 783 2500 nos
811 2446 958 2511 vult,
991 2444 1156 2513 loqui.
1196 2442 1325 2510 Quae
1356 2456 1485 2497 vero
1511 2450 1635 2496 sunt
1664 2439 1791 2495 illa?
1819 2438 1989 2493 Verba
2019 2453 2135 2490 mo-

548 2537 735 2592 destia:
777 2534 1307 2603 mansuetudinisqne
1338 2534 1489 2602 plena
1511 2572 1535 2598 ,.
1559 2541 1616 2585 ut
1654 2531 1766 2600 ipse
1805 2529 2135 2599 loquebatur,

548 2628 731 2683 dicens
765 2628 828 2681 iis
853 2627 941 2697 qui
972 2625 1290 2681 contumelia
1324 2625 1494 2692 ipsum
1526 2622 1861 2684 al'liciebant,
1892 2619 2003 2691 Ego
2030 2620 2137 2673 da:-

547 2719 770 2772 monittm
794 2733 894 2770 non
917 2716 1074 2771 habeo
1096 2713 1273 2786 (Joarr.
1291 2714 1343 2770 8.
1368 2714 1481 2786 49);
1507 2723 1561 2768 et
1584 2728 1788 2790 rursus,
1812 2712 1874 2767 Si
1896 2711 2028 2764 male
2056 2711 2137 2765 lo-

547 2822 732 2881 quutus
748 2825 880 2874 sum,
909 2808 1245 2862 testimonium
1262 2807 1460 2876 perhibe
1479 2805 1541 2859 de
1565 2806 1701 2858 malo
1726 2803 1887 2874 (Ibid.
1914 2804 2000 2859 18.
2017 2803 2134 2876 25);

547 2901 917 2970 discipuloque
937 2913 997 2955 se
1020 2898 1267 2964 tradenti,
1291 2898 1484 2963 Amice,
1503 2898 1569 2949 ad
1588 2897 1711 2967 quid
1731 2896 1904 2950 venisti
1921 2895 2133 2967 (Matth.

547 2993 637 3048 26.
669 2993 800 3064 50)?
821 2994 874 3047 Si
899 3004 952 3046 tu
974 2993 1051 3046 sic
1074 2990 1326 3060 loquaris,
1349 2989 1393 3043 si
1414 2989 1479 3042 ad
1500 2987 1923 3044 emendationem
1954 2986 2140 3056 proxi-

548 3085 622 3139 mi
643 3128 656 3150 ,
691 3085 921 3154 linguam
952 3083 1116 3137 habes
1147 3081 1219 3135 illi
1250 3080 1498 3135 similem.
1530 3079 1653 3134 Haec
1680 3080 1792 3148 ipse
1816 3079 1952 3134 Deus
1973 3077 2135 3132 dicit:

552 3176 652 3239 Qui
682 3175 845 3227 educit
884 3174 1153 3242 pretiosum
1183 3188 1212 3222 α
1244 3171 1358 3236 vili,
1400 3170 1528 3225 sicut
1567 3185 1623 3222 os
1664 3186 1829 3223 meum
1866 3168 1957 3221 erit
1988 3166 2135 3236 (.ler.

552 3263 797 3336 £5.19).
826 3264 960 3319 Cum
991 3277 1118 3333 ergo
1160 3262 1336 3332 lingua
1372 3271 1460 3316 tua
1497 3261 1689 3329 lingtue
1717 3259 1913 3313 Christi
1948 3258 2140 3314 similis

554 3356 739 3420 luerit,
770 3364 825 3409 et
851 3369 913 3409 os
944 3362 1088 3407 tuum
1122 3353 1256 3407 sicut
1279 3367 1341 3406 os
1380 3352 1570 3415 Patris,
1610 3359 1664 3405 et
1704 3349 1929 3417 Spiritus
1969 3349 2137 3402 sancti

555 3448 808 3517 templum
837 3446 1028 3521 fueris,
1053 3445 1172 3515 quis
1195 3445 1362 3499 honor
1391 3444 1511 3497 huic
1538 3458 1632 3512 par
1652 3457 1771 3497 esse
1799 3442 1998 3511 possit?
2022 3441 2137 3495 Non

554 3541 606 3596 si-
635 3555 702 3595 ex
736 3553 869 3592 auro
899 3537 1095 3591 laetum
1135 3550 1198 3590 os
1227 3536 1483 3599 haberes,
1533 3550 1637 3589 non
1682 3534 1725 3588 si
1771 3550 1835 3588 ex
1877 3533 2140 3604 lapidibus

553 3632 833 3704 pretiosis,
857 3632 927 3685 ita
955 3628 1198 3699 fulgeret,
1229 3637 1285 3682 ut
1317 3643 1438 3682 cum
1477 3626 1747 3682 modestia:
1780 3635 1967 3681 ornatu
2007 3640 2138 3681 eon—

552 3727 794 3796 spieuum
816 3734 916 3779 est.
934 3722 1069 3791 Quid
1086 3723 1233 3778 enim
1245 3721 1526 3791 optabilius
1549 3736 1644 3775 ore
1663 3720 1804 3790 quod
1826 3721 1994 3775 nescit
2014 3735 2140 3774 con-

555 3816 801 3871 tumelias
827 3814 1088 3885 prolerre,
1110 3813 1204 3870 sed
1227 3813 1542 3868 benedicere
1556 3812 1726 3868 solum
1748 3811 1961 3867 studet?
1988 3812 2139 3879 Quod

555 3911 599 3964 si
633 3926 747 3964 non
785 3918 938 3978 potes
967 3907 1283 3963 benedicere
1322 3905 1686 3969 maledicenti,
1712 3913 1832 3967 tace
1878 3923 1890 3957 :
1934 3902 2141 3973 hocque

554 4001 767 4057 interim
801 3999 981 4064 facito,
1012 3998 1342 4067 ulteriusque
1368 4011 1699 4067 progressus,
1727 3996 1773 4052 si
1794 4004 1852 4050 ut
1867 3994 2020 4050 decet
2045 4009 2139 4048 co-

488 4154 499 4163 ,
557 4092 720 4151 neris.
740 4091 804 4145 ad
824 4090 949 4145 illud
970 4090 1267 4158 pervenies,
1297 4097 1351 4143 et
1378 4104 1438 4143 os
1468 4088 1685 4143 habebis
1708 4089 1863 4157 quale
1883 4087 2138 4140 diximus.

626 4187 687 4240 4.
712 4183 982 4239 Dominica
996 4199 1115 4236 caro
1134 4185 1187 4236 in
1210 4181 1551 4235 Eucharistia.
1577 4180 1760 4235 Christi
1778 4181 2010 4244 imitatio,
2036 4195 2144 4231 mo-

557 4276 847 4345 deratioque
867 4282 912 4328 et
929 4273 1173 4327 modestia
1187 4268 1774 4325 contmendantur.-—Ne
1791 4278 1940 4339 putes
1970 4269 2146 4323 audax

557 4380 677 4420 esse
701 4364 899 4419 dictum
917 4363 1208 4433 sbenignus
1219 4362 1415 4432 quippe
1434 4361 1684 4416 Dominus
1704 4369 1873 4424 est,et
1891 4361 2144 4414 bonitatis

561 4457 679 4527 ejus
704 4465 787 4513 est
814 4457 1011 4512 donum
1055 4455 1380 4527 hujusmodi.
1417 4453 1664 4509 Audacite
1683 4461 1846 4515 esset,
1869 4468 1929 4508 os
1946 4452 2145 4507 habere

559 4550 754 4605 diaboli
787 4550 864 4604 ori
896 4549 1104 4613 simile,
1148 4548 1340 4618 lingua:
1367 4546 1626 4601 daimonis
1653 4545 1869 4615 maligni
1910 4544 2142 4615 linguam

559 4640 760 4697 habere
785 4641 1013 4696 similem
1037 4682 1051 4707 ,
1081 4655 1204 4695 eum
1246 4638 1483 4693 maxime
1518 4636 1608 4707 qui
1638 4637 1817 4691 talium
1858 4639 2144 4707 mysterio-

558 4750 676 4788 rum
707 4747 941 4788 consors'
959 4732 1058 4798 sit,
1086 4739 1141 4786 et
1168 4730 1334 4800 ipsius
1358 4728 1639 4785 dominica:
1659 4728 1835 4783 carnis
1860 4728 2143 4797 particeps.

560 4825 687 4880 Hmc
716 4835 890 4879 tecum
925 4817 1414 4893 reputans,'ipsum
1442 4834 1542 4890 pro
1577 4819 1777 4873 viribus
1817 4818 2046 4872 imitare.
2090 4817 2146 4872 Si

560 4918 684 4972 talis
725 4916 993 4983 el‘liciaris,
1037 4931 1104 4971 ne
1145 4924 1197 4970 te
1238 4914 1506 4983 respicere
1532 4913 1748 4984 quidem
1779 4912 1914 4967 ultra
1955 4913 2148 4981 poterit

559 5007 823 5063 diabolus.
855 5006 1234 5076 Novit'quippe
1269 5006 1468 5075 regiam
1507 5013 1723 5070 notam;
1769 5004 1918 5058 novit
1949 5002 2146 5059 Christi

564 5113 714 5154 arma
733 5139 748 5162 ,
778 5097 970 5168 quibus
995 5098 1165 5151 victus
1190 5105 1291 5151 est.
1321 5095 1574 5161 Quanam
1597 5096 1685 5150 illa
1708 5096 1869 5150 sunt?
1890 5094 2144 5149 Modestis

560 5201 617 5248 et
646 5187 1019 5246 mansuetudo.
1051 5187 1181 5242 Nam
1211 5202 1330 5242 eum
1361 5186 1506 5240 illum
1546 5187 1600 5241 in
1638 5198 1818 5242 monte
1858 5200 1916 5240 se
1959 5199 2145 5255 aggre-

561 5284 794 5338 dientem
824 5280 1095 5351 superavit
1117 5288 1276 5347 atque
1302 5279 1607 5349 prostravit,
1630 5279 1871 5333 Christus
1895 5292 2015 5332 esse
2042 5291 2148 5331 non

560 5372 1020 5445 cognoscebatur?
1049 5371 1154 5428 Sed
1182 5371 1361 5426 verbis
1386 5372 1555 5443 ipsum
1580 5371 1730 5441 quasi
1768 5384 1962 5439 sagena
1985 5368 2148 5436 cepit,

564 5466 825 5523 modestia
856 5465 1032 5534 cepit,
1066 5463 1472 5519 mansuetudine
1500 5461 1719 5532 fugavit.
1751 5461 1864 5516 Hoc
1892 5472 1948 5516 et
1992 5471 2045 5514 tu
2075 5459 2153 5514 fa-

562 5558 708 5622 cito,
749 5557 793 5611 si
834 5555 1031 5611 videris
1072 5554 1344 5609 hominem
1384 5553 1655 5608 diabolum
1680 5552 1961 5619 eliectum,
1992 5559 2152 5620 teque

622 5715 641 5747 ι
664 5713 815 5777 Editt,
840 5728 984 5781 quam
1005 5712 1284 5767 habebimus
1302 5712 1698 5767 excusationem!

1284 306 1341 364 s.
1381 300 1659 363 JOANNIS
1693 268 2170 359 cuavsosront
2210 294 2530 356 ARCHIEP.
2571 295 3102 360 GONSTANTINOP‘.

2244 413 2549 478 adeuntem,
2581 429 2657 470 suc
2686 429 2733 471 et
2770 428 2823 471 tu
2855 418 3068 475 vincito.
3101 419 3255 474 Dedit
3286 418 3374 473 tibi
3407 414 3649 475 Christus
3680 430 3821 489 pote-

2244 513 2433 559 statem
2464 514 2520 559 ut
2548 523 2642 576 pro
2669 508 2868 563 nribus
2897 511 2997 579 ipsi
3027 512 3214 566 similis
3240 511 3507 568 cfliciaris.
3536 510 3613 567 Ne
3645 513 3829 567 timeas

2246 595 2347 651 hoc
2373 598 2613 653 audiens.
2647 600 2962 657 Timendutn
3005 606 3208 672 potius.
3254 620 3319 658 ne
3364 620 3468 660 non
3514 605 3703 659 similis
3732 605 3822 674 ipsi

2246 690 2361 744 tias.
2408 691 2650 761 Loquere
2696 705 2823 763 ergo
2873 705 2937 749 ut'
2979 697 3086 755 ille.
3138 705 3190 751 et
3261 693 3314 746 in
3354 692 3460 746 hoc
3491 694 3599 747 eris
3629 693 3815 750 similis

2247 781 2340 845 illi,
2370 792 2429 836 ut.
2457 799 2579 838 esse
2607 796 2773 854 potest
2823 787 2999 841 homo.
3037 786 3353 857 ldt-O'major
3389 799 3473 843 est
3502 804 3587 859 qui
3628 788 3708 843 sic
3747 789 3828 845 led

2246 874 2444 942 quitur,
2477 890 2632 943 quant
2663 878 2750 946 qui
2784 881 3085 947 prophetat.
3118 879 3248 934 lllnd
3278 883 3419 933 enim
3449 895 3515 935 ex
3544 879 3712 951 gratia
3742 890 3821 935 toa-

2248 974 2354 1017 tum
2386 978 2471 1020 est
2501 985 2512 1020 :
2546 967 2633 1021 hic
2662 985 2790 1024 vero
2829 972 2987 1024 etiam
3032 971 3181 1025 labor
3213 972 3481 1042 sudorque
3509 980 3651 1028 tuus:
3689 973 3834 1027 Doce'

2245 1057 2474 1112 animam
2508 1068 2684 1127 tuam,
2717 1070 2773 1115 ut
2797 1077 2857 1115 us
2889 1071 3034 1116 tuum
3068 1060 3151 1118 sic
3177 1062 3547 1129 eﬂ‘ormct’,-nt“
3568 1064 3636 1118 sit
3670 1063 3817 1118 Chri-

2244 1149 2310 1204 sti
2339 1151 2418 1205 ori
2448 1152 2640 1207 simile.
2684 1152 2865 1208 Potest
2892 1155 3032 1209 enim
3060 1155 3163 1210 hoc
3191 1155 3432 1221 ellicere,
3460 1156 3507 1209 si
3542 1157 3690 1213 velit.
3717 1154 3818 1209 No-

2245 1244 2320 1297 vit
2348 1243 2484 1297 banc
2513 1254 2681 1299 artem
2702 1286 2718 1310 ,
2753 1246 2851 1299 nisi
2886 1255 3107 1315 torpeat.
3136 1247 3199 1300 Et
3229 1247 3494 1315 quomodo
3520 1247 3835 1301 eﬂ'ormatur‘

2244 1351 2305 1391 os
2334 1336 2504 1391 illud?
2531 1337 2771 1408 inquies;
2804 1339 2998 1408 quibus
3018 1339 3324 1393 coloribus?
3350 1355 3415 1394 ex
3440 1346 3544 1409 qua
3571 1339 3827 1394 materia?

2244 1426 2527 1481 Coloribus
2562 1428 2773 1496 quidetn
2814 1437 2868 1483 et
2907 1429 3127 1484 materia
3160 1428 3331 1494 nulla,
3360 1431 3453 1483 sed
3487 1431 3684 1483 virtute
3709 1440 3821 1483 tan-

2246 1529 2355 1572 tum
2375 1560 2389 1583 ,
2422 1517 2701 1585 modestia,
2726 1519 3042 1575 humilitate.
3068 1519 3354 1575 Videamus
3374 1520 3532 1575 etiam
3560 1521 3836 1592 quomodo

2242 1626 2304 1666 os
2319 1610 2512 1666 diaboli
2533 1611 2861 1678 ell'ormetur,
2880 1628 2949 1667 ne
2968 1611 3094 1666 illud
3115 1612 3273 1666 etiam
3294 1611 3448 1667 nobis
3472 1626 3829 1668 assumamus.-

2243 1703 2522 1771 Q’uomodo
2551 1718 2680 1773 ergo
2720 1702 3062 1757 etformatur?
3097 1703 3421 1769 Maledictis,
3453 1704 3830 1771 contumeliis,

2244 1795 2498 1867 perjnrio,
2528 1796 2743 1850 invidia.
2774 1795 2906 1851 Cum
2934 1797 3074 1851 enim
3105 1780 3243 1851 illius
3272 1795 3414 1851 dicta
3440 1797 3558 1867 quis
3588 1812 3821 1865 pronun-

2242 1890 2359 1953 tiat,
2395 1888 2557 1957 ipsius
2582 1888 2812 1959 linguam
2834 1888 3073 1942 assumit.
3088 1888 3255 1956 Quam
3278 1903 3406 1959 ergo
3425 1889 3631 1943 veniam
3656 1889 3821 1958 impe-

2243 1980 2539 2035 trabimus?
2566 1981 2675 2034 imo
2705 1980 2846 2050 quod
2878 1994 2982 2034 non
3008 1980 3325 2049 supplicium
3353 1980 3582 2045 luemus,
3613 1978 3829 2048 quando

2243 2071 2513 2140 linguam,
2544 2086 2647 2140 qua
2675 2070 2957 2140 dignamur
2979 2070 3300 2126 dominicam
3330 2086 3543 2125 carnem
3574 2078 3829 2141 gustare,-

2241 2164 2437 2219 diaboli
2470 2165 2629 2219 verba
2657 2165 2797 2234 loqui
2825 2165 3093 2219 sinimus?
3112 2164 3190 2219 Ne
3214 2164 3468 2229 sinamus,
3498 2178 3699 2234 quaiso,
3731 2164 3821 2220 sed

2242 2270 2401 2310 omne
2442 2256 2672 2310 studium
2710 2255 3083 2317 adhibeamus,
3126 2264 3184 2309 ut
3218 2255 3505 2311 doceamus
3543 2255 3685 2309 illam
3723 2269 3836 2326 quo

2242 2360 2397 2418 pacto
2426 2349 2705 2404 Dominum
2736 2365 2890 2405 suum
2922 2350 3175 2405 imitetur.
3208 2349 3264 2405 Si
3292 2351 3431 2404 enim
3462 2350 3605 2404 illam
3629 2348 3696 2404 ad
3728 2350 3836 2404 hoc

2245 2437 2616 2509 instituamus,
2648 2457 2767 2497 cum
2800 2458 2988 2513 magna
3020 2442 3207 2497 llducia
3238 2458 3335 2497 nos
3362 2443 3514 2498 sistet
3547 2442 3628 2497 ad‘
3656 2443 3822 2497 tribu-

2245 2533 2330 2587 nal
2360 2532 2581 2589 Christi.
2610 2532 2717 2586 Nisi
2747 2534 2865 2602 quis
2891 2535 2961 2587 ita
2989 2534 3130 2602 loqui
3161 2534 3322 2599 sciat,
3345 2532 3506 2602 judex
3538 2548 3642 2586 non
3676 2533 3833 2588 illunr

2243 2623 2439 2679 audiet.
2470 2623 2618 2679 Sicut
2643 2623 2785 2677 enim
2813 2631 3010 2693 quanto
3040 2622 3312 2678 Romanus
3340 2632 3420 2677 est
3456 2622 3619 2691 judex
3639 2665 3654 2688 ,
3698 2638 3824 2679 eau-

2243 2735 2356 2774 sam
2384 2719 2646 2773 dicentem
2679 2732 2783 2771 non
2817 2715 3091 2789 intelliget,
3125 2716 3224 2769 nisi
3254 2716 3302 2771 is
3327 2712 3514 2771 Latine
3553 2717 3831 2785 l0qttatur;.

2244 2813 2315 2866 ita
2343 2819 2395 2865 et
2421 2810 2684 2873 Christus,
2717 2809 2759 2861 si
2787 2824 2893 2863 non
2921 2808 2987 2862 ad
3013 2807 3154 2862 illius
3181 2807 3395 2861 modum
3422 2807 3653 2877 loquaris
3673 2849 3689 2875 ,
3718 2823 3831 2863 non

2244 2901 2499 2971 intelliget
2530 2909 2616 2965 te,
2648 2914 2817 2968 neque
2845 2897 3081 2953 attendet
3121 2896 3233 2951 tibi.
3270 2897 3543 2952 Diseamus
3584 2912 3713 2968 ergo
3751 2899 3827 2952 ita

2244 2991 2424 3061 loqui,
2467 3000 2524 3044 ut
2567 2989 2703 3043 solet
2738 2988 2924 3043 audire
2963 2988 3073 3041 Rex
3114 2997 3330 3053 noster;
3374 2986 3681 3042 Studeamus
3708 2988 3825 3056 ejus

2243 3083 2474 3152 linguam
2504 3081 2718 3135 imitari.
2751 3078 2806 3135 Si
2836 3079 2889 3133 in
2918 3078 3115 3133 luctum
3145 3077 3415 3145 incideris,
3445 3092 3573 3133 cave
3597 3094 3663 3132 ne
3693 3092 3824 3132 tim:-

2243 3175 2380 3229 roris
2423 3174 2503 3227 vis
2548 3182 2689 3226 tuam
2729 3173 2999 3225 subvertat
3038 3170 3269 3241 linguam
3317 3187 3332 3224 :
3372 3170 3466 3226 sed
3514 3171 3732 3241 loquere
3768 3180 3829 3226 ut

2244 3265 2487 3320 Christus
2518 3264 2766 3333 loquutus
2790 3272 2893 3317 est.
2919 3261 3077 3316 Luxit
3103 3262 3243 3316 enim
3274 3272 3329 3317 et
3355 3261 3447 3317 ille
3471 3261 3729 3316 Lazarum
3771 3270 3824 3315 et

2243 3359 2455 3415 ludam.
2486 3357 2542 3413 Si
2576 3358 2627 3411 in
2659 3364 2857 3410 metum
2887 3354 3089 3410 incidas
3109 3399 3123 3424 ,
3157 3354 3228 3408 ita
3257 3354 3402 3424 loqui
3436 3355 3590 3408 stude
3620 3363 3676 3407 ut
3702 3351 3831 3407 ille"

2244 3453 2495 3522 loquitur.
2524 3449 2581 3504 In
2612 3458 2813 3503 metum
2838 3449 2979 3503 enim
3007 3457 3060 3503 et
3086 3448 3199 3517 ipse
3219 3447 3401 3501 incidit
3427 3456 3643 3516 prOpter
3669 3455 3720 3501 te
3744 3462 3826 3500 se"

2245 3545 2476 3601 cundum
2504 3542 2914 3612 diSpensatiopis
2942 3542 3223 3596 rationem.
3265 3540 3358 3595 Dic
3383 3549 3436 3594 et
3463 3548 3518 3593 tu
3555 3557 3568 3593 :
3612 3537 3828 3593 Verum-

2246 3647 2410 3691 tamen
2441 3653 2540 3689 non
2570 3636 2696 3688 sicut
2724 3651 2813 3703 ego
2840 3634 2971 3696 colo,
3001 3632 3089 3686 sed
3112 3632 3240 3686 sicut
3268 3640 3323 3684 tu
3349 3633 3369 3702 (
3385 3630 3570 3684 Matth.
3593 3628 3684 3686 26.
3712 3629 3824 3702 59).

2244 3730 2299 3785 Si
2330 3729 2539 3784 ﬂeveris
2558 3767 2573 3791 ,
2607 3726 2880 3781 moderate
2908 3724 3203 3794 lacrymare
3234 3731 3290 3777 ut
3321 3723 3451 3791 ipse.
3482 3720 3693 3775 lnsidiis
3719 3723 3827 3775 cir-

2245 3828 2560 3876 cmnventus
2583 3832 2642 3872 es
2659 3858 2676 3883 ,
2705 3816 2789 3871 vel
2817 3817 2868 3870 in
2897 3815 3135 3870 dolorem
3163 3813 3430 3868 incidisti?
3457 3813 3583 3867 Huic
3602 3822 3658 3868 ut
3679 3812 3831 3867 Chri-

2246 3922 2357 3967 stus
2386 3910 2588 3980 accipe.
2618 3907 2750 3963 Nam
2775 3917 2830 3962 et
2849 3906 2962 3976 ipse
2988 3906 3194 3960 insidiis
3219 3905 3487 3976 impetitus
3518 3903 3616 3959 fuit
3635 3946 3648 3967 ,
3681 3904 3831 3958 dolo.

2246 4020 2411 4075 reque
2436 4003 2680 4067 allecms,
2709 4001 2888 4070 aitque
2920 4017 2934 4054 :
2961 3997 3144 4053 Tristis
3171 4008 3240 4053 est
3267 3999 3439 4052 anima
3465 4014 3574 4051 mea
3589 4015 3746 4069 usque
3765 3999 3840 4052 ad

2247 4108 2457 4152 mortem
2505 4095 2676 4166 (Ibid.
2718 4110 2766 4148 υ.
2816 4092 2939 4161 '58).
2977 4092 3271 4160 Omniaque
3320 4092 3411 4147 ille
3446 4090 3543 4147 tibi
3587 4093 3829 4161 exempla

2248 4189 2492 4260 praebuit,
2525 4197 2584 4241 ut
2609 4185 2855 4242 eumdem
2885 4199 3068 4239 serves
3096 4180 3336 4249 modum,
3361 4192 3414 4238 et
3443 4182 3593 4237 datas
3622 4181 3714 4238 tibi
3745 4200 3835 4237 re-
3897 4203 3907 4211 -

2249 4283 2397 4353 gulas
2422 4296 2528 4335 non
2554 4280 2740 4335 violes.
2768 4279 2857 4335 Sic
2885 4278 3087 4348 poteris
3122 4293 3184 4332 os
3221 4278 3416 4331 habere
3454 4274 3597 4330 illius
3634 4278 3712 4329 ori
3758 4280 3837 4330 si-

2250 4375 2375 4429 mile
2403 4392 2417 4427 :
2447 4373 2525 4428 sic
2551 4373 2603 4426 in
2639 4382 2777 4426 terra
2804 4372 3073 4442 gradiens,
3115 4385 3325 4424 sursmn
3371 4369 3605 4425 sedentis
3638 4369 3838 4440 lingua:

2250 4468 2405 4525 nobis
2428 4466 2657 4522 similem
2688 4466 2919 4535 linguam
2950 4463 3198 4519 ostendes
3219 4504 3236 4526 ,
3276 4464 3489 4516 modum
3520 4478 3744 4517 servans
3785 4464 3838 4516 in

2249 4573 2513 4624 maerore,
2545 4558 2597 4612 in
2624 4559 2725 4624 ira,
2755 4558 2807 4611 in
2837 4558 3000 4619 luctu,
3024 4557 3074 4610 in
3098 4556 3358 4625 angustia.
3383 4556 3524 4621 Quot
3553 4564 3796 4609 vestrum
3818 4555 3839 4586 '

2250 4652 2366 4721 ejus
2395 4652 2617 4705 formam
2647 4650 2827 4704 videre
2847 4648 3187 4703 desiderant?
3213 4648 3351 4703 Ecce
3376 4662 3486 4702 non
3511 4647 3692 4702 videre
3719 4663 3843 4700 mo-

2251 4745 2340 4812 do,
2368 4744 2460 4799 sed
2489 4751 2544 4799 et
2567 4743 2769 4797 similes
2804 4741 2905 4807 ipsi
2939 4740 3077 4795 el‘liei
3110 4739 3268 4804 licet,
3313 4739 3356 4794 si
3394 4737 3739 4793 studeamus.
3763 4738 3847 4794 Ne

2251 4838 2556 4893 differamus
2585 4850 2732 4905 ergo.
2774 4833 2887 4887 Non
2935 4834 3003 4887 ita
3053 4832 3276 4887 libenter
3317 4830 3699 4901 prophetarum
3747 4846 3849 4886 om

2252 4930 2540 4995 osculatur,
2564 4937 2621 4982 ut
2640 4926 2999 4982 modestornm
3018 4932 3519 4992 mansuetorumque
3538 4923 3846 4976 hominmu.

2253 5023 2405 5077 Multi
2450 5023 2581 5075 enim
2611 5020 2775 5073 dicent
2801 5018 2957 5082 mihi,
2992 5016 3188 5086 inquit,
3225 5015 3408 5070 Nonne
3434 5016 3486 5069 in
3514 5016 3720 5068 nomine
3760 5025 3852 5068 tuo

2254 5115 2699 5189 prophetavimus?
2729 5113 2795 5166 Et
2825 5111 3132 5179 respondebo
3167 5111 3258 5175 eis,
3304 5107 3486 5162 Nescio
3527 5124 3617 5161 vos
3661 5106 3851 5176 (Ibid.

2255 5210 2307 5262 7.
2338 5208 2428 5262 29..
2453 5206 2580 5276 25).
2609 5205 2681 5260 0s
2706 5218 2832 5258 vero
2859 5199 3084 5273 Moysis,
3123 5201 3243 5269 quia
3274 5198 3363 5252 ille
3396 5197 3681 5252 admodum
3721 5213 3857 5250 mo—

2245 5300 2439 5355 .destus
2464 5306 2581 5355 erat
2608 5305 2661 5351 et
2688 5303 2997 5348 mansuetus
3025 5290 3261 5362 (Moyses
3301 5290 3465 5354 enim,
3516 5288 3713 5358 inquit.
3741 5294 3857 5343 erat

2256 5392 2549 5446 mitissimus
2589 5387 2814 5442 omnium
2862 5386 3123 5439 hominum
3165 5384 3250 5454 qui
3296 5391 3411 5437 sunt
3456 5398 3609 5451 super
3652 5391 3865 5433 terram

2257 5483 2462 5559 [ll/um.
2490 5479 2578 5536 12.
2610 5478 2679 5553 '5]
2702 5481 2751 5551 ),
2784 5479 2856 5534 ita
2883 5476 3135 5548 diligebat
3161 5484 3214 5530 et
3237 5474 3602 5540 osculabatur,
3625 5480 3686 5526 ut
3708 5488 3859 5542 prte—

2346 5661 2363 5692 ι
2391 5654 2544 5706 Savil.
2574 5653 2721 5715 legit,
2749 5651 2988 5709 Christus,
3014 5665 3123 5714 pro,
3150 5647 3253 5699 ille.

2347 5722 2367 5753 ί
2386 5719 2555 5769 Menti.
2584 5715 2801 5767 etSatil.
2823 5724 3061 5765 nostrum.-
