4076 6142
393 269 494 323 τΙῚ

389 395 598 445 sentem
650 396 713 438 os
756 378 823 435 ad
869 393 932 437 os
972 378 1351 449 alloqueretur,
1407 373 1558 446 quasi
1603 370 1806 426 amicus
1849 383 1970 423 cum

389 480 580 535 amico.
611 474 761 532 Nunc
785 472 1116 531 daemonibus
1143 485 1248 527 non
1279 468 1531 538 imperas,
1563 463 1655 519 sed
1687 461 1973 529 imperabis

393 581 517 625 tunc
542 568 803 639 gehennae
828 565 968 635 igni,
1009 563 1057 618 si
1096 577 1157 616 os
1194 560 1395 615 habeas
1425 558 1504 612 ori
1543 554 1737 611 Christi
1779 553 1970 607 simile.

391 659 680 729 Imperabis
720 658 915 730 abysso
963 655 1127 726 ignis,
1173 662 1228 709 et
1265 651 1449 716 dices,
1493 648 1652 713 Tace,
1698 644 1976 701 obtumesce

390 753 594 826 (Marc.
624 753 680 807 ὁ.
709 748 850 822 39);
878 755 933 802 et
957 762 1078 802 cum
1109 745 1272 799 multa
1304 741 1492 797 ﬁducia
1520 740 1573 793 in
1600 738 1760 794 eteius
1777 749 1969 790 ascen-

1274 257 1339 313 lN
1388 254 1795 315 MATTHIEUM
1833 253 2062 311 HOMIL.
2102 254 2341 311 LXXIX.
2379 258 2450 316 al.
2492 259 2705 317 LXXX.

3565 269 3664 325 716

2070 368 2172 424 des
2191 410 2207 436 ,
2238 386 2511 442 regnoque
2539 372 2732 428 frueris
2762 390 2775 426 :
2807 373 2946 443 quod
2975 374 3176 430 utinam
3201 392 3388 434 omnes
3413 392 3665 448 assequa-

2076 476 2215 526 mur,
2248 465 2411 533 gratia
2442 474 2495 519 ct
2522 466 2844 537 benignitate
2872 467 3079 523 Domini
3103 471 3271 524 nostri
3297 469 3422 526 Jesu
3444 470 3661 537 Christi.

2072 552 2161 607 cui
2186 568 2304 606 cum
2334 553 2479 609 Patri
2518 571 2618 611 una
2649 572 2771 611 cum
2800 568 2986 614 sancto
3015 559 3214 627 Spiritu
3252 561 3423 630 gloria
3443 603 3458 627 ,
3491 561 3664 632 impo-

2077 642 2214 696 rium
2236 685 2250 708 ,
2284 644 2478 713 honor,
2510 663 2652 705 nunc
2675 660 2728 704 et
2757 665 2992 722 semper,
3022 661 3075 706 et
3108 653 3161 707 in
3201 653 3400 708 saecula
3437 656 3664 710 smeulo-

2078 750 2218 789 rum.
2248 737 2441 792 Amen.

386 866 3635 901 MM

1457 944 1805 1010 HOMILIA
1846 940 2141 1002 LXXIX.
2185 943 2271 1003 al.
2316 945 2581 1009 LXXX.

383 1103 515 1159 Cap.
546 1102 638 1157 ‘25.
665 1117 717 1156 v.
742 1103 831 1155 5|.
876 1101 1011 1156 Cant
1036 1109 1214 1153 autem
1236 1097 1426 1151 venerit
1455 1092 1629 1148 Filius
1652 1092 1876 1171 hominis
1907 1091 1962 1146 in

453 1197 623 1268 gloria
643 1193 825 1248 Patris
842 1195 1030 1257 διήκει
1045 1207 1220 1245 omnes
1242 1189 1414 1243 sancti
1430 1187 1732 1257 angelicum
1743 1201 1824 1251 eo,
1841 1194 1964 1238 tunc

455 1284 639 1340 sedebit
665 1300 815 1354 super
846 1282 1029 1336 solium
1064 1279 1239 1350 gloria:
1274 1292 1412 1341 sum;
1443 1284 1497 1329 et
1535 1272 1805 1343 separabit
1838 1286 1965 1326 oves

455 1377 522 1430 ab
546 1375 747 1430 hzedis:
780 1381 834 1428 et
860 1374 958 1428 hos
983 1370 1194 1441 quidem
1222 1366 1541 1436 acceptabit,
1574 1364 1694 1434 quia
1719 1363 1964 1417 esurien-

458 1478 562 1522 tem
594 1467 765 1535 ipsum
791 1464 1119 1527 cibaverunt,
1149 1468 1204 1514 et
1237 1458 1436 1513 sitienti
1464 1463 1644 1525 potum
1677 1453 1960 1515 dederunt,

454 1570 508 1613 et
553 1558 815 1628 hOSpitcm
864 1554 1214 1623 collegerunt,
1256 1561 1310 1606 et
1338 1547 1538 1603 nudum
1571 1547 1880 1610 vestierunt,
1912 1553 1967 1598 et

454 1650 808 1704 inlirmantem
855 1645 1222 1706 visitaveruut,
1270 1650 1323 1695 et
1368 1640 1420 1693 in
1460 1652 1684 1693 carcere
1730 1636 1960 1706 positmn

455 1742 782 1804 inviserunt;
809 1747 865 1794 et
905 1737 1051 1792 dabit
1095 1748 1311 1805 regnum
1344 1731 1491 1800 ipsis.
1536 1728 1684 1783 Alios
1708 1742 1835 1782 vero
1866 1742 1963 1795 pro

454 1832 733 1888 contrariis
761 1830 971 1884 delictis
1012 1827 1185 1883 mittet
1224 1825 1278 1878 in
1329 1823 1505 1892 ignem
1549 1828 1835 1887 aeternum;
1870 1818 1964 1887 qui

453 1935 666 1996 paratus
685 1932 767 1979 est
789 1921 1001 1978 diabolo
1029 1928 1083 1974 et
1115 1917 1314 1988 angelis
1341 1915 1478 1986 ejus.

455 2020 507 2073 l.
537 2017 859 2074 Suavissima
898 2014 1014 2069 haec
1055 2012 1238 2077 verba,
1276 2024 1397 2081 qua:
1434 2008 1488 2063 in
1526 2022 1621 2063 ore
1663 2020 1959 2071 versamus,

383 2124 525 2165 nunc
551 2124 672 2163 cum
701 2105 878 2160 studio
920 2114 976 2159 et
1012 2101 1423 2173 compunctione
1468 2098 1617 2153 omni
1664 2096 1960 2163 audiamus,

383 2211 542 2272 atque
569 2211 838 2271 postrema
868 2196 1029 2252 verba
1059 2197 1111 2249 in
1142 2209 1261 2266 quae
1287 2207 1466 2249 sermo
1489 2192 1611 2261 jure
1636 2190 1814 2247 desiit.
1854 2188 1964 2242 Ma-

383 2307 484 2363 gna
510 2292 649 2346 enim
682 2290 756 2344 illi
805 2286 1150 2342 humanitatis
1189 2294 1243 2341 et
1283 2281 1664 2339 misericordia:
1691 2295 1818 2335 cura
1859 2288 1962 2336 est.

384 2383 585 2439 Idcirco
626 2382 789 2436 multa
830 2379 1072 2450 superius
1104 2379 1172 2433 de
1199 2377 1298 2431 hac
1333 2376 1545 2430 diverse
1587 2374 1834 2444 loquutus
1859 2382 1960 2437 est,

385 2474 575 2544 hicque
619 2473 831 2527 demum
886 2471 1084 2525 clarius
1129 2483 1191 2523 ac
1236 2467 1626 2528 vehementius,
1677 2479 1781 2519 non
1830 2463 1965 2518 duas

383 2578 638 2635 personas
664 2562 744 2617 vel
771 2572 878 2616 tres
901 2561 985 2614 vel
1012 2559 1247 2630 quinque
1283 2557 1559 2617 inducens,
1606 2554 1700 2610 sed
1744 2553 1962 2609 univer—

383 2669 500 2709 sum
529 2654 734 2708 orbem.
762 2651 875 2706 Etsi
920 2651 972 2704 in
1008 2649 1373 2719 superioribus
1412 2646 1629 2717 quando
1664 2645 1797 2699 duas
1834 2658 1962 2714 per-

383 2758 542 2798 sonas
596 2742 907 2807 inducebat,
964 2756 1070 2794 non
1125 2739 1257 2793 duas
1311 2750 1566 2806 personas
1618 2734 1958 2802 signiﬁcaret,

383 2836 477 2893 scd
520 2834 652 2890 duas
695 2841 906 2903 partes;
951 2831 1172 2886 alteram
1223 2843 1327 2883 non
1381 2826 1780 2890 obedientium,
1831 2824 1965 2878 alte-

383 2942 497 2982 ram
537 2924 897 2981 obedientium
935 2941 949 2980 :
994 2937 1179 2977 verum
1211 2920 1299 2976 hic
1336 2919 1645 2975 horribilius
1699 2918 1815 2972 hare
1865 2928 1965 2972 tra-

382 3027 526 3085 ctat,
569 3028 625 3074 et
673 3018 887 3072 clarius.
932 3015 1264 3085 Quapropter
1303 3027 1406 3066 non
1451 3011 1580 3067 dicit
1628 3010 1764 3064 ultra
1791 3052 1805 3074 ,
1866 3009 1969 3088 Si:

383 3111 501 3165 mile
527 3118 598 3164 est
649 3124 855 3180 regnum
887 3107 1144 3172 caelorum,
1194 3104 1287 3161 sed
1338 3104 1574 3173 seipsum
1620 3100 1854 3156 ostendit
1900 3116 1965 3155 ac

383 3202 604 3267 revelat,
632 3201 854 3256 dicens:
880 3200 1005 3253 Cum
1039 3208 1206 3252 autem
1242 3196 1428 3251 venerit
1466 3194 1634 3249 Filius
1661 3193 1877 3248 hominis
1910 3194 1963 3246 in

383 3294 545 3368 gloria
585 3308 699 3347 sua.
729 3291 879 3346 Nunc
905 3291 1045 3346 enim
1074 3291 1218 3344 venit
1258 3290 1310 3343 in
1352 3287 1664 3358 ignominia,
1695 3285 1746 3339 in
1777 3294 1963 3341 contu«

383 3385 575 3449 meliis,
610 3384 662 3438 in
689 3382 991 3454 opprobriis
1015 3400 1028 3435 :
1052 3389 1176 3435 tunc
1205 3389 1381 3435 autem
1414 3378 1621 3434 sedebit
1646 3392 1805 3447 super
1821 3377 1964 3431 thro-

383 3491 506 3530 num
537 3474 723 3547 gloria:
771 3487 902 3527 sua).
943 3473 1018 3526 Ac
1048 3471 1350 3539 frequenter
1394 3470 1624 3539 gloriam
1678 3475 1958 3522 memorat.

382 3566 513 3634 Quia
542 3567 683 3623 enim
710 3580 841 3621 crux
866 3578 1029 3634 prope
1062 3571 1199 3628 erat,
1230 3577 1346 3631 qure
1382 3576 1469 3615 res
1502 3559 1731 3614 maxime
1757 3558 1965 3626 vitupe-

383 3658 564 3712 rabilis
590 3656 896 3721 videbatur;
924 3654 1043 3709 ideo
1071 3652 1228 3723 erigit
1260 3651 1578 3712 auditorem,
1604 3657 1659 3702 et
1683 3656 1808 3703 ante
1839 3661 1966 3702 ocu-

384 3749 467 3805 los
492 3748 587 3818 ipsi
609 3746 867 3817 judicium
891 3745 1057 3815 ponit,
1088 3744 1378 3812 orbemque
1402 3748 1571 3795 totum
1598 3739 1758 3794 sistit.
1783 3737 1966 3808 Neque

386 3838 489 3893 hoc
533 3835 904 3891 tantummodo
951 3833 1241 3890 terribilem
1286 3831 1461 3888 reddit
1503 3845 1829 3895 sermonem,
1871 3829 1964 3905 sed

386 3929 526 4001 quod
571 3944 765 3984 vacuos
811 3928 972 3983 czelos
1020 3925 1285 3981 ostendat.
1314 3923 1512 3980 Omnes
1551 3921 1748 3992 quippe
1791 3918 1964 3989 angeli

387 4035 507 4076 cum
534 4020 649 4088 ipso
673 4029 850 4085 erunt,
893 4026 950 4073 et
978 4017 1077 4088 ipsi
1119 4016 1485 4081 testiﬁcantes,
1515 4023 1768 4082 quantum
1798 4010 1969 4065 admi-

388 4111 729 4166 nistraverint
750 4109 898 4164 missi
921 4123 951 4163 a
980 4108 1206 4163 Domino
1234 4106 1299 4161 ad
1329 4106 1602 4159 hominum
1630 4103 1876 4157 salutem.
1901 4102 1968 4156 Et

395 4203 624 4271 undique
644 4201 879 4256 horroris
913 4199 1103 4271 plenus
1131 4198 1221 4275 ille
1245 4197 1360 4252 dies
1394 4196 1599 4251 futurus
1632 4202 1733 4250 est.
1766 4192 1968 4249 Deinde

390 4294 479 4350 52.
525 4291 989 4364 Congregabuntur,
1030 4290 1220 4360 inquit,
1260 4304 1430 4343 omnes
1475 4296 1679 4359 gentes;
1723 4285 1825 4339 hoc
1865 4291 1965 4348 est,

391 4388 640 4441 universa
669 4385 940 4438 hominum
969 4393 1175 4437 natura.
1219 4379 1281 4434 Et
1320 4379 1595 4451 segregabit
1633 4394 1714 4433 eos
1740 4377 1807 4430 ad
1836 4376 1968 4429 invi-

390 4494 516 4543 cem,
548 4476 675 4529 sicut
702 4485 874 4545 pastor
897 4483 1097 4541 separat
1133 4488 1265 4527 oves.
1309 4471 1458 4526 Nunc
1479 4471 1620 4526 enim
1659 4484 1763 4523 non
1793 4483 1972 4538 segre-

391 4566 517 4637 gati,
557 4564 650 4621 sed
692 4565 844 4619 mixti
893 4572 1016 4618 sunt
1058 4577 1287 4617 omnes:
1319 4561 1584 4631 separatio
1629 4567 1806 4613 autem
1846 4567 1971 4611 tunc

392 4657 787 4714 accuratissime
821 4657 946 4722 ﬁet;
988 4656 1302 4725 interimque
1328 4671 1393 4710 ex
1422 4655 1533 4723 ipsa
1563 4652 1789 4707 statione
1829 4651 1971 4719 ipsos

393 4751 667 4822 distinguit
693 4759 748 4806 et
770 4749 1086 4818 conspicuos
1111 4747 1285 4802 reddit
1313 4764 1329 4800 :
1358 4745 1551 4800 deinde
1579 4760 1641 4798 ex
1673 4743 1973 4799 nominibus

393 4843 721 4912 singulorum
751 4856 927 4898 mores
956 4841 1191 4905 exhibet,
1224 4840 1342 4893 illos
1372 4838 1571 4903 hmdos,
1606 4836 1702 4892 hos
1728 4850 1854 4890 oves
1875 4850 1974 4904 ap-

397 4934 620 5003 pellans,
650 4944 705 4987 ut
744 4932 953 4988 illorum
991 4930 1322 4987 sterilitatem
1360 4928 1556 4985 indicet
1580 4945 1592 4980 :
1620 4928 1795 4982 nullus
1829 4926 1972 4980 enim

395 5041 461 5080 ex
490 5025 656 5081 lmdis
683 5026 882 5080 fruetus
905 5024 1293 5095 proﬁciscitur;
1325 5023 1515 5080 horum
1541 5035 1668 5076 vero
1688 5028 1975 5091 proventus

397 5118 594 5172 multus
622 5117 709 5188 qui
741 5133 806 5172 ex
849 5117 1036 5171 ovibus
1076 5116 1295 5185 paritur,
1335 5125 1391 5168 ut
1431 5115 1576 5181 lana,
1614 5114 1693 5168 lac
1735 5121 1789 5167 et
1818 5113 1974 5177 fetus,

398 5211 589 5279 quibus
615 5209 863 5264 omnibus
892 5225 1090 5264 vacuus
1119 5218 1200 5263 est
1224 5208 1428 5262 haedus.
1464 5206 1656 5261 Verum
1688 5207 1835 5260 bruta
1865 5206 1982 5260 ani-

398 5302 595 5354 mantia
625 5317 690 5355 ex
728 5312 915 5356 natura
957 5317 1050 5356 sua
1090 5303 1173 5357 vel
1213 5302 1434 5355 fructum
1477 5300 1722 5364 afferunt,
1768 5301 1848 5355 vel
1893 5317 1982 5355 se.

400 5406 523 5455 cus;
558 5391 629 5444 illi
657 5407 784 5446 vero
823 5408 888 5447 ex
929 5392 1237 5458 voluntate;
1278 5391 1502 5461 ideoque
1546 5391 1620 5445 illi
1661 5392 1978 5460 plectuntur,

396 5484 456 5540 hi
484 5494 830 5540 coronantur.

483 5671 499 5702 ι
530 5670 652 5721 Vide
674 5670 1016 5725 Athtolattones
1035 5675 1277 5728 Friderici
1300 5677 1463 5739 Field,
1487 5679 1545 5730 ad
1565 5693 1677 5743 pag.
1705 5679 1815 5730 757.

2148 1088 2512 1150 Misericordia:
2544 1114 2698 1167 opera
2735 1103 3034 1169 necessaria,
3080 1104 3275 1171 facilia,
3324 1116 3372 1158 et
3419 1121 3482 1159 ea:
3526 1103 3659 1158 mulo

2074 1183 2138 1238 tis
2185 1186 2433 1254 capitibus
2480 1188 2797 1260 obligatoria.
2829 1193 3111 1264 —~Neque
3163 1196 3306 1263 prius
3359 1196 3478 1249 illos
3529 1210 3657 1264 sup-

2073 1276 2230 1343 plicio
2252 1278 2433 1346 allicit,
2459 1295 2616 1350 quam
2644 1297 2763 1338 cum
2805 1283 2908 1337 illis
2933 1284 2983 1338 in
3006 1283 3209 1352 judicio
3237 1286 3608 1355 disceptaverit
3638 1303 3656 1339 :

2071 1364 2193 1420 ideo
2216 1375 2495 1439 postquam
2544 1372 2663 1427 illos
2693 1374 2744 1427 in
2792 1373 2910 1428 loco
2955 1389 3053 1429 suo
3097 1376 3390 1439 constituit,
3430 1376 3656 1429 erimina

2070 1457 2289 1526 profert.
2323 1459 2400 1516 Illi
2428 1477 2555 1518 vero
2581 1464 2820 1519 modeste
2854 1465 3211 1534 respondent;
3240 1466 3332 1520 sed
3366 1465 3506 1518 nulla
3536 1464 3658 1517 hinc

2070 1547 2201 1617 ipsis
2242 1550 2476 1605 utilitas:
2508 1563 2561 1608 et
2590 1554 2713 1623 jure
2735 1555 2968 1624 quidem,
3014 1557 3135 1625 quia
3184 1570 3319 1621 rem,
3360 1570 3519 1623 quam
3566 1554 3657 1608 ille

2068 1639 2353 1697 admodum
2405 1645 2641 1710 curabat,
2695 1648 3059 1716 neglexerunt.
3114 1647 3245 1701 Nam
3288 1656 3340 1702 et
3385 1646 3658 1716 prepheta‘.

2071 1731 2171 1787 hoc
2198 1748 2410 1804 semper
2443 1744 2498 1791 et
2539 1738 2732 1807 ubique
2764 1738 3032 1806 dicebant,
3071 1738 3477 1793 Misericordiam
3517 1738 3651 1803 volo,

2068 1840 2168 1878 non
2192 1827 2496 1894 sacriﬁcium
2528 1828 2681 1899 (Osee
2732 1828 2785 1884 6.
2816 1830 2870 1899 6)
2896 1848 2911 1895 ;
2950 1839 3005 1883 et
3043 1830 3310 1900 legislator
3336 1838 3440 1883 tam
3471 1829 3651 1884 verbis

2069 1930 2227 1985 quam
2255 1918 2415 1973 rebus
2439 1919 2506 1974 ad
2551 1918 2653 1975 hoc
2681 1921 2873 1990 ubique
2903 1920 3167 1988 hortatur,
3208 1920 3429 1991 ipsaque
3468 1929 3653 1976 natura

2069 2006 2120 2060 id
2147 2008 2323 2064 docet.
2351 2010 2730 2066 Animadverte
2756 2020 2930 2066 autem
2958 2012 3075 2066 illos
3098 2027 3204 2067 non
3230 2028 3395 2067 unum
3418 2012 3501 2067 vel
3522 2012 3651 2081 duo,

2067 2099 2160 2154 sed
2186 2101 2364 2154 omnia
2386 2104 2809 2170 praetermisisse.
2836 2104 2950 2158 Non
2986 2105 3146 2158 modo
3171 2105 3311 2159 enim
3331 2106 3653 2161 esurientem

2068 2207 2173 2247 non
2216 2193 2478 2260 cibarunt,
2511 2195 2712 2249 nudum
2744 2210 2849 2251 non
2892 2205 3172 2259 texerunt;
3207 2197 3300 2251 sed
3348 2211 3462 2261 nec,
3507 2198 3651 2268 quod

2070 2290 2244 2338 tamen
2272 2284 2442 2339 levius
2465 2294 2520 2338 et
2558 2283 2763 2339 facilius
2788 2294 2922 2352 erat,
2964 2286 3228 2341 inﬁrmum
3261 2288 3557 2342 visitarunt.
3587 2287 3654 2342 Et

2068 2374 2338 2444 perpende
2365 2390 2523 2446 quam
2554 2376 2691 2431 levia
2712 2378 3008 2448 praecipiat.
3033 2379 3152 2434 Non
3175 2380 3326 2446 dixit,
3359 2378 3415 2433 ln
3438 2395 3653 2436 carcere

2067 2480 2234 2531 eram,
2263 2476 2317 2522 et
2337 2468 2604 2526 liberastis
2632 2456 2740 2537 m'c,
2770 2471 3030 2539 inﬁrmus,
3058 2481 3112 2528 et
3140 2473 3385 2528 erexistis
3411 2488 3530 2540 me;
3558 2473 3653 2530 sed

2075 2560 2326 2617 Visitastis
2361 2580 2459 2629 me,
2492 2573 2565 2629 et,
2625 2563 2842 2619 Venistis
2885 2566 2953 2619 ad
2993 2582 3090 2620 me.
3132 2566 3239 2621 Sed
3286 2582 3459 2637 neque
3509 2567 3651 2621 circa

2067 2653 2388 2707 esurientem
2418 2655 2698 2709 molestmn
2725 2656 2993 2725 quidpiam
3023 2657 3258 2726 jubctur.
3288 2658 3469 2728 Neque
3488 2659 3650 2712 ‘enim

2068 2743 2263 2798 lautam
2285 2745 2508 2813 requirit
2533 2761 2793 2811 mensam,
2818 2748 2908 2801 sed
2932 2750 3289 2803 necessarium
3313 2749 3651 2804 solummodo

2067 2836 2264 2900 cibum,
2296 2836 2456 2905 idque
2496 2838 2653 2892 modo
2690 2838 2754 2892 ad
2795 2840 3211 2895 misericordiam
3248 2852 3514 2897 movente.
3544 2840 3652 2897 Ita-

2024 2974 2033 2981 ,
2066 2942 2171 2995 que
2199 2927 2378 2983 omnia
2407 2928 2615 2983 illorum
2645 2928 2960 2998 supplicium
3005 2940 3258 2999 espetunt
3290 2948 3306 2984 :
3344 2932 3420 2986 rei
3464 2940 3652 3001 postu-

2068 3016 2188 3071 latae
2232 3016 2474 3079 facilitas,
2519 3028 2638 3072 nam
2686 3019 2837 3087 panis
2884 3028 3084 3074 tantum
3135 3030 3283 3087 erat;
3333 3020 3651 3075 miserabilis

2068 3108 2297 3178 petentis
2321 3108 2575 3174 conditio,
2603 3108 2877 3164 mendicus
2901 3110 3044 3165 enim
3075 3120 3218 3173 erat;
3258 3111 3653 3166 commiseratio

2071 3205 2297 3265 naturae,
2320 3213 2440 3252 nam
2462 3197 2624 3253 homo
2651 3200 2844 3268 estqui
2873 3201 3030 3269 petit;
3050 3202 3421 3271 promissionis
3444 3202 3653 3271 magni-

2071 3289 2219 3353 tudo,
2260 3303 2382 3343 nam
2410 3303 2627 3358 regnum
2670 3289 2988 3358 pollicetur;
3037 3290 3282 3360 supplicii
3329 3300 3519 3357 terror,
3559 3306 3654 3361 ge-

2070 3378 2301 3434 hennam
2330 3380 2469 3435 enim
2495 3379 2881 3445 comminatur;
2909 3380 3137 3450 dignitas
3160 3381 3485 3450 accipientis,
3513 3382 3654 3437 Deus

2068 3471 2210 3525 enim
2238 3479 2354 3525 erat
2381 3470 2468 3539 qui
2496 3484 2591 3539 per
2626 3470 2900 3525 mendicos
2940 3470 3268 3541 accipiebat;
3303 3471 3520 3526 honoris
3549 3487 3654 3528 cu-

2069 3561 2264 3625 mulus,
2301 3558 2442 3629 quod
2474 3567 2674 3614 tamum
2700 3559 3026 3615 descendere
3053 3560 3299 3630 dignatus
3326 3562 3423 3628 sit;
3447 3561 3654 3632 jusﬁtia

2068 3649 2412 3720 erugatiouis,
2442 3664 2563 3703 nam
2586 3663 2651 3704 ex
2671 3649 2825 3704 bonis
2853 3650 2965 3705 suis
2991 3650 3201 3719 accipit.
3228 3650 3421 3706 Verum
3448 3651 3514 3707 ad
3539 3652 3655 3707 lucc

2069 3742 2248 3797 omnia
2277 3755 2429 3795 amor
2458 3740 2694 3811 pecuniae
2724 3740 2841 3794 illos
2866 3742 3169 3805 excmcavit,
3192 3750 3243 3795 et
3266 3740 3380 3796 haec
3399 3752 3515 3810 post
3548 3751 3655 3800 tan-

2071 3844 2179 3889 tam
2207 3836 2692 3890 comminationem.
2724 3835 2857 3889 Nam
2878 3849 3036 3904 supra
3063 3835 3211 3900 dicit,
3237 3837 3376 3902 illos,
3400 3837 3486 3906 qui
3521 3853 3651 3905 path.

2070 3939 2227 3994 peres
2271 3938 2377 3979 non
2414 3924 2705 3994 excipiunt,
2748 3925 2990 3995 graviora
3030 3939 3284 3994 passuros
3322 3940 3460 3988 esse,
3494 3940 3651 3995 quam

2070 4014 2404 4081 Sodomitas;
2450 4023 2507 4069 et
2553 4013 2639 4069 hic
2665 4015 2739 4070 ait
2772 4034 2785 4069 :
2813 4013 2879 4068 In
2920 4024 3165 4084 quantum
3196 4031 3298 4070 non
3336 4016 3521 4084 fecistis
3564 4017 3656 4070 ani

2071 4106 2252 4161 horum
2292 4105 2614 4159 minimarum
2639 4108 2857 4175 fratrum
2896 4121 3141 4169 meorum,
3190 4121 3279 4159 nec
3302 4105 3426 4158 mihi
3470 4105 3656 4176 fecistis

2073 4187 2297 4272 (Matth.
2315 4198 2406 4254 25.
2434 4199 2548 4270 45).
2574 4197 2709 4266 Quid
2735 4196 2849 4252 ais?
2874 4197 3064 4253 fratres
3090 4196 3165 4251 tui
3195 4204 3351 4258 sunt;
3391 4196 3656 4266 quomodo

2072 4292 2321 4346 minimos
2349 4290 2620 4360 appellas?
2650 4288 2771 4344 ldeo
2814 4297 2959 4344 certe
2984 4287 3194 4353 fratres,
3226 4289 3345 4358 quia
3391 4287 3654 4352 humiles,

2072 4398 2354 4455 pauperes,
2384 4384 2594 4453 abjecti.
2623 4381 2731 4437 Hos
2764 4383 2905 4437 enim
2926 4381 3155 4437 maxime
3173 4381 3239 4435 ad
3273 4378 3656 4434 fraternitatem

2074 4485 2230 4531 vocat
2276 4494 2291 4529 :
2341 4476 2584 4545 ignotos,
2629 4483 2998 4542 contemples;
3046 4488 3147 4527 nec
3198 4471 3488 4526 monachos
3532 4469 3660 4525 dicit

2076 4577 2301 4633 tantum,
2324 4567 2546 4636 illosque
2567 4564 2658 4634 qui
2686 4565 2740 4617 in
2771 4563 3037 4619 montibus
3066 4562 3326 4628 habitant,
3357 4560 3453 4615 sed
3477 4559 3659 4614 ﬁdeles

2077 4660 2337 4728 singulos,
2378 4656 2586 4711 etiamsi
2620 4654 2900 4709 saeculares
2951 4653 3078 4715 sint,
3116 4652 3162 4706 si
3189 4652 3295 4706 sint
3327 4650 3658 4715 esurientes,

2077 4749 2328 4813 famelici,
2355 4747 2503 4812 nudi,
2526 4745 2782 4814 hospites,
2810 4742 2953 4797 nulla
2972 4756 3077 4796 non
3108 4742 3250 4809 ipsos
3279 4755 3403 4795 cura
3427 4739 3539 4794 vult
3568 4754 3654 4794 ex-

2078 4841 2202 4912 cipi.
2239 4840 2472 4894 Fratrem
2501 4837 2641 4892 enim
2670 4834 3039 4904 etbaptismus
3068 4832 3249 4895 efﬁcit,
3275 4840 3330 4889 et
3360 4832 3660 4888 divinorum

2081 4933 2452 5006 mysteriorum
2482 4928 2827 4985 consortium.

2151 5030 2208 5083 2.
2238 5028 2425 5082 Postea
2452 5033 2510 5078 ut
2546 5022 2759 5078 aliunde
2797 5021 2958 5077 etiam
2986 5019 3271 5076 sententiae
3295 5018 3551 5089 justitiam
3580 5016 3663 5071 vi—

2080 5122 2229 5183 deas,
2261 5119 2433 5188 primo
2455 5116 2572 5171 illos
2603 5115 2689 5184 qui
2716 5114 2852 5169 bene
2875 5127 2985 5167 rem
3008 5126 3222 5182 gessere
3247 5110 3447 5176 laudat,
3476 5117 3530 5163 et
3550 5108 3624 5163 ait
3656 5125 3670 5160 :
3709 5168 3715 5191 .

2085 5220 2173 5273 54.
2213 5214 2406 5274 Venite.
2449 5210 2687 5266 benedicti
2735 5208 2906 5263 Patris
2956 5207 3089 5274 mei,
3136 5205 3410 5260 hereditate
3458 5202 3667 5269 accipite

2088 5319 2320 5381 paratum
2343 5305 2479 5360 vobis
2503 5317 2714 5373 regnum
2740 5316 2771 5354 a
2804 5299 3159 5355 constitutione
3185 5294 3380 5349 mundi.
3403 5292 3493 5346 35.
3526 5290 3668 5344 Εδκ·
3702 5307 3705 5310 '

2084 5402 2181 5455 rivi
2210 5398 2364 5463 enim,
2390 5405 2438 5451 et
2463 5393 2671 5449 dedistis
2694 5391 2819 5446 mihi
2845 5389 3170 5451 manducare,
3201 5394 3257 5440 et
3280 5399 3399 5454 qua:
3432 5396 3671 5451 sequun-

2091 5502 2175 5546 tur
2200 5489 2400 5543 omnia.
2429 5485 2506 5541 Ne
2549 5483 2791 5538 dicerent
2824 5478 2987 5541 enim,
3030 5492 3090 5533 se
3134 5490 3236 5531 nou
3288 5472 3556 5533 habuisse,
3604 5484 3669 5530 ex

2090 5592 2470 5636 conservorum
2492 5573 2646 5629 factis
2672 5572 2890 5629 damnat
2911 5584 3042 5635 eos;
3075 5577 3133 5623 ut
3157 5566 3387 5635 virgines
3418 5579 3485 5618 ex
3512 5560 3671 5629 virgi-

2093 5672 2270 5736 nibus,
2326 5680 2541 5725 servum
2581 5663 2788 5720 ebrium
2828 5676 2893 5717 ac
2943 5658 3112 5716 ventri
3164 5655 3418 5723 deditum,
3462 5667 3492 5707 a
3531 5651 3675 5708 ﬁdeli
