4076 6142
429 244 536 309 ἨΘ

433 378 612 425 seno,
642 365 695 417 et
721 370 844 418 eum
873 357 960 430 qui
995 350 1248 411 talentum
1281 351 1586 416 suﬂ'oderat,
1617 350 1684 405 ab
1703 363 1769 403 eo
1792 347 1883 417 qui
1911 345 2018 401 duo

432 458 631 511 talenta
669 456 939 519 attulerat,
969 458 1023 505 et
1058 457 1368 519 peccatores
1412 440 1650 515 singulos
1671 458 1701 496 a
1732 439 2018 511 proborum

433 550 700 617 exemplo.
733 548 799 601 Et
820 546 931 599 haec
956 541 1282 610 comparatio
1310 551 1704 607 nonnumquam
1737 548 1803 590 ex
1830 532 2019 602 aequali

433 638 665 704 ducitur,
697 647 755 692 ttt
788 645 844 692 et
871 636 957 690 hic
980 642 1037 688 et
1075 634 1125 687 in
1157 631 1405 694 parabola
1433 630 1501 684 de
1535 626 1853 697 virginibus;
1886 639 2021 677 non-

436 747 723 800 numquam
750 745 777 783 a
807 728 1016 794 majori,
1045 739 1104 781 ut
1143 741 1263 782 cum
1303 724 1430 778 dicit.
1462 740 1475 776 :
1512 720 1548 774 γ
1555 723 1616 774 iri
1645 718 1884 772 Ninivita:
1909 734 2022 770 sur-

433 832 572 893 gent,
605 833 652 876 et
680 821 1083 875 condemnabam
1120 818 1492 889 generationem
1529 814 1679 878 hanc,
1711 812 1828 880 quia
1855 809 2021 865 credi-

434 913 615 965 derunt
644 914 696 964 in
720 910 1080 981 praedicatione
1102 909 1253 961 Iona:
1282 922 1300 962 .'
1326 917 1372 961 et
1399 922 1512 960 ecce
1539 904 1653 973 plus
1680 919 1828 973 quam
1856 899 2020 954 Jonas

437 1005 537 1057 hic.
576 1002 639 1055 Et
670 1004 842 1072 regina
882 1001 1054 1054 Austri
1081 998 1430 1052 condemnabit
1457 996 1825 1067 generationem
1865 993 2017 1057 hanc,

434 1090 555 1164 quia
595 1096 727 1149 venit
766 1093 946 1148 audire
989 1092 1286 1162 sapientiam
1327 1087 1619 1144 Salomonis
1645 1101 1664 1139 :
1701 1098 1748 1139 et
1773 1100 1883 1138 ecce
1909 1082 2022 1152 plus

436 1203 590 1256 quant
613 1186 859 1241 Salomon
889 1186 968 1237 hic
999 1182 1211 1249 (Matth.
1249 1180 1334 1235 12.
1375 1180 1463 1234 41.
1497 1178 1608 1243 42).
1640 1175 1707 1230 Et
1731 1175 1797 1228 ab
1831 1173 2020 1243 aequali

436 1291 658 1337 rursus;
706 1275 838 1342 Quia
875 1274 973 1343 ipsi
1008 1274 1208 1344 judices
1251 1271 1398 1324 vestri
1421 1277 1565 1322 erunt
1598 1265 1758 1338 (Ibid.
1799 1280 1846 1318 υ.
1890 1263 2016 1333 27);

437 1376 491 1420 et
515 1381 545 1419 a
575 1365 762 1433 majori
795 1366 1005 1429 iterum,
1032 1361 1251 1417 Nescitis
1280 1359 1397 1432 quia
1423 1360 1625 1429 angelos
1643 1355 2023 1427 judicabimus?

438 1466 625 1527 quanto
653 1457 813 1527 magis
836 1456 1101 1509 sazcularia
1137 1454 1210 1526 (I.
1236 1451 1350 1508 Cor.
1390 1452 1442 1507 6.
1474 1451 1567 1520 5)?
1593 1451 1659 1504 Et
1688 1449 1774 1503 hic
1811 1461 2023 1519 quoque

439 1549 508 1601 ab
533 1546 723 1617 atquali
748 1546 938 1600 divites
966 1545 1238 1609 divitibus,
1262 1556 1519 1611 pauperes
1550 1539 1869 1610 pauperibus
1889 1552 2021 1591 con-

440 1639 562 1694 fert.
593 1639 772 1707 Neque
812 1638 911 1692 hoc
943 1635 1307 1691 tantummodo
1347 1634 1533 1704 probat
1558 1633 1701 1699 juste
1727 1630 1849 1685 ferri
1895 1644 2021 1683 sen-

441 1731 681 1793 tentiam,
706 1728 842 1799 quod
870 1729 1110 1782 conservi
1157 1728 1392 1795 ipsorum
1437 1725 1489 1778 in
1526 1722 1639 1791 pari
1670 1736 1846 1776 rerum
1881 1730 2020 1774 statu

439 1820 607 1892 probe
627 1836 685 1876 se
709 1820 987 1889 gesserint,
1024 1818 1115 1873 sed
1153 1817 1293 1887 quod
1332 1832 1501 1885 neque
1528 1814 1579 1868 in
1612 1813 1717 1868 illis
1747 1812 2024 1880 obtempe-

439 1913 627 1977 rurint,
676 1912 762 1966 ubi
787 1920 1082 1980 paupertas
1134 1909 1277 1963 nullo
1319 1916 1436 1963 erat
1492 1905 1873 1975 impedimento
1915 1923 1928 1957 :
1966 1913 2024 1958 ut

440 2010 622 2071 polum
652 2002 781 2056 dare
811 2002 1029 2065 sitienti,
1059 2000 1290 2055 vinctum
1317 1999 1555 2062 visitare,
1586 1997 1856 2051 infirmum
1890 1996 2023 2049 invi-

437 2109 576 2148 sere.
630 2094 911 2163 POstquam
965 2101 1143 2146 autem
1205 2090 1402 2159 probos
1461 2087 1736 2154 laudavit,
1792 2087 2026 2141 ostendit

438 2194 634 2255 quanta
659 2184 767 2253 jam
796 2185 920 2239 olim
951 2184 1094 2253 ipsos
1127 2185 1348 2238 caritate
1388 2182 1831 2250 complecteretur
1858 2197 1870 2232 :
1902 2194 2022 2233 nam

441 2278 516 2331 ait.
547 2293 560 2330 :
600 2274 793 2340 Venite,
841 2273 1088 2331 benedicti
1115 2273 1290 2328 Patris
1319 2273 1436 2335 mei,
1480 2273 1751 2325 hereditate
1779 2271 2026 2339 possidete

443 2377 679 2438 paratum
705 2367 840 2420 vobis
863 2383 1075 2436 regnum
1113 2374 1229 2418 ante
1250 2363 1652 2427 constitutionem
1682 2362 1875 2415 mundi.
1914 2361 2026 2416 Hoc

443 2474 638 2515 nomen
667 2465 796 2528 quot
821 2457 1136 2526 quantisque
1162 2455 1316 2509 boais
1336 2453 1647 2523 aequiparari
1673 2460 1864 2522 potest,
1887 2451 2026 2521 quod

444 2551 704 2607 benedicti
748 2550 875 2615 sint,
921 2557 971 2603 et
1017 2562 1045 2600 a
1088 2547 1245 2601 Patre
1289 2544 1593 2601 benedicti?
1648 2543 1715 2598 Et
1760 2542 2025 2596 undenam

444 2652 590 2697 tanto
612 2642 813 2696 honore
843 2638 1038 2710 dignati
1067 2637 1228 2692 sunt?
1261 2652 1501 2706 quamam
1529 2649 1689 2689 causa
1717 2634 1856 2688 fuit?
1889 2633 2023 2687 Esu-

442 2736 538 2789 rini
559 2736 709 2797 enim,
742 2743 787 2788 et
817 2731 1023 2786 dedistis
1053 2730 1176 2784 mihi
1201 2729 1549 2791 manducare;
1578 2728 1730 2791 sitivi,
1763 2736 1810 2780 et
1852 2735 2027 2796 potum

443 2826 650 2880 dedistis
673 2824 817 2890 mihi,
862 2832 966 2878 etc.
998 2822 1191 2888 Quanti
1235 2820 1470 2884 honoris,
1503 2828 1714 2888 quantae
1743 2818 2027 2873 beatitudi-

438 2914 527 2969 ins
556 2914 759 2969 verba?
783 2912 898 2968 Non
926 2911 1073 2977 dicit,
1107 2910 1367 2979 Accipite,
1396 2908 1511 2974 sed,
1546 2907 1832 2962 Hereditate
1869 2908 2030 2977 possi-

443 3006 572 3070 dete,
617 3005 765 3074 quasi
813 3003 1104 3072 proprium,
1158 3001 1306 3070 quasi
1355 3007 1630 3068 paternum
1673 3005 1728 3052 et
1762 3007 2021 3061 vestrum,

440 3097 550 3165 jam
579 3095 703 3149 olim
736 3093 886 3147 vobis
912 3092 1172 3147 debitum.
1201 3090 1500 3158 Antequam
1525 3088 1664 3142 enim
1693 3087 1903 3151 essetis,
1938 3087 2022 3139 in-

445 3186 580 3256 quit,
615 3185 728 3238 baec
750 3184 900 3237 vobis
931 3190 1110 3252 parata
1152 3189 1322 3245 erant,
1356 3179 1478 3249 quia
1517 3177 1749 3232 sciebam
1779 3191 1871 3230 vos
1896 3176 2028 3232 tales

445 3288 565 3329 esse
593 3272 812 3326 futuros.
845 3270 910 3326 Et
940 3285 1036 3340 pro
1061 3269 1250 3340 quibus
1278 3268 1393 3323 lucc
1415 3266 1723 3335 accipiunt?
1743 3264 1845 3319 Pro
1867 3273 2027 3329 tecto,

445 3378 544 3435 pro
566 3363 814 3428 vestibus,
853 3376 948 3431 pro
980 3376 1133 3430 pane,
1169 3375 1263 3429 pro
1289 3373 1423 3428 aqua
1467 3356 1676 3425 frigida,
1724 3370 1820 3423 pro
1848 3354 2030 3409 visita-

448 3455 611 3519 tione,
646 3469 744 3523 pro
766 3454 1006 3523 ingressu
1041 3453 1091 3505 in
1122 3465 1411 3506 carcerem.
1445 3447 1653 3517 Ubique
1678 3448 1818 3502 enim
1847 3456 1904 3502 ut
1932 3463 2029 3503 tte-

446 3544 695 3598 ccssariis
741 3541 1085 3613 provideatur
1122 3540 1363 3609 requirit,
1408 3539 1516 3592 imo
1560 3537 1877 3606 quandoque
1923 3553 2029 3592 nou

448 3632 788 3689 necessariis.
817 3630 1001 3701 Neque
1029 3631 1193 3694 enim,
1226 3639 1285 3684 ut
1298 3629 1408 3699 jam
1435 3628 1562 3692 dixi,
1581 3635 1811 3697 :egrotus
1839 3637 1893 3682 et
1916 3627 2032 3682 vin-

448 3734 566 3779 etus
597 3723 796 3777 visitari
843 3722 1015 3777 solum
1045 3722 1250 3786 volunt,
1280 3718 1382 3797 sed
1400 3718 1537 3773 alius
1565 3717 1788 3784 exsolvi,
1817 3724 1870 3771 et
1896 3716 2032 3773 alius

447 3834 478 3872 a
505 3817 694 3872 morbo
720 3815 897 3872 sanari
936 3822 1171 3884 exeptat.
1200 3811 1397 3867 Verum
1438 3810 1545 3873 ille.
1576 3817 1882 3864 mansuetus
1909 3822 2037 3863 cum

447 3909 537 3972 sit,
568 3908 654 3962 illa
679 3915 881 3962 tantum
909 3905 1132 3975 requirit
1167 3917 1286 3973 qua:
1336 3898 1601 3956 facultatis
1638 3909 1835 3953 nostra:
1865 3908 2027 3962 sunt;

448 4001 558 4054 imo
586 4001 758 4054 minus
791 4014 950 4069 quam
995 3996 1219 4051 facultas
1248 4002 1431 4048 nostra
1479 3992 1617 4047 ferre
1646 3991 1835 4060 possit,
1874 3989 2031 4045 nobis

449 4092 757 4159 relinquens
800 4098 858 4144 ut
886 4088 952 4143 ad
990 4088 1192 4156 majora
1237 4097 1537 4155 pergamus.
1581 4082 1689 4136 Illis
1714 4097 1843 4137 vero
1880 4081 2028 4148 dicit,

449 4181 708 4237 Discedite
728 4198 761 4235 a
787 4197 885 4246 me,
913 4179 1169 4232 maledicti
1193 4195 1210 4231 :
1231 4192 1336 4231 non
1364 4189 1393 4227 a
1425 4175 1610 4238 Patre;
1642 4188 1747 4226 non
1772 4172 1914 4226 enim
1945 4172 2034 4226 ille

452 4270 584 4338 ipsis
605 4270 897 4333 maledixit,
921 4268 1014 4323 sed
1038 4281 1198 4336 Opera
1223 4266 1456 4334 ipsorum
1484 4262 1728 4333 pr0pria;
1771 4259 1836 4313 1η
1868 4262 2034 4330 ignem

452 4368 715 4425 aeternum,
742 4368 999 4430 paratum,
1027 4371 1136 4411 non
1159 4355 1332 4419 vobis,
1372 4351 1468 4407 sed
1494 4350 1724 4414 Diabolo,
1773 4359 1817 4403 et
1843 4350 2034 4419 angelis

452 4464 582 4521 ejus.
628 4449 759 4503 Nam
802 4463 923 4503 cum
955 4448 1022 4503 de
1052 4461 1216 4517 regno
1259 4444 1483 4511 diceret,
1546 4441 1721 4496 Venite
1767 4441 2030 4508 benedicti,

451 4545 722 4601 [meditate
750 4542 1001 4611 possidete
1027 4555 1254 4611 regnum,
1306 4535 1569 4606 adjuuxit,
1607 4531 1852 4587 Paratum
1891 4531 2034 4586 tabis

450 4647 570 4691 ante
615 4634 1020 4690 constitutionem
1057 4629 1235 4684 mundi
1259 4627 1366 4683 :de
1408 4627 1529 4696 igne
1555 4638 1685 4679 vero
1730 4638 1835 4677 non
1881 4625 2032 4690 item,

451 4727 571 4793 sed,
613 4726 862 4781 Paratum
907 4722 1130 4790 diabolo,
1161 4732 1209 4775 et
1250 4718 1443 4791 angelis
1486 4718 1618 4788 ejus.
1666 4716 1775 4786 Ego
1804 4729 2035 4785 namque

451 4836 672 4891 regnum
703 4819 854 4874 vobis
882 4817 1080 4888 paravi,
1134 4815 1311 4886 ignem
1354 4825 1507 4878 vero,
1553 4823 1661 4864 non
1715 4807 1889 4872 vobis,
1937 4805 2034 4862 seti

452 4913 664 4967 diabolo
685 4919 740 4967 et
775 4910 978 4981 angelis
1006 4908 1121 4979 ejus
1151 4923 1167 4959 :
1195 4906 1318 4976 quia
1346 4918 1477 4958 vero
1503 4916 1600 4954 vos
1630 4900 1680 4953 in
1712 4899 1884 4970 ipsum
1912 4912 2037 4953 con-

456 5003 676 5076 jecistis,
714 5001 767 5055 id
793 5000 1074 5069 vobisipsis
1114 5004 1377 5066 reputate.
1407 4992 1522 5047 Non
1570 4991 1655 5046 his
1683 4998 1908 5054 tantum,
1940 4988 2033 5045 sed

455 5097 614 5150 etiam
645 5093 699 5148 in
729 5092 1090 5163 sequentibus,
1121 5086 1271 5159 quasi
1300 5100 1421 5141 sese
1460 5097 1692 5157 purgans
1716 5080 1853 5151 apud
1895 5080 2033 5147 illos,

454 5200 668 5243 musam
695 5187 824 5256 ipsis
863 5182 1115 5238 adscribit
1146 5199 1160 5235 :
1190 5180 1283 5236 42.
1311 5177 1515 5232 Esurivi
1541 5178 1693 5244 enim,
1741 5185 1788 5230 et
1815 5193 1915 5230 non
1945 5175 2036 5229 de-

457 5280 602 5334 distis
628 5278 752 5332 mihi
781 5275 1106 5331 manducare.
1146 5270 1365 5327 Etiamsi
1418 5268 1560 5325 enim
1606 5266 1851 5321 inimicus
1894 5274 2038 5320 esset

460 5370 507 5425 is
560 5370 647 5439 qui
679 5367 990 5429 accedebat,
1023 5378 1199 5420 annon
1231 5361 1362 5416 satis
1398 5367 1553 5415 erant
1603 5372 1857 5412 aerumna:
1912 5356 2035 5422 illae,

459 5467 519 5512 ut
546 5459 630 5513 vel
671 5455 1148 5513 inmisericordem
1189 5452 1468 5508 ﬂecterent
1518 5457 1573 5504 et
1610 5447 1933 5518 frangerent,
1961 5445 2041 5499 fa-

463 5563 600 5614 mes,
632 5547 818 5618 frigus.
855 5547 1087 5612 vincula,
1120 5543 1353 5606 auditas,
1382 5538 1685 5604 inﬁrmitas,
1714 5537 1894 5609 vagari
1923 5537 2040 5593 sine

457 5639 636 5697 tecto?
662 5638 787 5694 llaec
811 5635 1136 5693 inimicitiam
1161 5635 1370 5691 solvere
1396 5640 1658 5703 poterant.
1692 5632 1760 5687 At
1794 5644 1889 5686 vos
1922 5630 2038 5686 lucc

1148 240 1209 300 δ.
1246 227 1527 299 toaNNts
1563 230 2037 293 crmvsosrosu
2072 225 2386 291 ARCHIEP.
2428 225 2939 294 CONSTANTINOP

3602 234 3707 299 7‘20

2127 361 2231 402 non
2254 349 2586 413 prmstabatis
2614 350 2808 415 amico,
2833 366 2937 405 non
2969 349 3319 419 benefactori,
3344 362 3450 408 nan
3482 353 3707 411 Domino

2123 448 2322 494 vestro.
2357 440 2412 496 Si
2440 455 2625 495 canent
2655 441 2932 497 videamus
2954 442 3301 509 esurientem,
3322 457 3466 512 saape
3506 444 3705 515 frangi-

2124 548 2279 598 mur;
2313 533 2419 588 imo
2458 535 2500 589 si
2541 534 2681 590 feras
2721 535 2996 590 videamus
3027 538 3342 601 esurientes,
3395 535 3662 592 ﬂectimur
3687 579 3702 594 .

2123 637 2177 682 et
2200 642 2319 681 cum
2365 627 2644 682 Dominum
2674 637 2819 682 tuum
2850 629 3019 691 vides,
3050 644 3155 684 non
3200 627 3464 684 ﬂecteris?
3490 642 3591 700 qua
3621 646 3704 684 ra-

2125 719 2267 773 tione
2292 719 2406 773 ltaec
2437 729 2684 788 poterunt
2709 722 2998 776 excusari?
3021 720 3153 777 Nam
3194 721 3238 775 si
3267 721 3317 775 id
3340 720 3512 776 solum
3539 731 3703 786 esset,

2124 825 2301 865 nonne
2321 811 2587 866 sufficeret
2617 812 2681 865 ad
2733 811 3075 867 mercedem?
3115 826 3220 865 non
3258 812 3398 874 dico,
3447 818 3506 864 ut
3545 811 3704 865 talem

2123 915 2305 955 vocem
2329 901 2457 956 orbe
2484 913 2749 971 praesente
2777 902 2845 956 ab
2864 917 2931 956 eo
2954 901 3043 972 qtti
3069 901 3220 956 sedet
3247 900 3299 955 iu
3322 901 3459 955 solio
3482 910 3705 970 paterno

2122 993 2327 1060 audias,
2355 1004 2407 1048 et
2449 1010 2672 1065 regnum
2704 995 3067 1064 consequaris,
3100 995 3193 1050 sed
3221 993 3324 1049 hoc
3358 997 3529 1063 ipsum
3560 995 3702 1064 quod

2125 1085 2314 1142 feceris
2338 1102 2513 1142 nonne
2541 1088 2672 1142 satis
2698 1101 2841 1142 esset
2879 1087 2946 1141 ad
2993 1086 3333 1143 mercedem?
3351 1084 3501 1143 Nunc
3525 1092 3701 1143 autem

2123 1177 2255 1232 orbe
2298 1187 2581 1247 praesente,
2632 1185 2687 1232 et
2729 1177 2981 1232 ineffabili
3037 1177 3125 1232 illa
3176 1187 3465 1248 apparente
3514 1178 3700 1248 gloria,

2124 1269 2376 1338 praedicat
2400 1280 2453 1325 et
2496 1279 2716 1325 coronat
2754 1279 2828 1335 te,
2878 1270 3282 1341 promulgatque
3319 1269 3604 1325 nutricium
3647 1279 3703 1326 et

2124 1360 2384 1430 hospitem
2417 1378 2430 1415 :
2462 1374 2635 1431 neque
2663 1362 2928 1416 erubescit
2949 1361 3064 1416 hate
3092 1361 3294 1426 dicens,
3327 1370 3385 1415 ut
3414 1361 3506 1416 tibi
3528 1360 3705 1430 splett-

2124 1450 2385 1505 didiorem
2409 1466 2665 1506 coronam
2699 1451 2909 1506 reddat.
2945 1452 3020 1506 Ex
3050 1452 3235 1522 gratiae
3269 1450 3587 1506 liberalitate
3612 1466 3703 1508 co-

2124 1558 2252 1596 rona
2284 1543 2460 1597 datur.
2489 1543 2613 1597 Ideo
2654 1544 2726 1597 illi
2751 1544 2892 1612 juste
2935 1545 3246 1614 puniuntur,
3296 1541 3349 1597 hi
3378 1550 3705 1598 coronantur

2124 1648 2220 1701 per
2246 1634 2488 1702 gratiam.
2517 1632 2633 1687 Etsi
2664 1632 2805 1688 enim
2846 1634 3009 1687 millia
3041 1633 3178 1687 bona
3227 1649 3389 1702 opera
3427 1633 3699 1699 fecissent,

2123 1724 2306 1795 gratiae
2335 1724 2624 1778 liberalitas
2657 1733 2760 1786 est,
2789 1723 2929 1794 quod
2969 1723 3038 1777 ita
3072 1739 3170 1794 pro
3194 1719 3427 1777 minimis
3453 1719 3703 1792 cperilius

2127 1824 2327 1869 tantum
2358 1815 2567 1881 emtum,
2602 1824 2803 1869 tantum
2849 1830 3070 1885 regnum
3117 1814 3273 1870 detur
3312 1816 3364 1870 in
3396 1816 3695 1884 praemium.

2129 1906 2276 1981 (Cap.
2299 1906 2490 1978 XXVI)
2520 1909 2572 1961 1.
2603 1905 2671 1960 Et
2696 1909 2884 1978 factum
2909 1919 2983 1961 est
3002 1922 3114 1960 cum
3145 1916 3535 1961 consummasset
3554 1904 3706 1961 Iesus

2125 2002 2217 2056 hos
2244 2018 2515 2065 sermones,
2548 2001 2676 2055 dixit
2708 2000 2968 2069 discipulis
2995 2001 3099 2054 suis
3128 1999 3225 2053 τε.
3255 1997 3408 2055 Scitis
3443 1999 3562 2071 quia
3595 2008 3704 2068 post

2126 2094 2333 2148 biduum
2363 2094 2550 2164 pascha
2583 2094 2683 2160 fiet,
2717 2102 2765 2148 et
2792 2091 2958 2147 Filius
2986 2092 3201 2146 hominis
3244 2091 3469 2146 tradetur
3507 2100 3561 2144 ut
3589 2107 3705 2143 cru-

2126 2187 2380 2255 ciﬁgalur.
2437 2186 2638 2239 Rursus
2693 2193 2993 2256 opportune
3038 2184 3106 2239 de
3152 2184 3400 2253 passione
3448 2182 3702 2253 loquitur,

2127 2278 2338 2347 quando
2368 2277 2436 2330 de.
2461 2292 2642 2346 regno,
2669 2276 2737 2329 de
2763 2275 3112 2330 retributione
3141 2273 3334 2340 futura,
3364 2281 3417 2328 et
3441 2270 3509 2326 de
3544 2282 3702 2326 aeter-

2128 2372 2210 2425 nis
2230 2370 2546 2425 cruciatibus
2570 2369 2727 2423 verba
2754 2367 2983 2434 fecerat;
3010 2382 3072 2422 ae
3091 2368 3134 2421 si
3151 2367 3353 2422 diceret
3378 2383 3393 2419 :
3415 2363 3520 2420 Cur
3551 2365 3704 2421 timc-

2132 2463 2200 2517 tis
2213 2462 2279 2518 de
2299 2461 2657 2531 temporaneis
2679 2460 2852 2524 malis,
2872 2475 2992 2513 cum
3023 2459 3143 2512 talia
3163 2473 3257 2513 vos
3276 2456 3706 2512 maneantbona?

2200 2556 2252 2610 5.
2286 2553 2362 2608 Tn
2390 2568 2516 2609 vero
2538 2552 2667 2606 mihi
2693 2551 3000 2606 consideres
3024 2550 3184 2606 velim
3206 2548 3472 2620 quomodo
3495 2546 3546 2601 id
3568 2545 3715 2616 quod‘

2130 2646 2250 2700 illos
2279 2645 2509 2699 maxime
2533 2643 2779 2713 angebat,
2814 2657 2937 2697 cum
2968 2649 3083 2696 arte
3112 2655 3245 2694 nova
3273 2637 3505 2708 quadam
3532 2637 3582 2690 iu
3613 2651 3704 2690 su-

2129 2737 2426 2808 perioribus
2456 2735 2870 2791 adumbraverit.
2896 2733 3011 2788 Non
3041 2733 3182 2787 enim
3210 2731 3361 2790 dixit.
3392 2729 3556 2785 Scitis
3586 2726 3707 2797 quia

2132 2838 2251 2898 post
2270 2827 2407 2882 duos
2433 2827 2547 2881 dies
2578 2826 2791 2889 tradar;
2838 2824 2931 2879 sed
2959 2822 3119 2894 quid?
3164 2821 3320 2877 Scitis
3355 2820 3474 2891 quia
3502 2827 3610 2889 post
3636 2814 3709 2872 bi;

2130 2920 2288 2972 duum
2319 2918 2504 2988 pascha
2530 2917 2637 2985 ﬁet,
2669 2926 2716 2970 et
2746 2915 2916 2969 Filius
2957 2912 3173 2967 hominis
3207 2911 3476 2975 tradetur;
3507 2918 3560 2964 et
3587 2917 3706 2962 tunc

2130 3011 2329 3081 adjicit,
2364 3008 2431 3064 Ut
2459 3008 2823 3078 cruciﬁgatur;
2848 3005 3138 3062 ostendens
3169 2994 3482 3075 mysterium
3509 3015 3629 3056 esse
3655 2998 3718 3054 id'

2131 3103 2272 3173 quod
2304 3102 2480 3168 ﬁebat,
2512 3101 2706 3156 festum
2734 3109 2787 3155 et
2815 3099 3176 3154 celebritatem
3200 3095 3266 3150 ad
3297 3094 3523 3150 salutem
3565 3090 3711 3146 orbis

2131 3196 2343 3261 factam,
2369 3205 2424 3250 et
2450 3209 2508 3249 se
2552 3208 2827 3264 passurum
2857 3206 2999 3257 esse,
3045 3204 3165 3245 cum
3193 3188 3373 3244 omnia
3410 3183 3710 3256 praeseivis-

2131 3296 2232 3343 set.
2259 3286 2383 3341 Ideo
2407 3285 2558 3357 quasi
2582 3285 2685 3340 hoc
2719 3284 2849 3338 satis
2882 3292 3024 3339 esset
3052 3281 3118 3336 ad
3142 3279 3564 3336 consolationem
3591 3277 3719 3332 ίιιυσ

2131 3394 2269 3440 rum,
2306 3377 2438 3431 nihil
2476 3377 2580 3431 illis
2617 3391 2759 3430 nunc
2787 3375 2915 3429 dicit
2942 3373 3009 3429 de
3054 3372 3450 3427 resurrectione
3482 3385 3495 3422 :
3526 3384 3708 3438 super-

2132 3467 2295 3522 ﬂuum
2317 3466 2459 3522 enim
2480 3464 2689 3530 fuisset,
2709 3474 2985 3534 postquam
3006 3471 3079 3517 tot
3099 3467 3347 3530 tantaque
3364 3460 3704 3521 disseruerat,

2133 3559 2200 3614 de
2247 3558 2334 3612 illa
2386 3557 2579 3612 iterum
2609 3555 2807 3610 dicere.
2849 3554 3096 3623 Alioquin
3151 3567 3306 3617 vero,
3338 3559 3395 3605 ut
3418 3549 3528 3619 jam
3579 3544 3717 3613 dixi;

2133 3649 2369 3705 ostendit
2394 3649 2561 3718 ipsam
2584 3647 2885 3718 passionem
2915 3661 2945 3699 a
2973 3644 3113 3699 mille
3140 3641 3293 3696 malis
3322 3642 3566 3695 homines
3584 3639 3707 3693 libe-

2133 3756 2274 3803 rare.
2327 3740 2455 3796 dum
2487 3754 2581 3809 per
2626 3736 2818 3807 pascha
2848 3744 3030 3791 vetera
3070 3732 3326 3789 beneﬁcia
3377 3731 3428 3785 in
3484 3729 3711 3802 Egypto

2135 3834 2367 3905 praestita
2397 3837 2797 3888 commemorat.
2827 3829 2881 3883 5.
2916 3826 3055 3881 Tunc
3101 3823 3385 3896 congregati
3428 3832 3546 3877 sunt
3582 3818 3711 3891 prin-

2134 3928 2269 3998 cipes
2311 3924 2639 3988 sacerdotum,
2667 3921 2863 3986 scribat,
2908 3929 2954 3974 et
3001 3919 3219 3973 seniores
3264 3914 3439 3988 populi
3488 3915 3542 3967 in
3584 3911 3710 3965 atrio

2133 4017 2317 4072 summi
2341 4015 2629 4081 sacerdotis,
2676 4013 2761 4082 qui
2788 4010 3056 4066 uocabatur
3097 4008 3336 4077 Cuiphas,
3376 4007 3430 4061 4.
3476 4014 3522 4058 et
3550 4003 3712 4058 cousi-

2136 4108 2259 4161 lium
2292 4107 2508 4160 inierunt
2545 4114 2598 4158 ut
2630 4103 2805 4157 Iesum
2843 4100 2960 4155 dolo
2987 4109 3227 4164 tenerent,
3255 4107 3301 4151 et
3327 4095 3626 4151 occiderent.
3653 4088 3707 4148 δέ

2135 4196 2379 4251 Dicebant
2407 4206 2591 4261 autent,
2624 4194 2746 4249 Non
2773 4195 2827 4247 in
2856 4192 2938 4248 die
2962 4196 3106 4264 festo,
3141 4207 3203 4244 ne
3234 4188 3474 4243 tumultus
3500 4189 3635 4257 fieret
3658 4186 3711 4240 iu

2137 4288 2347 4359 populo.
2391 4287 2579 4342 Vidisti
2609 4289 2894 4341 maximam
2940 4284 3279 4339 Judaicarunt
3323 4297 3502 4337 rerum
3532 4294 3713 4336 corru-

2138 4379 2411 4449 ptionem?
2444 4378 2546 4433 Res
2575 4379 2783 4447 iniquas
2808 4376 3198 4446 aggredienles,
3235 4372 3598 4427 ad'summum
3625 4386 3713 4427 sa-

2137 4469 2409 4526 cerdotem
2436 4469 2673 4535 veniunt,
2701 4468 2825 4522 dum
2857 4466 2979 4522 inde
3002 4466 3185 4520 volunt
3226 4472 3543 4533 potestatem
3571 4461 3713 4517 acci-

2138 4576 2266 4633 pere
2294 4561 2434 4616 unde
2464 4558 2707 4629 impediri
2742 4558 3042 4628 Oportebat.
3079 4555 3148 4610 Et
3176 4564 3306 4623 quot
3344 4561 3497 4608 erant
3524 4551 3716 4607 summi

2137 4651 2479 4708 sacerdotes?
2504 4650 2615 4704 Lex
2642 4651 2785 4705 enim
2806 4663 2967 4704 unum
2990 4661 3109 4703 esse
3133 4646 3242 4701 vult
3267 4663 3281 4699 :
3303 4644 3397 4699 sed
3422 4653 3547 4698 tunc
3566 4641 3717 4698 multi

2138 4754 2309 4801 erant.
2337 4744 2489 4801 Unde
2516 4743 2688 4813 palam
2706 4751 2808 4807 est,
2839 4740 3056 4797 Judaica
3080 4739 3188 4808 jam
3220 4737 3438 4792 dissolvi
3462 4737 3719 4807 coepisse.

2138 4835 2346 4909 Moyses
2375 4836 2539 4900 enim,
2570 4842 2630 4890 ut
2655 4833 2784 4897 dixi,
2810 4845 2975 4887 unum
3000 4844 3120 4885 esse
3143 4829 3302 4898 jussit
3331 4846 3344 4882 :
3374 4842 3482 4899 quo
3508 4835 3719 4882 mortuo

2139 4927 2300 4982 aiium
2352 4926 2535 4996 deligi,
2578 4925 2630 4978 in
2679 4924 2942 4994 hujusque
2979 4922 3086 4975 vita
3128 4920 3371 4975 exsilium
3415 4919 3721 4975 terminavit

2139 5035 2322 5076 eorum
2371 5018 2462 5089 qui
2527 5016 2876 5071 involuntarie
2940 5028 3128 5069 necem
3183 5011 3343 5066 alicui
3397 5010 3718 5065 intulissent.

2139 5109 2419 5180 Quomodo
2463 5109 2623 5177 igitur
2669 5117 2794 5162 tunc
2846 5105 2999 5160 multi
3042 5102 3346 5160 sacerdotes
3384 5100 3506 5173 (a)?
3547 5099 3717 5157 Anuui

2140 5203 2393 5273 deinceps
2417 5202 2539 5258 facti
2567 5208 2711 5255 sunt.
2745 5199 2856 5254 Hoc
2880 5196 3197 5269 significavit
3219 5193 3566 5265 evangelista,
3598 5207 3715 5247 cum

2142 5296 2209 5352 de
2235 5296 2490 5352 Zacharia
2534 5294 2863 5364 loqueretur,
2891 5291 3077 5347 dicens
3106 5288 3273 5363 illum,
3303 5286 3465 5341 fuisse
3507 5284 3585 5339 De
3623 5285 3721 5337 uice

2207 5450 2279 5514 (a)
2305 5450 2360 5499 In
2382 5456 2544 5499 Graeco
2564 5447 2749 5511 legitur
2770 5458 2964 5514 W,
2999 5444 3049 5495 id

2144 5498 2741 5584 Ch‘rissiswmusmtistst
2781 5498 3719 5584 etesseensataeeas..ecs~

2144 5560 2264 5622 riam
2278 5560 2477 5622 Joannis
2497 5560 2717 5633 Baptistae
2737 5575 2928 5633 patrem
2956 5560 3108 5617 fuisse
3129 5560 3369 5617 sttmntuin

2140 5638 2240 5692 Alit
2265 5650 2409 5688 secus
2445 5630 2753 5689 existimant:
2792 5636 2849 5689 γ.
2876 5634 3056 5689 Adnot.
3081 5632 3242 5697 Field,
3262 5633 3323 5684 ad
3339 5646 3392 5699 p.
3417 5630 3529 5684 76L
