4076 6142
450 342 549 399 711

447 457 576 510 Abiu
598 452 751 528 (Luc.
785 455 834 512 1.
866 454 943 525 5).
988 452 1264 525 Principes
1301 453 1461 524 igitur
1501 453 1834 509 sacerdotum
1867 453 2029 508 fuisse

448 547 579 601 dicit
624 562 740 611 eos,
789 547 878 618 qui
923 546 994 601 de
1034 545 1363 614 principibus
1409 545 1743 600 sacerdotum
1798 543 2025 599 fuerant.

448 639 603 705 Quod
631 647 809 693 autem
837 638 1116 692 consilium
1150 637 1416 691 inierunt?
1445 645 1503 690 ut
1542 652 1663 690 eum
1699 636 1833 690 clam
1875 651 2030 706 cape-

445 730 604 783 rent?
625 737 714 783 aut
748 726 1481 801 utoccidercutiUtrumque
1509 745 1522 779 :
1551 727 1808 781 timebant
1836 726 1979 779 enim
2006 726 2024 758 ⁸

446 820 676 888 plebem.
730 819 854 873 Ideo
894 820 1165 888 praeterire
1215 819 1402 873 festum
1456 818 1733 883 volebant;
1784 817 2030 873 dicebant

421 911 608 976 cnim,
654 907 774 964 Non
800 911 851 964 in
886 912 968 963 die
994 912 1139 981 festo.
1184 909 1313 963 Nam
1353 910 1613 972 diabolus,
1646 926 1714 964 ne
1746 910 2025 964 manifesm

426 1024 433 1051 :
447 1003 625 1069 passio
652 1010 816 1061 esset.
844 1001 1057 1056 nolebat
1082 1000 1252 1055 occidi
1274 1001 1325 1054 in
1355 1001 1640 1070 paschale;
1674 1001 1747 1055 illi
1785 1017 1932 1066 vero,
1962 1016 2029 1056 ne

451 1092 703 1145 tumultus
725 1101 887 1147 esset.
929 1091 1307 1145 Animadverte
1330 1098 1507 1144 autem
1532 1091 1653 1145 illos
1687 1092 1895 1155 timere,
1923 1107 2025 1146 non

430 1180 639 1243 Deum,
687 1196 858 1251 neque
885 1196 955 1236 ne
985 1181 1156 1251 majus
1185 1182 1360 1236 scelus
1389 1191 1532 1237 esset
1561 1197 1589 1234 a
1621 1192 1897 1251 tempore;
1931 1184 2026 1238 sed

452 1275 642 1344 ubique
667 1272 895 1328 humana
920 1282 1179 1328 metuere.
1212 1276 1458 1328 Attamen
1507 1275 1687 1328 animo
1733 1275 2024 1341 ferventes,

425 1377 632 1435 .postea
667 1367 1001 1421 sententiam
1052 1375 1340 1420 mutarunt.
1385 1365 1516 1421 Cium
1559 1365 1818 1421 dixissent
1859 1366 2025 1432 enim,

454 1456 572 1512 Non
608 1459 661 1512 in
689 1458 790 1513 die
839 1459 987 1530 festo,
1033 1474 1154 1514 cum
1203 1459 1528 1528 proditorem
1576 1461 1915 1526 invenissent,
1963 1462 2029 1517 de

425 1558 689 1618 tempore
723 1565 829 1604 non
856 1559 1125 1614 curarunt,
1155 1550 1248 1605 sed
1289 1550 1342 1603 in
1393 1549 1508 1620 ipso
1538 1549 1674 1605 festo
1698 1550 2025 1605 occiderunt.

447 1639 555 1694 Cur
579 1640 933 1696 autem-illum
966 1650 1089 1695 tunc
1114 1641 1416 1708 ceperunt?
1453 1641 1520 1696 Et
1542 1641 1722 1695 furore
1751 1641 2023 1707 ardentes,

449 1741 505 1783 ut
530 1730 658 1794 dixi,
686 1739 740 1786 et
768 1725 906 1801 quod
936 1742 1061 1786 tunc
1084 1745 1141 1785 se
1166 1732 1311 1784 illum
1343 1730 1656 1785 inventuros
1688 1745 1808 1785 esse
1845 1744 2028 1800 Spera-

449 1830 586 1885 rent,
622 1831 779 1892 atque
809 1823 986 1876 omnia
1016 1822 1166 1892 quasi
1184 1822 1312 1876 (εωοί
1353 1821 1607 1876 facerent.
1651 1819 1761 1876 Etsi
1800 1822 2028 1877 maxime

450 1910 539 1965 ille
570 1913 803 1977 ipsorum
826 1913 1062 1982 nequitia
1089 1911 1154 1965 ad
1182 1912 1450 1981 prepriam
1482 1919 1720 1965 uteretur
1743 1913 2024 1982 dispensa-

425 2006 680 2067 tionem;
715 2019 819 2056 non
850 2003 970 2057 ideo
997 2004 1113 2057 sine
1156 2003 1308 2072 culpa
1349 2013 1518 2067 erant,
1563 2002 1655 2056 sed
1701 2002 1844 2056 mille
1883 2002 2027 2072 digni

446 2093 770 2147 cruciatibus
800 2094 868 2146 ob
897 2093 998 2147 tale
1028 2094 1377 2163 propositum.
1407 2093 1628 2158 Quando
1655 2094 1813 2162 igitur
1840 2108 2027 2148 omnes

422 2184 714 2254 «etiamque
744 2184 931 2238 noxios
952 2185 1084 2238 solvi
1110 2184 1407 2252 oportebat,
1443 2194 1568 2238 tunc
1588 2183 1664 2237 illi
1692 2185 2025 2239 innocentem

446 2274 775 2339 occiderunt,
807 2275 895 2343 qui
927 2274 1054 2343 ipsis
1095 2273 1242 2327 mille
1270 2272 1525 2329 beneficia
1555 2274 1876 2341 contulerat,
1903 2274 2027 2342 qui-

447 2379 548 2433 que
570 2373 784 2432 propter
809 2363 926 2417 illos
954 2362 1163 2417 interim
1192 2371 1376 2431 gentes
1414 2363 1691 2432 negligere
1727 2363 2023 2417 videbatur.

432 2455 570 2519 'Sed,
603 2472 635 2508 ο
657 2456 1032 2525 benignitatem
1058 2456 1072 2508 i
1104 2454 1358 2510 scelestos
1389 2456 1508 2510 illos
1540 2457 1607 2508 ita
1634 2471 1849 2524 pravos,
1878 2457 2026 2512 mille

448 2547 601 2601 malis
630 2557 874 2614 onustos,
903 2562 1089 2602 rursus
1126 2548 1300 2602 salvos
1330 2547 1472 2612 facit,
1516 2549 1781 2618 mittitque
1809 2559 2025 2619 aposto—

448 2637 528 2691 los
555 2652 652 2706 pro
689 2638 817 2706 ipsis
851 2638 1191 2706 occidendos,
1220 2651 1273 2693 et
1302 2654 1398 2709 pro
1433 2640 1558 2708 ipsis
1584 2641 2027 2711 supplicationem

446 2728 658 2781 emittit.
689 2726 795 2781 Pro
826 2728 1024 2782 Christo
1054 2729 1192 2782 enim
1224 2729 1470 2800 legatione
1498 2733 1761 2802 fungimur
1793 2730 1868 2804 (2.
1907 2733 2023 2785 Cor.

440 2817 482 2873 ’5
518 2817 631 2891 20),
653 2819 838 2889 inquit.
864 2818 1010 2874 Talia
1031 2820 1189 2889 igitur
1203 2821 1442 2890 exempla
1464 2822 1735 2888 habentes,
1757 2839 1864 2877 non
1882 2823 2024 2889 dico,

447 2913 737 2966 moriamur
765 2928 861 2981 pro
906 2913 1155 2977 inimicis,
1188 2913 1311 2968 licet
1342 2914 1440 2968 hoc
1469 2931 1678 2985 quoque
1707 2926 1977 2985 oporteret
2009 2935 2024 2973 :

447 3002 541 3054 sed
571 3002 691 3073 quia
720 3003 1037 3057 infirmiores
1057 3019 1259 3068 sumus,
1291 3005 1415 3057 illud
1442 3006 1648 3059 interim
1670 3006 1810 3071 dico,
1834 3009 2024 3062 saltent

448 3109 515 3146 ne
540 3093 703 3147 livore
732 3094 988 3147 ducamur
1019 3110 1138 3164 erga
1171 3096 1388 3158 amicns,
1419 3112 1485 3149 ne
1517 3096 1844 3151 invideamus
1873 3097 2028 3151 bene-

448 3184 752 3238 factoribus.
800 3184 1042 3239 Nondum
1070 3175 1222 3248 dico:
1241 3186 1377 3239 mala
1423 3187 1575 3240 nobis
1615 3187 1900 3245 inferentes
1928 3189 2025 3244 be-

448 3279 636 3331 ueiicio
684 3278 1019 3333 afficiamus:
1052 3279 1176 3332 illud
1226 3290 1372 3333 certe
1424 3295 1710 3349 cuperem;
1757 3283 1849 3336 sed
1902 3284 2024 3353 quia

445 3370 734 3425 crassiores
796 3372 957 3433 estis,
993 3372 1183 3425 saltem
1225 3371 1345 3425 illos
1391 3388 1456 3425 ne
1501 3373 1852 3429 nleiscamini.
1886 3374 2021 3429 Num

442 3474 604 3515 scena
647 3469 769 3514 sunt
800 3469 1002 3525 nostra,
1054 3476 1181 3514 num
1222 3461 1567 3516 histrionica?
1601 3461 1707 3516 Cur
1812 3462 2027 3523 veritati

435 3566 510 3606 ex
539 3551 798 3606 diametro
837 3552 1064 3621 oppositi
1110 3552 1272 3605 estis?
1316 3552 1431 3606 Non
1475 3553 1590 3607 sine
1623 3567 1784 3607 causa
1826 3553 2023 3623 scripta

446 3651 571 3696 sunt
598 3654 707 3698 tum
732 3643 835 3696 alia
859 3644 1059 3709 omnia,
1093 3651 1202 3696 tum
1233 3658 1292 3696 ea
1324 3658 1441 3712 qua:
1467 3643 1641 3697 crucis
1680 3652 1918 3711 tempore
1945 3644 2024 3700 fe-

433 3733 538 3795 cit,
563 3747 679 3801 quae
706 3733 1001 3801 potuissent
1024 3748 1116 3786 eos
1143 3747 1423 3796 revocare;
1453 3732 1548 3786 sed
1580 3742 1636 3786 ut
1663 3733 1886 3788 imiteris
1910 3734 2025 3803 ejus

446 3822 756 3888 bonitatem,
782 3834 838 3877 ut
863 3823 1129 3878 temuleris
1151 3824 1548 3894 benignitatem.
1576 3823 1709 3878 Nam
1726 3834 1781 3879 et
1804 3827 2024 3895 supinos

438 3914 568 3968 illos
596 3915 842 3984 conjecit,
881 3925 934 3968 et
972 3914 1262 3968 auriculam
1299 3914 1493 3967 famulo
1522 3915 1772 3979 restituit,
1822 3926 2023 3971 etcum

443 4006 703 4060 modestia
734 4005 1044 4074 respondit:
1075 4013 1129 4059 et
1158 4020 1344 4073 magna
1370 4005 1424 4058 in
1452 4019 1611 4059 cruce
1640 4014 1849 4060 erectus
1872 4006 2025 4059 mira-

447 4098 562 4152 cula
591 4097 776 4161 edidit,
800 4096 979 4151 radios
1007 4095 1208 4151 salares
1247 4086 1513 4161 avertens,
1547 4104 1723 4165 petras
1750 4096 2018 4165 scindens,

446 4200 686 4245 mortuos
723 4190 1004 4252 suscitans,
1031 4188 1224 4256 judicia
1250 4204 1469 4243 uxorem
1504 4204 1597 4256 per
1634 4188 1835 4242 somnia
1864 4189 2021 4243 terri-

446 4282 658 4345 tans,in
702 4281 817 4350 ipso
851 4280 1053 4349 judicio
1093 4295 1308 4334 omnem
1355 4279 1811 4334 mansuetudinem
1864 4279 2018 4333 exhi-

443 4373 596 4435 bens,
624 4390 741 4442 qua:
785 4389 890 4427 non
942 4373 1116 4425 minus
1156 4388 1313 4441 quam
1360 4373 1613 4428 miracula
1660 4380 1839 4440 posset
1877 4373 2020 4440 ipsos

442 4463 726 4528 attrahere,
759 4465 921 4517 multa
955 4463 1248 4531 prtedicens
1285 4463 1340 4516 in
1363 4462 1582 4531 judicio,
1617 4463 1667 4517 in
1710 4463 1821 4532 ipsa
1861 4477 2019 4516 cruce

441 4556 696 4619 clamans,
738 4554 914 4620 Pater,
957 4555 1150 4607 dimitte
1181 4554 1283 4608 illis
1326 4554 1420 4607 hac
1447 4564 1703 4624 peccatum
1735 4552 1882 4627 (Luc.
1923 4554 2015 4608 9.3.

442 4646 557 4714 5i).
588 4647 834 4716 Sepultus
886 4662 1032 4709 vero,
1081 4656 1210 4715 quot
1249 4645 1315 4699 ad
1347 4647 1555 4699 illorum
1601 4645 1823 4699 salutem
1866 4645 2019 4699 exhi-

443 4736 596 4789 buit?
628 4754 747 4790 eum
779 4737 1158 4791 resurrct'isset
1182 4746 1379 4800 autem,
1406 4750 1581 4788 annon
1609 4735 1786 4788 statim
1802 4734 2019 4790 Judzeos

441 4828 678 4879 vocavit?
708 4842 884 4880 annon
903 4828 1106 4879 veniant
1133 4835 1469 4895 peccatorum
1501 4825 1646 4878 dedit
1665 4824 1687 4877 ?
1709 4841 1884 4879 annon
1903 4841 2018 4880 sex-

438 4927 593 4971 centa
615 4918 748 4972 bona
772 4918 1032 4971 contulit?
1057 4917 1191 4984 Quid
1218 4917 1317 4969 hoc
1343 4915 1674 4970 mirabilius?
1705 4915 1802 4983 Qui
1847 4917 2016 4971 cruci-

440 5008 680 5074 fixerant,
713 5009 805 5079 qui
851 5024 1034 5064 necem
1077 5008 1367 5077 spirabant,
1414 5018 1695 5077 postquam
1739 5008 2016 5063 crucifixe-

437 5110 556 5154 ruut
583 5116 723 5164 cum,
758 5100 849 5154 filii
883 5101 974 5154 Dei
1016 5101 1135 5155 laeti
1167 5109 1311 5154 sunt.
1352 5100 1487 5168 Quid
1520 5099 1640 5154 huic
1670 5101 2016 5169 providentiae

441 5206 535 5261 par
554 5194 682 5248 est?
710 5193 835 5248 llaec
878 5193 1154 5249 audientes
1183 5209 1290 5263 pra:
1330 5193 1533 5262 pudore
1579 5209 1676 5248 nos
1723 5193 2017 5249 absconda-

438 5299 575 5344 mus.
609 5284 749 5353 quod
779 5292 979 5337 tantum
1009 5283 1270 5338 distetnus
1299 5284 1365 5337 ab
1395 5284 1502 5347 illo,
1531 5299 1689 5353 quem
1718 5284 1909 5338 imitari
1928 5285 2015 5352 ju—

438 5373 646 5428 bcmur.
679 5372 967 5427 Videamus
999 5382 1193 5441 quanta
1230 5374 1299 5426 sit
1340 5372 1695 5440 intercapedo,
1731 5382 1783 5426 ut
1825 5374 2011 5428 saltem

439 5478 536 5517 no»-
561 5464 897 5527 (latnnetnus,
922 5479 986 5516 eo
1016 5463 1155 5531 quod
1183 5463 1303 5516 illos
1341 5463 1728 5532 impuguemus,
1773 5479 1868 5531 pro
1893 5466 2012 5533 qui-

438 5554 535 5607 bus
563 5555 807 5608 Christus
832 5553 1064 5606 animam
1094 5552 1297 5619 posuit;
1330 5568 1427 5606 nec
1452 5552 1552 5605 illis
1578 5554 1800 5606 velimus
1823 5568 2012 5608 recon-

501 5646 518 5674 ¹
544 5643 684 5711 Apud
707 5642 828 5691 alios
848 5638 1147 5711 sie‘eﬂ'ertur
1168 5641 1262 5711 .bic
1295 5641 1462 5711 locus:
1496 5647 1551 5689 Ut
1575 5655 1684 5711 eum
1707 5641 2012 5711 damnet-ipe-

437 5712 543 5811 zent
566 5700 695 5773 irent
724 5711 774 5753 ut
798 5700 1069 5754 occiderent
1093 5700 1233 5752 ?-sive
1256 5707 1305 5750 ut
1328 5708 1577 5762 utrumque
1599 5703 1812 5764 facerent
1835 5703 1859 5751 ἔ)
1882 5700 2012 5755 time-

470 5777 550 5814 um
572 5779 714 5814 enim.

1363 336 1433 394 IN
1465 333 1871 395 MATTIIEUM
1909 328 2139 389 HOMIL.
2172 334 2408 392 LXXIX.
2448 337 2522 393 ai.
2564 338 2778 395 LXXX.
2823 332 2827 339 ’

3608 337 3707 399 729

2134 451 2322 519 eiliari,
2358 468 2491 524 quos
2529 460 2589 510 ut
2620 455 3021 520 reconciliaret,
3067 471 3166 512 nee
3217 460 3388 515 occidi
3425 472 3709 516 recusant.

2133 544 2214 595 An
2240 558 2472 613 expensa
2498 554 2658 601 estet
2680 548 3021 614 pecuniarum
3044 547 3304 618 profusio,
3330 549 3471 618 quod
3491 551 3543 607 in
3568 551 3711 605 eiec-

2131 646 2353 705 mosyna
2386 635 2674 692 obtenditis
2700 639 2724 691 ?

2202 727 2256 778 4.
2297 724 2615 796 Iniuriarum
2652 729 2876 784 remissio
2927 740 2974 783 et
3016 729 3194 783 oblivio
3238 729 3606 783 desiderantur.
3638 759 3710 773 -—

2133 814 2313 883 Cogita
2358 832 2514 884 quam
2544 819 2733 872 noxius
2770 821 2863 885 sis,
2890 830 2943 874 et
2967 836 3070 873 non
3099 821 3258 875 modo
3287 835 3394 874 non
3431 823 3701 877 recusabis

2134 905 2452 962 laedentibus
2477 916 2529 963 te
2548 909 2755 964 veniam
2791 910 2939 974 dare,
2969 912 3065 966 sed
3089 913 3248 966 etiam
3277 911 3342 966 ad
3375 912 3496 969 illos
3519 928 3706 968 accur-

2131 1013 2240 1064 res,
2271 1009 2325 1054 ut
2361 1000 2453 1053 tibi
2483 1001 2533 1055 id
2561 1000 2628 1055 sit
2661 1002 2993 1057 remissionis
3018 1005 3248 1070 occasio,
3275 1013 3329 1058 ut
3358 1006 3698 1076 propriorum

2134 1091 2227 1146 tibi
2259 1093 2513 1148 malorum
2552 1095 2968 1150 consolationem
2993 1098 3248 1166 reperias.
3280 1097 3520 1157 Gentiles
3563 1117 3706 1173 saepe

2133 1184 2265 1237 nihil
2294 1187 2467 1254 magni
2488 1196 2877 1255 exspectantes,
2911 1187 2963 1241 in
2995 1188 3142 1243 hisce
3163 1192 3321 1244 rebus
3346 1192 3704 1263 philosophati

2134 1283 2256 1326 sunt
2283 1290 2297 1328 :
2323 1284 2378 1328 et
2399 1284 2472 1340 tu,
2502 1276 2591 1344 qui
2620 1276 2691 1330 ad
2728 1285 2928 1331 tantam
2965 1292 3113 1347 spem
3159 1278 3492 1348 profecturus
3513 1298 3594 1347 es,
3622 1299 3708 1339 re-

2135 1361 2273 1432 fugis
2308 1373 2361 1418 et
2395 1367 2693 1434 torpescis?
2716 1377 2770 1421 et
2804 1368 2946 1437 quod
2989 1378 3196 1438 tempus
3238 1368 3382 1435 facit,
3438 1372 3537 1426 hoc
3594 1384 3701 1427 non

2133 1456 2364 1509 sustines
2390 1468 2604 1526 propter
2631 1456 2727 1512 Dei
2752 1458 2921 1527 legem
2948 1467 3072 1514 ante
3103 1469 3313 1528 tempus
3327 1460 3520 1526 facere,
3547 1472 3601 1517 et
3628 1464 3709 1518 vis

2133 1548 2310 1617 potius
2339 1549 2455 1603 sine
2483 1550 2762 1615 mercede,
2793 1566 2948 1620 quam
2979 1566 3099 1606 cum
3132 1551 3378 1607 mercede
3399 1552 3701 1621 passionem

2135 1648 2277 1693 tuam
2299 1639 2606 1709 exstingui?
2636 1638 2816 1709 Neque
2860 1641 3000 1695 enim
3033 1642 3076 1694 si
3125 1641 3176 1695 id
3225 1656 3255 1695 a
3307 1650 3549 1711 tempore
3596 1642 3705 1709 ﬁat,

2131 1730 2306 1799 majus
2323 1730 2591 1799 quidpiam
2622 1730 2713 1784 tibi
2738 1731 3020 1799 supererit,
3047 1731 3154 1786 imo
3182 1746 3341 1801 grave
3367 1733 3707 1803 supplicium,

2133 1822 2273 1891 quod
2302 1821 2352 1876 id
2393 1822 2533 1891 quod
2563 1830 2771 1892 tempus
2797 1824 2975 1878 facere
3015 1825 3203 1893 potuit,
3236 1824 3337 1879 hoc
3368 1825 3450 1879 lex
3478 1826 3572 1879 Dei
3605 1825 3699 1881 tibi

2135 1913 2311 1968 facere
2339 1929 2441 1967 non
2472 1914 2813 1983 persuaserit.
2837 1914 2986 1980 Quod
3005 1915 3046 1969 si
3074 1914 3296 1982 dixeris,
3318 1925 3369 1971 te
3390 1915 3705 1972 inflammari

2134 2020 2252 2059 cum
2280 2006 2617 2060 contumelia:
2646 2006 2942 2059 recordaris
2964 2047 2977 2072 ,
3004 2006 3056 2059 in
3084 2008 3392 2061 memoriam
3423 2022 3633 2073 revoca,
3663 2009 3707 2062 si

2132 2095 2255 2165 quid
2288 2095 2378 2148 tibi
2407 2095 2529 2148 boni
2557 2109 2589 2148 a
2620 2095 2846 2150 lmdente
2873 2096 3196 2162 accesserit,
3225 2105 3279 2151 et
3303 2097 3475 2165 cogita
3506 2106 3702 2166 quanta

2135 2194 2188 2238 tu
2215 2185 2334 2239 aliis
2363 2185 2499 2239 mala
2521 2185 2784 2240 intuleris.
2814 2186 2929 2240 Tibi
2954 2186 3244 2251 maledixit,
3276 2195 3327 2240 te
3348 2188 3548 2254 probro
3582 2186 3710 2240 afi‘e-

2132 2275 2242 2327 cit?
2269 2275 2466 2328 Tecum
2498 2284 2685 2345 reputa
2716 2283 2767 2330 te
2791 2292 3002 2345 quoque
3028 2277 3144 2331 aliis
3173 2277 3534 2332 maledixisse.
3565 2278 3711 2344 Quo-

2133 2369 2292 2423 modo
2320 2384 2447 2439 ergo
2476 2371 2681 2425 veniam
2712 2373 3072 2441 consequeris,
3105 2387 3260 2438 quam
3309 2373 3428 2428 aliis
3470 2389 3572 2427 non
3604 2373 3701 2428 de-

2131 2459 2292 2512 disti?
2320 2459 2426 2515 Sed
2458 2461 2587 2514 nihil
2617 2462 2722 2516 tale
2751 2461 2964 2516 dixisti?
2992 2462 3095 2517 Sed
3123 2463 3283 2517 alium
3310 2462 3422 2518 haec
3448 2465 3711 2520 dicentem

2134 2549 2324 2604 audisti
2354 2591 2368 2615 ,
2399 2551 2558 2621 idque
2584 2552 2861 2622 amplexus
2888 2568 2966 2607 es.
2994 2553 3174 2621 Neque
3204 2554 3330 2608 illud
3359 2557 3512 2623 culpa
3539 2565 3710 2614 vacat.

2139 2640 2227 2695 Vis
2254 2641 2459 2696 discere
2503 2653 2757 2712 quantum
2803 2647 2873 2698 sit
2915 2646 3110 2699 bonum
3142 2645 3452 2715 injuriarum
3484 2649 3711 2717 oblivio,

2134 2738 2187 2783 ct
2215 2745 2371 2799 quam
2405 2731 2541 2785 Deus
2568 2731 2668 2786 hac
2699 2732 2764 2787 de
2792 2748 2852 2787 re
2882 2733 3126 2788 laetetur?
3155 2734 3263 2789 Eos
3304 2737 3393 2806 qui
3436 2737 3711 2806 liRlﬁlllUl’,

2133 2836 2253 2878 eum
2281 2823 2461 2878 vident
2486 2825 2745 2894 quosdam
2769 2827 2836 2881 ab
2863 2840 2927 2881 co
2949 2826 3091 2896 juste
3112 2829 3381 2899 castigari,
3406 2831 3711 2888 ulciscitur:

2133 2915 2341 2969 etiamsi
2370 2916 2513 2970 enim
2552 2916 2626 2970 illi
2657 2917 2798 2986 juste
2844 2918 3145 2986 puniantur,
3193 2928 3244 2975 te
3280 2920 3347 2975 de
3380 2921 3459 2976 bis
3484 2923 3713 2993 gaudere

2134 3022 2238 3060 non
2270 3015 2499 3076 oportet.
2533 3007 2743 3062 Etenim
2776 3009 3030 3078 propheta
3062 3010 3225 3064 multa
3256 3012 3581 3074 criminatus,
3614 3012 3713 3069 hoc

2132 3098 2437 3168 subjunxit:
2464 3097 2613 3152 Nihil
2631 3100 2766 3169 passi
2788 3110 2902 3154 sunt
2924 3102 2974 3154 in
2997 3103 3291 3156 contritione
3305 3100 3495 3173 Ioseph
3516 3102 3711 3176 (Amos.

2133 3187 2184 3243 6.
2221 3189 2311 3258 6);
2357 3197 2411 3242 et
2452 3204 2683 3254 rursum,
2738 3188 2857 3244 Non
2884 3191 3031 3244 exivit
3066 3192 3229 3246 vicina
3269 3193 3338 3247 ad
3374 3194 3713 3263 plangendum

2133 3295 2286 3333 unum
2327 3280 2531 3332 deorum
2569 3281 2886 3349 conjunctam
2927 3281 2973 3335 ei
3019 3281 3203 3352 (Mich.
3239 3284 3288 3337 1.
3319 3283 3430 3353 11).
3462 3283 3714 3351 Quamvis

2131 3367 2351 3435 Josepb,
2389 3369 2440 3423 id
2468 3377 2570 3433 est,
2600 3370 2766 3423 tribus
2787 3385 2853 3424 ex
2886 3370 2979 3424 illo
3006 3380 3139 3426 ortae
3164 3388 3226 3427 ac
3254 3372 3431 3437 vicini,
3460 3373 3549 3428 Dei
3577 3384 3705 3429 nutu

2133 3460 2485 3529 punirentur;
2527 3459 2618 3515 sed
2649 3462 2757 3515 vult
2790 3474 2887 3514 nos
2915 3461 3019 3515 illis
3048 3461 3351 3518 condolcre.
3383 3461 3515 3517 Nam
3545 3464 3591 3517 si
3617 3479 3712 3519 nos

2130 3551 2220 3619 qui
2250 3551 2474 3622 improbi
2505 3566 2707 3617 sumus,
2730 3568 2851 3607 cum
2876 3568 3085 3608 servum
3114 3553 3452 3623 castigamus,
3483 3554 3526 3607 si
3553 3570 3711 3624 quem

2131 3659 2510 3698 conservorum
2541 3645 2800 3698 ridentem
2829 3644 3124 3709 videamus,
3149 3645 3316 3713 magis
3341 3643 3707 3712 indignamur,

2132 3743 2185 3788 ct
2232 3734 2283 3788 in
2334 3735 2479 3788 illum
2530 3735 2664 3787 iram
2713 3735 3115 3788 convertimus:
3148 3733 3314 3788 multo
3358 3735 3524 3803 magis
3569 3734 3711 3788 Deus

2131 3840 2317 3893 pinnas
2348 3834 2550 3893 repetet
2573 3823 2640 3876 ab
2663 3823 2747 3887 iis,
2771 3823 2859 3892 qui
2886 3822 2953 3877 de
2981 3822 3252 3890 suppliciis
3278 3822 3497 3875 aliorum
3521 3822 3711 3877 Irelan-

2138 3926 2242 3970 tnr.
2277 3914 2428 3981 Quod
2460 3916 2503 3968 si
2538 3915 2589 3967 in
2619 3927 2715 3968 eos
2739 3914 2827 3983 qui
2857 3928 2885 3966 a
2918 3914 3025 3966 Deo
3067 3911 3354 3980 puniuntur
3393 3927 3495 3967 non
3537 3912 3709 3968 insur-

2128 4021 2275 4076 gere,
2304 4005 2397 4060 scd
2429 4005 2533 4060 illis
2559 4004 2845 4059 condolcre
2872 4012 3102 4073 oportet,
3141 4003 3311 4056 multo
3340 4003 3505 4073 magis
3532 4003 3595 4057 iis
3619 4003 3707 4073 qui

2128 4107 2313 4153 contra
2338 4112 2433 4152 nos
2462 4103 2765 4166 peccarunt.
2788 4096 2899 4149 [loc
2917 4095 3056 4149 enim
3080 4093 3316 4149 caritatis
3338 4104 3709 4164 argumentum

2126 4200 2229 4257 est,
2263 4189 2400 4245 hanc
2425 4204 2552 4244 vero
2586 4188 2835 4242 omnibus
2871 4187 3145 4254 anteponit
3170 4186 3328 4241 Deus.
3349 4184 3708 4251 Quemadmo-

2127 4281 2254 4336 dum
2296 4281 2438 4335 enim
2486 4280 2538 4336 in
2571 4294 2804 4349 purpura
2849 4279 2991 4351 regia
3043 4277 3119 4331 illi
3166 4276 3343 4342 flores,
3392 4277 3465 4331 illi
3503 4276 3708 4331 colores

2126 4373 2351 4442 pretiosi
2375 4379 2517 4437 sunt,
2546 4372 2637 4441 qui
2663 4368 2994 4441 chlamydem
3021 4358 3099 4423 sic
3116 4378 3378 4422 exornant
3399 4368 3505 4423 :sic
3526 4378 3579 4423 et
3599 4368 3706 4423 illa:

2127 4465 2374 4532 pretiosa:
2420 4463 2643 4517 virtutes
2693 4471 2852 4524 sunt,
2902 4476 3021 4528 qum
3062 4459 3336 4513 caritatem
3380 4460 3701 4512 contineant.

2125 4554 2268 4608 Nihil
2298 4562 2475 4608 autem
2510 4553 2584 4606 ita
2611 4553 2882 4607 caritatem
2911 4558 3089 4605 servat
3108 4590 3123 4613 ,
3156 4558 3214 4604 ut
3241 4548 3435 4601 oblivio
3458 4559 3703 4616 peccato-

2125 4661 2276 4708 rum,
2323 4660 2443 4713 qua:
2487 4643 2539 4696 in
2587 4658 2686 4697 nos
2729 4641 2959 4695 admissa
3003 4647 3148 4694 sunt.
3192 4639 3384 4693 Annon
3430 4637 3497 4692 de
3536 4639 3702 4695 altera

2125 4746 2277 4805 parte
2305 4734 2505 4788 curavit
2532 4733 2705 4787 Deus?
2734 4745 2909 4784 annon
2937 4730 3080 4784 misit
3098 4728 3376 4784 laedentem
3397 4729 3463 4783 ad
3484 4728 3713 4784 laesum?

2126 4841 2301 4880 annon
2328 4827 2396 4879 ab
2422 4824 2573 4878 altari
2614 4823 2680 4877 ad
2708 4821 2955 4877 eumdem
2988 4820 3160 4889 ipsum
3198 4818 3361 4882 misit,
3391 4828 3443 4873 et
3469 4829 3589 4889 post
3614 4835 3700 4875 re—

2123 4915 2547 4973 conciliationem
2577 4913 2644 4966 ad
2665 4926 2902 4966 mensam
2921 4918 3075 4965 vocat
3098 4908 3243 4962 illum
3263 4906 3473 4980 (Matth.
3495 4910 3549 4964 5.
3565 4910 3659 4978 23)
3677 4911 3702 4959 τ

2123 5009 2194 5063 At
2224 5019 2275 5062 tu
2306 5022 2374 5061 ne
2404 5005 2521 5059 ideo
2550 5011 2833 5072 exspectes
2861 5001 3005 5055 illum
3031 5017 3045 5055 :
3069 4997 3300 5069 alioquin
3326 5006 3491 5053 totum
3518 4999 3698 5069 perdi-

2122 5100 2267 5154 disti.
2297 5097 2585 5166 Pr0pterea
2607 5094 2748 5149 enim
2776 5091 3093 5148 ineffabilem
3122 5090 3213 5144 tibi
3238 5088 3536 5146 mercedem
3564 5105 3696 5144 con-

2123 5192 2312 5254 stituit,
2352 5199 2408 5242 ut
2438 5188 2735 5258 prmvenias
2765 5186 2968 5255 ipsum;
2999 5184 3069 5238 ita
3101 5190 3153 5236 ul
3187 5182 3229 5236 si
3260 5191 3477 5251 rogatus
3504 5195 3696 5234 recon-

2122 5280 2320 5335 cilieris
2344 5321 2359 5345 ,
2391 5294 2496 5332 non
2518 5278 2625 5347 jam
2651 5292 2715 5331 ex
2744 5273 2834 5330 Dei
2869 5282 3136 5343 prrccepto
3161 5271 3388 5325 amicitia
3415 5270 3695 5340 jungatur,

2121 5372 2215 5427 sed
2242 5387 2304 5425 ex
2333 5372 2474 5424 illius
2501 5369 2707 5424 studio:
2730 5366 3075 5437 quamobrem
3100 5364 3441 5417 incoronatus
3468 5361 3694 5429 recedis,

2124 5463 2214 5516 illo
2242 5461 2422 5514 bravia
2459 5459 2778 5526 accipiente.
2805 5455 2942 5522 Quid
2971 5454 3139 5509 dicis?
3180 5452 3452 5508 Inimicum
3493 5451 3694 5519 babes,

2123 5568 2220 5605 nec
2249 5559 2298 5604 te
2329 5549 2523 5618 pudet?
2548 5552 2740 5602 Annon
2766 5544 2960 5600 sufficit
2986 5543 3139 5599 nobis
3162 5541 3423 5607 diabolus,
3453 5551 3512 5596 ut
3534 5541 3695 5597 etiam

2123 5656 2449 5710 congencres
2494 5639 2646 5692 nobis
2688 5637 2930 5692 inimicos
2971 5633 3332 5690 attrahamus?
3377 5633 3585 5689 Utinam
3627 5647 3696 5687 ne

2127 5735 2213 5788 ille
2239 5733 2446 5794 quidem
2475 5730 2753 5785 nobiscum
2785 5729 2943 5785 vellet
2984 5742 3247 5800 pugnare,
3294 5726 3492 5781 utinam
3523 5738 3695 5793 neque
