4076 6142
936 194 988 206 που

427 292 535 352 ω

433 406 526 463 ille
554 404 801 463 diabolus
819 411 983 461 esset.
1009 402 1196 460 Nescis
1223 410 1418 472 quanta
1447 400 1518 456 sit
1544 408 1663 470 post
1690 397 2006 454 reconcilia-

438 498 646 553 tionem
687 496 969 566 voluptas?
1007 494 1140 562 Quid
1185 495 1365 561 enim,
1405 493 1449 547 si
1481 493 1535 548 in
1566 492 1694 562 ipsis
1717 490 2006 545 inimicitiis

435 588 524 642 illa
560 603 666 643 non
693 587 951 658 apparet?
978 585 1108 641 Nam
1135 585 1278 655 quod
1307 585 1522 640 suavius
1550 585 1619 638 sit
1643 584 1921 638 laedentem
1948 596 2008 635 se

369 681 374 684 ’
429 694 635 739 amare,
658 693 815 748 quam
835 677 959 733 odio
980 675 1196 742 habere,
1218 686 1495 746 postquam
1514 673 1804 730 inimicitiae
1817 674 2007 728 solutae

432 770 646 834 fuerint,
682 777 807 823 tunc
827 768 1027 840 poteris
1057 768 1221 838 probe
1248 768 1476 823 discere.

503 860 558 915 5.
584 857 709 929 Ipsa
736 869 873 915 vetus
899 859 981 914 lea:
1001 860 1302 931 injuriarum
1338 857 1672 913 recordationi
1693 857 2001 911 adversatur.

441 945 534 1002 Vir
556 949 714 1005 bonus
747 950 875 1004 nihil
901 949 1025 1003 mali
1062 952 1167 1022 pati
1204 959 1385 1020 potest.
1403 980 1476 990 —
1493 950 1601 1005 Cur
1628 964 1755 1019 ergo
1782 950 2007 1004 furiosos

438 1039 741 1106 imitamur,
786 1039 877 1110 qui
922 1055 981 1095 se
1018 1049 1202 1094 mutuo
1247 1040 1509 1105 lacerant,
1544 1041 1631 1109 qui
1660 1041 1711 1093 in
1739 1041 2004 1109 propriam

434 1144 648 1184 carnem
679 1131 980 1185 insaniunt?
996 1131 1134 1185 Audi
1155 1141 1345 1201 quanta
1366 1131 1585 1202 hujusce
1606 1131 1683 1186 rei
1702 1147 1827 1186 cura
1847 1133 2005 1186 etiam

437 1221 490 1274 in
518 1222 682 1276 veteri
708 1221 823 1292 lege
851 1220 1030 1276 fuerit.
1070 1220 1173 1275 Via:
1190 1262 1205 1284 ,
1244 1223 1450 1292 inquit,
1477 1223 1845 1276 recordantium
1872 1223 2008 1276 mala

434 1314 486 1368 in
508 1323 715 1368 mortem
739 1311 920 1386 (Prov.
941 1313 1154 1383 l2.28).
1180 1313 1345 1367 Homo
1367 1314 1556 1368 homini
1578 1324 1834 1368 conservat
1854 1316 2002 1379 iram,

436 1415 486 1458 et
505 1423 538 1459 a
567 1404 675 1459 Deo
712 1406 890 1476 quierit
927 1405 1169 1460 medelam
1196 1406 1215 1474 (
1239 1404 1399 1459 Eccli.
1426 1405 1516 1460 28.
1545 1406 1580 1461 5
1603 1405 1643 1474 ).
1692 1406 1848 1475 Atqui
1874 1420 2004 1460 ocu-

435 1493 544 1547 lum
573 1508 670 1562 pro
690 1495 867 1560 oculo,
897 1503 951 1550 et
975 1495 1186 1549 dentem
1215 1510 1310 1564 pro
1338 1494 1496 1549 dente
1524 1496 1789 1551 concessit
1810 1494 2002 1566 (Exod.

433 1582 525 1639 21.
556 1584 648 1657 24)
671 1603 686 1639 :
708 1586 973 1656 quomodo
999 1586 1159 1656 igitur
1177 1588 1429 1642 accusat?
1456 1589 1587 1655 Quia
1611 1589 1699 1642 illa
1719 1589 2001 1659 concessit,

435 1689 542 1729 non
571 1683 630 1729 ut
654 1676 792 1731 alter
818 1677 971 1731 alteri
1001 1676 1283 1741 iaciamus,
1317 1676 1409 1731 sed
1442 1687 1498 1731 ut
1529 1677 1808 1732 formidine
1835 1691 2005 1746 preme

435 1782 466 1819 a
493 1767 584 1821 tali
610 1782 741 1823 ausu
767 1768 1147 1823 abstineamus.
1187 1768 1433 1837 Alioquin
1475 1780 1650 1826 autem
1684 1771 1774 1824 illa
1802 1782 2007 1841 tempo-

436 1871 612 1913 ranctn
630 1856 904 1927 cujusdam
927 1858 1018 1912 ira:
1033 1866 1175 1925 sunt,
1192 1859 1500 1928 iniuriarum
1516 1870 1692 1915 autem
1709 1862 2005 1916 recordatio

437 1947 626 2002 animae
676 1947 963 2019 nequitiam
1004 1948 1325 2004 meditantis.
1357 1950 1461 2005 Sed
1488 1951 1625 2005 male
1662 1961 1882 2007 vexatus
1910 1952 2007 2007 es?

434 2038 541 2095 Sed
566 2054 670 2094 non
704 2049 907 2094 tantum
954 2040 1046 2096 tibi
1091 2041 1214 2095 mali
1256 2040 1466 2109 intulit,
1513 2051 1764 2111 quantum
1809 2052 1862 2097 tu
1893 2044 2006 2113 ipse

438 2129 551 2193 tibi,
583 2130 627 2183 si
666 2129 873 2199 injuria:
913 2130 1218 2186 recordatus
1262 2131 1444 2187 fueris.
1490 2134 1735 2204 AliOquiu
1772 2149 1899 2189 vero
1926 2135 2008 2190 vir

436 2218 607 2274 bonus
635 2219 766 2274 nihil
789 2220 912 2275 mali
936 2221 1041 2290 pati
1067 2230 1258 2290 potest.
1286 2220 1365 2276 Sit
1387 2223 1527 2277 enim
1554 2225 1690 2292 quis,
1716 2240 1933 2279 uxorem
1952 2236 2008 2280 et

440 2307 631 2363 liberos
660 2308 880 2375 habens,
909 2311 999 2381 qui
1029 2310 1448 2381 phil050phetur,
1478 2313 1775 2383 habeatque
1804 2316 1997 2369 multas

436 2396 615 2452 damni
641 2401 931 2470 accipiendi
956 2401 1263 2458 occasiones
1285 2443 1300 2467 ,
1332 2403 1584 2472 pecunias
1611 2404 1832 2470 multas,
1864 2406 2006 2473 prin-

436 2489 664 2556 cipatum
688 2529 703 2556 ,
733 2491 932 2546 amicos
955 2491 1150 2545 multos
1168 2533 1183 2557 ,
1214 2491 1548 2562 honoresque
1577 2493 1843 2559 obtineat;
1872 2502 2007 2548 atta-

435 2592 558 2631 men
612 2578 1038 2650 philosophetur;
1092 2580 1193 2635 hoc
1237 2583 1379 2636 enim
1425 2583 1826 2652 supponendum
1873 2594 2001 2640 est:

436 2683 702 2723 aerumnas
744 2669 819 2724 illi
865 2670 1121 2726 accedere
1162 2671 1444 2741 tingamus.
1490 2674 1721 2728 Accedat
1745 2675 2003 2745 quispiam

438 2759 698 2816 scelestus
742 2758 901 2814 homo
929 2761 1022 2832 qui
1053 2760 1299 2816 damnum
1329 2764 1380 2816 in
1411 2764 1602 2833 opibus
1628 2764 1819 2819 inferat
1843 2786 1856 2820 :
1879 2766 2005 2835 quid

436 2848 537 2904 hoc
564 2849 629 2905 ad
661 2851 829 2907 virum
867 2853 957 2923 qui
1001 2854 1251 2923 pecunias
1294 2854 1427 2908 nihil
1469 2870 1589 2910 esse
1634 2857 1813 2926 putat?
1841 2857 2003 2912 Filios

434 2939 665 2994 occidat:
701 2939 825 3011 quid
850 2940 951 2995 hoc
970 2942 1036 2996 ad
1064 2943 1253 3010 virum,
1276 2944 1366 3012 qui
1393 2944 1532 2999 circa
1560 2948 2001 3002 resurrectionem

1172 291 1231 347 Β.
1266 289 1540 347 JOANNIS
1574 284 2048 343 CHRYSOSTOMI
2076 284 2390 343 ARCHIEP.
2418 289 2945 351 CONSTANTINOP.

3587 303 3690 360 725

2114 399 2203 468 qui
2234 399 2418 455 doctus
2441 410 2521 456 est
2552 419 2657 457 non
2696 403 2952 476 lugendus
2977 421 3099 464 esse
3126 409 3484 466 dormientes?
3514 411 3686 467 Dede-

2113 504 2208 544 cus
2230 490 2308 544 illi
2332 491 2570 547 conferat
2590 513 2603 548 :
2622 495 2746 564 quid
2782 495 2886 552 hoc
2910 497 3066 554 ltedat
3092 515 3214 555 eum
3238 543 3253 566 ,
3285 501 3374 572 qui
3404 508 3690 572 prmsentia

2115 582 2290 635 omnia
2331 582 2519 639 ﬂorem
2550 600 2670 640 esse
2714 586 2845 642 fmni
2875 592 3058 658 putat?
3099 591 3155 646 Si
3195 593 3274 647 vis
3301 594 3461 648 etiam
3493 610 3685 662 corpus

2114 674 2373 741 percutiat
2395 713 2410 734 ,
2453 682 2506 729 et
2551 674 2603 728 in
2634 690 2903 732 carcerem
2939 681 3224 749 conjiciat:
3248 683 3372 752 quid
3403 683 3505 738 hoc
3530 685 3687 738 ltedet

2112 777 2255 828 eum,
2281 764 2368 832 qui
2393 763 2655 829 didicerit,
2685 768 2892 822 etiamsi
2919 771 3150 824 exteﬁor
3174 783 3354 826 noster
3379 775 3537 828 homo
3559 789 3684 828 enr-

2113 866 2407 924 rumpatur,
2439 856 2743 912 interiorem
2772 868 2942 915 tamen
2970 864 3211 916 renovari
3229 863 3306 932 ('2.
3334 861 3454 919 Car.
3483 864 3536 918 4.
3568 866 3681 935 16),

2112 958 2166 1003 et
2188 949 2527 1004 tribulatione
2554 951 2915 1019 probationem
2959 953 3097 1008 efﬁci
3140 953 3313 1021 (Rom.
3347 957 3399 1011 5.
3447 956 3539 1024 3)?
3569 957 3682 1025 Ego

2112 1053 2241 1094 sane
2279 1040 2533 1109 polliceor
2569 1041 2726 1096 talem
2772 1042 3037 1098 hominem
3088 1045 3142 1098 in
3182 1045 3326 1099 nullo
3367 1046 3549 1100 ltesum
3580 1048 3681 1104 iri:

2111 1129 2283 1183 oratio
2324 1138 2500 1183 autem
2547 1131 2683 1184 ultra
2729 1132 3020 1200 procedens
3064 1133 3297 1188 ostendit
3343 1135 3515 1205 ipsum
3560 1137 3682 1191 hinc

2112 1223 2333 1275 multum
2375 1221 2585 1291 juvari,
2629 1223 2873 1277 renovari
2915 1233 2969 1278 et
3016 1224 3368 1292 probatiorem
3415 1226 3572 1281 cflici.
3604 1225 3683 1281 Ne

2112 1312 2285 1381 itaque
2309 1313 2447 1381 apud
2468 1311 2601 1366 alios
2625 1312 2863 1367 dolorem
2886 1322 3124 1368 nostrum
3146 1315 3504 1384 exprimamus
3525 1334 3538 1371 :
3559 1315 3681 1373 hinc

2111 1404 2254 1458 enim
2285 1418 2380 1458 nos
2409 1404 2553 1472 ipsos
2583 1404 2823 1458 laedimus
2844 1445 2858 1470 ,
2901 1406 3239 1474 animumque
3268 1414 3504 1460 nostrum
3536 1406 3683 1460 inlir-

2112 1494 2332 1547 miorem
2353 1493 2640 1548 reddimus.
2663 1494 2824 1547 Dolor
2840 1494 2980 1549 enim
2997 1494 3087 1549 ille
3107 1510 3212 1549 non
3235 1503 3339 1548 tam
3360 1511 3425 1550 ex
3450 1497 3680 1563 proximi

2092 1585 2365 1654 nequitia,
2395 1601 2551 1656 quam
2583 1602 2646 1640 ex
2692 1587 2896 1656 ignavia
2944 1597 3125 1641 nostra
3171 1587 3427 1656 procedit.
3460 1587 3602 1654 ideo,
3634 1589 3679 1642 si

2110 1676 2228 1745 quis
2253 1690 2352 1728 nos
2380 1676 2698 1729 contumelia
2725 1675 2941 1741 alliciat,
2969 1676 3326 1748 lacrymamur
3351 1686 3403 1732 et
3427 1677 3679 1747 deprimi-

2110 1782 2264 1832 mur;
2295 1768 2339 1821 si
2370 1767 2489 1836 quis
2514 1779 2692 1821 nostra
2716 1768 2902 1838 rapiat,
2931 1767 3154 1837 idipsum
3184 1769 3430 1838 patimur,
3459 1768 3680 1838 perinde

2109 1868 2267 1927 atque
2295 1858 2495 1926 pueruli
2529 1858 2636 1922 illi,
2682 1873 2816 1927 quos
2856 1858 3130 1913 liberiores
3159 1859 3306 1927 pueri
3337 1859 3556 1913 incitant
3586 1875 3679 1927 pro

2111 1963 2170 2002 re
2199 1948 2394 2001 nullius
2423 1947 2678 2001 momenti
2719 1947 2958 2002 dolorem
2988 1947 3304 2014 inferentes;
3337 1949 3380 2002 si
3412 1963 3536 2003 vero
3563 1948 3679 2002 illos

2111 2039 2347 2092 rixantes
2375 2037 2603 2092 viderint
2627 2078 2641 2103 ,
2672 2038 2918 2110 mordere
2947 2052 3051 2091 non
3079 2047 3321 2103 cessant;
3362 2037 3406 2092 si
3446 2038 3680 2094 ridentes

2111 2130 2343 2195 videant,
2375 2141 2499 2184 tunc
2527 2129 2807 2184 desistunt.
2834 2131 2901 2183 At
2929 2143 3025 2183 nos
3052 2131 3132 2182 his
3162 2129 3551 2198 insipientiores
3570 2169 3585 2194 ,
3611 2128 3679 2184 de

2111 2225 2175 2279 iis
2199 2224 2267 2277 ob
2300 2239 2417 2293 qua:
2440 2222 2613 2278 ridere
2636 2229 2924 2292 oporteret,
2943 2221 3162 2275 multum
3191 2221 3451 2276 dolemus.
3476 2220 3677 2288 Quam-

2110 2315 2296 2370 obrem
2341 2328 2491 2384 rogo,
2546 2313 2650 2367 hoc
2689 2312 2875 2382 puerili
2921 2311 3127 2381 abjecto
3170 2312 3368 2376 animo,
3397 2312 3679 2382 ctelosap-

2112 2405 2524 2477 prehendamus.
2545 2404 2675 2458 Nam
2705 2403 2947 2458 Christus
2971 2418 3069 2458 nos
3099 2418 3217 2457 esse
3246 2404 3387 2456 viros
3411 2412 3558 2472 optat
3577 2444 3590 2465 ,
3626 2411 3679 2457 et

2109 2500 2250 2551 viros
2277 2497 2557 2566 perfectos.
2581 2493 2669 2549 Sic
2696 2494 2836 2548 enim
2857 2493 3006 2562 jubet
3028 2502 3082 2548 et
3109 2494 3298 2547 Paulus
3323 2511 3336 2546 :
3364 2492 3586 2559 Fratres,
3619 2507 3681 2545 ne

2108 2593 2218 2646 sitis
2244 2590 2385 2660 pueri
2410 2597 2591 2654 mente,
2624 2586 2711 2642 sed
2737 2586 2929 2639 malitia
2955 2586 3152 2655 parvuli
3175 2595 3327 2639 estote
3348 2585 3424 2654 (1.
3443 2585 3564 2639 Cor.
3591 2584 3674 2640 l4.

2109 2682 2220 2754 20).
2242 2680 2473 2735 Infantes
2489 2693 2615 2747 ergo
2632 2677 2825 2732 malitia
2844 2676 3030 2742 simus,
3048 2684 3102 2731 et
3119 2675 3402 2745 nequitiam
3420 2673 3675 2745 fugientes

2110 2773 2359 2827 virtutem
2382 2770 2781 2839 amplectamur.
2806 2775 2865 2820 ut
2888 2774 3085 2820 (eterna
3109 2779 3496 2833 consequamur
3519 2765 3677 2830 bona,

2107 2863 2275 2933 gratia
2303 2871 2355 2916 et
2385 2860 2709 2929 benignitate
2739 2856 2944 2911 Domini
2976 2855 3142 2910 nostri
3170 2855 3295 2909 Jesu
3324 2854 3552 2919 Christi,
3586 2857 3669 2910 cui

2107 2954 2273 3025 gloria
2297 2962 2350 3008 et
2379 2951 2660 3022 imperium
2692 2949 2746 3002 in
2775 2947 2968 3003 saecula
2998 2947 3331 3002 saeculorum.
3363 2947 3552 3001 Amen.

434 3030 877 3103 philosophatur?
914 3032 1145 3089 Uxorem
1176 3034 1384 3105 jugulet
1417 3054 1430 3090 :
1462 3036 1588 3107 quid
1629 3037 1730 3093 hoc
1771 3039 1838 3094 ad
1879 3057 1999 3095 eum

439 3138 3625 3164 ,_____—_____________________________________..______.

1495 3220 1835 3284 HOMILIA
1874 3225 2142 3286 LXXX.
2187 3225 2272 3287 al.
2317 3221 2611 3283 LXXXI.

430 3357 560 3415 Car.
604 3358 695 3415 26.
741 3374 795 3412 v.
823 3357 876 3413 6.
919 3358 1042 3414 Cum
1085 3369 1249 3415 autem
1295 3370 1420 3417 esset
1468 3360 1616 3415 Iesus
1652 3364 1703 3416 in
1756 3363 2005 3419 Bethania

503 3451 556 3503 in
582 3448 731 3503 domo
761 3449 982 3504 Simonis
1022 3452 1207 3518 leprosi
1225 3491 1240 3516 ,
1273 3453 1324 3505 7.
1363 3454 1567 3505 accessit
1590 3453 1657 3506 ad
1683 3469 1793 3506 eum
1823 3456 2004 3509 mulier

504 3541 691 3595 habens
719 3540 1024 3594 alabastrum
1049 3543 1288 3611 unguenti
1315 3543 1536 3611 pretiosi,
1566 3554 1613 3598 et
1648 3542 1827 3610 c/Tudit
1855 3562 2004 3617 super

502 3641 654 3702 caput
677 3631 787 3696 eius
813 3632 1154 3686 recumbentis.

505 3724 558 3777 1.
589 3721 778 3777 Mulier
812 3738 925 3793 qua
962 3723 1110 3792 pedes
1138 3720 1323 3778 Christi
1351 3724 1543 3791 abluit,
1584 3740 1697 3794 qua:
1723 3725 1806 3779 sit.
1838 3725 2005 3791 Quare

432 3813 573 3884 lepra
586 3814 809 3869 Simonis
820 3823 866 3867 et
879 3830 1054 3868 nomen
1068 3815 1203 3868 urbis
1214 3825 1563 3870 memorentur.
1573 3815 1873 3871 Peccatricis
1884 3835 2004 3888 erga

431 3901 630 3970 Jesum,
648 3915 695 3958 et
714 3902 837 3958 Jesu
861 3920 979 3975 erga
1006 3907 1324 3974 peccatricem
1350 3906 1532 3977 agendi
1552 3909 1680 3961 ratio
1700 3919 2004 3962 commenta-

434 4006 537 4050 tur.
556 4023 629 4035 —
650 3995 774 4049 llaec
802 3998 991 4051 mulier
1023 4012 1124 4050 una
1152 3997 1445 4069 eademque
1473 4000 1679 4054 videtur
1718 4015 1836 4055 esse
1861 4000 2001 4069 apud

432 4100 620 4141 omnes
646 4085 1028 4155 evangelistas;
1077 4086 1171 4141 sed
1212 4102 1335 4142 vere
1376 4103 1480 4142 non
1510 4098 1591 4142 est
1614 4106 1627 4140 :
1653 4104 1833 4142 verum
1863 4088 2001 4158 apud

437 4183 549 4229 tres
588 4174 940 4244 evangelistas
993 4190 1096 4227 una
1145 4190 1263 4230 meo
1306 4174 1505 4244 judicio
1551 4175 1841 4246 eademque
1887 4188 1999 4242 est;

436 4262 575 4331 apud
620 4262 877 4316 Joannem
933 4259 1087 4329 (Cap.
1131 4263 1219 4333 12)
1261 4278 1387 4317 vero
1431 4278 1535 4317 non
1576 4265 1736 4329 item;
1776 4266 1871 4320 sed
1899 4267 2001 4322 alia

433 4351 674 4422 qumdam
703 4350 959 4404 mirabilis
990 4350 1209 4415 mulier,
1239 4367 1392 4406 soror
1415 4352 1595 4407 Lazari
1626 4352 1721 4425 (η).
1752 4354 1860 4409 Nec
1887 4357 2002 4412 sine

433 4455 591 4495 causa
639 4440 838 4509 lepram
881 4438 1116 4495 Simonis
1155 4451 1408 4497 memorat
1440 4444 1798 4514 evangelista;
1827 4446 1918 4501 sed
1948 4455 2004 4500 ut

436 4530 677 4587 ostendat
704 4545 801 4585 cur
832 4531 1055 4585 fidenter
1081 4531 1273 4587 ntulier
1296 4535 1597 4590 accesserit.
1638 4534 1895 4604 Quoniam
1928 4539 2001 4592 le-

432 4635 527 4690 pra
572 4635 659 4675 res
697 4635 817 4676 esse
860 4621 1130 4677 immunda
1173 4631 1228 4677 ct
1278 4623 1628 4680 abominanda
1676 4627 1992 4694 videbatur,

434 4709 680 4781 viditque
697 4709 878 4766 Iesum
905 4726 1120 4767 curasse
1150 4712 1451 4781 hominem,
1480 4715 1788 4786 lepramque
1825 4718 2000 4773 elimi—

432 4813 587 4854 nssse
611 4801 806 4871 (neque
832 4803 974 4856 enim
1004 4803 1255 4858 voluisset
1284 4804 1422 4873 apud
1453 4806 1718 4875 leprosum
1750 4823 1994 4875 manere,

431 4888 608 4960 ibique
630 4890 910 4963 diversari)
932 4933 947 4959 ,
995 4893 1212 4948 conlidit
1249 4894 1441 4951 mulier
1470 4897 1640 4966 ipsum
1668 4898 1855 4952 animae
1887 4914 1996 4952 sine

431 4979 818 5034 immunditiam
866 4980 1018 5037 facile
1057 4983 1417 5039 abstersurum
1463 5001 1603 5041 esse.
1653 4985 1834 5056 Neque
1883 4989 2000 5042 sine

430 5085 592 5126 causa
634 5085 830 5126 nomen
859 5073 1004 5128 urbis
1023 5114 1039 5140 ,
1071 5074 1340 5130 Bethania:
1368 5076 1600 5144 scilicet,
1645 5077 1876 5141 addidit;
1905 5077 1998 5131 sed

431 5174 486 5219 ut
512 5164 687 5220 discas
716 5163 887 5235 ipsum
911 5163 1134 5220 libenter
1158 5166 1224 5220 ad
1244 5166 1541 5237 passionem
1568 5168 1840 5224 accedere.
1867 5167 1997 5222 Nam

427 5255 520 5324 qui
549 5264 675 5310 ante
702 5253 958 5325 effugerat
988 5254 1105 5309 illos
1128 5295 1144 5320 ,
1187 5256 1398 5325 quando
1426 5259 1654 5314 maxime
1683 5259 1877 5313 invidia
1908 5275 1996 5312 ar-

505 5348 580 5411 (a)
598 5346 1029 5411 Grandisqusastio
1042 5355 1207 5411 utrum
1217 5347 1465 5411 peccatrix
1481 5351 1706 5411 illa,quae
1723 5348 1905 5400 Christi
1926 5362 2014 5411 pe-

441 5401 533 5455 des
544 5401 720 5473 abluit,
734 5401 908 5458 eadem
922 5412 1027 5470 ipsa
1043 5408 1131 5473 sit,
1145 5401 1256 5473 quae
1267 5424 1408 5473 soror
1419 5408 1583 5460 Lazari
1599 5401 1769 5472 {quam
1785 5401 2012 5473 tractare,

428 5472 694 5577 Era-sentis
718 5484 813 5518 non
837 5481 916 5519 est
938 5469 1177 5520 Insliluli:
1202 5470 1394 5521 Mariam
1408 5479 1571 5520 autem
1600 5469 1932 5535 hlagdatenam
1956 5471 2016 5521 ab

472 5531 515 5576 is
554 5533 797 5577 diversam
820 5543 935 5577 esse
961 5531 1101 5577 nauci
1129 5536 1220 5577 iam
1242 5542 1443 5577 necant.
1480 5532 1671 5577 —Vide
1701 5535 1814 5577 Man
1828 5540 2016 5577 untents

440 5531 516 5596 his
540 5533 797 5596 _r_hversam
820 5543 935 5579 esse
961 5531 1101 5596 pauci
1122 5536 1220 5596 jam
1242 5542 1455 5596 negant._
1480 5531 2017 5596 -—Vide'lltonuments

434 5588 618 5639 inedits
648 5603 734 5639 sur
757 5588 1027 5654 l'apostolat
1048 5592 1108 5642 de
1123 5588 1289 5643 'sainte
1311 5588 1786 5645 ‘Btttrie-Madeleine
1811 5597 2015 5645 enPro—

431 5659 595 5710 Cenes,
608 5657 736 5700 auct.
762 5653 817 5702 υ.
826 5653 939 5702 Fail
948 5660 1024 5701 aon
1036 5656 1287 5703 societatis
1298 5655 1348 5702 S.
1364 5656 1393 5698 St
1402 5659 1448 5702 ul
1459 5657 1567 5716 picil
1584 5659 1860 5706 sacerdote.
1875 5657 2012 5707 Eutr.

2111 3365 2307 3420 debant
2329 3402 2345 3429 ,
2374 3371 2498 3415 tunc
2526 3373 2692 3429 prope
2732 3357 2955 3412 accessit
2993 3356 3143 3427 quasi
3172 3354 3238 3411 ad
3263 3356 3430 3412 stadia
3455 3355 3675 3426 quinde~

2109 3456 2246 3518 cim;
2275 3454 2455 3521 sicque
2478 3454 2622 3520 prior
2641 3464 2882 3505 recessus
2901 3449 2966 3502 ad
2987 3449 3334 3505 oeconomiam
3358 3449 3669 3519 pertinebat.

2109 3543 2307 3597 Videns
2335 3554 2462 3610 ergo
2487 3540 2632 3593 illum
2663 3538 2872 3605 mulier,
2902 3537 3129 3607 hincque
3167 3549 3434 3607 assumpta
3462 3538 3668 3603 ﬁducia,

2109 3632 2352 3688 accessit.
2376 3631 2524 3685 .Nam
2555 3630 2600 3684 si
2638 3629 2727 3683 illa
2754 3644 2872 3698 quae
2897 3629 3168 3698 sanguinis
3196 3627 3392 3682 ﬂuxum
3434 3628 3672 3697 patieba-

2108 3733 2226 3789 tur,
2273 3723 2372 3777 etsi
2409 3721 2602 3774 nullius
2633 3716 2995 3787 hujuscemodi
3023 3717 3121 3771 sibi
3152 3718 3361 3771 conscia
3387 3726 3563 3782 esset,
3606 3716 3675 3769 ob

2106 3818 2276 3883 illam,
2323 3832 2440 3885 qua:
2483 3812 2736 3868 naturalis
2760 3811 3036 3866 videbatur
3062 3825 3212 3874 esse,
3244 3808 3628 3864 immunditiam
3652 3848 3668 3873 ,

2109 3920 2345 3965 tremens
2395 3916 2742 3973 metuensque
2791 3903 3055 3957 accessit:
3085 3902 3251 3955 multo
3294 3901 3461 3969 magis
3505 3899 3669 3963 hanc,

2107 4018 2223 4071 qua:
2248 4000 2348 4054 sibi
2374 3998 2497 4052 mali
2526 3996 2736 4051 conscia
2778 4002 2893 4068 erat
2916 4034 2928 4056 ,
2977 3992 3214 4047 timuisse
3252 3993 3543 4047 verisimile
3569 4001 3669 4047 est.

2108 4091 2311 4145 ldcirco
2340 4097 2459 4159 post
2487 4086 2681 4141 multas
2708 4086 2960 4139 mulieres
2979 4124 2994 4147 ,
3025 4082 3432 4147 Samaritanam,
3462 4081 3670 4137 Chana-

2108 4195 2297 4244 naram,
2324 4194 2439 4234 eam
2463 4193 2580 4247 quae
2600 4175 2869 4246 sanguinis
2890 4174 3085 4227 fluxum
3109 4172 3424 4242 patiebatur,
3443 4173 3672 4241 aliasque

2106 4269 2362 4339 plurimas
2390 4267 2627 4333 accedit,
2671 4264 2811 4334 quod
2851 4263 2948 4318 sibi
2996 4276 3198 4330 magna:
3245 4261 3591 4319 immunditia:
3620 4269 3673 4314 et

2108 4357 2338 4412 lasciviae
2374 4355 2588 4410 conscia
2619 4362 2793 4418 esset;
2821 4367 2919 4407 nec
2951 4351 3179 4421 publice,
3202 4351 3295 4406 sed
3318 4352 3368 4403 in
3397 4349 3578 4403 domo.
3610 4349 3675 4402 Et

2107 4463 2231 4503 cum
2274 4446 2362 4501 alii
2404 4460 2590 4499 omnes
2635 4458 2729 4512 pro
2769 4444 2998 4497 sanitate
3039 4442 3277 4511 corporis
3326 4439 3672 4502 accederent,

2108 4536 2326 4594 honoris
2353 4545 2557 4591 tantum
2581 4548 2738 4588 causa
2767 4532 3071 4599 accedebat,
3102 4541 3156 4588 et
3181 4543 3240 4586 ut
3266 4531 3455 4585 animae
3480 4530 3676 4584 sanita-

2106 4641 2216 4684 tem
2243 4635 2680 4696 consequeretur.
2709 4622 2864 4677 Nulla
2900 4623 3042 4676 enim
3081 4621 3322 4689 corporis
3363 4619 3674 4690 aegritudine

2106 4718 2758 4785 tenebaturzquapmpter
2799 4710 3108 4767 admiranda
3152 4710 3383 4765 maxime
3409 4708 3670 4765 videatur.

2102 4806 2285 4876 Neque
2312 4807 2461 4861 illum
2488 4813 2546 4859 ut
2590 4803 2857 4858 hominem
2907 4810 3108 4856 tantum
3147 4797 3295 4864 adit;
3326 4813 3499 4869 neque
3531 4797 3667 4853 enim

2104 4896 2310 4965 capillis
2338 4893 2702 4958 abstersisset;
2730 4892 2822 4947 sed
2852 4900 2908 4945 ut
2935 4890 3149 4945 homine
3169 4888 3448 4959 majorem.
3470 4886 3669 4945 idcirco

2100 4986 2339 5041 omnium
2366 4984 2723 5039 membrorum
2752 4982 3135 5037 nobilissimum
3159 4988 3321 5051 caput
3340 4994 3494 5035 suum
3520 4977 3668 5050 pedi-

2103 5078 2203 5132 bus
2223 5076 2421 5133 Christi
2451 5075 2702 5130 admovit.
2730 5075 2784 5129 8.
2823 5073 3057 5128 Videntes
3079 5082 3247 5127 autem
3276 5072 3515 5140 discipuli
3538 5073 3668 5141 ejus,

2106 5168 2289 5238 inquit,
2319 5166 2563 5236 indignati
2599 5175 2733 5232 sunt,
2778 5164 2996 5219 dicentes
3018 5163 3133 5219 :Ad
3154 5164 3278 5234 quid
3296 5163 3512 5233 perditio
3533 5160 3672 5216 hac!

2105 5258 2160 5313 9.
2203 5257 2375 5312 Potuit
2417 5259 2549 5311 enim
2590 5266 2896 5327 unguentum
2940 5255 3033 5309 hoc
3073 5253 3366 5310 venumdari
3393 5253 3589 5317 multo,
3626 5259 3669 5305 et

2105 5350 2217 5403 dari
2251 5349 2573 5420 pauperibus.
2617 5348 2703 5402 10.
2748 5342 2925 5401 Sciens
2970 5357 3139 5401 autem
3173 5345 3325 5400 Jesus
3370 5344 3499 5398 dixit
3526 5358 3547 5398 :
3572 5342 3667 5396 Cur

2104 5442 2298 5497 molesti
2333 5441 2451 5494 estis
2490 5440 2606 5493 huic
2643 5438 2881 5492 mulieri?
2912 5437 3052 5508 Opus
3081 5438 3217 5491 enim
3254 5436 3440 5491 bonum
3466 5442 3670 5503 aperata

2104 5542 2174 5584 est
2202 5532 2254 5584 in
2281 5546 2379 5585 me.
2410 5531 2493 5584 11.
2526 5528 2784 5607 Pauperes
2812 5529 2940 5583 enim
2968 5542 3162 5597 semper
3185 5525 3375 5580 habetis
3399 5524 3667 5587 vobiscum,

2103 5639 2181 5677 me
2207 5632 2373 5677 autem
2400 5638 2499 5675 non
2528 5637 2718 5691 semper
2745 5621 2955 5675 habetis.
2989 5619 3076 5673 l2.
3109 5615 3393 5672 Immittens
3423 5615 3555 5668 enim
3580 5613 3669 5666 hoc
