4076 6142
369 522 680 583 unguentum
709 514 760 565 in
783 526 964 580 corpus
1006 523 1166 564 oneum
1191 550 1205 572 ,
1237 511 1302 564 od
1330 509 1667 578 sepeliendum
1704 520 1780 555 me
1806 500 1939 571 fecit

369 603 458 656 45.
492 603 649 656 Amen
678 603 790 656 dico
812 603 965 666 vobis,
990 603 1285 669 ubicumque
1314 599 1640 669 prwdicatum
1670 597 1822 664 fuerit
1850 596 1944 647 hoc

369 693 679 762 evangelium
696 693 1001 745 inuuioerso
1029 692 1235 755 mundo,
1259 699 1313 745 et
1335 689 1469 758 quod
1487 690 1596 742 hac
1615 689 1731 752 fecit
1751 689 1946 739 dicetur

368 784 420 835 in
443 783 733 836 memoriam
757 785 884 847 eius.
913 784 977 838 Et
1006 783 1148 837 unde
1171 783 1290 837 lucc
1317 783 1420 835 illis
1447 780 1697 851 cogitatio
1723 778 1942 832 suborta

369 873 488 926 est?
529 872 823 928 Audierant
863 869 1126 928 dicentem
1168 872 1470 941 Magistrum
1493 913 1507 934 ,
1544 867 1943 923 Misericordia»

369 961 502 1026 nolo,
521 973 568 1016 et
594 979 693 1017 non
721 965 1022 1032 sacri/icium
1044 961 1196 1033 (Osee
1235 963 1289 1019 6.
1321 963 1398 1034 6).
1427 961 1742 1032 Jtrdaeosque
1765 961 1943 1015 incre-

371 1061 607 1122 pantem,
635 1053 758 1123 quia
791 1054 992 1122 majora
1018 1053 1353 1123 negligebaut
1373 1093 1386 1113 ,
1411 1052 1668 1121 judicium
1690 1091 1704 1113 ,
1735 1049 1944 1104 miseri-

367 1142 608 1196 cordiam
631 1151 688 1197 et
711 1141 868 1196 iidem
890 1182 906 1207 ,
943 1152 1002 1197 et
1030 1144 1193 1196 multa
1223 1143 1276 1196 in
1306 1153 1484 1196 monte
1512 1143 1580 1195 de
1604 1139 1941 1210 eleemosyna

370 1233 675 1302 loquentem
703 1233 968 1305 :‘binrque
990 1234 1129 1304 apud
1167 1249 1226 1289 se
1263 1233 1585 1304 colligebant
1606 1231 1941 1301 cogitabant-

367 1337 507 1390 que,
539 1324 583 1375 si
611 1322 915 1378 holocausta
945 1333 1000 1378 et
1027 1332 1262 1378 veterem
1293 1324 1492 1376 cultum
1519 1338 1626 1376 non
1659 1321 1936 1385 admittat,

372 1415 544 1468 multo
571 1414 746 1469 minus
783 1417 1034 1485 unguenti
1065 1416 1386 1471 unctionem.
1413 1415 1518 1471 Sed
1545 1414 1598 1468 hi
1624 1414 1836 1484 quidem
1862 1415 1940 1468 sic

367 1507 692 1576 cogitabant,
715 1507 829 1576 ipse
843 1521 970 1562 vero
995 1515 1226 1562 mentem
1243 1508 1360 1576 ejus
1384 1495 1693 1576 respiciens,
1713 1505 1934 1561 dimisit.

369 1594 499 1650 Nam
521 1597 686 1652 multa
712 1598 880 1668 pietas
905 1607 1020 1654 erat
1043 1609 1100 1653 et
1122 1597 1390 1653 ineﬂ'abile
1412 1598 1642 1653 studium
1675 1614 1690 1653 ε
1716 1597 1940 1667 ideoque

366 1689 484 1758 ejus
513 1689 719 1744 all‘ectui
759 1707 816 1747 se
858 1697 1254 1760 attemperans,
1293 1690 1561 1745 concessit
1602 1697 1662 1743 ttt
1703 1693 1755 1743 ln
1780 1697 1939 1758 caput

368 1781 534 1848 ipsius
556 1781 737 1835 oleum
764 1778 1140 1836 edunderetur.
1168 1781 1299 1836 Nam
1326 1781 1371 1835 si
1411 1781 1572 1835 homo
1601 1779 1715 1835 ﬁeri
1736 1822 1751 1842 ,
1787 1792 1938 1836 utero

363 1874 583 1942 gestari,
623 1872 758 1927 lacte
807 1872 992 1927 nutriri
1025 1888 1129 1928 non
1159 1873 1445 1937 recusavit,
1492 1873 1616 1943 quid
1644 1873 1853 1926 miraris
1890 1872 1938 1928 si

364 1965 468 2018 hoc
513 1980 618 2019 non
653 1964 923 2033 depellat?
963 1965 1420 2034 Quemadmodum
1451 1968 1592 2022 enim
1632 1965 1790 2021 Pater
1821 1965 1938 2035 ejus

363 2055 604 2110 nidorem
628 2063 690 2111 et
714 2056 936 2121 fumum,
960 2057 1036 2110 sic
1079 2065 1130 2111 et
1159 2057 1273 2126 ipse
1307 2058 1640 2112 meretricem
1668 2057 1931 2126 suscepit,

358 2145 478 2214 ejus
509 2153 740 2200 mentem
769 2155 822 2200 et
843 2149 1100 2212 anitnum,
1130 2157 1188 2201 ut
1207 2147 1336 2210 dixi,
1374 2147 1694 2218 approbans.
1727 2147 1934 2202 Etenim

358 2235 528 2292 .lacob
573 2239 790 2308 cippum
839 2239 948 2294 Deo
991 2239 1215 2302 inunxit,
1258 2249 1314 2295 et
1352 2240 1405 2295 in
1435 2239 1710 2296 sacriﬁciis
1755 2241 1934 2296 oleum

356 2321 701 2393 oﬂ’erebatur,
725 2329 1137 2398 sacerdotesque
1153 2339 1421 2400 unguento
1436 2345 1466 2384 ιι
1473 2331 1767 2401 agebantur
1781 2332 1801 2402 (
1805 2331 1933 2389 Gen.

356 2416 450 2471 εδ.
497 2418 592 2487 is;
636 2418 795 2474 Leuit.
823 2419 879 2474 2.
910 2420 945 2475 4
987 2430 1033 2474 et
1065 2421 1123 2476 8.
1155 2420 1248 2491 10)
1291 2441 1306 2476 :
1348 2437 1530 2477 verum
1571 2423 1816 2494 discipuli
1841 2425 1930 2494 qui

356 2509 596 2566 nntlieris
625 2512 859 2567 animum
888 2528 992 2568 non
1021 2516 1434 2583 cognoscebant,
1463 2515 1763 2586 importune
1787 2518 1930 2574 illam

354 2603 796 2669 criminabantur,
826 2614 882 2661 et
921 2606 1222 2662 accusando
1268 2609 1508 2664 mulieris
1555 2610 1929 2667 liberalitatem

353 2693 657 2748 ostendunt.
687 2695 819 2750 Cum
844 2696 1025 2750 dicunt
1050 2698 1212 2764 enim,
1244 2695 1458 2755 Poterat
1486 2703 1735 2756 trecentis
1761 2701 1933 2757 dena-

353 2784 450 2835 riis
475 2774 823 2850 venumdari,
870 2788 1158 2842 ostendunt
1199 2799 1452 2855 quantum
1496 2790 1838 2860 insumpserit
1873 2792 1926 2848 in

355 2883 681 2946 unguentum
708 2875 842 2930 illud
869 2917 884 2940 ,
913 2886 971 2932 et
998 2888 1246 2949 quantam
1274 2880 1577 2937 exhibuerit
1606 2884 1926 2939 munilicen-

346 2965 502 3017 tiam.
527 2964 882 3032 Quamobrem
912 2968 1053 3037 ipsos
1073 2971 1322 3040 increpat,
1351 2972 1534 3028 dicens
1559 2992 1574 3028 :
1604 2975 1708 3029 Cur
1731 2976 1927 3031 molesti

351 3057 470 3111 estis
498 3057 614 3112 huic
633 3059 830 3113 mulieri
845 3061 871 3113 2
898 3061 964 3116 Et
989 3063 1244 3117 rationem
1267 3064 1465 3135 adjicit,
1497 3076 1552 3121 ttt
1583 3068 1688 3123 illis
1712 3073 1923 3140 passio-

351 3149 437 3202 uis
465 3152 774 3207 memoriam
800 3164 1074 3209 revocaret
1102 3171 1116 3208 :
1145 3156 1225 3210 Ad
1251 3159 1560 3227 sepulturam
1587 3161 1730 3216 enim
1758 3179 1922 3218 meam

350 3240 449 3295 hoc
489 3245 624 3314 fecit.
670 3245 904 3315 Itemque
944 3247 1084 3302 aliud
1130 3250 1462 3306 ratiocinium
1499 3254 1702 3310 addidit
1732 3273 1746 3310 :
1775 3255 1920 3312 Pau-

351 3352 492 3402 peres
514 3337 644 3391 enim
667 3354 864 3408 semper
885 3341 1157 3406 nobiscum,
1193 3361 1271 3399 me
1297 3357 1463 3401 autem
1481 3365 1581 3404 non
1603 3367 1800 3422 semper
1821 3352 1920 3409 Ita-

348 3426 488 3481 betis.
518 3428 937 3502 Eg'Uticumque
952 3435 1275 3503 pmdicatum
1293 3440 1445 3508 fuerit
1465 3440 1564 3494 ltoc
1582 3444 1915 3515 evangelium,

345 3519 548 3584 etquod
567 3523 674 3574 hac
701 3523 819 3592 fecit
861 3525 1070 3579 dicetur.
1105 3526 1348 3584 Vidistin‘
1395 3531 1664 3600 quomodo
1708 3535 1915 3589 exitum

343 3609 409 3662 ad
437 3619 622 3678 gentes
647 3615 984 3681 praenuntiet,
1021 3616 1106 3671 hic
1151 3619 1311 3673 etiam
1349 3621 1623 3692 discipulis
1651 3625 1717 3680 de
1744 3636 1917 3682 morte
1949 3643 1958 3651 '

343 3711 438 3752 sua
487 3701 906 3760 consolationem
955 3706 1224 3762 aﬂ'erens?
1283 3707 1557 3780 Siquidem
1605 3723 1746 3771 tanta
1795 3726 1916 3786 post

339 3803 554 3844 crucem
583 3792 751 3848 virtus
773 3795 886 3864 ejus
913 3797 1083 3853 futura
1112 3809 1214 3866 est,
1247 3811 1306 3856 ut
1331 3805 1638 3872 prmdicatio
1669 3809 1685 3839 ⁸
1717 3823 1812 3877 per
1834 3817 1917 3862 to-

344 3889 454 3933 tum
482 3882 668 3937 orbem
694 3884 1015 3945 eﬂ'undatur.
1061 3892 1189 3958 Quis
1232 3895 1298 3948 ita
1341 3897 1502 3951 misrr
1527 3906 1630 3961 est,
1666 3907 1724 3953 ut
1753 3908 1914 3955 tanta:

342 3973 546 4027 veritati
585 3979 879 4047 repugnet?
904 3979 1042 4037 Ecce
1079 3985 1224 4040 enim
1264 3987 1335 4047 id,
1366 3989 1507 4058 quod
1533 3989 1688 4055 dixit,
1720 3993 1911 4047 factum

337 4071 451 4126 est;
498 4073 551 4118 et
578 4081 912 4138 quocumque
965 4080 1227 4130 terrarum
1281 4079 1400 4144 ibis,
1454 4081 1589 4136 hanc
1635 4082 1910 4138 mulierem

339 4151 614 4218 praedicari
641 4157 822 4212 audies
855 4175 1214 4233 :quamquam
1261 4168 1345 4222 illa
1394 4185 1499 4226 non
1543 4171 1763 4243 insignis
1789 4191 1911 4245 pcr-

336 4257 466 4297 soon
493 4257 653 4310 esset,
699 4264 796 4304 nec
817 4254 966 4308 multi
992 4265 1155 4311 testes
1181 4259 1427 4315 adessent
1453 4279 1468 4326 ;
1499 4278 1594 4319 nec
1618 4264 1669 4318 in
1701 4265 1910 4321 theatro

335 4335 565 4405 quodam
591 4353 679 4392 res
707 4349 851 4408 gesta
883 4353 1046 4411 esset,
1075 4348 1168 4401 sed
1197 4349 1246 4401 in
1268 4349 1450 4420 domo,
1477 4364 1526 4408 et
1549 4355 1608 4410 in
1633 4356 1794 4412 domo
1834 4358 1910 4414 le-

335 4426 500 4495 prosi,
529 4425 803 4498 discipulis
829 4440 1028 4487 tantum
1059 4441 1426 4504 praesentibus.

402 4520 458 4573 2.
498 4521 625 4589 Quis
653 4523 754 4578 hoc
783 4525 852 4578 ita
895 4528 1124 4596 vulgavit
1155 4539 1210 4586 et
1235 4535 1538 4600 przcdicavit
1565 4538 1589 4591 ?
1619 4538 1909 4610 Loquentis

331 4610 518 4665 virtus.
563 4610 719 4667 Certe
763 4629 944 4684 regum
991 4620 1275 4675 multorum
1325 4634 1380 4678 et
1421 4626 1611 4682 ducum
1636 4672 1652 4695 ,
1681 4647 1906 4702 quorum

329 4701 492 4753 etiant
536 4715 874 4759 monumenta
918 4717 1163 4772 manent,
1190 4726 1286 4780 res
1325 4725 1489 4785 gestae
1527 4701 1804 4787 tacentur;
1844 4739 1908 4778 ac

330 4792 455 4846 licet
482 4793 640 4848 urbes
679 4785 1036 4854 excitaverint
1055 4841 1071 4866 ,
1098 4817 1282 4858 muros
1312 4806 1824 4882 circumstruxerint,
1854 4816 1905 4871 in

329 4884 490 4939 bellis
517 4887 748 4944 victores
791 4888 987 4947 lberint
1010 4933 1026 4956 ,
1056 4903 1254 4965 “‘0pr
1283 4901 1550 4955 evexerint
1568 4943 1584 4969 ,
1615 4916 1907 4977 gentesque

327 4975 524 5029 multas
551 4976 606 5031 in
632 4978 946 5036 servitutem
980 4984 1312 5055 redegerint,
1349 5003 1447 5045 nec
1480 4991 1616 5048 fama
1638 5031 1655 5059 ,
1683 5011 1780 5051 nec
1804 4975 1904 5051 no-

327 5067 476 5122 mine
514 5083 613 5123 suo
651 5072 760 5126 noti
790 5081 950 5140 sunt,
979 5077 1187 5133 etiamsi
1213 5090 1269 5134 et
1297 5088 1497 5137 statuas
1521 5088 1786 5142 erexerint
1805 5129 1821 5154 ,
1851 5098 1907 5145 et

329 5158 476 5228 leges
499 5159 742 5218 dederint
770 5179 783 5217 :
813 5165 954 5236 quod
978 5178 1154 5223 autem
1179 5172 1427 5226 meretrix
1457 5173 1630 5230 oleum
1661 5177 1905 5236 eﬂ'uderit

329 5249 382 5303 in
410 5251 572 5304 domo
597 5251 788 5322 leprosi
811 5298 829 5323 ,
903 5255 1088 5312 decem
1163 5261 1290 5314 viris
1313 5266 1662 5333 praesentibus
1685 5310 1700 5334 ,
1731 5271 1901 5340 id-per

327 5340 512 5394 orbem
554 5353 769 5397 cantant
797 5361 982 5402 omnes
1005 5389 1020 5409 ,
1051 5363 1114 5404 ac
1152 5361 1269 5419 post
1299 5361 1500 5409 tantum
1543 5360 1796 5428 temporis
1827 5362 1902 5416 rei

326 5441 492 5500 gech
513 5434 764 5487 memoria
796 5452 900 5489 non
933 5441 1186 5495 minuitur
1215 5459 1228 5496 :
1252 5446 1344 5500 sed
1375 5447 1570 5514 Persae,
1599 5449 1734 5519 Indi,
1761 5452 1899 5526 Scy-

329 5519 458 5586 thrc,
480 5522 736 5588 Thraces,
762 5525 1109 5594 Sauromace,
1134 5531 1318 5598 Mauri,
1343 5539 1429 5604 qui
1460 5538 1787 5597 Britannicas
1817 5519 1900 5598 iit-

327 5610 473 5665 aulas
504 5612 762 5677 incolunt,
791 5617 931 5684 quod
961 5616 1011 5670 in
1039 5618 1219 5676 Judma
1249 5625 1301 5678 in
1337 5627 1497 5683 domo
1520 5631 1771 5701 quadam,
1804 5649 1904 5691 nec

397 5768 416 5799 ‘
443 5775 548 5826 Pro,
574 5770 876 5828 prwdimtio.
901 5770 979 5820 alii
1003 5781 1055 5822 et
1080 5777 1239 5827 Morel.
1265 5779 1455 5845 legunt,
1477 5786 1790 5849 evangelium.

623 5872 894 5934 r’s'ruOL.
943 5875 1062 5932 (in.
1113 5880 1326 5948 Ll'lll.

1245 389 1313 449 IN
1352 384 1752 448 ΜιττιιΑίυιι
1796 379 2020 440 ιἰυδιιι.
2059 381 2270 440 LXXX.
2314 389 2378 441 al.
2422 383 2658 447 LXXXI.

3524 393 3628 450 7’8

2055 499 2244 562 palum,
2296 517 2324 554 a
2377 507 2654 557 tttet'ett-it'c
2701 508 2893 560 factum
2945 520 3027 564 cst
3058 551 3072 572 ,
3103 509 3411 577 tim-dicant.
3442 512 3626 582 Matuta

2055 591 2262 645 Domini
2291 594 2588 664 benignitas
2621 601 2952 654 meretricem
2995 600 3095 656 fert
3119 643 3134 665 ,
3166 606 3498 659 meretricem
3531 622 3622 674 pc-

2047 683 2146 737 des
2173 686 2500 741 osculantem
2526 731 2541 753 ,
2569 691 2793 759 oleoque
2821 693 3078 761 rigantcm
3105 735 3120 758 ,
3148 704 3203 748 et
3229 697 3622 765 abstergcntem

2049 775 2286 842 capillis;
2314 777 2461 832 illam
2482 779 2732 848 admittit,
2764 791 2814 837 ct
2852 794 3134 853 arguentes
3154 785 3392 856 increpat
3415 805 3426 840 :
3453 805 3623 859 neque

2048 869 2190 924 enim
2215 872 2452 939 oportuit
2479 889 2575 942 pro
2601 880 2750 928 tanto
2773 878 2950 932 studio
2978 881 3252 934 mulierem
3281 883 3618 950 reprehendi.

2048 953 2130 1014 Tu
2157 974 2284 1014 vero
2305 959 2433 1016 mihi
2453 964 2759 1019 consideres
2779 966 2924 1026 illud.
2950 982 3107 1037 quam
3131 969 3340 1024 sublimi
3365 974 3543 1025 animo
3585 993 3596 1024 t
3623 1015 3625 1018 ‹

2047 1048 2114 1102 ad
2154 1049 2567 1106 misericordiam
2612 1069 2782 1125 prono
2827 1067 3006 1125 postea
3047 1070 3249 1116 csmnt.
3282 1061 3344 1116 Et
3387 1077 3485 1118 cur
3515 1079 3633 1117 non

2048 1141 2363 1209 simpliciter
2386 1143 2539 1209 dixit,
2570 1145 2771 1200 Bonum
2798 1161 2933 1216 opus
2955 1147 3081 1203 fecit
3112 1166 3127 1204 :
3157 1148 3250 1206 sed
3275 1156 3422 1222 prius
3441 1195 3456 1219 ,
3483 1154 3620 1222 Quid

2045 1230 2244 1286 molesti
2269 1235 2387 1288 estis
2416 1234 2614 1289 mulieri
2632 1237 2658 1290 ?
2681 1235 2749 1292 Ut
2771 1236 3038 1294 discerent
3061 1255 3168 1296 non
3196 1257 3223 1295 a
3251 1243 3508 1313 principio
3531 1262 3616 1301 su-

2046 1319 2289 1376 blimiora
2355 1323 2424 1378 ab
2474 1325 2824 1382 imbecillibus
2873 1343 2992 1385 esse
3039 1332 3286 1400 petenda.
3335 1332 3462 1389 Ideo
3512 1352 3614 1390 non

2043 1411 2214 1479 ipsam
2244 1427 2355 1469 rem
2386 1415 2699 1484 simpliciter
2723 1419 2989 1474 examinat
3011 1461 3028 1483 ,
3056 1421 3149 1476 sed
3179 1422 3354 1478 addita
3381 1425 3618 1479 mulieris

2047 1517 2292 1571 persona.
2325 1503 2454 1560 Nam
2482 1505 2527 1561 si
2557 1507 2728 1575 legem
2760 1508 2939 1575 ferret,
2967 1510 3036 1566 de
3067 1512 3288 1570 muliere
3313 1531 3416 1570 non
3447 1517 3622 1586 loque-

2039 1604 2192 1648 retur
2219 1611 2234 1650 :
2260 1595 2353 1648 sed
2377 1605 2434 1650 ut
2458 1596 2632 1652 discas
2654 1597 2702 1652 id
2723 1609 2940 1669 propter
2969 1602 3134 1672 ipsam
3160 1604 3358 1660 dictum
3383 1622 3523 1673 esse,
3551 1624 3617 1660 no

2041 1687 2425 1755 germinantem
2449 1687 2565 1758 ejus
2593 1687 2748 1745 ﬁdem
2773 1692 3088 1758 obruerent,
3117 1695 3210 1750 sed
3255 1698 3423 1767 magis
3468 1698 3615 1752 love-

2042 1787 2164 1833 rent
2191 1794 2204 1830 :
2235 1777 2356 1834 ideo
2381 1779 2462 1834 sic
2491 1780 2742 1850 loquitur,
2772 1792 2830 1838 ut
2865 1795 2964 1837 nos
2988 1784 3214 1851 doceat,
3245 1787 3617 1860 quodcumque

2040 1868 2237 1923 bonum
2279 1879 2309 1925 'a
2357 1872 2543 1940 quovis
2583 1871 2693 1938 ﬂat,
2722 1874 2931 1929 etiamsi
2973 1890 3080 1930 non
3106 1877 3391 1933 admodum
3438 1881 3612 1950 perte-

2038 1968 2187 2016 ctum
2215 1961 2302 2025 sit,
2337 1963 2730 2032 suscipiendum
2759 1979 2822 2020 ac
2849 1965 3130 2022 fovendum
3162 1985 3301 2036 esse,
3326 1979 3381 2026 et
3404 1973 3469 2026 ad
3495 1989 3612 2028 ma—

2037 2049 2152 2121 jora
2178 2050 2545 2108 deducendum
2570 2070 2584 2109 :
2609 2069 2786 2125 neque
2833 2057 2983 2133 initio
3021 2070 3234 2115 omnem
3275 2063 3612 2130 periectionis

2038 2145 2428 2199 mulionem
2455 2158 2576 2202 esse
2601 2147 2960 2214 qumrcndam.
2988 2148 3119 2204 Nam
3136 2150 3405 2206 Christum
3428 2154 3499 2208 ita
3523 2171 3612 2207 ro-

2040 2233 2202 2288 luisse
2228 2233 2351 2289 hinc
2379 2245 2562 2305 patet,
2589 2237 2730 2307 quod
2759 2252 2880 2292 cum
2911 2253 3013 2293 non
3048 2239 3300 2308 haberet,
3341 2243 3427 2297 ubi
3453 2258 3610 2314 caput

2037 2336 2190 2377 suum
2219 2324 2531 2388 reclinaret.
2560 2326 2764 2384 loculos
2792 2337 2967 2384 tamen
3002 2330 3332 2388 circumferri
3368 2334 3604 2402 jusserit.

2035 2416 2139 2474 Sed
2169 2427 2293 2475 tunc
2336 2419 2463 2475 illud
2493 2430 2701 2491 tempus
2727 2437 2832 2478 non
2860 2424 3166 2494 requirebat
3186 2467 3202 2489 ,
3234 2437 3292 2482 ut
3316 2442 3402 2482 res
3426 2443 3608 2483 emen~

2033 2510 2271 2574 daretur,
2303 2511 2396 2566 sed
2424 2519 2481 2566 ut
2505 2514 2867 2585 susciperetur
2893 2522 3117 2572 tantum.
3147 2515 3602 2583 Quemadmodum

2033 2601 2175 2655 enim
2220 2602 2265 2656 si
2301 2604 2422 2673 quis
2457 2605 2525 2659 ab
2567 2619 2634 2660 eo
2683 2607 3033 2676 quaesivisset,
3076 2609 3298 2666 muliere
3349 2626 3454 2666 non
3505 2610 3605 2667 hoc

2033 2691 2204 2759 ipsum
2231 2689 2489 2759 hicietrte,
2518 2709 2623 2750 non
2654 2696 2726 2752 ita
2747 2695 3048 2754 iaciendum
3077 2715 3200 2756 esse
3235 2700 3457 2757 dixisset
3484 2721 3497 2757 :
3526 2707 3603 2758 sio

2031 2782 2153 2852 quia
2178 2783 2264 2838 illa
2296 2784 2406 2852 jatn
2439 2787 2654 2852 fecerat,
2682 2787 2736 2844 in
2764 2789 2816 2845 id
2844 2806 3005 2847 unum
3027 2802 3228 2848 tantum
3258 2797 3506 2864 respicit,
3537 2815 3603 2852 no

2031 2873 2393 2945 increpatione
2431 2879 2810 2950 discipulorum
2853 2881 2907 2935 in
2943 2885 3216 2954 angustias
3240 2887 3554 2956 conjiciatur
3582 2930 3597 2952 ,

2026 2963 2124 3021 sed
2147 2974 2203 3020 ut
2231 2965 2347 3035 ipso
2387 2977 2605 3024 curante
2646 2970 2870 3026 lacrior
2907 2971 3038 3027 facta
3061 3012 3077 3038 ,
3106 2973 3158 3028 in
3191 2973 3380 3031 melius
3411 2993 3598 3046 procc-

2026 3055 2135 3110 dat.
2165 3055 2296 3112 Nam
2318 3067 2592 3130 postquam
2616 3060 2791 3116 oleum
2811 3061 3034 3117 elfusum
3058 3063 3176 3131 fuit,
3196 3065 3304 3133 jam
3334 3082 3437 3120 non
3469 3079 3601 3121 tem-

2024 3147 2228 3212 pestiva
2250 3157 2367 3203 erat
2387 3149 2592 3204 illormn
2617 3150 2924 3222 increpatio.
2939 3153 3006 3208 Et
3030 3163 3083 3208 tu
3111 3169 3323 3227 quoque
3347 3158 3568 3225 siquem

2024 3239 2165 3308 piam
2207 3239 2388 3294 videas
2425 3255 2549 3294 vasa
2591 3255 2738 3296 sacra
2780 3242 3124 3300 adornantem
3155 3255 3210 3301 et
3245 3245 3552 3302 otl‘erentcm
3577 3289 3593 3313 ,

2022 3336 2115 3383 aut
2140 3329 2302 3383 alium
2341 3331 2579 3386 ecclesia:
2605 3340 2846 3387 ornatum
2869 3334 3006 3389 circa
3033 3351 3214 3390 muros
3241 3345 3297 3392 et
3326 3339 3594 3406 pavimen-

2023 3427 2134 3473 tum
2162 3421 2568 3477 concinnantem
2593 3462 2608 3484 ,
2638 3437 2705 3478 ne
2727 3423 2917 3493 jubeas
2948 3423 3037 3480 illa
3065 3427 3394 3492 venumdari,
3424 3437 3516 3482 aut
3545 3429 3594 3482 id

2017 3509 2160 3579 quod
2189 3509 2382 3566 factum
2408 3520 2491 3567 est
2513 3514 2705 3580 everti,
2736 3529 2806 3569 ne
2844 3513 2984 3571 illius
3006 3515 3333 3572 alacritatem
3362 3518 3593 3572 minuas.

2017 3601 2072 3655 Si
2097 3614 2225 3655 vero
2255 3603 2555 3674 priusquam
2589 3603 2714 3661 haec
2743 3605 3002 3674 adornet,
3031 3608 3311 3664 consilium
3351 3624 3380 3664 a
3421 3619 3472 3664 te
3505 3626 3594 3681 pe.

2016 3693 2181 3759 tierit,
2204 3694 2330 3762 jube
2354 3697 2672 3765 pauperibus
2691 3697 2804 3752 dari
2828 3717 2844 3754 :
2875 3715 2996 3754 nam
3020 3713 3074 3756 et
3101 3702 3232 3770 ipse,
3260 3717 3326 3756 ne
3355 3701 3594 3756 mulieris

2018 3783 2278 3840 fervorem
2320 3789 2708 3858 exstingueret,
2739 3789 2809 3843 ita
2856 3789 3012 3857 fecit;
3040 3801 3095 3846 et
3132 3792 3384 3863 quidquid
3427 3795 3589 3858 dicit,

2015 3875 2081 3926 ad
2124 3875 2242 3942 ejus
2282 3877 2700 3933 consolationem
2731 3880 2920 3950 vergit.
2951 3881 3151 3936 Deinde
3177 3883 3301 3952 quia
3337 3883 3585 3949 dixerat,

2018 3963 2097 4016 Ad
2118 3965 2425 4032 sepulturam
2451 3982 2611 4020 meum
2642 3969 2756 4038 fecit
2777 3984 2798 4023 :
2825 3985 2892 4024 ne
2916 3970 3190 4026 videretur
3215 3973 3494 4029 mulierem
3537 3978 3590 4031 ita

2013 4054 2232 4110 dubium
2256 4059 2522 4128 conjicere
2544 4098 2560 4124 ,
2587 4058 2712 4115 dum
2752 4063 3075 4148 sqmlturam
3106 4071 3162 4120 et
3185 4075 3410 4121 mortem
3437 4084 3588 4121 cout-

2016 4157 2356 4213 metnoraret,
2386 4149 2508 4203 vide
2529 4153 2796 4220 quomodo
2832 4155 2882 4209 in
2908 4155 3252 4224 sequentibus
3279 4158 3420 4211 illam
3450 4161 3587 4212 solo-

2015 4246 2103 4293 tur
2146 4239 2228 4292 his
2273 4239 2492 4294 verbis:
2524 4241 2673 4309 Quod
2720 4241 2830 4299 lucc
2875 4245 2995 4316 fecit
3041 4247 3330 4302 narrabitur
3379 4249 3437 4300 in
3460 4259 3589 4304 ‘tom

2013 4331 2222 4385 mundo.
2248 4331 2359 4386 lloc
2384 4340 2434 4387 et
2463 4333 2734 4403 discipulis
2760 4337 3108 4393 consolationi
3135 4349 3273 4406 erat,
3297 4353 3355 4396 et
3380 4343 3586 4396 mulieri

2013 4422 2150 4476 laudi
2187 4433 2242 4477 et
2282 4424 2548 4481 levamini.
2575 4426 2815 4496 Omnes,
2843 4429 3030 4500 inquit,
3061 4433 3204 4486 illam
3235 4443 3416 4502 postea
3442 4436 3585 4489 celo.

2012 4513 2274 4581 brabunt;
2305 4530 2443 4572 nunc
2471 4519 2769 4586 passionem
2799 4523 3191 4589 praenuntiavit,
3223 4525 3347 4578 dum
3378 4541 3438 4578 ea
3470 4543 3586 4594 quae

2010 4608 2076 4662 ad
2097 4609 2423 4675 sepulturam
2447 4610 2712 4677 pertinent
2739 4611 2928 4666 obtulit
2955 4630 2969 4667 :
2997 4628 3065 4668 ne
3095 4615 3270 4684 itaque
3296 4617 3415 4684 quis
3443 4617 3585 4670 illaut

2013 4699 2268 4766 increpet.
2313 4697 2540 4752 Tantum
2581 4700 2726 4754 enim
2772 4700 2924 4756 abest
2952 4700 3010 4756 u't
3056 4705 3197 4757 illam
3223 4705 3496 4772 damnent,
3533 4722 3583 4761 ot

2009 4803 2129 4856 qua:
2145 4787 2486 4853 nralel'ecerit,
2511 4796 2565 4843 ut
2586 4789 2972 4858 reprehendam
2993 4800 3051 4846 ut
3069 4808 3188 4863 quae
3207 4793 3510 4865 deliquerit,
3533 4812 3586 4852 ιιι

2010 4892 2118 4931 non
2143 4878 2314 4934 sinam
2339 4878 2532 4933 factum
2555 4879 2740 4947 latere,
2766 4881 2861 4936 sed
2887 4882 3117 4938 mundus
3135 4885 3268 4940 sciet
3297 4884 3347 4940 id
3370 4888 3509 4957 quod
3533 4891 3584 4940 iu

2011 4969 2174 5025 domo
2199 4979 2255 5025 et
2297 4970 2348 5026 in
2377 4970 2691 5026 abscondito
2717 4971 2915 5028 factum
2940 4983 3042 5030 est.
3065 4973 3199 5031 Nam
3233 4990 3265 5031 a
3294 4977 3380 5048 pia
3408 4990 3587 5033 mento

2011 5058 2126 5113 hac
2150 5058 2384 5129 profecta
2409 5069 2554 5125 sunt,
2567 5069 2621 5116 et
2639 5076 2669 5117 a
2691 5061 2796 5119 llde
2822 5063 3031 5119 ardenti
3050 5072 3105 5120 et
3125 5065 3306 5121 animo
3332 5069 3582 5124 contrito.

2007 5149 2120 5204 Cur
2143 5164 2270 5205 vero
2295 5150 2426 5205 nihil
2455 5151 2728 5221 spirituale
2753 5154 2996 5224 promisit
3022 5157 3254 5223 mulieri,
3281 5157 3375 5213 sed
3400 5173 3582 5227 perpe-

2013 5248 2156 5295 tuam
2183 5242 2535 5296 memoriam?
2554 5241 2657 5300 Per
2675 5243 2789 5300 haec
2816 5245 2870 5300 id
2896 5245 3096 5314 effecit,
3118 5256 3174 5301 ut
3199 5248 3268 5303 de
3295 5249 3395 5302 illis
3424 5251 3584 5304 etiam

2010 5340 2268 5401 speraret.
2297 5331 2430 5387 Nam
2470 5333 2518 5391 si
2556 5350 2692 5405 opus
2720 5336 2916 5391 bonum
2956 5337 3114 5404 fecit,
3137 5337 3278 5393 haud
3316 5339 3478 5394 dubie
3505 5341 3585 5393 di.

2007 5436 2167 5493 gnam
2204 5423 2503 5479 mercedem
2529 5427 2767 5495 recipiet.
2799 5427 2886 5482 14.
2919 5427 3060 5481 Tunc
3088 5429 3342 5498 profectus
3370 5445 3499 5484 unus
3525 5444 3585 5483 ea:

2009 5512 2272 5567 duodecim
2293 5511 2463 5568 ludas
2481 5555 2496 5579 ,
2524 5517 2613 5586 qui
2639 5516 2896 5572 dicebatur
2921 5515 3214 5588 Iscariotes,
3241 5520 3311 5573 ad
3334 5521 3586 5590 principes

2008 5603 2344 5670 sacerdotum,
2371 5605 2456 5660 15.
2486 5606 2616 5660 dixit
2637 5623 2656 5660 :
2679 5607 2814 5674 Quid
2837 5609 2986 5666 vultis
3005 5611 3128 5664 mihi
3146 5611 3286 5678 dare,
3314 5621 3362 5666 et
3385 5628 3475 5682 ego
3495 5629 3585 5666 vo-

2007 5693 2082 5748 bis
2111 5696 2305 5748 tradant
2333 5713 2444 5750 eum
2465 5698 2491 5751 ?
2513 5697 2692 5765 Tunc;
2721 5703 3094 5772 quandonaml
3117 5702 3248 5758 Cum
3280 5702 3396 5759 haec
3433 5703 3584 5759 dlce.

2011 5799 2213 5852 rentur,
2247 5803 2366 5841 cum
2389 5789 2540 5853 dixit,
2575 5791 2652 5842 Ad
2689 5795 2995 5860 sepulturam
3029 5810 3190 5847 meum
3217 5811 3236 5850 :
3263 5811 3433 5867 neque
3461 5795 3584 5854 inde

3180 5919 3254 5978 Π
