4076 6142
515 365 624 422 727

517 487 870 549 compunctus
893 487 974 533 est
1009 496 1022 532 :
1056 493 1225 549 neque
1262 479 1467 544 timttit,
1496 493 1616 532 cum
1645 476 1845 530 audivit
1867 517 1880 536 ,
1910 473 2104 544 pra'di-

519 571 745 626 caadiiin
777 570 971 638 ubique
1011 584 1130 624 esse
1156 569 1526 640 Evangelium.
1555 567 1686 622 Nam
1716 565 1858 636 quod
1896 565 2102 618 diceba-

519 674 608 716 tur
636 663 981 716 virtutiserat
1015 659 1293 715 ineli‘abilis
1325 679 1338 714 :
1381 661 1474 716 sed
1499 676 1618 715 cum
1650 660 1917 720 mulieres,
1954 658 2108 726 ipsa:-

516 768 620 822 que
649 753 962 807 meretrices
985 761 1186 806 tantum
1209 751 1282 806 itli
1309 751 1685 818 impendebant
1715 749 1954 813 honoris,
1983 760 2106 802 tunc

520 844 612 900 ille
637 843 955 898 diabolicum
985 842 1190 897 facinus
1211 841 1422 896 edebat.
1443 842 1552 896 Cur
1574 851 1750 896 autem
1773 841 1889 909 ejus
1910 855 2106 909 cogno-

516 949 638 988 men
666 933 886 988 dicunt?
913 933 1046 1002 Quia
1074 933 1399 988 alius-Judas
1427 942 1563 989 erat.
1589 932 1787 1003 Neque
1815 941 1987 986 tamen
2012 930 2106 984 di-

514 1039 640 1078 cere
661 1025 925 1089 dubitant,
957 1023 1130 1092 ipsum
1161 1037 1192 1078 e
1221 1025 1446 1078 numero
1488 1022 1768 1078 duodecim
1813 1020 1998 1076 fuisse.
2030 1020 2102 1074 Ita

517 1113 653 1169 nihil
680 1114 950 1169 occultant
974 1128 1159 1170 eorum
1181 1128 1299 1183 quae
1325 1113 1578 1182 probrosa
1603 1128 1725 1168 esse
1753 1111 2100 1165 videbantur:
2143 1183 2147 1188 .

518 1221 838 1275 quamquam
868 1213 1114 1274 poterant
1136 1204 1448 1275 simpliciter
1479 1204 1676 1264 dicere.
1708 1204 1880 1273 ipsum
1908 1217 1972 1256 ex
2001 1219 2102 1256 nu-

517 1311 669 1351 mero
700 1295 1083 1365 discipulorum
1131 1295 1511 1350 fuisse..Erant
1547 1296 1743 1366 quippe
1781 1295 1868 1348 alii
1913 1303 2106 1362 printer

516 1387 804 1444 duodecim
823 1388 966 1442 illos.
998 1388 1147 1444 Nunc
1174 1389 1394 1454 addunt,
1427 1387 1510 1443 Ea:
1535 1387 1800 1443 duodecim
1821 1429 1838 1456 ,
1861 1403 1929 1443 ac
1956 1389 2000 1443 si
2024 1388 2106 1442 di-

517 1489 723 1543 cerent,
755 1480 1022 1549 euprimo
1049 1479 1215 1534 choro
1245 1494 1434 1534 eorum
1455 1519 1472 1544 ,
1505 1494 1638 1548 quos
1679 1479 1832 1549 quasi
1875 1481 2104 1546 optimos

509 1569 698 1637 elegit,
729 1571 818 1639 qui
858 1585 979 1625 cum
1023 1569 1186 1625 Petro.
1201 1580 1256 1625 et
1279 1569 1484 1625 Joanne
1510 1579 1681 1624 erant.
1716 1569 2104 1638 Unam-quippe

507 1647 776 1716 curabant
804 1663 1100 1725 veritatem,
1134 1678 1348 1718 necres
1371 1672 1550 1733 gestas
1573 1662 1950 1718 obseurabant.
1983 1664 2104 1716 Ideo

516 1753 670 1824 signa
695 1755 1311 1824 niiiltaprartercurrunt,
1331 1770 1395 1808 ex
1424 1754 1487 1808 iis
1506 1763 1682 1807 autem
1703 1769 1821 1822 quae
1849 1753 2103 1822 probrosa

515 1857 634 1898 esse
665 1844 976 1899 videbantur
998 1845 1128 1898 nihil
1143 1844 1339 1911 celant,
1367 1844 1462 1899 sed
1483 1845 1595 1900 sive
1620 1844 1984 1903 verbum.sive
2007 1860 2102 1911 ge-

510 1944 677 2001 stum,
691 1937 804 1992 sive
817 1936 1028 2006 quidvis
1039 1937 1180 1992 aliud
1197 1952 1321 1992 cum
1341 1937 1583 1992 libertate
1595 1945 1648 1992 et
1666 1936 1852 1991 fiducia
1865 1945 2099 1992 narrant.

589 2027 642 2080 '5.
684 2027 866 2098 Neque
906 2027 958 2081 hi
996 2037 1224 2093 tantum,
1257 2027 1352 2082 sed
1381 2028 1540 2082 etiam
1567 2028 1654 2097 qui
1682 2027 1994 2082 sublimiora
2028 2028 2107 2081 lo-

507 2119 781 2187 ;qiiebatiir
808 2118 1062 2175 Joannes.
1096 2119 1187 2176 Ille
1213 2122 1355 2176 enim
1388 2122 1654 2191 praecipue
1682 2131 1862 2176 narrat
1889 2131 1944 2176 et
1969 2137 2102 2176 con-

501 2210 766 2263 :tuuieiias
812 2219 865 2263 et
911 2210 1196 2281 Opprohria
1243 2227 1363 2280 qua:
1409 2211 1641 2280 pertulit.
1680 2211 1748 2266 Et
1796 2211 1919 2266 vide
1975 2212 2104 2266 milii

517 2311 773 2370 quantum
811 2302 884 2356 sit
922 2301 1074 2357 Judte
1115 2301 1322 2367 scelus,
1349 2317 1507 2372 quam
1546 2312 1742 2372 sponte
1782 2305 2102 2370 accesserit,

517 2392 728 2459 quando
758 2394 1000 2461 pactione
1023 2394 1263 2463 pecunia:
1299 2393 1623 2464 etpecuniie
1651 2395 1865 2449 tantulae
1893 2395 1992 2450 hoc
2030 2396 2107 2452 fe-

503 2480 614 2534 vcit.
644 2480 812 2535 Lucas
843 2498 970 2538 vero
999 2483 1123 2540 dicit
1142 2525 1157 2549 ,
1187 2484 1364 2555 ipsum
1400 2499 1522 2538 cum
1567 2484 1790 2540 ducibus
1843 2486 2106 2556 pepigisse

517 2568 668 2638 (Luc.
699 2571 789 2626 3.2.
814 2573 908 2640 4).
955 2573 1178 2642 Propter
1222 2573 1513 2628 seditiones
1563 2575 1705 2628 enim
1749 2574 2062 2629 Judieorum
2089 2617 2104 2640 ,

523 2662 876 2732 prmfecerunt
904 2663 1126 2719 Romani
1160 2664 1384 2736 aliquos,
1425 2666 1514 2734 qui
1556 2665 1902 2721 bono-rerum
1930 2667 2104 2721 ordini

518 2752 889 2824 advigilare-iit.
922 2755 1053 2810 Nam
1093 2756 1418 2826 principatus
1463 2772 1648 2812 eorum
1691 2758 1803 2826 jam
1839 2757 2108 2813 defecerat

519 2846 810 2898 secundum
842 2847 1192 2916 proiilietiain.
1221 2847 1336 2902 Hos
1363 2847 1519 2917 igitur
1556 2847 1742 2902 adiens
1766 2847 1898 2902 dixit
1927 2866 1940 2900 :
1971 2848 2107 2914 Quid

505 2936 666 2989 cultis
713 2937 836 2990 mihi
863 2937 1018 3003 dare,
1051 2947 1099 2991 et
1141 2955 1232 3008 ego
1263 2938 1399 2992 vobis
1447 2954 1562 2992 eum
1607 2938 1846 2992 tradam?
1875 2937 1964 2992 Illi
1993 2955 2106 2994 vero

517 3029 878 3083 constituerunt
910 3031 957 3084 ei
1001 3031 1207 3101 triginta
1247 3040 1528 3100 argenteos.
1561 3030 1648 3086 16.
1681 3029 1749 3084 Et
1777 3047 1839 3085 ex
1885 3047 1944 3084 eo
1979 3042 2104 3085 tem-

508 3137 643 3188 pore
667 3122 919 3190 qna-rebat
957 3122 1381 3190 Opportunitatem
1405 3163 1420 3189 ,
1447 3131 1500 3176 ut
1536 3124 1752 3177 traderet
1792 3139 1927 3178 eunt.
1973 3123 2104 3178 Nam

522 3212 741 3264 timebat
771 3211 1184 3276 multitudinem,
1217 3212 1452 3284 nihilque
1470 3214 1612 3268 aliud
1634 3214 1925 3283 quzcrebat,
1946 3230 2104 3283 quain

521 3311 578 3354 ut
606 3302 751 3355 illuni
781 3312 1012 3372 caperet.
1047 3302 1092 3358 Ο
1115 3304 1432 3359 stultitiam?
1459 3305 1728 3372 quomodo
1757 3305 1902 3358 illum
1929 3320 2106 3360 excze-

521 3391 666 3445 cavit
686 3393 923 3462 pecuniae
945 3394 1135 3447 amor?
1161 3395 1293 3448 Nam
1319 3395 1584 3464 quiillum
1609 3409 1753 3464 saipe
1782 3395 1982 3448 viderat
2014 3410 2108 3462 per

523 3483 726 3536 medios
757 3491 1140 3550 transeuntem,
1169 3500 1268 3540 nec
1306 3494 1542 3555 captum,
1563 3499 1790 3556 sumque
1813 3486 2107 3541 divinitatis

521 3584 576 3627 et
603 3573 854 3642 potentiae
882 3583 1193 3642 argumenta
1222 3575 1385 3628 multa
1414 3575 1629 3630 dantem
1649 3616 1665 3642 ,
1695 3576 1928 3645 speravit
1959 3591 2016 3630 se
2043 3577 2108 3630 il-

522 3663 632 3716 lum
661 3678 853 3732 capere
894 3678 1084 3733 posse;
1113 3665 1405 3732 praesertim
1431 3679 1550 3719 cuni
1579 3673 1657 3719 tot
1682 3665 1756 3720 illi
1797 3666 1956 3720 verba
1985 3682 2106 3735 pro-

519 3755 728 3810 tulisset
755 3755 1007 3809 terribilia
1035 3756 1193 3810 simul
1217 3767 1270 3811 et
1298 3763 1571 3811 mansueta
1592 3797 1609 3821 ,
1637 3765 1696 3811 ut
1730 3757 1868 3810 hanc
1913 3759 2106 3811 malam

522 3845 612 3900 ille
643 3845 1018 3915 cogitationem
1049 3845 1320 3916 abjiceret.
1350 3845 1534 3916 Neque
1562 3847 1705 3901 enim
1755 3847 1809 3900 in
1851 3861 2002 3902 Cinna
2040 3847 2106 3901 ab

519 3951 587 3992 eo
611 3938 849 3992 curando
877 3937 1115 4003 destitit,
1145 3937 1240 3994 sed
1273 3953 1440 4007 usque
1481 3937 1548 3992 ad
1583 3938 1823 3993 ultimum
1854 3939 1993 3993 diem
2024 3939 2107 3993 liis

521 4026 588 4081 de
612 4027 774 4082 rebus
798 4028 974 4097 ipsum
1001 4028 1388 4098 alloquebatur.
1417 4029 1522 4084 Sed
1554 4029 1686 4084 nihil
1709 4031 1758 4084 id
1788 4031 1862 4085 illi
1889 4032 2115 4100 profuit.

513 4116 630 4173 Nec
659 4126 834 4174 tamen
864 4119 982 4174 ideo
1015 4119 1270 4176 Dominus
1290 4103 1532 4176 tessavit
1555 4137 1674 4192 qua:
1710 4137 1804 4178 sua
1847 4133 2001 4178 erant
2027 4124 2107 4176 fa-

519 4220 667 4264 cere.
696 4209 820 4264 llicc
863 4210 1039 4279 itaque
1078 4225 1200 4264 cum
1245 4226 1344 4265 nos
1374 4212 1623 4276 sciamus,
1656 4212 1785 4266 nihil
1831 4229 1936 4268 non
1981 4230 2108 4284 aga-

526 4313 646 4354 mus
673 4300 742 4355 ad
763 4301 1094 4356 revocandos
1109 4313 1421 4369 peceatores
1443 4313 1497 4357 et
1523 4303 1761 4366 desides,
1795 4316 2073 4360 monentes
2091 4347 2108 4372 ,

525 4390 783 4445 docentes
806 4431 822 4458 ,
852 4390 1216 4457 obsecrantes,
1247 4390 1522 4448 hortantes
1545 4433 1560 4457 ,
1589 4394 1866 4449 consilium
1897 4396 2107 4462 dantes,

507 4481 620 4536 etsi
665 4481 796 4536 nihil
837 4481 1202 4552 proficiamus.
1231 4481 1362 4537 Nam
1395 4481 1638 4539 Christus
1685 4485 1995 4555 pricsciebat
2019 4486 2112 4542 Ju—

523 4573 648 4628 dain
681 4589 966 4644 numquam
989 4574 1382 4629 emendandum
1414 4575 1526 4632 fere
1554 4594 1568 4630 :
1595 4585 1649 4632 ct
1676 4586 1852 4633 tamen
1883 4595 1987 4632 non
2015 4579 2111 4634 de-

509 4665 742 4720 sistebat
761 4680 855 4720 sua
881 4665 1078 4732 facere,
1103 4665 1390 4730 monendo,
1419 4669 1819 4734 comminando,
1853 4671 2106 4726 miserum

521 4757 771 4826 dicendo,
798 4767 852 4814 et
882 4773 1169 4829 numquam
1195 4759 1359 4825 clare,
1384 4760 1480 4816 sed
1510 4761 1856 4818 subobscure.
1881 4763 1938 4818 in
1967 4765 2110 4834 ipso-

526 4865 633 4919 que
676 4850 992 4920 proditionis
1035 4860 1314 4922 tempore,
1355 4853 1686 4910 osculantem
1728 4870 1786 4909 se
1815 4857 1974 4911 tulit:
2012 4856 2112 4913 sed

529 4940 660 4994 iiiliil
693 4941 780 4995 illa
805 4941 1075 5010 profuere.
1108 4943 1336 4998 Tantum
1364 4953 1447 4999 est
1471 4947 1689 5001 avaritia
1721 4948 1920 5003 malum
1952 4967 1964 5002 :
1998 4949 2113 5007 lia~c

520 5028 716 5097 quippe
731 5029 881 5084 illum
897 5045 950 5086 et
963 5032 1277 5102 sacrilegum
1300 5042 1354 5088 et
1368 5035 1690 5103 proditorem
1709 5037 1900 5092 ell'eeit.
1923 5041 2114 5098 Audito

521 5136 709 5175 omnes
737 5123 922 5190 avari,
943 5123 1211 5192 qiiiJiidze
1246 5125 1432 5180 morbo
1489 5127 1745 5182 laboratis
1775 5147 1789 5184 :
1844 5133 2022 5187 audite
2061 5143 2116 5189 et

518 5222 704 5270 cavete
724 5213 875 5270 vobis
895 5214 966 5269 ab
990 5216 1081 5270 illo
1106 5217 1313 5272 morbo.
1341 5217 1471 5273 Nam
1498 5220 1541 5274 si
1583 5223 1626 5275 is
1653 5223 1740 5291 qui
1763 5238 1881 5277 cum
1903 5225 2116 5281 Christo

523 5304 778 5371 vivebat,
809 5307 899 5375 qui
929 5306 1079 5376 signa
1103 5306 1379 5374 ediderat,
1411 5309 1501 5378 qui
1543 5320 1684 5365 tanta
1718 5311 1992 5368 fruebatur
2014 5316 2114 5369 do-

519 5396 712 5460 eti-ina,
743 5398 865 5468 quia
893 5399 960 5454 ab
983 5399 1082 5454 hoc
1101 5400 1290 5456 morbo
1310 5415 1418 5455 non
1440 5417 1499 5456 se
1518 5403 1806 5472 expedivit,
1830 5406 1882 5460 in
1913 5417 2114 5462 tantinn

502 5486 825 5542 .barailirum
847 5488 1093 5559 delapsus
1111 5499 1211 5556 est;
1235 5492 1401 5545 multo
1423 5493 1591 5562 magis
1611 5508 1726 5560 Vos,
1753 5496 1839 5563 qui
1862 5513 1958 5552 nec
1978 5499 2119 5552 Scri-

523 5585 707 5642 pturas
732 5578 974 5644 audistis,
999 5580 1090 5650 qui
1109 5594 1321 5650 semper
1337 5583 1688 5651 praesentibus
1710 5586 1903 5640 addicti
1922 5586 2111 5652 fuistis,

512 5667 588 5719 ob
616 5665 714 5720 hoc
746 5668 934 5724 morbo
956 5669 1113 5726 facile
1139 5672 1441 5741 eapiemini,
1473 5675 1575 5730 nisi
1592 5676 1806 5731 assidue
1839 5678 1935 5747 ipsi
1963 5679 2116 5734 adv-i-

506 5756 717 5824 giletis.
739 5757 983 5823 Quotidie
1005 5761 1091 5816 ille
1112 5777 1232 5815 enin
1249 5761 1463 5820 Christo
1483 5774 1616 5832 erat,
1641 5768 1733 5836 qui
1757 5782 1859 5820 non
1884 5766 2115 5825 habebat

1230 365 1286 422 8.
1327 363 1604 420 JOANNIS
1639 356 2117 417 CHRYSOSTOMI
2158 356 2474 414 ARCIHEP.
2515 359 3046 420 CONSTANTINOP.

3691 367 3803 423 rm

2214 474 2299 528 ubi
2329 485 2487 544 caput
2516 491 2670 532 suum
2700 479 3021 542 reclinaret,
3070 488 3118 534 ct
3153 480 3388 549 quotidie
3417 481 3484 536 ab
3529 482 3622 536 illo
3652 486 3802 537 insti-

2213 566 2457 621 tuebatur
2481 570 2733 638 operibus
2763 579 2820 625 et
2846 571 3047 635 verbis,
3082 586 3187 624 non
3213 581 3460 640 oportere
3485 587 3701 636 aurum,
3723 575 3803 627 vel

2210 665 2489 726 argentum
2517 698 2532 723 ,
2587 659 2672 712 vel
2703 658 2838 713 duas
2893 662 3096 714 tunicas
3127 659 3324 716 habere
3348 700 3363 724 ,
3412 676 3584 731 neque
3631 671 3807 716 tamen

2211 745 2435 814 resipuit
2466 764 2479 801 :
2507 755 2559 802 et
2606 748 2874 818 quomodo
2918 758 2973 804 tu
2999 765 3216 819 sperare
3264 760 3414 819 potes
3440 792 3457 817 ,
3504 761 3557 806 te
3596 751 3666 807 ab
3707 752 3809 808 hoc

2210 837 2398 893 morbo
2443 838 2777 894 liberandum
2807 856 2928 896 esse
2952 883 2967 906 ,
2998 841 3099 896 nisi
3131 842 3349 897 multam
3385 857 3568 898 curam
3597 855 3652 899 et
3691 846 3811 900 dili-

2209 927 2442 996 gentiam
2468 927 2762 984 adhibeas?
2789 931 2942 985 Acris
2963 941 3065 994 est,
3088 933 3226 988 acris
3241 943 3392 990 certe
3412 943 3494 990 est
3519 934 3634 990 htec
3655 934 3767 990 fera
3792 955 3805 990 :

2208 1025 2442 1070 attamen
2485 1017 2532 1071 si
2563 1019 2696 1073 velis
2721 1059 2733 1083 ,
2783 1018 2940 1075 facile
2971 1021 3171 1076 vinces.
3203 1022 3329 1078 Hinc
3369 1024 3512 1079 enim
3543 1026 3811 1095 cupiditas

2209 1111 2653 1164 non-necessario
2680 1125 2712 1164 a
2751 1120 2938 1166 natura
2968 1113 3184 1182 prodit,
3228 1124 3286 1168 ut
3318 1115 3493 1184 palam
3535 1128 3618 1172 est
3649 1135 3717 1174 ex
3734 1119 3809 1172 iis

2209 1199 2298 1267 qui
2330 1199 2416 1252 illa
2443 1211 2688 1269 expertes
2712 1212 2839 1258 sunt
2864 1220 2878 1256 :
2901 1219 3022 1258 nam
3049 1219 3215 1274 quina
3242 1215 3433 1261 natura
3463 1207 3810 1276 proficiscun-

2211 1295 2318 1353 tur,
2345 1296 2468 1342 sunt
2493 1291 2740 1346 omnibus
2767 1294 3105 1358 communia;
3140 1294 3255 1351 hinc
3285 1310 3414 1352 vero
3441 1297 3709 1366 cupiditas
3735 1315 3802 1354 ex

2209 1377 2412 1433 desidia
2441 1379 2614 1435 solum
2643 1383 2880 1437 nascitur
2905 1403 2918 1438 :
2948 1384 3073 1440 inde
3100 1387 3357 1450 nascitur,
3392 1387 3519 1443 inde
3543 1401 3768 1460 augetur
3788 1433 3806 1456 ,

2209 1483 2407 1539 eosque
2434 1471 2524 1540 qui
2552 1471 2617 1525 ad
2641 1473 2811 1540 ipsam
2832 1474 3039 1530 inhiant
3062 1491 3182 1530 cum
3213 1478 3383 1532 semel
3414 1481 3637 1548 ceperit,
3669 1484 3812 1551 cogit

2210 1570 2403 1629 pra'ter
2423 1571 2664 1616 naturam
2687 1565 2884 1619 vivere.
2907 1566 3037 1620 Nam
3054 1583 3175 1621 eum
3197 1569 3444 1638 ignorent
3457 1571 3808 1637 eontribules,

2211 1651 2438 1717 amicos,
2469 1651 2683 1718 fratres,
2712 1666 2986 1724 cognatos,
3015 1671 3202 1713 omnes
3231 1659 3583 1728 simpliciter,
3612 1671 3810 1716 etcum

2212 1739 2298 1794 his
2324 1741 2484 1795 etiam
2512 1746 2740 1812 seipsos,
2776 1760 2955 1800 annon
2987 1748 3084 1802 llOC
3111 1757 3195 1803 est
3224 1759 3418 1818 praeter
3460 1762 3705 1806 naturain
3735 1754 3814 1806 vi-

2210 1846 2335 1887 vere
2355 1832 2548 1889 ?.Unde
2571 1836 2740 1904 palam
2757 1846 2859 1901 est,
2874 1838 3162 1908 nequitiam
3182 1855 3302 1896 esse
3323 1851 3518 1910 printer
3542 1853 3810 1911 naturain,

2213 1937 2418 1978 necnon
2447 1927 2684 1982 avaritia:
2726 1929 3009 1996 morbum,
3045 1930 3097 1984 in
3126 1947 3286 2000 quem
3321 1933 3571 2002 delapsus
3603 1935 3767 1991 Judas
3793 1978 3812 2001 ,

2216 2015 2459 2083 proditor
2491 2016 2662 2073 factus
2683 2031 2786 2074 est.
2819 2021 2886 2075 Et
2912 2022 3180 2091 quomodo
3207 2024 3328 2078 talis
3358 2026 3527 2079 factus
3571 2037 3658 2081 est
3677 2069 3693 2091 ,
3723 2028 3814 2082 in-

2209 2109 2397 2178 quies,
2427 2119 2644 2166 vocatus
2684 2129 2713 2166 a
2739 2113 2994 2169 Christo?
3038 2115 3169 2183 Quia
3216 2115 3311 2172 Dei
3341 2119 3552 2174 vocatio
3597 2119 3808 2176 nullum

2210 2204 2390 2268 cogit,
2421 2217 2592 2271 neque
2636 2204 2941 2260 violentiam
2991 2205 3151 2260 infert
3180 2209 3436 2264 voluntati
3477 2225 3664 2265 eorum
3709 2214 3803 2281 qui

2212 2293 2400 2348 nolunt
2430 2295 2674 2350 virtutem
2712 2298 2949 2368 eligere,
2988 2299 3080 2354 sed
3113 2298 3356 2356 hortatur
3395 2300 3592 2372 datque
3630 2305 3815 2358 cousi-

2212 2384 2339 2438 liuin
2360 2425 2374 2448 ,
2403 2395 2562 2455 atque
2590 2387 2767 2442 omnia
2805 2388 2928 2444 facit
2953 2398 3006 2443 et
3033 2400 3288 2458 operatur
3309 2432 3325 2457 ,
3358 2401 3416 2448 ut
3435 2393 3658 2449 suadeat
3685 2409 3812 2450 esse

2212 2473 2381 2527 bonos
2411 2495 2423 2530 :
2456 2475 2500 2528 si
2529 2489 2656 2529 vero
2681 2477 2894 2546 quidam
2928 2491 3258 2549 repugnent,
3288 2496 3399 2536 non
3427 2484 3810 2539 necessitatem

2213 2562 2394 2619 infert.
2427 2563 2484 2620 Si
2529 2565 2608 2619 vis
2637 2567 2845 2623 discere
2865 2609 2880 2631 ,
2914 2568 3053 2625 unde
3075 2570 3195 2640 ipse
3223 2572 3342 2627 talis
3370 2571 3542 2628 factus
3571 2575 3677 2639 sit,
3722 2575 3809 2629 in-

2213 2657 2394 2711 venies
2442 2657 2610 2727 ipsum
2669 2659 3010 2728 pecuniarum
3072 2662 3362 2732 cupiditate
3410 2665 3651 2734 periisse.
3702 2666 3811 2723 Sed

2210 2747 2480 2818 quomodo
2506 2789 2521 2811 ,
2571 2749 2778 2818 inquies
2801 2791 2816 2815 ,
2869 2750 2967 2805 liae
2999 2753 3245 2820 passione
3289 2763 3474 2822 raptus
3517 2755 3642 2810 est?
3677 2758 3813 2820 Quia

2211 2840 2368 2895 deses
2392 2841 2771 2911 negligensque
2800 2841 2917 2896 fuit.
2953 2843 3086 2898 llinc
3109 2846 3252 2899 enim
3299 2847 3432 2901 tales
3462 2849 3594 2900 tiunt
3637 2859 3811 2900 muta-

2213 2932 2407 2993 tiones.
2443 2943 2497 2988 ut
2526 2934 2855 2988 contrarium
2884 2950 2950 2988 ex
2977 2936 3250 3006 diligentia
3274 2938 3471 2992 evenit.
3500 2939 3640 3004 Quot
3661 2943 3806 2991 enim

2211 3024 2300 3095 qui
2330 3024 2548 3079 violenti
2582 3035 2769 3087 erant,
2820 3041 2963 3080 nunc
3003 3036 3127 3081 sunt
3154 3027 3342 3084 ovibus
3379 3029 3810 3084 mansuetiores?

2212 3126 2341 3186 quot
2367 3117 2568 3180 lascivi,
2603 3129 2784 3186 postea
2813 3119 2943 3172 casti
2973 3118 3223 3172 fuerunt?
3248 3128 3379 3188 quot
3404 3121 3551 3174 avari
3581 3131 3635 3174 et
3660 3137 3810 3188 rapa-

2212 3223 2484 3274 ces,.nunc
2509 3224 2600 3264 sua
2625 3209 2985 3278 profundunt?
3006 3209 3342 3264 Contrarium
3367 3226 3493 3264 vero
3519 3226 3583 3264 ex
3605 3211 3810 3264 desidia

2212 3299 2400 3354 oritur.
2432 3299 2564 3354 Nam
2592 3300 2738 3354 Giezi
2780 3316 2901 3354 cum
2931 3301 3046 3354 viro
3087 3312 3272 3356 sancto
3306 3303 3520 3357 vivebat
3541 3343 3558 3368 ,
3614 3313 3668 3356 et
3699 3304 3812 3371 ipse

2213 3388 2486 3458 improbus
2514 3391 2702 3452 evasit,
2734 3393 2834 3446 hoc
2866 3392 2982 3458 ipso
3010 3394 3197 3447 inorbo
3228 3393 3512 3458 laborans,
3542 3394 3630 3462 qui
3660 3404 3812 3448 certe

2211 3483 2449 3534 omnium
2490 3481 2814 3537 deterrimus
2846 3493 2928 3538 est
2969 3484 3061 3554 (4.
3092 3483 3222 3554 Reg.
3264 3483 3360 3555 5).
3393 3485 3526 3540 llinc
3547 3485 3813 3554 prodeunt

2211 3572 2576 3642 sepulcrorum
2607 3574 2919 3640 etl‘ossores,
2950 3576 3072 3631 hinc
3096 3576 3394 3640 homicidia,
3430 3577 3557 3632 hinc
3587 3578 3724 3633 bella
3751 3589 3810 3633 et

2214 3678 2422 3733 pugnze,
2453 3662 2574 3718 hinc
2595 3665 2819 3734 quodvis
2841 3666 3058 3720 malum.
3090 3667 3404 3737 llujusmodi
3430 3668 3592 3723 homo
3616 3670 3813 3741 ubique

2213 3753 2414 3810 inutilis
2439 3764 2540 3820 est,
2571 3765 2678 3810 tum
2705 3757 2770 3811 ad
2797 3758 3090 3812 exercitum
3116 3758 3441 3826 ducendum,
3475 3771 3585 3814 tuin
3607 3761 3672 3814 ad
3703 3776 3809 3814 ina-

2211 3845 2464 3915 gistratus
2511 3847 2744 3901 urbanos
2787 3847 3053 3916 gerendas
3105 3865 3117 3902 :
3171 3849 3284 3903 imo
3331 3864 3436 3905 non
3489 3851 3541 3905 in
3587 3851 3813 3920 publicis

2214 3937 2373 3990 modo
2404 3937 2563 3992 rebus
2584 3978 2598 4002 ,
2622 3937 2723 3990 sed
2755 3937 2806 3991 in
2833 3937 3158 3992 domesticis.
3185 3939 3240 3994 Si
3272 3954 3405 3993 uxor
3427 3939 3670 3995 ducenda
3695 3941 3767 3995 sit
3794 3983 3809 4004 ,

2215 4044 2320 4082 non
2351 4029 2568 4098 probam
2595 4028 2772 4096 ducet,
2802 4031 2895 4085 sed
2921 4032 3158 4085 omnium
3185 4031 3470 4100 pessimam
3499 4051 3512 4084 :
3545 4034 3589 4086 si
3621 4033 3812 4088 domus

2214 4121 2436 4176 emenda
2460 4161 2478 4189 ,
2511 4137 2614 4175 non
2645 4122 2814 4175 libero
2843 4122 3056 4192 dignam
3082 4133 3223 4178 emet
3245 4164 3258 4184 .
3289 4124 3382 4179 sed
3409 4141 3528 4194 qua:
3554 4126 3810 4194 majorem

2217 4221 2528 4281 proventum
2572 4212 2763 4267 alferre
2791 4215 2956 4282 pOSsil
2981 4230 2995 4277 ;
3025 4215 3068 4267 si
3099 4214 3240 4268 servi
3278 4214 3494 4270 emendi
3520 4257 3536 4278 ,
3564 4217 3648 4271 vel
3680 4217 3805 4284 quid

2216 4302 2380 4366 aliud,
2408 4301 2547 4372 quod
2574 4303 2727 4357 vilius
2753 4304 2854 4357 erit
2875 4313 3035 4358 emet.
3058 4303 3194 4372 Quid
3227 4320 3355 4358 vero
3376 4305 3565 4373 loquor
3590 4306 3656 4360 de
3675 4306 3812 4361 duce

2216 4393 2502 4458 exercitus,
2534 4391 2600 4446 de
2630 4395 2960 4463 magistratu,
2989 4395 3054 4449 de
3075 4396 3233 4450 rebus
3253 4395 3604 4452 domesticis?
3629 4397 3686 4453 Si
3718 4413 3810 4453 rex

2218 4480 2394 4544 fuerit,
2425 4482 2661 4536 omnium
2695 4485 3028 4538 miserrimus
3054 4487 3178 4550 erit,
3207 4486 3354 4540 orbis
3383 4489 3672 4556 pernicies,
3699 4506 3811 4541 oni-

2220 4574 2470 4644 niuinque
2487 4576 2873 4644 pauperrimus.
2893 4577 3022 4630 Nam
3043 4577 3179 4631 sicut
3205 4592 3395 4633 unuse
3414 4580 3573 4650 vulgo
3589 4581 3813 4636 affectus

2218 4665 2338 4731 erit,
2370 4679 2472 4718 non
2500 4677 2692 4736 putans
2713 4667 2949 4720 omnium
2979 4668 3116 4720 bona
3146 4682 3242 4722 sua
3267 4682 3422 4734 esse,
3452 4669 3544 4724 sed
3569 4683 3628 4723 se
3651 4686 3809 4724 unum

2218 4773 2282 4812 ex
2315 4757 2494 4812 multis
2520 4799 2534 4825 ,
2561 4767 2615 4814 et
2640 4759 2766 4812 dum
2794 4760 3031 4813 omnium
3062 4759 3200 4813 bona
3244 4761 3416 4828 rapiet
3435 4802 3451 4827 ,
3485 4762 3733 4831 pauciora
3753 4778 3811 4818 se

2221 4846 2424 4915 putabit
2452 4848 2661 4902 carteris
2685 4849 2932 4903 omnibus
2965 4848 3184 4903 habere.
3209 4849 3340 4904 Nam
3371 4851 3458 4906 illa
3486 4867 3608 4922 quie
3637 4853 3809 4922 possi-

2219 4935 2311 4991 det
2354 4952 2671 5007 comparans
2723 4954 2843 4993 cum
2887 4940 2950 4994 iis
2990 4955 3107 5010 qua:
3157 4941 3304 5010 cupit
3348 4951 3404 4996 et
3447 4943 3686 4998 nonduin
3729 4956 3811 5002 est

2220 5027 2464 5097 adeptus,
2492 5029 2621 5082 nihil
2654 5029 2740 5083 illa
2770 5030 2852 5084 his
2883 5032 3474 5101 eomparandaputabit
3503 5049 3643 5089 esse.

2255 5119 2309 5172 4.
2329 5119 2480 5171 Avari
2491 5121 2674 5190 imago.
2695 5118 2912 5189 lnﬁrnta
2928 5121 3142 5189 nequitia
3159 5131 3250 5183 est,
3272 5123 3416 5192 fortis
3430 5123 3810 5178 virtus.Dtiinno

2220 5227 2334 5281 qua:
2353 5221 2544 5266 tantum
2564 5213 2630 5266 ad
2649 5229 2830 5282 corpus
2856 5213 3118 5280 pertinent,
3151 5215 3345 5266 minimi
3368 5217 3625 5286 facienda.
3641 5219 3810 5270 Anium

2223 5311 2338 5354 tunc
2363 5319 2555 5372 pauper
2573 5319 2687 5356 cum
2711 5303 2909 5356 divitias
2944 5304 3184 5371 possidet,
3215 5313 3333 5357 tunc
3357 5307 3491 5360 dives
3513 5324 3626 5359 cuin
3657 5309 3802 5375 inops

2223 5391 2517 5448 est.—ldeo
2543 5393 2616 5447 ait
2641 5393 2876 5463 quidam,
2905 5395 3069 5448 Arare
3091 5394 3217 5448 nihil
3245 5395 3464 5466 iniquius
3495 5396 3698 5468 (Eccli.
3726 5399 3808 5453 i0.

2223 5483 2300 5558 9).
2315 5484 2453 5539 Nam
2477 5487 2566 5557 qui
2587 5485 2706 5540 talis
2723 5495 2824 5552 est,
2846 5487 3079 5557 seipsum
3096 5501 3306 5557 quoque
3327 5489 3510 5544 vendit
3528 5491 3567 5554 ί,
3589 5500 3645 5546 et
3665 5506 3804 5546 eoin.

2289 5600 2320 5667 ‘_
2335 5598 2388 5646 In
2413 5597 2620 5659 vulgatis
2641 5597 3143 5667 Editionibusgmcis
3159 5597 3416 5667 Bibliorum
3449 5603 3646 5667 omnino
3682 5601 3808 5650 aliud

2225 5659 2425 5722 legitur,
2452 5657 2630 5721 nempe
2659 5673 2671 5707 :
2696 5659 2925 5719 Quoniam
2960 5657 3011 5708 in
3049 5657 3146 5708 vita
3181 5673 3272 5709 sua
3294 5660 3494 5721 proiecit
3515 5662 3685 5712 intima
3706 5677 3802 5712 sua.

2224 5722 2445 5783 Qllit‘tlﬂlll
2487 5728 2649 5783 autem
2696 5722 2996 5783 exemplaria
3027 5722 3098 5768 sic
3146 5721 3327 5770 habent
3351 5734 3543 5783 :AAvaro
3587 5724 3707 5774 nihil
3745 5728 3806 5774 cst

2228 5781 2507 5844 scelestius;
2528 5781 2606 5832 hic
2629 5783 2757 5833 enim
2779 5789 2825 5832 ct
2848 5781 3060 5831 intimam
3081 5795 3220 5832 suam
3245 5781 3459 5832 rettulerit
3478 5788 3612 5852 faxit.
