4076 6142
454 234 559 293 πθ

450 442 592 514 quod
623 451 766 499 terra
795 456 903 498 non
927 456 1116 497 aurum
1144 456 1241 511 pro
1267 442 1432 511 spicis
1449 439 1702 511 proferat,
1732 455 1834 497 nec
1852 439 2032 497 fontes

453 552 549 605 pro
576 536 749 604 aquis,
774 548 874 590 nec
913 542 1123 589 montes
1152 548 1250 602 pro
1274 532 1444 602 petris
1472 548 1488 592 :
1519 532 1856 589 Stcrilitatem
1893 547 2037 601 aegre

452 631 585 691 teri,
607 627 659 681 in
688 625 1091 695 publicisbonis
1118 632 1456 689 contractus,
1485 637 1808 692 omnemque
1832 621 2038 681 fastidit

448 735 691 784 causam,
720 718 862 774 unde
886 726 1167 788 argentum
1187 731 1295 771 non
1324 715 1602 786 provenit;
1632 715 1811 770 omnia
1834 714 2035 782 ferens,

448 811 576 865 dum
607 807 755 863 duos
783 807 954 877 possit
981 806 1173 861 obolos
1208 805 1431 865 lucrari.
1458 802 1658 862 ﬁrmes
1699 803 1831 865 Odio
1851 803 2035 870 habet,

452 914 715 973 pauperes
731 899 971 967 ,.divites
999 915 1013 952 :
1061 912 1324 968 pauperes
1344 937 1360 959 .
1389 912 1457 973 ne
1482 898 1706 967 petitum
1741 895 2041 963 accedant;

452 991 667 1054 divites,
697 990 838 1060 quod
868 990 1005 1044 bona
1029 988 1242 1043 illorum
1273 1003 1379 1041 non
1403 986 1690 1060 possideat.
1718 986 1920 1043 Omnes
1941 1002 2037 1055 pu-

449 1092 525 1137 tat
551 1098 644 1139 sua
672 1081 946 1151 possidere
977 1099 992 1137 :
1019 1089 1178 1151 atque
1197 1090 1259 1137 ut
1273 1080 1345 1134 ab
1362 1078 1612 1135 omnibus
1636 1078 1817 1143 laesus,
1838 1077 2033 1133 adver-

447 1189 564 1228 sum
589 1187 778 1228 onmes
803 1170 1107 1242 indignatur
1135 1188 1149 1227 :
1182 1168 1562 1240 plenitudinem
1593 1168 1787 1232 nescit,
1813 1168 2034 1222 satieta-

449 1274 556 1319 tem
583 1278 691 1317 non
716 1263 886 1326 novit,
916 1261 1155 1317 omnium
1177 1269 1260 1315 est
1279 1260 1610 1316 miserrimus
1640 1257 2055 1329 :quemadmox

448 1359 576 1413 dum
602 1356 693 1427 qui
721 1355 804 1410 bis
817 1353 1068 1410 omnibus
1090 1359 1408 1422 eseexpers,
1430 1348 1764 1420 philosophis
1784 1349 2036 1409 omnibus

448 1448 547 1504 erit
575 1446 802 1502 beatior.
828 1444 1042 1500 Probus
1079 1444 1224 1498 enim
1253 1444 1365 1507 vir,
1398 1440 1514 1499 cui
1552 1453 1739 1497 servus
1777 1439 1877 1505 sit,
1938 1438 2055 1493 etsi.

440 1534 944 1600 vinctusmmnium
970 1543 1055 1589 est
1082 1529 1643 1591 beatissimumNemo
1685 1529 1831 1593 etaim
1859 1529 2055 1607 ἰρθυιιιλ

447 1627 589 1682 malo
609 1626 836 1691 afficiet,
848 1624 1056 1681 etiamsi
1087 1632 1228 1677 tutus
1251 1619 1405 1676 orbis
1415 1618 1703 1679 conveniat
1723 1633 1844 1673 cum
1870 1618 2051 1680 armis

446 1728 504 1773 et
526 1717 870 1782 exercitibus,
899 1715 1183 1784 ipsumque
1202 1712 1511 1781 impugneh
1530 1709 1805 1777 Improbus
1826 1718 2028 1769 autem.
2050 1770 2053 1775 _

447 1819 498 1863 et
526 1808 648 1863 talis
673 1806 884 1877 qualem
918 1802 1326 1871 descripsimus,
1349 1799 1558 1853 etiamsi
1590 1814 1690 1854 rex»
1709 1798 1800 1862 sit,
1821 1798 2054 1859 etiamsi,

447 1900 593 1954 mille
608 1897 1001 1953 diadematib‘us
1019 1904 1308 1958 ornetur,.a
1339 1889 1529 1960 quovis
1550 1889 1768 1949 homine
1789 1897 2031 1945 extrema

449 1989 679 2058 patietur
708 2003 724 2042 :
757 2001 929 2057 usque
954 1985 1091 2040 adeo
1118 1981 1328 2037 inﬁrma
1351 1979 1589 2050 nequitia
1623 1986 1737 2044 est;
1769 1978 1839 2034 ita
1876 1976 1949 2033 foi
1963 1979 2031 2035 tis

445 2070 529 2135 est
556 2082 740 2135 virtus.
767 2078 907 2147 Quid
923 2077 1083 2147 igitur
1100 2075 1419 2147 lugesrcum
1442 2072 1497 2127 in
1516 2080 1829 2141 paupertate
1850 2084 2039 2127 versa-

445 2173 557 2226 Isis?
584 2170 711 2241 quid
730 2170 907 2240 ploras
932 2165 1125 2223 festum
1148 2178 1312 2236 agens
1330 2163 1356 2216 ἲ
1381 2161 1515 2219 Nam
1540 2160 1645 2218 diei
1666 2159 1788 2218 festi
1816 2168 2049 2232 tempus

440 2273 542 2317 est.
571 2260 709 2329 Quid
744 2258 1038 2315 lles-t‘Nam
1076 2265 1361 2326 paupertas
1391 2262 1486 2309 ess
1518 2251 1824 2316 celebritas,
1857 2252 1902 2307 si
1941 2267 2027 2307 sa-

330 2346 333 2347 ⁷
444 2353 592 2418 piens
622 2351 805 2406 fueris.
844 2349 981 2417 Quid
1008 2347 1292 2417 plangisro
1316 2343 1488 2413 puer?
1511 2343 1742 2397 Puerum
1767 2343 1908 2398 enim
1942 2351 2033 2396 ta—

442 2442 545 2494 lem
579 2440 752 2494 virum
775 2452 968 2493 vocare
993 2445 1227 2506 oportet.
1266 2432 1574 2489 Ver-beravit
1601 2433 1623 2463 ¹
1646 2441 1698 2487 te
1721 2431 2020 2502 quispiam?
2044 2495 2047 2503 η

441 2527 509 2582 Et
533 2527 659 2598 quid
676 2525 816 2581 beo?
841 2526 920 2582 Te
946 2524 1318 2595 patientiorem
1346 2522 1593 2578 reddidit.
1622 2518 1729 2593 Sed
1765 2521 2020 2587 pecunias

436 2606 684 2671 abstulit?
714 2616 935 2671 Multum
960 2614 1141 2670 oneris
1189 2613 1426 2669 abstulit.
1464 2611 1683 2667 Famam
1736 2621 1878 2666 tuam
1929 2613 2029 2667 la:-

436 2707 544 2761 sit?
567 2707 800 2762 Rursum
827 2704 970 2760 aliud
993 2705 1123 2759 mibi
1145 2702 1412 2760 libertatis
1434 2702 1848 2773 genusindicas.
1880 2701 2019 2758 Audi

428 2801 648 2846 exteros
659 2795 737 2847 sic
754 2793 1223 2864 pliilosOpbantes:
1244 2795 1386 2851 Nibil
1400 2798 1527 2853 mali
1541 2776 1738 2867 passus
1749 2814 1831 2859 es.
1848 2800 2026 2852 modoe

428 2883 882 2941 dissimulaveris.
903 2887 1010 2942 Sed
1023 2888 1248 2944 domum
1272 2890 1421 2945 illam
1442 2907 1692 2962 magnam
1714 2892 1809 2946 tibi
1831 2893 2028 2948 austri--

428 2973 491 3029 lit
502 2976 669 3044 Septis
681 2977 888 3031 munita
896 2977 1055 3033 [πῖ-Μ
1065 2993 1195 3037 ecce
1209 2980 1465 3035 universa
1478 2989 1620 3035 terra
1636 2981 1699 3033 in
1712 2990 2027 3050 conspectu:
2044 3040 2047 3045 _

427 3078 520 3123 tuo
546 3080 665 3136 est,.
684 3068 890 3138 publica
920 3067 1165 3131 aedilicia,
1194 3067 1313 3121 sive
1340 3064 1407 3119 ad
1437 3066 1783 3135 voluptatem,
1814 3065 1926 3118 sive
1945 3063 2010 3117 ad

425 3176 580 3214 usum
608 3144 802 3216 babere
831 3160 983 3214 velis.
1017 3159 1153 3227 Quid
1179 3158 1467 3231 jucundius
1509 3166 1565 3212 et
1590 3157 1887 3226 speciosius
1919 3158 2010 3209 lira

423 3261 695 3306 memento
711 3251 826 3305 caeli
844 3250 877 3303 ‘I'
896 3249 1184 3319 Usquequo
1202 3248 1431 3305 mendici
1454 3259 1509 3302 et
1533 3233 1799 3318 pauperes
1819 3247 2027 3302 eritis?’

419 3341 535 3398 Non
571 3352 744 3411 potest
770 3342 921 3397 dives
947 3356 1089 3407 esse,
1112 3341 1198 3411 qui
1229 3356 1332 3395 non
1360 3340 1542 3393 animo
1562 3340 1631 3393 sit
1650 3338 1799 3393 dives
1827 3354 1855 3392 :.
1873 3339 2009 3394 sicut

420 3450 524 3488 non
559 3420 731 3500 potest
767 3447 969 3502 panper
997 3448 1137 3494 esse,
1177 3432 1656 3502 quipaupertatetn
1695 3448 1801 3486 non
1828 3433 2026 3485 animo-

415 3534 607 3594 gestet.
636 3524 766 3578 Nam
789 3525 833 3578 si
863 3523 1211 3579 excellentior
1253 3526 1432 3578 anima
1459 3537 1709 3592 corpore,
1752 3538 1856 3576 non
1885 3538 2008 3592 pos-

417 3625 539 3670 sunt
566 3630 686 3685 qua:
720 3616 906 3670 viliora
934 3623 1057 3670 sunt
1087 3614 1230 3670 illam
1274 3614 1341 3668 ad
1371 3629 1429 3670 se
1467 3613 1759 3668 attrahere.
1793 3612 1898 3667 Sed
1939 3629 2002 3667 ea

415 3722 534 3776 qua:
560 3707 774 3760 domina
801 3715 1051 3775 esl,.qn;t:
1079 3722 1181 3758 nun
1215 3705 1284 3758 ita
1316 3704 1415 3758 sibi
1442 3704 1661 3774 propria
1681 3713 1828 3767 sunt,
1861 3703 1911 3756 in
1941 3720 2001 3759 se

413 3795 633 3852 attrahit
650 3806 702 3853 et
721 3806 1032 3852 commutat.
1061 3796 1169 3852 Cor
1193 3797 1336 3851 enim
1365 3812 1487 3851 cum
1515 3796 1787 3867 quidpiam
1818 3796 2000 3851 damni

411 3887 696 3956 acceperit,
726 3896 894 3942 totum
917 3901 1113 3961 corpus
1133 3885 1213 3942 sic
1237 3885 1435 3951 aflicit,
1468 3894 1532 3940 et-
1550 3886 1867 3955 intemperie
1903 3900 1999 3939 sua

411 3989 579 4034 totum
605 3981 949 4050 corrumpit;
983 3981 1065 4035 sin
1104 3991 1288 4035 contra
1335 3980 1477 4037 bene
1512 3987 1867 4048 temperatum
1905 3980 1995 4044 sit,

468 4235 489 4269 ι
510 4234 732 4293 Quatuor
764 4234 905 4282 codd.
927 4232 1113 4283 habent
1137 4246 1149 4281 :
1186 4229 1377 4280 Probus
1408 4233 1568 4278 autem
1585 4223 2005 4286 rir,sioeservua-
2034 4244 2037 4247 λ

404 4302 499 4389 ωδ
644 4296 862 4416 man,
872 4353 1089 4420 oﬂ‘mdit,
1114 4367 1221 4417 pro,
1243 4336 1534 4404 verberavit.

1334 234 1403 293 in
1436 208 2112 295 multandum.
2154 237 2392 297 LXXXL
2433 241 2806 305 at..t'.xxxn.

454 351 631 406 munis
647 349 890 406 omnium
920 350 1090 413 hostis
1114 348 1531 420 circumquaque
1554 348 1812 415 ambulat,
1847 347 2038 404 dolens
2062 389 2073 397 ρ

2262 351 2464 463 homini
2764 360 2821 417 Si
2850 359 2976 431 quid
3002 376 3129 421 vero
3150 367 3463 463 cr-caeteris
3486 348 3770 463 sortema)

2145 454 2323 514 pater,
2353 447 2457 506 boc
2482 451 2629 508 intus
2666 466 2803 511 sane
2827 467 3080 513 manente
3102 497 3120 524 ,
3149 456 3313 517 facile
3353 460 3567 519 illorum
3608 478 3732 523 cor-

2143 541 2406 610 ruptelam
2430 545 2653 601 excutit.
2669 544 2737 603 Ut
2762 556 2943 605 autem
2960 549 3159 607 clarius
3174 551 3378 620 loquar,
3405 552 3555 621 quid,
3580 570 3729 624 quai-

2140 644 2227 698 80,
2278 644 2501 702 prosunt
2528 637 2663 694 rami
2702 638 2951 706 virides,
2984 640 3041 699 si
3073 641 3226 697 radix
3269 642 3341 701 sit
3381 642 3570 707 arida?
3600 646 3758 715 quid"

2140 725 2346 794 damni,
2378 729 2424 784 si
2450 743 2684 800 superna
2711 730 2840 803 folia
2874 733 3234 803 exsiceenmr,
3260 736 3441 795 radice
3459 751 3586 791 sana
3616 752 3743 799 nia»

2141 820 2337 877 necte?
2378 821 2470 878 Sic
2500 833 2559 878 et
2604 823 2710 881 hoc
2752 825 3039 884 loeonulla
3066 827 3410 899 pecuniarum
3432 830 3655 899 utilitas,
3679 834 3749 889 si.

2141 913 2297 984 inops
2316 915 2389 970 sit
2410 916 2610 984 anima;
2628 932 2801 988 neque
2826 922 3153 991 paupertatis
3176 922 3456 997 damnum,
3478 925 3524 980 si
3547 924 3729 983 anima

2141 1006 2215 1060 sit
2233 1006 2407 1063 dives.
2436 1005 2508 1063 Et
2531 1009 2823 1079 quomodo,
2865 1011 3098 1082 inquies,
3138 1015 3320 1070 anima
3347 1016 3500 1072 dives
3520 1017 3647 1082 erit,
3680 1018 3731 1073 si

2141 1099 2368 1168 pecunia
2392 1100 2589 1170 egeat?
2617 1101 2769 1159 Tunc
2792 1104 3026 1159 maxime
3046 1105 3232 1173 dives;
3265 1115 3393 1164 tunc
3414 1108 3561 1165 enim
3591 1109 3730 1164 dite-

2144 1204 2305 1247 scere
2329 1193 2494 1248 solet.
2521 1190 2581 1246 Si
2618 1192 2791 1257 enim,
2825 1201 2888 1247 ut
2928 1207 3074 1262 saepe
3101 1194 3625 1264 demonstravimus,
3657 1210 3735 1252 ex.

2141 1293 2215 1335 eo
2248 1280 2407 1337 dives
2450 1281 2773 1352 agnoscitur
2810 1280 2959 1350 quod
3002 1282 3270 1350 pecunias
3313 1293 3629 1349 contemnat
3674 1294 3737 1345 et

2144 1371 2296 1427 nullo
2320 1381 2502 1442 egeat,
2533 1386 2742 1443 pauper
2784 1387 2917 1428 vero
2953 1386 3021 1426 ex
3049 1385 3118 1427 eo
3156 1372 3303 1441 quod
3344 1372 3614 1442 indigeat;
3647 1372 3730 1427 fa-

2144 1461 2418 1531 ciliusque
2441 1463 2516 1518 sit
2543 1463 2599 1518 in
2625 1470 2947 1533 paupertate
2966 1476 3131 1532 quam
3156 1461 3212 1521 in
3235 1462 3442 1520 divitiis
3468 1463 3735 1528 pecunias

2143 1561 2518 1620 contemnere,
2527 1553 2708 1624 palam
2718 1562 2802 1610 est
2813 1563 3184 1624 paupertatem
3199 1554 3438 1623 majores
3453 1569 3641 1622 parere
3654 1555 3737 1611 di—

2145 1645 2329 1702 vitias.
2355 1645 2491 1701 Nam
2505 1647 2652 1717 quod
2666 1647 2821 1704 dives
2834 1648 2960 1718 plus
2974 1661 3137 1717 quam
3154 1662 3360 1717 pauper
3370 1647 3594 1705 divitias
3603 1663 3747 1707 000-.

2147 1738 2412 1809 oupiscat,
2441 1739 2648 1794 nemini
2676 1754 2786 1795 non
2810 1748 3019 1794 .notum
3045 1750 3163 1795 est:
3193 1739 3658 1809 quemadmodum
3680 1749 3738 1797 et

2146 1833 2335 1890 ebrius
2349 1834 2525 1902 magis
2543 1834 2678 1901 sitit,
2700 1849 2865 1904 quam
2890 1835 2985 1903 qui
3000 1834 3291 1897 moderato
3310 1849 3445 1897 usus
3466 1844 3555 1889 est
3577 1844 3735 1904 potu.

2148 1924 2268 1996 Eon
2283 1926 2432 1981 enim
2444 1927 2576 1982 talis
2585 1936 2669 1982 est
2681 1927 3124 1995 concupiscentia
3136 1943 3261 1996 quae
3276 1942 3339 1980 ex
3361 1926 3555 1995 majori
3574 1925 3745 1995 copia.

2133 2017 2529 2086 exstinguitur,
2555 2014 2664 2069 imo
2688 2014 2871 2084 potius
2894 2013 3020 2070 inde
3044 2016 3216 2084 mgis
3240 2014 3564 2071 incenditur.
3584 2011 3731 2072 Nam

2134 2107 2272 2177 ignis
2290 2114 2492 2177 quanto
2532 2104 2791 2175 majorem
2819 2119 2998 2160 escam
3024 2105 3240 2174 accipit,
3268 2114 3419 2161 tanto
3448 2098 3616 2177 magis
3643 2108 3743 2177 inea

2133 2198 2464 2260 flammatur;
2505 2196 2674 2251 sicct
2714 2195 3058 2266 pecuniarum
3089 2195 3391 2267 cupiditas,
3436 2212 3559 2252 cum
3600 2198 3723 2268 plus

2130 2290 2396 2359 acceperit
2419 2288 2574 2354 auri,
2608 2296 2736 2344 tunc
2764 2287 2931 2358 magis
2964 2288 3206 2343 effertur.
3249 2288 3304 2343 Si
3351 2303 3480 2358 ergo
3516 2289 3744 2360 majora.

2128 2397 2329 2454 cupere
2358 2382 2411 2436 id
2440 2389 2725 2451 paupertas
2747 2388 2835 2439 est
2854 2420 2872 2446 ,
2894 2380 2991 2449 qui
3024 2382 3089 2434 in.
3111 2379 3313 2436 divitEis
3336 2391 3419 2437 est
3444 2382 3601 2446 talis,
3633 2382 3741 2442 hic.

2129 2476 2361 2531 maxime
2390 2489 2591 2545 pauper
2615 2481 2718 2529 est.
2742 2471 2934 2528 Viden’
2959 2473 3195 2527 animam
3226 2480 3338 2527 tum
3383 2474 3551 2543 magis
3581 2489 3716 2543 pati.

2128 2582 2310 2638 perem
2336 2580 2478 2627 esse,
2508 2580 2630 2620 eum
2655 2563 2809 2619 dives
2846 2570 2931 2617 est
2961 2580 2978 2616 :
3006 2563 3544 2633 tuncqueditesrere,
3592 2580 3717 2619 cum

2124 2667 2207 2714 est
2236 2656 2426 2726 inops?
2453 2655 2498 2711 si
2525 2655 2610 2709 vis
2635 2664 2813 2709 autem
2843 2662 2901 2707 nt
2927 2653 2980 2707 in
3009 2652 3217 2708 duabus
3258 2655 3502 2724 personis
3534 2649 3585 2707 id
3611 2670 3737 2710 ειη.

2124 2752 2433 2824 placemus,
2465 2757 2609 2803 stent
2633 2746 2740 2801 duo
2785 2747 3046 2816 quipiam,
3076 2759 3301 2815 quorum
3341 2745 3477 2799 alius
3522 2745 3737 2819 decem...

2123 2841 2286 2899 millia
2329 2840 2526 2896 talenta
2563 2837 2776 2899 habeat.
2821 2837 2960 2892 alius
2992 2850 3122 2891 vero
3141 2835 3326 2899 decem
3352 2844 3557 2889 tantum
3582 2852 3617 2893 :.
3643 2836 3710 2891 ab

2121 2947 2349 3005 utroque
2385 2943 2563 2988 autem
2596 2934 2709 2985 lm-c
2733 2929 3042 2984 auferamus
3068 2946 3083 2981 :
3113 2938 3231 2982 nter
3258 2929 3429 2998 magis
3467 2928 3708 2982 dolebit?

2119 3045 2296 3083 annon
2343 3027 2433 3082 ille
2471 3028 2560 3096 qui
2586 3025 2771 3080 decem
2801 3020 2965 3075 millia
2995 3020 3206 3074 amisit?
3230 3019 3342 3085 Non
3371 3029 3552 3074 autem
3588 3035 3705 3072 nia—

2116 3122 2197 3190 gis
2227 3120 2464 3184 doleret,
2484 3119 2583 3173 nisi
2611 3116 2781 3186 magis
2806 3122 3045 3178 amaret;
3073 3113 3119 3168 si
3145 3112 3315 3182 magis
3345 3120 3509 3175 amat,
3537 3113 3705 3179 magis
3732 3152 3737 3159 .

2119 3209 2480 3280 coiienpiscit;
2507 3209 2550 3262 si
2574 3206 2743 3275 magis
2771 3202 3121 3274 concupiscit,
3153 3202 3323 3272 magis
3357 3215 3561 3271 pauper
3597 3209 3700 3255 est.

2116 3304 2246 3359 Illud
2279 3304 2419 3358 enim
2452 3302 2621 3369 magis
2641 3297 3088 3367 concupiscimus,
3118 3310 3226 3366 quo
3247 3294 3477 3349 maxime
3501 3292 3704 3363 indige-

2115 3414 2233 3453 mus
2263 3414 2276 3450 :
2309 3413 2372 3449 ex
2407 3393 2697 3465 indigentia
2724 3391 2866 3447 enim
2882 3388 3172 3459 cupiditas.
3208 3386 3341 3442 Nam
3374 3386 3461 3440 ubi
3484 3385 3701 3441 satietas

2111 3501 2192 3547 est
2216 3532 2232 3555 ,
2286 3486 2549 3558 cupiditas
2586 3499 2706 3538 esse
2733 3498 2839 3538 non
2870 3490 3062 3552 potest.
3095 3479 3246 3534 Tunc
3283 3479 3427 3534 enim
3464 3473 3701 3533 maxime

2112 3582 2198 3635 siti
2229 3594 2503 3643 vexamur,
2527 3593 2648 3630 cum
2682 3583 2806 3643 potu
2836 3587 3075 3643 egemus.
3106 3570 3233 3625 Haec
3251 3585 3283 3625 a
3303 3584 3390 3625 me
3417 3569 3558 3625 dicta
3575 3577 3700 3623 sunt

2112 3683 2166 3726 ut
2198 3673 2437 3742 probem,
2472 3669 2515 3723 si
2546 3666 2847 3737 vigilemus,
2880 3662 3152 3718 neminem
3172 3661 3326 3717 nobis
3353 3675 3549 3715 nocere
3568 3675 3694 3729 pos-

2038 3778 2041 3781 ‘
2108 3780 2207 3818 se:
2236 3777 2299 3816 ac
2327 3776 2431 3813 non
2462 3775 2528 3814 ex
2556 3765 2887 3826 paupertate,
2910 3753 3003 3808 sed
3021 3768 3087 3808 ex
3115 3750 3413 3818 nobisipsis
3438 3752 3692 3807 damnum

2108 3855 2312 3909 infcrri.
2341 3853 2519 3918 Quare
2545 3864 2701 3917 iugo,
2723 3846 2867 3900 omni
2892 3845 3160 3914 diligentia
3181 3844 3421 3898 avaritia:
3447 3844 3723 3903 morbum.

2107 3947 2403 4016 ejiciamus,
2453 3953 2511 3996 ut
2535 3951 2588 3995 et
2637 3939 2723 3995 hic
2741 3938 2934 3992 divites
2961 3937 3153 4002 simus,
3186 3943 3245 3989 et
3264 3942 3465 3989 reterns
3491 3948 3687 3989 conse-

2105 4052 2330 4107 quaniur
2352 4037 2510 4098 bona,
2535 4032 2707 4101 gratia
2722 4040 2776 4085 et
2803 4027 3129 4099 benignitate
3152 4025 3359 4080 Domini
3377 4025 3542 4081 nostri
3564 4024 3689 4079 .lesu

2104 4128 2444 4194 Christi..cui
2467 4127 2636 4198 gloria
2666 4126 2716 4177 in
2748 4121 2945 4177 sieeula
2976 4120 3314 4174 saeculorum.
3349 4122 3542 4173 Amen.

2179 4317 2211 4350 ιτ
2226 4313 2321 4367 Gfr.
2351 4312 2528 4365 Adnot.
2555 4309 2801 4362 Friderici
2821 4308 2973 4360 Field
2991 4306 3056 4357 ad
3076 4319 3191 4369 pag.
3216 4304 3327 4354 772.

2071 4407 3695 4442 Μ

1472 4508 1817 4570 HOMILIA
1861 4504 2162 4567 LXXXI.
2204 4502 2290 4564 al.
2336 4496 2660 4559 LXXXI}.

400 4651 534 4705 Car.
561 4649 651 4705 26.
697 4666 751 4705 ν.
786 4650 874 4705 17.
921 4648 1098 4705 Prima
1130 4658 1296 4705 niuem
1344 4664 1647 4719 animorum
1676 4626 1990 4711 accesserunt

473 4742 709 4810 discipuli
735 4742 805 4795 ad
840 4740 1055 4809 letum,
1082 4742 1301 4796 dicentes
1326 4756 1346 4794 .'
1376 4739 1474 4796 Ulli
1515 4740 1589 4794 vis
1628 4753 1861 4810 paremus
1904 4736 1993 4799 tibi
2010 4722 2013 4727 l

471 4846 524 4889 ut
554 4836 824 4889 "invideres
860 4835 1094 4904 pascha?
1135 4833 1222 4889 18.
1267 4831 1389 4903 Ipse
1421 4841 1593 4887 autem
1626 4831 1756 4883 dixit
1785 4845 1803 4882 :
1829 4828 1911 4886 lite
1937 4829 2003 4882 in»

475 4929 720 4981 civitatem
751 4928 821 4980 ad
867 4926 1157 4997 quendam,
1190 4935 1236 4980 et
1256 4925 1407 4979 dicite
1432 4926 1478 4978 ei
1500 4940 1519 4978 :
1546 4921 1793 4993 Magister
1829 4921 1950 4975 dicit
1968 4960 1997 4985 ν

469 5016 695 5083 Tempus
717 5034 883 5071 meum
913 5033 1072 5087 prope
1094 5026 1189 5083 est,
1235 5016 1375 5086 apud
1402 5024 1450 5070 ta
1478 5014 1612 5085 {acia
1655 5011 1846 5083 pascha
1873 5027 1995 5066 cum

467 5109 734 5177 discipulis
760 5109 908 5163 nuis.
1663 5155 1666 5158 .

475 5204 522 5256 t.
554 5202 789 5257 Primam
837 5213 1149 5271 azymorum
1196 5214 1314 5254 eam
1342 5198 1483 5254 diem
1520 5204 1680 5251 vocat
1716 5209 1835 5265 qua:
1862 5201 1996 5248 ante-

398 5309 586 5363 atyma
614 5300 732 5347 erat
762 5308 778 5344 :
809 5292 986 5345 solent
1001 5289 1142 5344 enim
1169 5305 1203 5345 at
1233 5304 1452 5358 vespera
1479 5302 1693 5357 semper
1724 5285 1864 5340 diem
1890 5298 1989 5336 nu-

399 5401 610 5442 merare
643 5402 656 5438 :
688 5393 744 5440 et
781 5382 920 5436 hanc
950 5394 1209 5437 memorat
1232 5384 1285 5438 in
1324 5382 1481 5452 cujus
1519 5392 1740 5449 vespera
1788 5376 1985 5448 pascha

394 5476 786 5534 immolandum
810 5480 931 5528 erat
959 5489 975 5526 :
1003 5472 1185 5542 quinta
1211 5476 1356 5531 enim
1385 5472 1592 5529 sabbati
1615 5478 1982 5526 accesserunt.

400 5572 550 5628 tlanc
575 5584 707 5624 vero
731 5567 869 5621 alius
894 5564 1035 5618 diem
1070 5574 1192 5621 ante
1231 5582 1414 5639 azyma
1443 5574 1620 5630 vocat,
1652 5572 1862 5633 tempus
1883 5562 1982 5616 dc-

401 5675 593 5720 notans
617 5675 726 5733 quo
754 5661 1101 5713 accesserintt
1129 5672 1142 5712 :
1175 5657 1307 5715 alius
1348 5672 1476 5716 vero
1509 5657 1586 5715 sic
1621 5654 1750 5713 dicit
1779 5671 1793 5709 :
1835 5653 1979 5710 Venit

2097 4643 2204 4695 dies
2252 4654 2547 4709 azymorum
2571 4677 2586 4697 ,
2634 4636 2686 4687 in
2746 4650 2845 4702 qua
2888 4630 3147 4700 oportebat
3187 4630 3443 4683 inmolari
3497 4630 3684 4699 pascha

2099 4731 2248 4793 (Luc.
2279 4730 2372 4782 2-2.
2422 4728 2497 4797 l).
2529 4724 2684 4790 Illud,
2710 4722 2856 4776 Venit
2880 4763 2896 4787 ,
2920 4722 3021 4776 hoc
3041 4720 3325 4791 signiﬁcat,
3358 4734 3521 4790 prope
3545 4730 3680 4786 erat,

2096 4823 2150 4876 in
2170 4804 2497 4890 januiserat,
2514 4829 2790 4883 vesperam
2810 4812 3053 4866 videlicet
3071 4811 3211 4865 illam
3231 4826 3678 4865 commemorans.

2094 4917 2136 4969 A
2164 4927 2390 4982 veSpcra
2403 4910 2544 4964 enim
2569 4906 2923 4976 incipiebant:
2957 4904 3076 4960 ideo
3092 4904 3285 4974 singuli
3309 4902 3532 4970 addunt,
3555 4903 3681 4960 Cum

2092 5005 2440 5060 immolaretur
2466 5000 2675 5070 pascha.
2724 4999 2792 5053 Et
2818 4986 3003 5052 dicunt
3029 5013 3043 5048 :
3078 4994 3176 5051 Ubi
3219 4996 3293 5050 vis
3319 5012 3557 5066 paremus
3595 4997 3682 5049 tibi

2092 5098 2351 5154 concedere
2373 5094 2570 5164 pascha
2586 5076 2810 5162 ?‘l’taqne
2838 5091 2962 5144 hinc
2986 5098 3149 5160 patet,
3179 5090 3276 5159 ipsi
3311 5104 3411 5145 nec
3436 5090 3678 5153 domum,

2093 5205 2195 5246 nec
2224 5185 2577 5244 diversorium
2603 5184 2803 5239 fuisse:
2834 5197 3004 5252 neque
3030 5181 3322 5250 discipulis,
3355 5189 3501 5247 pute.
3530 5181 3681 5233 Alio-

2093 5285 2221 5354 quin
2250 5280 2343 5334 illo
2369 5279 2637 5333 divertere
2672 5258 2970 5344 rogaSSent.
3014 5271 3120 5328 Sed
3160 5273 3267 5326 illis
3296 5271 3438 5325 nulla
3485 5270 3679 5325 domus

2093 5384 2228 5436 erat,
2258 5371 2349 5443 qui
2375 5368 2625 5424 omnibus
2644 5367 3102 5422 renuntiaverant.
3134 5364 3242 5418 Cur
3271 5371 3449 5416 autem
3478 5362 3676 5432 pascha

2090 5464 2425 5524 celebravit?
2451 5462 2512 5517 Ut
2542 5461 2597 5514 in
2625 5459 2874 5514 onmibus
2911 5455 3220 5512 ostenderet
3247 5471 3306 5511 se
3329 5455 3396 5509 ad
3433 5457 3675 5511 ultitnum

2089 5576 2258 5630 usque
2290 5560 2411 5612 vitm
2441 5572 2552 5611 sua:
2592 5556 2733 5609 diem
2768 5568 2873 5606 non
2903 5551 3035 5620 legis
3076 5549 3439 5605 adversarium
3487 5550 3669 5606 fuisse.

2089 5653 2157 5709 Et
2183 5667 2277 5708 cur
2302 5650 2367 5704 ad
2405 5648 2642 5719 ignotum
2669 5644 2938 5702 hominem
2976 5642 3167 5699 mittit?
3215 5641 3347 5699 lliuc
3380 5642 3668 5699 ostendens
