4076 6142
335 243 433 298 73ί

329 374 390 414 se
416 371 523 411 non
549 368 830 424 passurum
857 348 1020 406 fuisse
1039 347 1084 402 si
1108 345 1382 400 voluisset.
1405 341 1535 395 Nam
1559 339 1649 411 qui
1681 339 1917 393 animum

333 451 479 504 illius
521 447 699 502 verbis
725 455 928 500 tantum
960 439 1204 502 induxit,
1265 443 1323 489 ut
1361 433 1478 487 illos
1509 432 1794 498 reciperet,
1826 442 1924 482 cur

340 558 444 596 non
474 556 569 596 eos
595 541 684 609 qui
716 554 774 592 se
798 533 1176 604 crucifigebant
1203 535 1479 588 mutasset,
1511 525 1555 578 si
1585 522 1690 592 pati
1717 520 1922 576 noluis-

335 635 452 688 set?
480 633 740 702 Quodque
764 632 904 685 circa
947 627 1151 682 asinam
1181 623 1398 684 fecerat,
1431 620 1520 672 hie
1541 632 1753 686 quoque
1775 613 1920 668 fecit.

336 727 410 779 lbi
437 739 666 794 namque
689 723 822 778 dixit
845 739 859 774 :
885 719 947 774 Si
963 734 1074 788 quis
1089 715 1228 770 vobis
1248 712 1509 784 quidpiam
1527 707 1732 771 dixerit,
1755 706 1922 769 dicite,

338 817 482 888 Opus
506 824 577 870 est
597 812 818 868 Domino
836 808 1048 879 (Matth.
1067 807 1160 863 2i.
1182 806 1268 875 3);
1285 804 1362 860 sic
1378 810 1432 858 et
1452 801 1554 856 hoc
1575 799 1695 853 loco
1715 815 1730 852 :
1752 797 1926 888 Magi-

331 918 433 962 ster
473 907 615 970 dicit,
643 903 796 976 Apud
824 913 872 957 te
897 903 1029 974 facio
1059 899 1268 971 pascha.
1301 897 1414 966 Ego
1445 908 1574 948 vero
1601 906 1706 946 non
1743 887 1793 942 id
1832 905 1894 955 se

336 999 445 1052 lum
478 999 665 1063 miror,
710 995 852 1066 quod
880 995 1116 1064 ignotum
1149 988 1469 1058 susceperit,
1501 984 1594 1039 sed
1632 981 1772 1052 quod
1803 994 1924 1036 cum

337 1100 538 1143 tantam
566 1088 853 1143 adversum
876 1101 936 1140 se
959 1085 1090 1138 iram
1111 1081 1365 1137 concitari
1394 1083 1754 1145 exspectaret,
1774 1081 1829 1126 et
1857 1072 1928 1124 ir-

335 1177 740 1233 reconciliabile
764 1177 994 1238 bellum,
1023 1173 1311 1227 multorum
1355 1170 1538 1223 odium
1586 1175 1926 1230 contempse-

334 1270 427 1323 rit.
459 1268 664 1324 Deinde
692 1265 1056 1337 ignorantibus
1099 1264 1306 1332 signum
1356 1259 1538 1321 dedit,
1583 1256 1742 1326 quale
1779 1253 1926 1308 Sauli

336 1359 596 1428 propheta
627 1377 642 1413 τ
673 1357 939 1410 Inveniens
969 1355 1220 1407 hominem
1262 1350 1649 1410 ascendentem,
1678 1356 1727 1400 et
1763 1355 1926 1398 utrem

339 1447 602 1502 habentem
621 1448 640 1517 (
658 1449 708 1501 Ι.
725 1445 853 1516 Reg.
877 1445 965 1500 10.
987 1445 1077 1513 5);
1103 1444 1189 1497 hic
1208 1456 1356 1507 vero,
1385 1439 1696 1509 Amp/coram
1717 1446 1928 1505 portan-

341 1548 438 1592 tem
460 1537 611 1609 (Luc.
642 1536 732 1589 22.
761 1535 872 1607 10).
904 1533 1002 1588 llic
1037 1533 1200 1587 etiam
1221 1529 1342 1584 vide
1361 1527 1614 1599 potentia:
1637 1539 1934 1594 argumeno

344 1640 478 1684 tum.
507 1627 623 1683 Non
642 1627 784 1682 enim
801 1625 974 1680 solum
993 1624 1154 1689 dixit,
1172 1621 1376 1675 Pascha
1403 1619 1536 1689 facio
1555 1634 1573 1673 :
1599 1618 1692 1673 sed
1721 1615 1924 1685 adjicit,

341 1725 566 1792 Tempus
589 1735 754 1774 meum
769 1734 926 1790 prope
945 1726 1038 1772 est.
1063 1715 1175 1770 Hoc
1198 1721 1378 1768 autem
1403 1712 1651 1775 faciebat,
1685 1719 1742 1763 ut
1767 1708 1936 1763 simul

341 1810 616 1881 discipulis
659 1811 967 1878 frequenter
1005 1805 1310 1876 passionem
1351 1807 1800 1858 commeans-aret
1822 1839 1838 1862 ,
1872 1807 1930 1854 ut

343 1919 407 1959 ex
455 1901 817 1972 praedictionis
843 1900 1139 1971 frequentia
1165 1905 1550 1953 exercerentur
1597 1893 1652 1949 in
1696 1891 1927 1974 inedita:

346 1995 490 2050 tione
521 1995 593 2048 rei
631 1995 858 2059 futui-at;
889 2001 1052 2062 utque
1093 1989 1404 2046 ostenderet
1429 1987 1555 2053 illis,
1586 1994 1642 2040 et
1691 1998 1752 2040 se
1778 1982 1928 2039 erci-

341 2086 526 2158 pienti,
579 2084 936 2153 omnibusque
968 2081 1201 2148 ludatis,
1242 2088 1302 2134 ut
1340 2093 1486 2147 saepe
1528 2076 1661 2140 dixi,
1709 2089 1770 2129 se
1822 2089 1929 2128 non

345 2178 569 2233 invitum
599 2177 665 2232 ad
697 2176 1004 2246 passionem
1040 2173 1246 2228 venire.
1293 2169 1513 2226 Addidit
1553 2177 1730 2223 autem
1751 2205 1775 2232 ,
1801 2165 1931 2222 Cum

343 2269 613 2342 discipulis
659 2270 805 2334 meis,
845 2276 903 2322 ut
951 2264 1222 2322 sufﬁciens
1265 2271 1551 2334 apparatus
1588 2269 1754 2324 esset,
1795 2273 1931 2316 neve

345 2363 674 2418 existimaret
696 2361 808 2426 ille,
837 2359 1012 2430 ipsum
1039 2357 1274 2413 latebras
1291 2369 1554 2426 quaerere.
1581 2352 1674 2409 20.
1713 2351 1930 2422 Vespere

345 2462 512 2506 autem
533 2455 687 2524 facto,
713 2448 1057 2503 discumbebat
1079 2463 1190 2501 cum
1207 2444 1493 2516 discipulis.
1517 2444 1562 2498 Ο
1581 2442 1733 2498 .Iudte
1759 2441 1932 2511 impu-

346 2542 612 2596 dentiam!
643 2541 774 2595 Nam
800 2548 856 2595 et
898 2539 986 2594 ille
1017 2540 1136 2593 istic
1162 2537 1368 2601 aderat,
1384 2535 1647 2604 venitque
1669 2533 1940 2602 particeps

346 2635 554 2687 futurus
584 2639 639 2687 et
665 2630 1042 2703 mysteriorum
1071 2638 1126 2683 et
1168 2640 1368 2682 mensa:
1394 2641 1415 2681 :
1442 2633 1501 2679 et
1521 2624 1573 2678 in
1605 2625 1717 2692 ipsa
1747 2635 1934 2677 mensa

345 2725 690 2795 arguebatur,
736 2723 825 2778 ubi
857 2720 1064 2777 etiamsi
1091 2718 1204 2774 fera
1230 2727 1404 2782 esset,
1431 2714 1760 2770 mansuetior
1793 2712 1935 2766 futu-

347 2830 442 2868 rus
464 2822 600 2868 erat.
633 2813 867 2883 Ideoque
895 2812 1010 2882 ipse
1034 2808 1362 2880 evangelista
1391 2805 1676 2877 significat,
1710 2803 1935 2858 mandu-

347 2905 592 2962 cautibus
615 2906 751 2972 illis,
775 2905 1057 2960 Christum.
1077 2903 1145 2957 de
1166 2901 1471 2972 proditione
1497 2899 1773 2969 loquutum
1805 2895 1938 2951 fuis-

349 3012 428 3059 se.
477 3005 534 3052 ut
556 3003 610 3052 et
630 3011 658 3048 a
687 3005 929 3064 tempore
972 3003 1027 3048 et
1055 3010 1084 3046 a
1116 3005 1300 3047 mensa
1326 2988 1615 3060 proditoris
1641 2987 1932 3058 nequitiam

349 3089 678 3147 ostenderet.
724 3089 1011 3158 Postquam
1061 3086 1204 3142 enim
1249 3085 1484 3138 fecerant
1510 3081 1758 3150 discipuli
1799 3079 1936 3136 sicut

351 3181 456 3238 illis
483 3181 641 3236 .lesus
692 3187 1054 3250 prmceperat,
1100 3191 1325 3245 veslzere
1355 3176 1528 3240 facto,
1567 3172 1938 3228 discumbebat

350 3290 470 3328 cum
515 3271 799 3327 duodecim
827 3269 1121 3338 discipulis.
1163 3268 1253 3322 2|.
1300 3265 1726 3320 Manducautibus
1769 3273 1936 3317 autent

351 3366 452 3418 illis
480 3364 607 3418 dixit
626 3380 646 3417 :
670 3363 827 3416 Amen
853 3362 966 3415 dico
1006 3360 1164 3424 vobis,
1196 3376 1332 3414 unus
1351 3375 1414 3412 ea:
1432 3358 1568 3412 vobis
1606 3373 1684 3410 me
1715 3357 1935 3409 traditu-

351 3473 439 3510 rus
465 3465 535 3510 est
552 3471 574 3521 ;
601 3464 726 3509 ante
753 3469 961 3509 cmnam
1002 3469 1130 3507 vero
1159 3452 1321 3522 pedes
1346 3451 1462 3518 ejus
1502 3450 1649 3504 lavit.
1682 3448 1810 3503 Vide
1836 3463 1936 3500 an-

355 3559 461 3604 tem
489 3547 764 3618 quomodo
813 3546 1071 3617 proditori
1101 3554 1303 3614 parcat.
1333 3544 1451 3598 Non
1481 3543 1624 3598 enim
1652 3538 1938 3607 dixit,'llle

355 3656 441 3695 me
463 3640 671 3705 tradet;
713 3638 807 3695 sed
833 3680 849 3705 ,
901 3637 1045 3693 Unus
1087 3654 1150 3692 ea:
1186 3637 1324 3690 vobis
1348 3678 1361 3700 ,
1399 3645 1456 3690 ut
1498 3651 1682 3689 rursus
1729 3636 1825 3704 ipsi
1854 3635 1935 3688 lae

355 3733 486 3788 tenti
530 3730 818 3802 ptenitendi
848 3729 1149 3786 facultatem
1186 3727 1338 3783 daret
1368 3744 1383 3780 :
1417 3726 1708 3796 maluitqne
1750 3739 1939 3780 omnes

356 3837 587 3889 terrere,
619 3833 677 3878 ut
707 3822 848 3877 hunc
894 3821 1101 3875 salvum
1126 3819 1348 3874 faceret.
1372 3817 1521 3874 Unus
1547 3831 1614 3871 ex
1643 3815 1793 3872 vobis
1813 3814 1940 3868 duo-

354 3918 551 3981 decim,
595 3915 786 3986 inquit,
813 3914 904 3984 qui
948 3913 1146 3982 ubique
1172 3925 1382 3966 mecum
1412 3918 1557 3974 sunt,
1588 3921 1816 3977 quorum
1846 3920 1939 3974 pe-

358 4010 456 4064 des
495 4007 632 4070 lavi,
672 4007 865 4075 quibus
908 4015 986 4058 tot
1030 4014 1282 4074 tantaque
1312 4001 1554 4071 promisi.
1585 3999 1737 4054 Tunc
1768 3999 1940 4052 luctus

358 4105 554 4172 ingens
573 4115 780 4154 sacrum
804 4099 949 4152 illum
967 4098 1190 4152 chorum
1220 4095 1431 4150 invasit.
1459 4092 1694 4148 Joannes
1713 4091 1927 4161 quidem

357 4195 450 4256 ait,
482 4193 626 4261 ipsos
656 4191 894 4245 turbatos
948 4188 1131 4253 fuisse,
1181 4199 1231 4242 et
1278 4201 1337 4241 se
1365 4195 1549 4240 mutuo
1599 4185 1899 4252 reSpexisse
1922 4223 1937 4246 ,

357 4286 702 4355 singulosque
747 4283 927 4350 ipsum.
953 4283 1313 4350 interrogasse
1353 4278 1602 4332 timentes
1643 4276 1768 4338 sibi,
1816 4275 1941 4329 licet

359 4380 559 4434 ntillius
581 4377 655 4432 rei
689 4373 995 4445 bnjusmodi
1037 4372 1138 4426 sibi
1184 4371 1430 4426 conscios
1456 4373 1472 4439 (
1495 4369 1652 4423 Joan.
1685 4368 1772 4422 18.
1799 4365 1939 4438 22);

359 4475 450 4529 hic
477 4489 604 4527 vero
645 4472 717 4524 ait
752 4487 765 4523 :
811 4469 903 4523 22.
936 4465 1229 4522 Contristati
1270 4463 1416 4518 valde
1453 4471 1710 4532 coeperunt
1756 4460 1942 4530 singuli

360 4567 545 4628 dicere,
578 4563 842 4635 Numquid
866 4578 958 4633 ego
994 4577 1128 4625 sum,
1175 4556 1421 4614 Domine?
1447 4555 1537 4611 25.
1565 4554 1686 4625 Ipse
1713 4569 1828 4608 vero
1858 4568 1942 4608 νει

359 4667 610 4729 spondens
633 4657 704 4709 ait
737 4673 755 4710 :
783 4652 883 4710 Cui
896 4669 986 4724 ego
1015 4652 1279 4705 intinctam
1319 4647 1484 4702 cibum
1521 4661 1812 4718 porrexero,
1837 4645 1949 4714 ipse

363 4761 433 4806 est
459 4748 618 4823 (Ibid.
649 4763 695 4800 υ.
726 4743 838 4816 26).
874 4743 1008 4798 Vide
1038 4740 1253 4812 quando
1280 4739 1452 4810 ipsum
1484 4737 1738 4793 revelavit
1759 4777 1774 4802 ,
1821 4749 1941 4790 cum

363 4843 523 4896 vellet
551 4853 741 4908 nempe
765 4847 990 4891 cancros
1011 4850 1041 4888 a
1075 4833 1163 4888 tali
1190 4831 1356 4886 animi
1383 4829 1654 4886 anxietate
1676 4829 1941 4883 liberare:

367 4949 488 4988 nam
535 4944 729 5000 pavore
776 4927 926 4997 quasi
971 4925 1168 4979 mortui
1203 4932 1390 4984 erant;
1436 4922 1662 4990 ideoque
1689 4919 1948 4986 urgebant

367 5025 778 5091 interrogantes.
806 5019 986 5087 Neque
1014 5024 1215 5069 tantum
1245 5022 1302 5068 ut
1328 5013 1448 5067 illos
1474 5027 1502 5066 a
1535 5021 1683 5066 tanto
1705 5021 1848 5064 metu
1881 5010 1947 5063 li-

361 5117 612 5176 beraret,
660 5109 753 5165 sed
799 5109 956 5163 etiam
990 5115 1048 5160 ut
1101 5105 1428 5176 proditorem
1472 5099 1816 5162 emendaret,
1847 5099 1949 5153 hoc

365 5209 510 5263 fecit.
542 5206 674 5274 Quia
703 5203 845 5259 enim
893 5215 1013 5255 cum
1052 5212 1196 5266 saepe
1234 5194 1542 5250 indistincte
1593 5192 1646 5247 id
1689 5191 1946 5255 audisset,

365 5317 471 5356 non
502 5297 834 5357 movebatur,
862 5302 918 5346 ut
947 5289 1280 5360 magisillum
1309 5285 1722 5356 perstringeret,
1747 5283 1947 5337 larvam

367 5392 484 5460 ejus
514 5389 729 5458 dejecit.
775 5386 910 5441 Cum
941 5398 1070 5453 ergo
1100 5381 1173 5436 illi
1201 5389 1492 5435 mterentes
1534 5377 1949 5445 interrogarent,

366 5481 634 5552 Numquid
659 5496 750 5551 ego
785 5493 916 5538 sum,
951 5474 1187 5538 Domine,
1214 5471 1519 5540 respondens
1553 5467 1681 5520 dixit
1703 5483 1722 5521 :
1751 5465 1852 5530 Qui
1876 5465 1956 5518 in-

369 5579 515 5647 cingit
558 5590 750 5629 mecum
791 5585 996 5624 manum
1034 5567 1087 5620 in
1140 5563 1431 5635 paropside,
1465 5555 1546 5614 hic
1574 5576 1650 5612 me
1676 5557 1955 5611 traditurus

372 5679 464 5726 est.
484 5669 574 5723 2i.
610 5667 713 5722 Sed
741 5663 906 5718 Filius
924 5659 1124 5732 quidem
1144 5656 1359 5711 hominis
1389 5656 1544 5721 cadit,
1564 5661 1690 5706 sicut
1711 5659 1957 5718 scriptum

1055 234 1112 287 S.
1151 228 1428 287 JOAN-NIS
1463 221 1932 283 CHRYSOSTOMI
1971 221 2287 278 ARClllEP.
2330 217 2859 277 CONSTANTINOP.

3509 221 3618 277 752

2031 344 2102 388 est
2145 335 2209 388 de
2235 335 2322 388 illo
2342 351 2362 399 ;
2382 351 2458 389 ea:
2485 346 2651 388 autem
2678 336 2870 390 homini
2898 334 2996 399 illi,
3022 351 3110 401 per
3133 351 3276 404 quem
3318 335 3483 388 Filius
3513 339 3613 391 Ito-

2030 429 2179 482 minis
2199 431 2423 482 tradetur
2443 449 2463 484 .-
2486 432 2666 484 bonum
2684 441 2788 484 erat
2813 432 2884 496 ei,
2906 431 2950 484 si
2973 439 3124 484 natus
3149 448 3248 485 non
3271 433 3449 499 fuisset
3467 432 3630 486 homo

2030 520 2140 572 ille.
2185 519 2412 586 Quidam
2447 531 2668 574 narrant
2689 522 2862 591 ipsum
2889 521 2958 574 ita
2982 522 3310 590 petulantem
3341 522 3530 584 fuisse,
3561 534 3617 576 ut

2031 613 2344 678 magistrum
2375 629 2478 665 non
2503 623 2858 678 revereretur,
2887 615 2980 669 sed
3021 630 3142 668 cum
3165 615 3278 681 ipso
3302 615 3613 684 intingeret;

2032 703 2163 756 mihi
2191 714 2367 757 autem
2409 705 2625 760 videtur
2653 705 2760 760 hoc
2800 705 2997 759 fecisse
3021 705 3303 771 Christus,
3359 717 3415 759 nt
3467 707 3613 760 Illum

2033 794 2225 862 majori
2256 793 2494 849 afﬁceret
2518 795 2738 864 pudore,
2769 804 2825 850 et
2849 797 2913 850 ad
2949 797 3223 850 meliorem
3257 796 3504 851 aﬂ'ectnm
3534 798 3615 865 ip-

2031 897 2148 938 sum
2199 885 2574 954 pertraheret;
2624 902 2730 956 qua
2775 887 2829 942 in
2877 902 2936 942 re
2977 886 3180 958 aliquid
3204 889 3376 956 majus
3421 888 3616 958 depre-

2034 973 2302 1030 henditur.

2101 1068 2157 1124 2.
2199 1067 2304 1123 Ira
2329 1079 2494 1122 motus
2518 1071 2749 1124 sedandi.
2774 1100 2848 1110 —
2874 1070 2998 1125 litae
3025 1085 3184 1139 porro
3209 1085 3314 1123 non
3353 1071 3616 1141 simplici-

2034 1167 2115 1212 ter
2165 1159 2621 1224 prtetercnrrenda
2666 1169 2812 1218 sunt.
2864 1159 2958 1215 sed
3004 1160 3056 1212 in
3106 1159 3299 1213 animis
3350 1159 3621 1229 infigenda

2031 1249 2250 1312 nostris,
2291 1258 2348 1302 ut
2394 1249 2596 1302 nullum
2641 1250 3008 1318 nmquamirze
3035 1249 3207 1303 locum
3238 1250 3447 1305 demus.
3487 1251 3626 1317 Quis

2032 1339 2173 1392 enim
2213 1353 2421 1393 cmnam
2448 1339 2595 1393 illam
2637 1348 2816 1395 mente
2853 1341 3152 1406 revolvens,
3185 1341 3626 1412 proditoremque-

2033 1442 2154 1481 cum
2181 1431 2418 1483 omnium
2460 1428 2747 1485 Servatore
2789 1432 3218 1496 recumbentem,
3255 1447 3486 1502 eumque
3526 1435 3625 1503 qui

2031 1520 2338 1588 prodendus
2357 1530 2473 1576 erat
2495 1531 2602 1577 tam
2627 1522 2740 1576 miti
2766 1537 3014 1578 sermone
3039 1532 3297 1588 utentem,
3326 1539 3432 1579 non
3469 1525 3646 1579 virus

2035 1619 2205 1664 tot-um
2250 1611 2344 1666 ira:
2390 1621 2549 1681 atque
2593 1612 2787 1667 luroris
2834 1612 3054 1680 ejiciat?
3089 1612 3221 1669 Vide
3258 1614 3418 1683 igitur
3454 1630 3622 1683 quam

2032 1711 2312 1757 mansuete
2338 1716 2640 1758 sermonem
2669 1703 2735 1757 ad
2765 1704 2937 1772 ipsum
2976 1713 3271 1758 convertat.
3308 1703 3474 1757 Filius
3501 1705 3618 1774 qui-

2033 1789 2147 1844 dem
2195 1792 2412 1846 hominis
2447 1793 2606 1860 vadit,
2650 1794 2780 1846 sicut
2825 1795 3069 1863 scriptum
3113 1803 3186 1848 est
3226 1795 3289 1848 de
3337 1794 3448 1848 illo.
3494 1794 3624 1850 "are

2032 1894 2196 1950 porro
2221 1881 2358 1936 dixit
2381 1890 2440 1937 ut
2461 1882 2752 1952 discipulos
2779 1887 3149 1951 confirmaret,
3177 1893 3234 1939 ut
3260 1900 3324 1939 ne
3355 1886 3482 1939 illud
3514 1886 3617 1940 im-

2032 1972 2308 2027 becillitati
2350 1974 2662 2041 tribuerent,
2695 1983 2856 2045 utque
2895 1975 3053 2030 etiam
3084 1977 3410 2046 proditorem
3435 1993 3619 2033 emen-

2034 2063 2206 2118 daret.
2253 2062 2340 2118 Vte
2379 2074 2545 2119 autem
2570 2066 2762 2118 homini
2803 2067 2882 2120 illi
2907 2083 2996 2137 per
3029 2083 3175 2137 quem
3205 2067 3372 2121 Filius
3402 2069 3630 2123 hominis-

2036 2154 2262 2209 tradetur
2283 2169 2302 2210 :
2323 2156 2506 2210 bonum
2530 2167 2638 2211 erat
2658 2158 2758 2222 illi,
2783 2158 2829 2213 si
2845 2168 2993 2213 natus
3017 2175 3118 2212 non
3143 2159 3320 2230 [uisset
3341 2161 3490 2214 homo
3509 2160 3617 2215 ille.

2037 2247 2170 2304 Vide
2200 2263 2408 2304 rursum
2439 2250 2492 2304 in
2520 2251 2791 2321 arguendo
2822 2251 3141 2308 ineffabilem
3183 2254 3476 2309 lenitatem.
3502 2255 3628 2310 Νοη·

2035 2340 2176 2393 enim
2207 2339 2296 2394 hic
2335 2341 2552 2404 acriter,
2603 2342 2696 2396 sed
2730 2345 3018 2398 miserabili
3053 2347 3225 2414 potius
3271 2347 3428 2401 tnodo
3457 2349 3627 2402 verba

2036 2430 2184 2493 facit,
2232 2441 2396 2501 atque
2449 2448 2662 2487 rursum
2712 2435 3045 2491 subobscure
3088 2454 3102 2491 :
3139 2452 3456 2508 quamquam
3513 2457 3621 2497 non

2035 2523 2197 2577 modo
2221 2525 2465 2592 superior
2490 2525 2766 2590 vecordia,
2785 2525 2886 2581 sed
2909 2536 2961 2582 et
2982 2530 3246 2598 posterior
3271 2532 3617 2601 impudentia,

2037 2613 2236 2684 ingenti
2277 2615 2440 2686 digna
2463 2624 2611 2671 esset
2647 2616 3030 2688 indignatione.
3080 2619 3211 2674 Nam
3240 2631 3516 2691 postquam
3551 2625 3619 2677 ita

2036 2707 2310 2761 Convictus
2329 2709 2515 2771 fuerat,
2531 2707 2663 2762 dixit
2683 2709 2804 2764 :25.
2826 2709 2876 2762 Ν
2882 2712 3090 2782 nmquid
3108 2728 3198 2783 ego
3214 2730 3344 2779 sum,
3372 2713 3621 2769 Domine?

2036 2796 2440 2852 Ovecordiam!
2473 2798 2669 2852 Horum
2707 2800 2804 2853 sibi
2846 2802 3094 2855 conscius
3130 2803 3458 2858 sciscitatur:
3499 2822 3632 2859 nam

2036 2890 2358 2960 evangelista
2399 2889 2515 2958 ejus
2542 2890 2814 2945 admirans
2843 2887 3185 2961 petulan'tiam
3215 2895 3328 2950 hzec
3355 2895 3448 2952 ait.
3485 2897 3631 2962 Quid

2036 2994 2165 3050 ergo
2212 2981 2518 3036 lenissimus
2570 2983 2986 3054 mitissimusque
3032 2983 3228 3040 Jesus?
3293 2985 3367 3040 Tu
3426 2987 3623 3043 dixisti.

2037 3073 2368 3144 Quamquam
2395 3075 2573 3129 dicere
2601 3078 2860 3144 potuisset
2887 3097 2901 3133 :
2927 3078 3162 3134 Sceleste
3197 3089 3252 3134 ct
3275 3082 3621 3149 exsecrandc,

2037 3176 2197 3235 atque
2221 3166 2600 3236 impurissime,
2633 3176 2780 3222 tanto
2817 3177 3058 3239 tempore
3088 3170 3188 3227 hoc
3217 3172 3410 3226 malum
3442 3183 3622 3243 partu-

2037 3259 2203 3325 riens,
2238 3269 2356 3329 post
2385 3263 2684 3330 pactionem
2715 3262 3030 3317 diabolicam
3061 3273 3503 3335 numeratamque
3531 3281 3624 3335 pe-

2038 3349 2270 3414 cuniam,
2302 3364 2332 3404 a
2361 3367 2447 3405 me
2467 3354 2762 3419 convictus,
2783 3352 2948 3407 audes
2973 3352 3149 3407 adhuc
3174 3353 3537 3424 interrogare?
3556 3357 3633 3410 At‘

2042 3439 2238 3494 horum
2274 3441 2406 3494 nihil
2447 3441 2738 3497 dixitzsed
2783 3443 2944 3512 quid?
2985 3443 3060 3497 Tu
3107 3445 3303 3509 dixisti,
3353 3447 3431 3500 sic
3473 3445 3626 3500 nobis

2042 3532 2185 3601 leges
2223 3540 2462 3586 statuens
2511 3533 2742 3587 fercndze
2784 3533 3008 3601 injuri:e.
3050 3533 3249 3589 Verum
3289 3535 3431 3590 dicet
3473 3537 3624 3606 quis-

2041 3623 2178 3692 piam
2206 3638 2220 3677 :
2251 3622 2306 3677 Si
2337 3625 2590 3691 scriptum
2636 3634 2718 3678 est
2747 3623 3012 3679 Christum
3057 3627 3126 3679 ita
3157 3641 3432 3696 passurum
3477 3643 3622 3696 esse,

2040 3728 2136 3768 cur
2183 3723 2462 3768 accusatur
2489 3713 2700 3769 Iudas?
2743 3731 2860 3768 nam
2889 3731 3004 3784 qum
3036 3717 3230 3784 scripta
3259 3728 3412 3771 erant
3447 3718 3625 3788 pcrf'e-

2038 3807 2131 3860 cit.
2162 3806 2232 3860 At
2262 3821 2370 3860 non
2401 3806 2500 3860 hoc
2527 3805 2613 3860 ille
2637 3806 2816 3860 animo
2845 3807 2990 3872 fecit,
3022 3807 3116 3862 sed
3143 3822 3208 3862 ex
3252 3809 3477 3863 scelere.
3509 3809 3620 3864 Nisi

2041 3911 2218 3954 autem
2250 3900 2484 3952 animum
2522 3898 2906 3966 exploraveris,
2957 3899 3125 3966 ipsum
3153 3897 3421 3952 diabolum
3466 3915 3493 3951 a
3524 3900 3629 3953 cri-

2042 3995 2187 4050 mine
2215 3992 2486 4048 liberabis.
2535 3990 2639 4045 Sed
2685 4006 2788 4044 non
2832 3991 2923 4056 ita,
2957 4006 3063 4043 non
3112 3990 3182 4044 ita
3208 3999 3354 4045 certe
3391 4006 3479 4045 res
3523 4001 3624 4044 est.

2041 4087 2319 4144 Sexcentis
2359 4085 2501 4140 enim
2542 4093 2597 4139 et
2641 4084 2726 4138 hic
2763 4091 2817 4138 ct
2860 4083 2948 4137 ille
2990 4092 3113 4137 sunt
3147 4083 3286 4152 digni
3331 4083 3626 4152 suppliciis,

2043 4181 2251 4237 etiamsi
2291 4178 2438 4234 orbis
2481 4177 2606 4232 hinc
2649 4186 2894 4230 servatus
2937 4177 3026 4229 sit.
3074 4174 3256 4245 Neque
3295 4177 3437 4229 enim
3478 4175 3628 4230 Juda:

2044 4272 2276 4343 proditio
2305 4271 2529 4325 salutem
2576 4267 2729 4322 nobis
2758 4275 2975 4336 operata
3016 4274 3118 4328 est,
3168 4264 3261 4320 sed
3306 4265 3501 4320 Christi
3538 4282 3628 4319 sa-

2044 4364 2266 4434 pientia,
2295 4362 2382 4431 qui
2406 4361 2535 4414 mira
2562 4358 2774 4412 solertia
2806 4357 3028 4411 aliorum
3063 4355 3356 4410 sceleribus
3386 4357 3450 4409 ad
3490 4356 3629 4408 salu-

2046 4463 2154 4510 tem
2202 4461 2439 4510 nostram
2478 4458 2559 4504 est
2587 4463 2731 4503 usus.
2761 4448 2898 4516 Quid
2939 4461 3087 4516 ergo,
3137 4447 3367 4516 inquies,
3396 4448 3439 4501 si
3467 4447 3630 4500 .lutlas

2047 4563 2152 4603 non
2209 4544 2554 4617 prodidisset,
2604 4555 2782 4596 annon
2837 4539 2972 4594 alius
3012 4539 3315 4608 proditurus
3364 4539 3516 4592 erat?
3568 4539 3632 4591 Et

2047 4639 2174 4711 quid
2213 4638 2316 4693 hoc
2357 4635 2423 4690 ad
2465 4649 2582 4689 rem
2620 4631 2940 4702 quaesitam?
2981 4631 3036 4686 Si
3073 4631 3305 4700 crncillgi
3354 4629 3631 4699 Oportebat

2045 4729 2338 4794 Christum,
2372 4725 2597 4796 inquies,
2642 4738 2740 4793 per
2767 4721 3050 4793 quemdam
3097 4719 3396 4788 Oportebat.
3437 4719 3492 4774 Si
3539 4732 3632 4788 per

2049 4819 2352 4892 quemdam,
2383 4831 2479 4886 per
2523 4813 2792 4868 hominem
2839 4811 3142 4879 hujusmmi
3177 4809 3543 4878 proculdubio.
3575 4811 3628 4863 Si

2052 4925 2212 4981 porro
2256 4908 2381 4963 boni
2426 4907 2650 4960 fuissent
2686 4917 2895 4965 omnes,
2946 4901 3068 4955 hinc
3108 4901 3398 4954 cohibitum
3446 4901 3634 4956 fuisset

2051 5000 2238 5058 salutis
2264 5006 2459 5053 nostrae
2486 4994 2778 5065 negotium.
2801 4991 2975 5046 Absit.
3004 4989 3121 5060 Ipse
3151 5007 3314 5054 enim,
3348 4991 3632 5060 sapientis-

2053 5095 2218 5149 simus
2247 5106 2369 5146 cum
2412 5097 2578 5151 esset,
2625 5086 2830 5142 sciebat
2867 5084 3137 5153 quomodo
3167 5094 3344 5137 uestra
3386 5094 3530 5139 esset
3557 5085 3637 5138 di-

2054 5190 2401 5254 spensaturus
2433 5213 2449 5238 ν
2492 5175 2721 5231 .etiamsi
2787 5190 2876 5230 res
2927 5173 2947 5206 ί
2993 5173 3067 5228 ita
3159 5175 3440 5229 cecidisset
3479 5177 3637 5245 :cjus

2055 5277 2251 5344 quippe
2277 5269 2534 5340 sapientia
2560 5277 2612 5322 et
2649 5276 2838 5336 potens
2865 5273 2917 5318 et
2946 5263 3503 5333 incomprehensibilis
3531 5277 3636 5321 est.

2059 5367 2182 5422 Ideo
2208 5375 2384 5419 autem
2412 5377 2480 5416 ne
2510 5359 2629 5430 quis
2655 5365 2882 5426 putaret,
2908 5354 3098 5410 .ludam
3129 5354 3286 5423 hujus
3325 5359 3640 5412 ωεοιιυιιιὶευ

2059 5458 2224 5514 fuisse
2249 5453 2573 5514 ministrum,
2599 5449 2853 5503 miserum
2892 5446 3042 5501 illum
3071 5446 3342 5516 prttdical.

2121 5658 2137 5688 ⁸
2166 5654 2246 5705 Sic
2269 5653 2421 5704 Savil.
2455 5653 2628 5702 Morel.
2662 5657 2828 5700 autem
2855 5655 2906 5699 ct
2927 5663 3055 5699 unus
3081 5647 3188 5698 cod.
3213 5647 3398 5696 habent
3419 5656 3514 5694 non
3538 5639 3630 5693 ita.
