4076 6142
391 309 494 366 733

464 419 632 486 Quare
677 416 812 471 Deus
847 411 1101 483 improbos
1139 410 1278 465 nasci
1317 409 1593 480 permittat.
1619 433 1692 444 --
1718 404 1786 456 At
1829 398 1971 453 dicet

392 511 585 566 iterum
630 507 934 579 quispiam:
964 504 1020 561 Si
1065 504 1264 560 bonum
1314 509 1431 556 erat
1471 512 1593 555 eum
1637 511 1743 552 non
1790 502 1971 547 natum

393 603 576 669 fuisse,
619 616 720 656 cur
757 597 996 669 permisit
1040 595 1190 652 illum
1232 590 1474 664 produci,
1524 603 1632 643 non
1673 588 1836 647 hunc,
1877 579 1975 637 sed

392 693 554 749 etiam
582 690 856 764 improbos
891 687 1120 745 omnes?
1147 684 1283 741 Cum
1308 687 1580 751 oporteret
1622 686 1674 732 te
1702 672 1976 744 improbos

393 797 583 840 omnes
608 783 874 847 incusare,
899 779 1041 852 quod
1065 792 1187 832 cum
1221 789 1375 831 secus
1401 772 1575 827 facere
1612 774 1850 839 possent,
1878 764 1979 818 im-

397 873 549 945 probi
578 873 864 935 evaserint,
895 879 972 938 tu,
1013 869 1117 924 illis
1142 863 1536 938 praetermissis,
1565 876 1687 931 quae
1712 857 1780 912 ad
1808 858 1976 912 Deum

397 970 640 1033 spectant
663 960 925 1016 curiosius
961 957 1207 1028 inquiris,
1238 967 1436 1026 gnarus
1465 962 1642 1007 tamen
1677 948 1882 1004 nullum
1910 960 1978 1000 ex

400 1053 721 1108 necessitate
747 1049 946 1106 malum
986 1063 1130 1106 esse.
1157 1045 1287 1114 Sed,
1315 1043 1545 1115 inquies,
1572 1041 1742 1096 bonos
1771 1046 1978 1093 tantum

402 1144 547 1200 nasci
570 1143 912 1214 oportuisset,
939 1153 1111 1210 neque
1137 1147 1264 1192 tunc
1296 1145 1440 1191 esset
1463 1132 1720 1204 gehennae
1749 1126 1984 1184 necessi-

402 1249 505 1304 tas,
531 1251 630 1292 nec
654 1250 828 1308 ptume
854 1231 1188 1304 suppliciive,
1217 1243 1392 1300 neque
1417 1226 1582 1281 ullum
1607 1221 1858 1294 nequitia:
1885 1233 1982 1273 ve.

402 1328 650 1400 stigium;
677 1326 846 1383 malos
869 1335 1048 1380 autem
1078 1335 1364 1393 numquam
1386 1333 1507 1374 esse
1535 1332 1632 1388 par
1659 1314 1869 1378 fuisset,
1896 1311 1983 1367 vel

405 1421 449 1475 si
478 1420 586 1474 nuli
611 1429 811 1484 essent,
841 1417 1019 1472 statim
1060 1413 1338 1472 recedere.
1372 1411 1550 1467 Primo
1579 1410 1670 1465 tibi
1696 1406 1984 1464 dicendum

406 1520 486 1566 est
510 1509 858 1582 apostolicum
884 1506 1012 1562 illud
1039 1525 1053 1562 :
1082 1505 1252 1575 Atqui,
1276 1520 1308 1558 ο
1329 1503 1500 1568 homo,
1530 1510 1584 1555 tu
1608 1502 1695 1570 qui
1714 1516 1767 1554 es
1791 1498 1878 1568 qui
1903 1514 1987 1553 re-

407 1603 656 1671 spondeas
687 1598 835 1652 Deo?
862 1596 1005 1652 Nunt
1033 1595 1165 1650 dicet
1202 1595 1498 1666 ﬁgmentum
1525 1592 1571 1646 ei
1609 1590 1695 1662 qui
1723 1607 1778 1644 se
1815 1589 1984 1658 ﬁnxit,

411 1693 513 1748 Cur
549 1708 628 1746 me
653 1691 726 1745 ita
754 1688 986 1760 formasti
1004 1687 1180 1758 (Rom.
1203 1687 1258 1742 9.
1289 1684 1419 1756 20)?
1443 1683 1500 1738 Si
1544 1691 1724 1736 autem
1767 1679 1986 1735 ratioci-

408 1785 494 1838 nia
519 1783 736 1854 quaeris,
769 1781 871 1836 hoc
895 1780 1208 1844 dixerimus,
1241 1776 1430 1847 majori
1452 1772 1792 1830 admirationi
1817 1771 1988 1827 bonos

407 1892 550 1941 esse,
579 1891 700 1931 cum
723 1874 880 1930 malis
910 1872 1201 1944 permist
1228 1888 1241 1924 :
1272 1884 1394 1924 nam
1421 1878 1546 1922 tunc
1577 1865 1790 1921 illorum
1818 1875 1873 1920 et
1897 1878 1991 1934 pa-

411 1969 591 2025 tientia
611 1977 665 2023 et
689 1965 1024 2038 phil050pbia
1050 1963 1218 2032 magis
1236 1960 1540 2030 conspicuae
1563 1966 1704 2013 sunt.
1734 1954 1814 2011 Tu
1836 1968 1986 2022 vero,

410 2062 498 2131 qui
525 2061 637 2114 haec
661 2058 816 2122 dicis,
843 2071 1056 2113 omnem
1087 2055 1232 2110 tollis
1255 2052 1604 2109 certaminum
1629 2049 1986 2105 occasionem.

412 2155 519 2209 Cur
546 2167 695 2220 ergo,
723 2150 950 2221 inquies,
985 2159 1044 2204 ut
1079 2148 1170 2204 alii
1196 2147 1452 2204 meliores
1475 2144 1778 2211 videantur,
1812 2141 1865 2196 hi
1897 2157 1992 2212 pu-

415 2245 665 2301 nientur?
694 2243 880 2309 Absit;
919 2241 1013 2298 sed
1055 2240 1126 2296 ob
1166 2255 1318 2296 suam
1348 2237 1637 2308 nequitiam
1679 2235 1988 2306 puniuntur.

414 2338 596 2408 Neque
620 2336 765 2391 enim
790 2334 915 2405 quia
944 2333 1054 2389 uati
1081 2343 1227 2400 sunt,
1259 2330 1487 2402 improbi
1512 2329 1756 2394 fuerunt;
1799 2326 1895 2383 sed
1922 2326 1994 2382 ob

417 2429 677 2500 ignaviam
703 2441 855 2483 suam
875 2427 916 2494 ί,
942 2424 1168 2496 ideoque
1193 2425 1515 2494 plectuntur.
1545 2417 1826 2490 Quomodo
1849 2417 1994 2476 enim

419 2519 808 2590 nougsupplicio
834 2517 980 2588 digni
1010 2517 1136 2580 sint,
1164 2516 1254 2586 qui
1280 2524 1356 2569 tot
1380 2513 1591 2569 virtutis
1618 2511 1869 2566 doctores
1896 2509 1994 2562 ha-

421 2615 600 2679 beant,
631 2611 868 2682 nihilque
892 2609 1015 2666 inde
1040 2609 1172 2664 lucri
1196 2606 1476 2663 referant?
1502 2605 1650 2661 Sicut
1670 2604 1811 2658 enim
1838 2601 1996 2672 probi

421 2703 618 2774 duplici
648 2702 716 2758 de
741 2715 898 2756 causa
941 2708 1068 2755 sunt
1113 2700 1334 2770 praemio
1377 2695 1550 2766 digni,
1581 2703 1690 2748 tum
1718 2693 1840 2762 quia
1870 2691 1997 2746 boni

421 2805 563 2861 sunt,
611 2803 722 2848 tum
765 2792 888 2864 quia
934 2792 1063 2846 nihil
1110 2788 1474 2862 ab'improbis
1515 2796 1640 2842 sunt
1668 2785 1778 2840 Iznsi
1809 2784 1917 2839 :ita
1945 2790 2000 2838 et

423 2888 650 2958 improbi
674 2885 868 2956 duplici
911 2893 1034 2939 sunt
1057 2883 1201 2954 digni
1245 2881 1530 2953 supplicio,
1569 2887 1682 2934 tum
1721 2879 1844 2948 quia
1875 2875 1999 2931 mali

421 2989 568 3048 sunt,
605 2994 728 3035 cum
771 2993 892 3034 esse
933 2976 1058 3032 boni
1101 2975 1417 3046 potuissent,
1463 2981 1522 3027 ut
1559 2988 1628 3028 ex
1674 2971 1830 3027 bonis
1872 2969 2002 3040 ipsis

423 3072 695 3142 probatur,
727 3079 838 3125 tum
860 3071 981 3140 quia
1005 3069 1139 3124 nihil
1163 3083 1230 3124 ex
1251 3069 1512 3122 bonorum
1539 3065 1784 3134 exemplo
1811 3063 2002 3118 lucrati

424 3173 568 3218 sum.
600 3165 669 3218 At
706 3161 981 3218 videamus
1016 3159 1142 3231 quid
1184 3159 1328 3214 dicat
1369 3159 1535 3213 miser
1562 3157 1652 3212 ille
1687 3173 1719 3212 a
1748 3156 2004 3227 Magistro

424 3262 722 3322 correptus.
765 3249 903 3318 Quid
942 3266 1071 3321 ergo
1111 3249 1276 3306 dicit?
1306 3249 1572 3318 Numquid
1615 3264 1706 3320 ego
1734 3265 1866 3315 sum,
1902 3247 2006 3302 Do-

425 3345 556 3399 mine
573 3344 601 3399 ?
627 3343 691 3399 Et
717 3358 813 3399 cur
836 3357 940 3398 non
963 3342 1040 3398 sic
1067 3341 1135 3396 ab
1160 3341 1314 3397 initio
1352 3340 1742 3410 interrogavit?
1769 3338 1826 3395 ld
1852 3348 2007 3410 puta-

428 3435 515 3489 bat
540 3435 725 3499 latere,
756 3432 898 3505 quod
937 3431 1178 3499 dixisset,
1213 3430 1357 3487 Unus
1380 3441 1636 3497 vestrum;
1663 3447 1788 3488 cum
1825 3440 2005 3486 autem

428 3527 578 3583 illum
629 3525 978 3591 declarasset,
1029 3521 1322 3580 ausus'est
1368 3525 1717 3595 interrogare,
1769 3523 2006 3580 doctoris

425 3618 819 3675 mansuetudini
849 3617 1038 3682 ﬁdens,
1076 3631 1137 3672 se
1178 3629 1403 3686 sperans
1442 3631 1551 3672 non
1581 3616 2007 3687 redarguendqu

426 3712 562 3770 fore.
594 3710 821 3782 Ideoque
840 3709 993 3765 illum
1021 3708 1189 3765 Rabbi
1216 3708 1442 3764 vocavit.

499 3806 554 3860 ὃ.
600 3801 834 3857 Pecunia
876 3816 1021 3855 amor
1061 3815 1214 3870 quam
1260 3813 1411 3868 prave
1450 3797 1674 3852 animum
1711 3797 1916 3866 απῑείαι.
1939 3826 2012 3839 —-

429 3894 475 3952 Ο
498 3893 819 3950 εωοὶωιθιηε
864 3903 1142 3960 quousque
1177 3887 1248 3944 ab
1283 3887 1374 3941 illa
1407 3887 1666 3956 impulsus
1708 3887 1828 3942 est?
1864 3886 2012 3941 Talis

429 3997 513 4043 est
539 3984 776 4056 pecuniae
800 3997 990 4038 amor:
1020 3981 1213 4036 stultos
1233 3978 1420 4044 efﬁcit,
1445 3977 1742 4047 petulantes
1770 3986 1824 4032 et
1849 3990 2012 4031 canes

429 4093 494 4133 ex
525 4073 865 4135 hominibus;
895 4071 1005 4126 imo
1033 4069 1255 4125 canibus
1281 4067 1600 4132 deteriores,
1625 4074 1680 4121 et
1699 4080 1765 4122 ex
1791 4064 2013 4121 canibus

430 4169 720 4226 daemonas.
754 4163 853 4218 Hic
879 4162 1074 4232 quippe
1095 4159 1365 4216 diabolum
1390 4157 1492 4213 sibi
1526 4155 1869 4212 insidiantem
1897 4155 2014 4209 adi-

431 4259 544 4325 bat,
574 4256 755 4313 Iesum
779 4262 961 4309 autem
997 4251 1099 4307 sibi
1141 4250 1440 4306 beneficum
1479 4247 1735 4319 prodidit,
1776 4262 1898 4302 cum
1938 4262 2012 4303 ex

433 4349 705 4420 proposito
725 4346 837 4416 jam
862 4343 1108 4399 diabolus
1151 4341 1374 4398 eﬂ‘ectus
1413 4350 1579 4398 esset.
1622 4338 1781 4395 Tales
1816 4339 2015 4410 quippe

432 4442 598 4498 efﬁcit
625 4437 940 4495 insatiabilis
980 4433 1324 4505 pecuniarum
1353 4431 1637 4501 cupiditas,
1678 4432 1892 4495 stultos,
1923 4429 2013 4484 fu-

435 4533 628 4597 riosos,
675 4538 818 4584 totos
847 4525 1087 4597 pecunia!
1129 4523 1392 4589 addictos,
1421 4531 1478 4578 ut
1512 4521 1679 4578 Judas
1713 4521 1832 4580 fuit.
1863 4523 2014 4589 Quo-

435 4621 596 4678 modo
631 4628 811 4675 autem
852 4615 1133 4673 Matthteus
1161 4622 1218 4670 et
1262 4613 1353 4668 alii
1381 4613 1587 4681 dicunt,
1627 4623 1753 4668 tunc
1799 4611 1946 4668 illum
1981 4627 2014 4666 a

434 4715 647 4770 diabolo
685 4719 898 4783 captum
926 4710 1111 4774 fuisse,
1141 4722 1263 4762 cum
1289 4706 1358 4762 de
1385 4705 1685 4776 proditione
1721 4714 1874 4774 pacta
1914 4703 2016 4759 ini-

434 4815 538 4873 ret,
565 4805 797 4860 Joannes
821 4817 972 4868 vero,
1006 4798 1132 4854 Post
1169 4798 1445 4852 buceellam
1488 4797 1786 4866 ingressum
1834 4795 1888 4849 in
1921 4795 2014 4850 illo

435 4911 559 4953 esse
577 4904 839 4960 satanam,
861 4907 983 4947 cum
1009 4889 1140 4946 illud
1169 4889 1284 4958 ipse
1307 4887 1510 4942 sciret?
1535 4886 1704 4956 Supra
1733 4885 1874 4939 enim
1901 4886 2010 4939 ait:

437 4987 590 5042 Cana
614 4989 768 5055 facta,
793 4997 909 5038 cum
925 4982 1040 5048 jam
1068 4978 1299 5034 diabolus
1324 4976 1610 5030 immisisset
1648 4976 1701 5029 in
1729 4991 1815 5029 cor
1838 4976 2014 5042 Judaz,

351 5065 360 5076 ’
438 5087 495 5131 ut
530 5077 744 5129 traderet
782 5087 900 5127 eum
928 5069 1104 5142 (Joan.
1135 5069 1223 5124 1³5.
1257 5067 1340 5137 2).
1372 5066 1652 5136 Quomodo
1695 5081 1822 5136 ergo
1860 5064 2013 5131 dicit,

440 5167 564 5221 Post
588 5165 864 5219 buccellant
897 5161 1102 5216 intrauit
1141 5160 1195 5213 in
1231 5175 1348 5212 eum
1368 5168 1573 5211 satanas
1597 5156 1761 5227 (Ibid.
1799 5173 1848 5212 υ.
1879 5155 2016 5224 27)?

437 5259 571 5325 Quia
598 5271 703 5310 non
741 5253 1020 5309 confertim
1048 5252 1230 5313 intrat,
1272 5247 1367 5302 sed
1407 5247 1700 5316 periculum
1733 5246 1857 5300 facit
1894 5257 2020 5300 ante

395 5403 405 5414 ,
439 5351 762 5418 diligenter:
789 5345 932 5415 quod
964 5344 1049 5398 hic
1086 5355 1302 5411 quoque
1342 5339 1586 5408 contigit.
1634 5337 1844 5393 Sensim
1873 5337 2018 5392 enim

391 5448 397 5457 '
439 5441 700 5496 accedens
743 5437 916 5498 initio,
959 5442 1014 5486 et
1059 5431 1259 5501 placido
1304 5443 1644 5498 congressus,
1677 5436 1734 5480 ut
1771 5427 1912 5481 videt
1958 5426 2023 5479 il-

441 5533 556 5588 lum
583 5529 650 5583 ad
695 5542 753 5581 se
802 5522 1163 5591 recipiendum
1202 5529 1465 5590 paratum,
1509 5527 1675 5573 totum
1719 5533 1777 5573 se
1805 5517 2021 5574 demum

507 5681 524 5713 ⁸
552 5687 601 5730 tn
629 5677 792 5729 Morel.
822 5676 1017 5739 legitur,
1044 5677 1125 5726 scd
1149 5673 1208 5726 ob
1233 5674 1463 5727 iiialitiant
1484 5679 1528 5724 ct
1552 5672 1791 5738 ignaviam
1814 5686 1967 5723 suam.

1312 295 1379 353 2N
1415 285 1820 364 ΜΑΤἸἮᾼΞΟΜ
1861 281 2090 338 llOlllL.
2132 282 2371 340 LXXXI.
2410 283 2483 338 al.
2524 282 2784 338 LXXXII.

3562 283 3666 338 735

2079 395 2334 465 spirando
2362 397 2601 462 immisit,
2629 406 2684 454 et
2706 398 2867 469 plane
2893 397 3162 478 superayit
3191 399 3360 453 illum.
3385 399 3667 466 Quomodo

2079 496 2258 541 autem
2284 488 2328 542 si
2357 489 2552 558 pascha
2583 489 2958 553 comedebant,
2986 500 3171 543 contra
3207 490 3380 559 legem
3410 490 3460 544 id
3501 490 3664 544 facie-

2079 576 2244 632 bant?
2270 577 2385 632 Non
2433 578 2575 633 enim
2623 580 2992 636 recumbentes
3033 581 3314 649 oportebat
3353 582 3644 636 comedere
3747 607 3751 612 -

2079 667 2216 735 Quid
2243 683 2372 738 ergo
2409 668 2736 724 dicendum?
2765 670 2913 739 Ipsos
2937 678 3219 742 postquam
3249 673 3445 740 pascha
3487 687 3668 726 come-

2081 759 2307 827 dissent,
2347 760 2544 817 deinde
2585 761 2894 820 recubuisse
2922 765 2990 819 ad
3020 765 3363 822 casnandmn.
3393 767 3545 820 Alius
3573 781 3668 819 au-

2084 858 2190 905 tem
2217 853 2541 922 evangelista
2581 855 2676 917 ait,
2701 855 2844 924 quod
2871 869 3092 924 vespera
3122 856 3212 910 illa
3253 864 3357 910 non
3386 856 3546 910 modo
3571 870 3636 908 co
3653 884 3670 898 ο

2083 944 2312 998 mederit
2332 945 2550 1014 pascha,
2580 945 2676 1000 sed
2711 945 2870 1000 etiam
2898 945 3094 1002 dixerit
3123 965 3137 1001 :
3169 945 3437 1001 Desiderio
3464 947 3664 1002 deside-

2083 1035 2193 1088 ravi
2220 1037 2316 1088 hoc
2342 1038 2532 1106 pascha
2553 1037 2862 1091 manducare
2885 1039 3135 1092 uobiscum
3169 1039 3317 1108 (Luc.
3345 1040 3434 1094 2‘2.
3464 1041 3583 1108 l5);
3614 1038 3666 1092 id

2086 1135 2190 1191 est,
2222 1125 2325 1181 hoc
2351 1142 2512 1182 anno.
2555 1127 2771 1196 Quare?
2813 1127 2944 1196 Quia
2971 1137 3098 1183 tunc
3133 1129 3278 1183 orbis
3305 1132 3450 1184 salus
3495 1130 3670 1185 futura

2088 1227 2223 1281 erat,
2252 1220 2502 1290 mysteria
2522 1219 2797 1285 tradenda,
2822 1219 2991 1273 tristia
3014 1234 3109 1289 per
3125 1229 3351 1274 mortem
3379 1221 3669 1288 solvenda;

2089 1309 2168 1364 sic
2191 1309 2265 1364 illi
2291 1324 2421 1364 crux
2452 1326 2515 1364 ex
2544 1320 2669 1365 voto
2701 1310 3008 1366 accedebat.
3045 1311 3240 1365 Verum
3286 1311 3436 1366 illam
3477 1316 3669 1368 innua-

2092 1415 2214 1452 nem
2247 1400 2410 1454 feram
2438 1399 2570 1454 nihil
2601 1400 2880 1471 mitigavit,
2915 1400 3046 1454 nihil
3068 1400 3235 1455 ﬂexit.
3266 1400 3357 1454 Va:
3389 1414 3566 1456 autem
3597 1403 3675 1457 illi

2084 1484 2220 1544 dixit
2291 1489 2378 1546 bis
2441 1493 2621 1548 verbis
2679 1510 2694 1547 :
2751 1489 2840 1544 Va:
2863 1491 3056 1544 homini
3087 1491 3186 1545 illi.
3210 1490 3425 1546 Terruit
3452 1485 3670 1562 quoque

2091 1585 2239 1639 illum
2292 1584 2740 1642 dicenszBonunt
2775 1581 2823 1635 ei
2859 1589 2994 1645 erat,
3031 1579 3076 1633 si
3141 1594 3290 1637 natus
3337 1600 3435 1637 non
3475 1585 3672 1652 fuisset.

2086 1669 2304 1727 Pudore
2342 1685 2468 1728 eum
2508 1669 2692 1734 afficit,
2739 1669 2968 1731 dicens,
3008 1665 3110 1721 Cui
3144 1681 3237 1736 ego
3286 1665 3507 1719 tinctam
3547 1663 3676 1716 buc-

2087 1749 2280 1817 cellant
2333 1777 2636 1833 perrexere.
2690 1763 2760 1812 At
2826 1757 2965 1811 nihil
3023 1756 3218 1810 horum
3277 1756 3456 1825 ipsum
3516 1768 3677 1807 coer-

2089 1854 2246 1922 cuit,
2284 1855 2380 1910 sed
2416 1852 2576 1921 quasi
2624 1849 2840 1906 insania
2883 1859 3074 1916 captus
3111 1856 3196 1902 est
3232 1846 3474 1900 avaritiae
3502 1887 3517 1910 ,
3563 1844 3676 1897 imo

2094 1945 2336 2014 graviore
2364 1943 2553 1999 morbo
2596 1951 2897 2013 correptus.
2943 1941 3077 1996 Nam
3107 1941 3321 2012 gravior
3361 1950 3507 1994 certe
3533 1939 3679 1993 furor

2096 2045 2198 2089 est.
2228 2031 2364 2100 Quid
2398 2034 2542 2088 enim
2585 2047 2836 2102 umquam
2885 2029 3060 2086 simile
3101 2029 3287 2085 furens
3317 2027 3478 2082 homo
3515 2027 3677 2082 fecit?

2096 2125 2212 2182 Non
2255 2125 2532 2180 emittebat
2573 2123 2661 2178 hic
2706 2137 2952 2192 spumam
2995 2137 3061 2176 ex
3097 2135 3213 2188 ore,
3264 2119 3360 2176 sed
3401 2117 3683 2174 emittebat

2100 2217 2309 2274 Domini
2336 2215 2536 2271 cuidem
2566 2230 2580 2269 :
2610 2230 2716 2268 non
2747 2212 3028 2282 torquebat
3057 2227 3269 2278 manus,
3291 2211 3387 2266 sed
3419 2212 3533 2266 illas
3556 2220 3680 2267 ten-

2099 2308 2277 2373 debat,
2309 2314 2365 2361 ut
2387 2306 2677 2376 pretiosum
2705 2299 3017 2374 ﬁnguinem
3047 2302 3320 2357 venderet.
3355 2301 3481 2357 ideo
3509 2301 3684 2372 major

2101 2401 2249 2456 furor
2276 2408 2413 2463 erat,
2444 2399 2568 2466 quia
2605 2412 2766 2452 sanus
2789 2395 3020 2451 furebat.
3046 2393 3156 2450 Sed
3197 2408 3304 2449 non
3330 2393 3566 2464 loquitur
3595 2395 3683 2447 in-

2100 2493 2268 2557 sulsa,
2299 2492 2482 2547 dices?
2519 2489 2721 2560 Ecquid
2749 2488 3006 2544 insulsius
3033 2488 3124 2541 illa
3168 2501 3325 2552 voce,
3352 2485 3494 2552 Quid
3532 2485 3686 2540 uultis

2101 2585 2226 2638 mihi
2250 2584 2392 2649 dare,
2421 2589 2466 2635 et
2494 2597 2584 2649 ego
2603 2579 2739 2634 vobis
2764 2579 2962 2632 tradam
2988 2577 3146 2632 eum?
3171 2577 3421 2632 Dia-holds
3449 2576 3686 2631 insonuit

2103 2689 2202 2744 per
2223 2688 2284 2728 os
2307 2674 2443 2740 ejus.
2470 2671 2574 2727 Sed
2612 2685 2716 2724 non
2743 2669 3006 2738 percussit
3041 2677 3242 2723 terram
3270 2667 3494 2737 pedibus
3517 2666 3720 2722 ealei-'

2105 2766 2291 2819 trans?
2318 2763 2388 2818 Et
2409 2770 2610 2832 quanto
2636 2762 2827 2817 melius
2853 2759 3154 2826 calcitrare,
3185 2774 3344 2830 quam
3369 2759 3448 2814 sic
3476 2767 3686 2814 rectum

2105 2853 2417 2911 stare?Sed
2453 2853 2718 2924 lapidibus
2739 2851 2975 2922 seipsum
3011 2865 3119 2906 non
3154 2856 3414 2921 percussit
3433 2851 3460 2905 ?
3490 2851 3688 2907 Verum

2107 2956 2307 3016 quanto
2329 2943 2524 3000 melius
2561 2942 2614 2998 id
2640 2941 2848 3006 fuisset,
2872 2955 3029 3010 quam
3057 2940 3164 2995 tale
3201 2939 3407 2995 facinus
3434 2939 3693 3011 aggredi?

2183 3036 2337 3090 Avari
2376 3035 2646 3089 deteriores
2688 3032 3035 3087 daemoniacis.
3057 3060 3129 3071 —
3155 3030 3329 3085 Vultis
3369 3031 3423 3085 in
3453 3031 3693 3086 medium

2108 3125 2436 3182 adducamus
2458 3125 2818 3178 dacmonlacos
2856 3132 2911 3176 et
2933 3133 3146 3187 avaros,
3178 3129 3234 3175 et
3265 3129 3518 3190 utrosque
3540 3135 3691 3175 com-

2109 3215 2400 3288 paremus?
2441 3215 2548 3272 Sed
2593 3228 2752 3269 nemo
2793 3213 2847 3268 id
2887 3213 2940 3267 in
2983 3213 3065 3267 sui
3090 3211 3467 3267 contumeliam
3495 3220 3693 3266 vertat.

2110 3307 2228 3364 Non
2271 3306 2412 3363 enim
2443 3315 2690 3360 naturam
2725 3303 3023 3374 culpamus,
3067 3300 3324 3356 sed‘rem
3365 3300 3694 3370 huiusmodi.

2111 3400 2412 3471 Numquam
2454 3396 2818 3452 daemoniacus
2855 3394 3096 3450 vestibus
3139 3392 3396 3457 induitur,
3429 3391 3702 3463 lapidibus

2112 3493 2347 3562 seipsum
2367 3489 2600 3553 credens,
2629 3501 2694 3542 ac
2720 3501 2816 3557 per
2841 3486 2980 3540 invia
3019 3494 3075 3541 et
3097 3498 3287 3556 aspera
3307 3484 3420 3539 loca
3445 3499 3696 3550 currens,

2113 3582 2464 3638 vehementer
2499 3595 2530 3633 a
2567 3579 2813 3633 daemone
2839 3586 3011 3632 actus.
3053 3576 3244 3630 Annon
3288 3573 3404 3630 huic
3430 3573 3700 3630 horrenda

2116 3674 2409 3734 videntur?
2437 3670 2576 3742 Quid
2612 3684 2743 3741 ergo
2764 3669 2809 3724 si
2835 3667 3181 3724 ostendamus
3208 3682 3400 3722 avaros
3430 3667 3514 3722 his
3539 3667 3696 3723 dete-

2115 3766 2308 3830 riores,
2353 3763 2535 3833 pejora
2581 3761 2638 3817 in
2681 3759 2914 3815 animam
2963 3773 3114 3815 suam
3143 3767 3376 3827 patrare,
3425 3766 3588 3826 atque
3625 3759 3702 3811 ita

2130 3853 2339 3924 pejora,
2359 3861 2419 3906 ut
2443 3853 2559 3907 haec
2581 3851 2743 3906 ludus
2766 3864 2890 3906 esse
2911 3847 3239 3908 videantur?
3267 3845 3460 3902 Nonne
3494 3846 3718 3916 fugieu.

2133 3946 2297 4000 talem
2317 3943 2567 3999 morbum
2587 3943 2610 3996 ?
2625 3943 2760 4013 Age,
2776 3939 3207 4010 videamuszquis
3219 3953 3410 4013 eorum
3424 3937 3496 3993 sit
3511 3937 3717 3991 tolera-

2133 4035 2320 4090 bilior.
2335 4034 2480 4089 Nihil
2498 4043 2648 4089 certe
2664 4033 2825 4087 ambo
2840 4031 3123 4086 differunt:
3147 4029 3312 4084 ambo
3327 4013 3475 4082 enim
3487 4041 3716 4082 sexcen-

2119 4129 2189 4184 tis
2208 4125 2365 4182 nudis
2393 4121 2699 4179 hominibus
2726 4126 2854 4176 sunt
2877 4117 3163 4188 turpiores.
3188 4114 3368 4182 Longe
3404 4113 3549 4168 enim
3587 4126 3704 4167 me-

2118 4221 2222 4278 lius
2241 4227 2325 4276 est
2343 4216 2544 4272 nudum
2562 4214 2798 4270 vestibus
2815 4225 2958 4277 esse,
2979 4222 3140 4280 quam
3160 4221 3226 4262 ex
3249 4205 3430 4275 rapina
3461 4204 3702 4259 indutum

2120 4311 2389 4377 incedere,
2421 4308 2562 4363 sicut
2589 4305 2911 4361 bacchantes
2938 4299 3211 4356 incedunt.
3241 4296 3703 4365 Quemadmodum

2120 4403 2264 4460 enim
2290 4401 2367 4456 illi
2398 4400 2576 4455 larvas
2627 4405 2682 4452 et
2715 4404 2892 4450 vestes
2934 4390 3223 4446 furentium
3266 4389 3483 4452 habent,
3531 4388 3609 4441 sic
3649 4395 3707 4442 et

2121 4491 2230 4550 isti.
2281 4494 2360 4547 Ac
2405 4485 2855 4560 quemadmodum
2901 4481 3355 4538 dmmoniacorum
3405 4479 3698 4533 nuditatem

2121 4587 2270 4640 furor
2303 4582 2488 4644 eflicit,
2519 4581 2590 4633 ita
2628 4590 2840 4647 quoque
2865 4583 2919 4628 et
2943 4571 3087 4626 hunc
3125 4570 3378 4624 amictum
3408 4568 3576 4622 furori
3606 4568 3705 4622 tri-

2120 4673 2391 4737 buendum
2415 4684 2610 4726 censeo
2634 4685 2647 4721 :
2670 4666 2762 4735 qui
2801 4663 3029 4717 amictus
3055 4661 3296 4716 nuditate
3327 4658 3439 4728 ipsa
3469 4658 3706 4712 deterior

2121 4777 2222 4824 est.
2255 4765 2311 4820 ld
2335 4763 2479 4834 quod
2511 4761 2634 4814 hinc
2658 4758 3034 4812 demonstrare
3058 4751 3316 4807 conabor.
3348 4749 3518 4815 Quem
3557 4750 3706 4805 enim

2123 4857 2354 4914 maxime
2395 4852 2574 4906 furere
2611 4847 2872 4911 dicamus,
2911 4857 2980 4896 an
3017 4841 3108 4912 qui
3149 4840 3384 4908 seipsum
3422 4837 3598 4904 caedit,
3638 4853 3706 4891 an

2123 4950 2214 5022 qui
2244 4961 2424 5003 secum
2461 4951 2687 4996 caeteros
2711 4951 2900 4991 omnes
2928 4930 3148 4988 obvios?
3176 4930 3397 4986 Planum
3437 4937 3542 4990 est,
3567 4927 3709 4982 hunc

2123 5019 2244 5098 esse
2271 5046 2620 5109 postremum.
2666 5030 2829 5101 Igitur
2873 5027 2948 5082 illi
2985 5039 3106 5080 sese
3146 5022 3436 5086 denudant,
3482 5019 3536 5074 hi
3581 5033 3708 5074 vero

2122 5131 2310 5187 obvios
2353 5139 2562 5181 omnes.
2607 5123 2681 5177 At
2727 5119 2800 5174 illi
2843 5117 3163 5172 vestimenta
3210 5113 3557 5169 discindunt?
3600 5111 3709 5166 Sed

2125 5230 2380 5294 quantum
2414 5213 2762 5272 mallentlazsi
2785 5209 2978 5280 singuli
2999 5209 3313 5264 vemimenta
3334 5221 3431 5259 sua
3456 5203 3707 5268 discindi,

2125 5292 2283 5385 quam
2325 5323 2514 5364 omnes
2558 5306 2660 5359 sibi
2709 5304 2992 5358 facultates
3036 5297 3244 5367 abripi?
3287 5295 3392 5350 Sed
3437 5294 3613 5362 plagas
3653 5292 3709 5348 in

2126 5383 2330 5461 vultum
2383 5416 2489 5463 non
2543 5393 2813 5451 inferunt?
2867 5391 3024 5460 Atqui
3071 5388 3174 5444 hoc
3229 5387 3460 5444 maxime
3511 5383 3711 5438 faciunt

2127 5497 2270 5554 avari
2298 5495 2370 5549 illi
2407 5503 2648 5562 rapaces,
2679 5501 2786 5541 nou
2824 5495 3001 5538 tamen
3027 5495 3232 5547 omnes,
3264 5479 3360 5536 scd
3404 5477 3457 5534 in
3497 5485 3712 5533 ventres

2197 5717 2212 5746 ³
2246 5701 2437 5771 Munia,
2465 5713 2597 5762 Num
2618 5703 2805 5758 sentitis
2831 5703 2925 5755 vim
2937 5699 3127 5755 morbi?
