4076 6142
421 333 650 388 aliorum
674 327 832 387 famis
859 340 917 386 et
938 327 1259 400 paupertatis
1279 328 1554 397 graviores
1583 324 1875 378 immittunt
1907 322 2005 376 do-

426 425 587 479 iores.
616 421 723 479 Sed
748 438 852 478 non
882 420 1126 477 mordent
1144 417 1435 475 dentibus?
1463 417 1674 474 Utinam
1695 414 2007 471 morderent

423 514 694 582 dentibus,
723 522 779 571 et
803 528 908 568 non
936 511 1240 581 rapacitatis
1270 509 1412 576 telis,
1451 523 1571 579 quae
1598 508 1845 578 graviora
1873 505 2005 561 den-

424 607 566 661 tibus
581 615 721 665 sunt.
739 605 873 660 Nam
896 604 1082 658 Dentes
1094 618 1268 658 eorum
1285 618 1429 656 arma
1448 610 1497 657 et
1514 602 1711 671 sagitta
1723 600 1742 669 (
1754 598 1895 654 Psal.
1912 599 2013 654 56.-

421 697 502 768 5-).
539 696 666 752 Uter
691 694 858 765 magis
884 694 1051 768 dolet,
1085 692 1172 761 qui
1203 691 1369 747 semel
1399 690 1701 756 mordetur,
1736 699 1793 745 et
1824 689 2000 743 statim

419 766 658 851 curatur,
688 800 755 839 an
787 766 1113 855 qui'setnper
1134 783 1460 853 paupertatis
1486 781 1736 836 dentibus
1763 779 2003 835 eorrodi-

422 876 544 931 tur?
575 876 863 943 Paupertas
891 874 1087 944 quippe
1131 872 1489 928 iuvoluutaria
1530 870 1748 926 fornace
1778 880 1833 925 et
1871 869 2002 924 feris

419 965 633 1035 gravior
660 974 769 1020 est.
795 963 898 1021 Sed
932 980 1035 1019 non
1068 952 1163 1032 per
1187 963 1396 1018 deserta
1425 971 1687 1032 vagantur
1713 972 1768 1015 ut
1801 960 2001 1015 daemo-

420 1056 595 1111 niaci?
626 1055 835 1110 Utinam
858 1071 953 1124 per
982 1054 1221 1119 deserta,
1249 1068 1353 1108 non
1390 1068 1486 1122 per
1509 1053 1670 1108 urbes
1697 1062 1999 1118 currerent,

419 1158 475 1204 et
504 1158 629 1203 tunc
647 1163 835 1203 omnes
859 1147 946 1218 qui
976 1147 1028 1200 in
1052 1145 1270 1200 urbibus
1295 1154 1417 1198 sunt
1445 1145 1497 1198 in
1523 1144 1702 1215 quiete
1722 1144 1995 1214 degerent,

420 1255 564 1296 nunc
588 1254 718 1292 vero
750 1239 852 1292 illis
877 1236 1125 1291 ontuibus
1148 1234 1590 1291 intolerabiliores
1617 1243 1762 1298 sunt,
1795 1234 1916 1303 quia
1946 1233 1998 1286 in

421 1331 638 1386 urbibus
668 1331 783 1383 haec
806 1328 1022 1390 faciunt,
1051 1325 1191 1397 quod
1218 1326 1292 1381 illi
1322 1326 1374 1381 in
1394 1324 1642 1391 desertis,
1670 1326 1814 1395 ipsas
1841 1324 2001 1379 urbes

420 1439 474 1477 ιιι
505 1423 718 1476 deserta
760 1428 1046 1485 mutantes,
1082 1434 1148 1473 ac
1176 1418 1318 1472 velut
1357 1418 1410 1473 in
1454 1417 1671 1472 deserto
1712 1416 1803 1472 ubi
1842 1432 2000 1470 nemo

417 1519 673 1571 cohibere
706 1522 905 1587 potest,
933 1515 1011 1570 sic
1037 1514 1274 1569 omnium
1305 1512 1442 1567 bona
1473 1510 1863 1582 depraedantes.
1894 1509 1998 1564 Sed

418 1608 608 1662 obvios
653 1622 756 1661 non
785 1606 1053 1675 lapidibus
1075 1604 1329 1677 cedunt?
1355 1603 1419 1658 Et
1444 1600 1575 1673 quid
1616 1600 1756 1655 hoc?
1787 1604 1828 1654 A
1869 1601 1993 1669 lapi-

418 1697 575 1753 dibus
603 1697 744 1751 enim
784 1696 885 1750 sibi
924 1709 1117 1750 cavere
1160 1693 1316 1748 facile
1351 1693 1505 1756 est‘;
1550 1678 1668 1758 quae
1705 1678 1854 1755 vero,
1877 1684 2009 1744 cnut'

417 1790 600 1845 charta
629 1798 683 1842 et
709 1799 1008 1842 atramento
1032 1787 1242 1841 miseris
1269 1784 1588 1854 pauperibus
1618 1784 1837 1837 vulnera
1865 1783 1996 1836 iule-

416 1892 562 1945 runt,
593 1880 818 1935 schedns
849 1879 997 1933 mille
1027 1878 1192 1948 plagis
1210 1885 1430 1931 onustas
1455 1875 1855 1938 concinnantes,
1881 1870 1999 1945 quis

417 1973 585 2043 possit
606 1972 796 2027 obvius
822 1985 1014 2026 cavere
1041 1980 1095 2024 et
1119 1968 1399 2025 avertere?

486 2065 543 2120 4.
586 2064 874 2118 Videamus
901 2071 1081 2118 autem
1111 2070 1244 2130 quot
1268 2060 1370 2116 sibi
1410 2058 1542 2129 ipsis
1578 2059 1717 2112 mala
1744 2056 1997 2115 inferunt.

416 2158 551 2213 Nudi
592 2156 862 2212 ambulant
902 2171 996 2225 per
1040 2154 1491 2210 urbemtvestem
1541 2155 1739 2222 quippe
1790 2151 2008 2206 virtutis

415 2266 524 2307 non
564 2251 780 2305 habent.
802 2247 953 2317 Quod
983 2248 1029 2303 si
1054 2248 1102 2304 id
1131 2247 1238 2301 illis
1269 2256 1422 2315 turpe
1448 2261 1555 2300 non
1581 2244 1817 2300 videatur
1851 2258 1999 2309 esse,

414 2341 518 2396 hoc
555 2355 620 2395 es
669 2339 858 2409 grandi
900 2338 1104 2393 insania
1154 2337 1420 2406 procedit,
1468 2336 1610 2406 quod
1654 2335 1996 2403 ignominiam

415 2447 523 2487 non
551 2433 818 2499 sentiant;
858 2431 953 2488 sed
980 2445 1205 2500 corpore
1231 2430 1363 2485 nudi
1395 2430 1738 2493 erubescunt,
1764 2428 2013 2491 animam,

412 2540 544 2581 vero
573 2523 769 2579 nudam
793 2522 1233 2579 circumferentes
1258 2521 1569 2591 gloriantur.
1610 2519 1668 2574 Si
1708 2518 1867 2576 vultis
1903 2536 1996 2574 au-

413 2628 543 2682 tem,
566 2632 663 2672 cur
684 2615 888 2689 nullum
914 2628 1134 2675 sensum
1159 2612 1388 2668 habeam
1404 2614 1425 2645 ²
1455 2611 1650 2667 dicam.
1679 2611 1808 2683 Qua:
1837 2611 1996 2683 igitur

412 2722 575 2764 causa
607 2707 728 2762 est?
777 2705 921 2762 inter
971 2704 1172 2760 multos
1217 2704 1390 2761 nudos
1434 2703 1722 2768 nudantur,
1769 2704 1995 2773 ideoque

410 2814 521 2854 non
563 2797 908 2863 erubescunt,
953 2804 1015 2851 ut
1054 2810 1227 2866 neque
1262 2809 1362 2850 nos
1400 2795 1453 2851 in
1493 2795 1720 2850 balneis.
1756 2793 1908 2861 Quod
1947 2795 1994 2849 si

410 2889 563 2944 inulti
593 2900 773 2944 essent
798 2888 995 2944 virtute
1036 2888 1226 2954 induti,
1270 2886 1443 2956 major
1471 2887 1601 2956 ipsis
1632 2888 1805 2957 pudor
1828 2896 1992 2944 esset.

409 2982 561 3040 Nunc
585 2993 761 3039 autem
793 2982 917 3038 illud
945 2981 1175 3036 maxime
1201 2980 1449 3051 laerymis
1477 2979 1695 3049 dignum
1723 2989 1826 3045 est,
1853 2979 1992 3050 quod

409 3089 532 3128 cum
566 3073 722 3127 multi
742 3073 849 3128 sint
874 3073 1023 3135 mali,
1056 3071 1234 3127 nullus
1257 3079 1344 3125 est
1378 3070 1548 3140 pudor
1571 3086 1636 3125 ex
1664 3071 1826 3126 malo.
1857 3070 2007 3138 Cum;

410 3165 530 3220 aliis
552 3166 695 3219 enim
725 3168 828 3220 hoc
862 3165 1024 3221 etiam
1049 3162 1175 3218 fecit
1201 3162 1465 3229 diabolus,
1492 3170 1550 3217 ut
1573 3176 1746 3233 neque
1769 3176 1990 3218 sensum

411 3256 671 3311 malorum
694 3257 857 3310 ullum
884 3255 1158 3322 habeant;
1184 3266 1346 3326 utque
1373 3272 1438 3312 ex
1465 3255 1827 3324 improborqu
1854 3254 1992 3319 mul-

411 3347 636 3403 titudine
656 3347 827 3417 pudor
844 3348 1128 3418 obtegatur
1156 3365 1171 3403 :
1198 3363 1321 3403 nam
1352 3348 1404 3403 si
1425 3349 1482 3402 in
1506 3347 1844 3403 multitudine
1871 3345 1992 3414 phi-

408 3439 755 3506 losophorum
795 3448 1119 3504 versaretur,
1165 3453 1315 3494 suam
1356 3438 1448 3494 ille
1486 3436 1779 3492 nuditatem
1823 3438 1993 3507 magis

409 3539 614 3585 nosset.
644 3530 868 3584 Planum
912 3545 1043 3599 ergo
1079 3537 1164 3584 est
1199 3529 1320 3584 illos
1360 3528 1704 3584 dannouiacis
1738 3543 1860 3583 esse
1901 3544 1994 3581 nu-

408 3619 617 3684 diores;
649 3619 790 3690 quod
816 3627 993 3675 autem
1034 3618 1249 3675 deserta
1280 3620 1395 3676 loca
1422 3618 1783 3689 frequentem,
1832 3635 1993 3677 nemo

408 3725 557 3769 certe
595 3713 886 3784 negaverit.
931 3713 1063 3768 Lata
1107 3712 1305 3784 quippe
1344 3724 1401 3769 et
1426 3712 1676 3782 .Spatiosa
1718 3712 1799 3767 via
1843 3712 1997 3769 omni.

406 3804 623 3861 deserto
654 3805 919 3862 desertior
955 3814 1060 3862 est.
1100 3805 1214 3861 Etsi
1245 3819 1476 3876 namque
1517 3803 1749 3859 viatores
1793 3802 1990 3857 multos

406 3896 636 3965 habeat,
681 3897 777 3952 sed
821 3897 1093 3952 hominem
1145 3896 1389 3952 nullum:
1433 3909 1618 3951 verum
1669 3902 1986 3964 serpentes,

405 3987 739 4055 scorpiones,
762 3987 935 4055 lupos,
957 3987 1189 4056 viperas,
1208 3985 1442 4055 aspidas.
1467 3985 1627 4040 Tales
1649 3986 1845 4055 quippe
1859 3992 1989 4047 sunt

406 4077 443 4131 ii
480 4077 570 4147 qui
601 4077 891 4146 nequitiam
932 4086 1227 4131 sectantur.
1258 4076 1385 4132 Haec
1410 4091 1517 4131 non
1555 4076 1769 4132 deserta
1811 4076 1986 4130 solum

404 4179 509 4238 est,
536 4169 629 4224 sed
658 4171 817 4224 etiam
838 4169 1102 4238 asperior.
1134 4168 1190 4226 Id
1217 4168 1358 4239 quod
1386 4168 1513 4224 hinc
1541 4168 1712 4237 palam
1728 4175 1813 4223 est
1841 4189 1855 4223 :
1879 4182 1989 4221 non

403 4260 548 4314 enim
594 4259 818 4328 lapides,
864 4266 1154 4328 praerupta,
1201 4258 1477 4313 cacumina
1522 4257 1876 4315 ascendentes
1915 4257 1987 4310 ita

404 4350 661 4414 lacerant,
689 4356 748 4402 ut
791 4348 975 4417 rapina
1013 4356 1070 4403 et
1094 4347 1318 4402 avaritia
1345 4348 1550 4402 animas
1574 4363 1693 4417 qua:
1720 4347 1862 4401 illam
1899 4348 1987 4401 ad-

402 4441 642 4494 mittunt.
685 4437 837 4507 Quod
864 4445 1042 4493 autem
1083 4438 1224 4492 circa
1265 4436 1511 4507 sepulcra
1539 4439 1699 4492 vitam
1743 4447 1902 4508 agant
1929 4446 1989 4491 ut

403 4531 737 4596 daemoniaci,
770 4533 880 4586 imo
919 4531 1093 4600 potius
1124 4529 1266 4600 quod
1301 4529 1403 4599 ipsi
1443 4530 1686 4601 sepulcra
1710 4529 1839 4594 sint,
1861 4528 1987 4585 hinc

402 4623 741 4680 manifestum
760 4632 865 4678 est.
893 4621 1032 4691 Quid
1057 4621 1202 4677 enim
1228 4629 1314 4678 est
1332 4621 1676 4691 sepulcrum?
1705 4621 1864 4692 Lapis
1892 4620 1984 4692 qui

403 4725 736 4772 mortuorum
778 4730 1003 4786 corpora
1038 4715 1301 4771 continet.
1332 4713 1393 4769 In
1433 4729 1541 4785 quo
1579 4728 1710 4786 ergo
1732 4714 1986 4771 differunt

401 4812 615 4867 illorum
660 4823 887 4881 corpora
929 4808 998 4863 ab
1039 4807 1344 4879 hujusmodi
1377 4806 1676 4878 lapidibus?
1715 4807 1828 4862 lmo
1868 4806 1984 4864 htec

403 4903 510 4957 illis
548 4902 934 4958 miserabiliora
973 4909 1117 4955 sunt.
1148 4900 1263 4955 Non
1292 4900 1436 4955 enim
1466 4900 1602 4969 lapis
1646 4907 1732 4954 est
1754 4898 1985 4954 cadaver

400 4994 702 5057 continens,
746 4991 843 5046 sed
885 5005 1078 5060 corpus
1115 4989 1383 5060 lapidibus
1423 4988 1802 5054 insensibilius,
1840 5005 1986 5044 mor-

364 5080 381 5087 ’
404 5094 547 5140 tuam
577 5082 960 5139 circumferens
982 5082 1235 5137 animam.
1256 5080 1617 5148 Quamobrem
1640 5095 1746 5136 non
1771 5080 1986 5136 aberrat

400 5177 447 5233 si
474 5177 594 5248 quis
614 5175 736 5231 illos
756 5173 999 5244 sepulcra
1027 5173 1318 5228 vocaverit.
1348 5171 1480 5227 Nam
1518 5172 1776 5227 Dominus
1798 5181 1984 5228 noster

400 5282 480 5324 sic
506 5266 720 5323 Iudaeos
761 5266 1010 5326 vocavitt:
1054 5263 1282 5334 ideoque
1320 5262 1595 5334 subiunxit
1622 5279 1638 5318 :
1669 5261 1982 5317 lntrinsecns

399 5360 583 5430 rapina
624 5367 671 5415 et
697 5358 912 5414 avaritia
948 5357 1086 5429 pleni
1121 5367 1239 5412 sunt
1267 5354 1482 5427 (Matth.
1522 5355 1614 5409 25.
1650 5352 1767 5425 25).
1812 5353 1984 5409 Vultis

398 5450 614 5507 domum
651 5448 932 5507 ostendam
965 5447 1238 5522 quomodo
1262 5446 1529 5518 lapidibus
1565 5445 1739 5516 capita
1765 5459 1863 5502 sua
1896 5444 1981 5501 fe-

476 5662 495 5730 ξ
522 5660 785 5730 [littere],
813 5661 999 5730 lapides
1018 5662 1150 5730 enim
1168 5663 1311 5730 facile
1332 5672 1408 5730 est
1422 5668 1649 5730 eﬂ'ugere.

474 5720 497 5755 ⁹
514 5720 626 5780 Alii,
652 5734 739 5771 cur
761 5720 941 5774 tamam
962 5720 1308 5789 impudentiam
1329 5720 1546 5782 Itabeiiut".

1264 216 1320 273 s.
1349 213 1626 273 summa
1664 209 2137 283 CllRYSOSTOtll
2177 212 2489 271 ARCIIIEP.
2531 217 3063 282 CONSTANTINOP.

2111 323 2285 378 tiant?
2313 320 2633 386 Undenatn?
2659 332 2765 388 Sed
2797 337 2971 403 primo
2996 338 3082 392 dic
3110 339 3237 392 mihi
3267 339 3407 395 unde
3430 341 3538 398 hoc
3565 348 3698 401 velis

2108 414 2336 484 dixcere,
2358 433 2388 471 a
2420 423 2855 490 prmscntibusne,
2886 442 2954 481 an
2981 445 3010 483 a
3038 427 3275 484 futuris“!
3297 432 3367 484 At
3396 430 3696 491 futurorum

2108 504 2183 598 illi
2204 521 2307 561 non
2326 524 2568 589 magnam
2591 514 2849 570 rationem
2868 517 3093 573 habent:
3111 518 3178 574 de
3192 524 3549 590 pra-sentibus
3567 542 3697 598 ergo

2108 596 2451 669 loquendum.
2474 602 2678 670 Quibus
2704 605 2968 676 lapidibus
2985 612 3255 680 graviores
3278 628 3381 666 non
3407 624 3532 668 sunt
3552 596 3695 672 curae

2106 688 2233 756 illm,
2264 708 2384 761 quae
2405 710 2509 748 non
2541 697 2715 766 capita
2747 698 2963 764 feriunt,
2987 702 3080 755 sed
3107 702 3340 756 animam
3366 704 3705 764 corroduutf

2115 778 2327 835 Timent
2346 783 2509 848 enim,
2534 801 2601 839 ne
2617 789 2737 854 jure
2759 803 2821 842 ex
2844 788 3005 843 domo
3023 799 3217 845 exeant
3243 792 3328 845 illa
3356 809 3475 865 quae
3494 796 3692 863 injuste

2106 882 2253 939 parta
2294 882 2451 939 sunt;
2487 885 2724 931 extrema
2766 877 3083 945 formidant,
3127 883 3459 951 irascuntur,
3505 897 3703 941 contra

2103 974 2255 1025 suos,
2298 974 2482 1016 contra
2528 977 2813 1021 extraneos
2856 969 3129 1024 irritantur
3159 988 3173 1025 :
3203 988 3418 1035 maeror,
3465 985 3691 1041 tremor,

2105 1047 2252 1127 furor
2278 1052 2377 1106 sibi
2410 1065 2596 1109 mutuo
2634 1058 2943 1125 succedunt,
2977 1070 3031 1114 et
3053 1063 3203 1131 quasi
3234 1077 3264 1116 a
3305 1065 3600 1134 pra3cipitio
3637 1067 3690 1120 in

2105 1141 2455 1211 prareipitium
2507 1154 2882 1213 transeuntes,
2947 1165 3067 1220 quae
3124 1151 3359 1206 nondum
3413 1154 3700 1223 possident

2104 1232 2341 1299 quotidie
2379 1244 2713 1304 exspectant.
2754 1236 3090 1308 Quapropter
3127 1254 3301 1311 neque
3331 1242 3543 1311 placent
3582 1243 3689 1301 illis

2102 1338 2167 1377 ea
2206 1340 2325 1394 quae
2353 1327 2645 1395 possident,
2675 1328 2816 1398 quod
2859 1339 2973 1384 tuto
3017 1333 3217 1387 servari
3262 1349 3366 1387 non
3395 1335 3688 1403 conﬁdant,

2103 1411 2353 1483 quodque
2392 1425 2505 1470 toto
2548 1416 2727 1471 animo
2750 1419 2816 1472 ad
2847 1435 2931 1485 ea,
2975 1436 3095 1489 quae
3126 1422 3359 1477 nondum
3390 1425 3697 1493 possident,

2103 1502 2374 1558 anhelent.
2399 1507 2475 1559 Ac
2497 1506 2943 1576 quemadmodmn
2972 1509 3015 1564 is
3035 1511 3123 1579 qui
3144 1510 3391 1566 diuturna
3418 1515 3504 1567 siti
3529 1530 3695 1569 vexat

2106 1600 2190 1646 tus
2213 1602 2317 1658 est,
2349 1595 2556 1650 etiamsi
2591 1597 2786 1652 multos
2807 1601 3115 1654 exhauserit
3139 1602 3337 1667 fontes,
3362 1606 3687 1674 voluptatem

2104 1699 2209 1739 non
2239 1686 2420 1749 sentit,
2452 1686 2595 1754 quod
2624 1688 2805 1741 satiari
2836 1698 3102 1758 nequeat:
3136 1691 3205 1744 ita
3234 1702 3288 1746 et
3311 1691 3360 1744 hi
3393 1708 3497 1745 non
3529 1693 3688 1748 modo

2106 1792 2211 1830 non
2247 1777 2600 1844 delectantur,
2646 1778 2737 1832 sed
2767 1794 2832 1833 eo
2872 1783 3039 1848 magis
3077 1782 3381 1836 cruciantur
3406 1799 3511 1853 quo
3538 1784 3693 1853 plura

2105 1876 2304 1932 tenent,
2329 1867 2467 1937 quod
2492 1867 2667 1922 nullus
2697 1869 2766 1922 sit
2791 1868 3094 1938 cupiditatis
3123 1871 3263 1926 linis.
3290 1873 3353 1927 Et
3374 1872 3490 1928 bare
3513 1891 3694 1944 quand

2104 1968 2213 2011 tum
2253 1957 2318 2012 ad
2347 1959 2628 2028 praesentia
2658 1977 2674 2014 :
2708 1975 2848 2014 nunc
2877 1960 2945 2016 de
2964 1958 3141 2015 futuro
3179 1962 3269 2017 illo
3294 1963 3380 2017 die
3419 1965 3682 2019 dicamus.

2102 2049 2249 2106 Licet
2272 2053 2410 2105 enim
2449 2050 2524 2105 illi
2553 2068 2656 2106 non
2688 2051 2997 2117 attendant;
3026 2060 3080 2107 at
3103 2067 3284 2122 operae
3317 2056 3543 2123 pretium
3584 2056 3709 2111 erit'

2101 2141 2169 2197 de
2199 2141 2292 2195 illo
2319 2142 2516 2196 dicere.
2553 2143 2608 2196 ln
2651 2142 2829 2197 futuro
2869 2143 3044 2214 itaque
3070 2143 3158 2199 d'rc
3187 2145 3526 2215 undique—illi
3554 2162 3680 2202 crtr-

2100 2231 2401 2284 ciabuntur.
2450 2228 2582 2285 Nam
2625 2246 2748 2286 cum
2777 2230 2938 2298 'dixit,
2987 2230 3210 2300 Esuriri,
3247 2243 3295 2287 et
3334 2250 3435 2287 non
3480 2233 3689 2289 dedistis

2100 2321 2225 2374 mihi
2268 2321 2591 2386 manducare,
2644 2322 2796 2386 sitivi,
2847 2332 2892 2375 et
2933 2338 3033 2376 non
3084 2333 3258 2393 potum
3313 2325 3436 2378 mihi
3482 2326 3703 2379 dedistis:

2104 2411 2316 2482 (Matth.
2360 2412 2454 2468 ‘25.
2499 2412 2616 2484 42),
2651 2414 2734 2468 his
2762 2412 2939 2468 verbis
2966 2414 3226 2483 castigat;
3272 2424 3326 2471 et
3368 2430 3489 2469 eum
3535 2416 3686 2481 dicit,

2100 2502 2182 2558 Ite
2215 2505 2268 2558 in
2314 2505 2477 2576 ignem
2504 2515 2749 2558 (sternam
2779 2514 3014 2575 paratum
3060 2504 3262 2559 diabolo
3288 2504 3449 2574 (Ibid.
3491 2523 3540 2560 υ.
3568 2506 3699 2575 4|):

2098 2610 2193 2652 eos
2238 2597 2329 2667 qui
2374 2596 2512 2651 male
2557 2597 2721 2667 partis
2763 2595 2963 2650 divitiis
3006 2594 3234 2652 afﬂuunt
3262 2596 3355 2653 illo
3398 2599 3578 2653 mittit.
3619 2598 3697 2652 Er

2099 2705 2291 2745 servus
2321 2689 2410 2744 ille
2440 2704 2690 2758 nequam,
2733 2687 2823 2759 qui
2852 2690 3126 2743 conservis
3165 2689 3303 2743 bona
3332 2689 3535 2744 domini
3575 2707 3700 2745 nou'

2099 2781 2338 2851 largitur,
2370 2780 2421 2834 iu
2447 2781 2634 2834 eadem
2661 2788 2745 2835 est
2781 2777 2991 2846 classe;
3022 2796 3227 2836 necnon
3259 2781 3303 2835 is
3331 2786 3450 2852 quis
3478 2783 3567 2852 qui
3601 2792 3683 2837 ta-

2098 2872 2300 2927 lentum
2330 2871 2562 2938 suiﬁuﬁt,
2607 2882 2660 2926 et
2698 2872 2933 2942 quinque
2959 2872 3209 2942 virgines.
3238 2872 3305 2927 Et
3343 2889 3695 2944 quocumque:

2096 2963 2316 3028 abieris,
2354 2977 2545 3016 avaros
2573 2962 2732 3032 pl‘ecti
2773 2961 2996 3017 videbis.
3046 2966 3133 3017 Ac
3154 2978 3294 3018 nunc
3335 2964 3550 3033 quidem
3580 2976 3678 3017 au-

2095 3051 2264 3118 dient,
2300 3052 2466 3108 Chaos
2503 3062 2577 3108 est
2600 3053 2730 3106 inter
2766 3068 2859 3106 nos
2884 3061 2931 3107 et
2973 3067 3059 3107 vos
3082 3051 3232 3125 (an.
3262 3055 3349 3109 l6.
3381 3053 3511 3125 26):
3541 3071 3681 3110 nunc

2107 3136 2351 3196 Becedite
2391 3160 2429 3196 α
2468 3160 2548 3196 me
2593 3144 2650 3195 in
2690 3157 2859 3211 ignem
2900 3139 3099 3210 [vetns]
3138 3150 3428 3205 paratum;
3471 3150 3527 3196 et
3558 3150 3686 3198 tunc

2100 3230 2151 3283 in
2176 3229 2320 3283 duas
2333 3239 2511 3299 partes
2535 3227 2863 3283 discissi‘illo
2890 3228 3041 3283 ibunt
3069 3227 3159 3282 ubi
3187 3228 3385 3285 stridor
3416 3227 3691 3292 dentium,

2097 3333 2261 3392 atque
2285 3322 2521 3391 undique
2551 3321 2686 3391 pulsi
2711 3320 3053 3388 videbuntur,
3085 3333 3348 3391 nusquam
3376 3321 3552 3376 locum
3581 3322 3691 3374 lia--

2099 3414 2287 3468 beutes
2315 3413 2413 3466 uisi
2445 3414 2498 3466 in
2525 3413 2787 3479 gehenna.

2169 3503 2223 3558 5.
2267 3503 2415 3558 Stma
2437 3502 2564 3571 ﬁdes
2583 3518 2683 3557 non
2701 3500 2904 3573 prodest
2926 3499 3036 3556 sine
3052 3500 3380 3571 operibus.—
3395 3498 3532 3568 Quid
3552 3514 3689 3569 ergo

2098 3592 2255 3649 nobis
2276 3608 2405 3647 sana
2447 3591 2580 3647 fides
2619 3591 2861 3661 proderit
2895 3589 2963 3646 ad
2992 3590 3245 3656 salutem,
3271 3604 3390 3645 cum
3430 3589 3546 3644 hmo
3587 3605 3687 3642 au-

2095 3686 2343 3742 diemus?
2387 3685 2521 3750 lllic,
2565 3683 2764 3738 stridor
2802 3682 3064 3747 dentium,
3095 3681 3333 3737 tenebrat
3359 3680 3689 3743 exteriores,

2096 3790 2152 3834 et
2205 3778 2341 3848 ignis
2394 3784 2613 3847 paratus
2657 3773 2892 3838 diabolo,
2945 3772 3210 3837 diseissio,
3260 3771 3546 3840 expulsio;
3594 3770 3682 3825 hie

2096 3884 2245 3934 vero,
2293 3866 2603 3931 inimicitiae,
2629 3864 2931 3928 calumniae,
2965 3863 3227 3933 pericula,
3265 3862 3681 3929 sollicitudines,

2096 3958 2337 4024 insidiae,
2384 3958 2565 4013 odium
2614 3955 2876 4019 onmium,
2906 3954 3233 4009 abominatio
3276 3954 3416 4024 apud
3463 3969 3671 4017 omnes,

2093 4053 2255 4107 etiam
2277 4066 2372 4106 eos
2395 4050 2483 4119 qui
2511 4047 2718 4104 adulari
2742 4046 3006 4102 videmur.
3034 4045 3186 4102 Sicut
3208 4046 3353 4104 enim
3381 4045 3551 4101 bonos
3571 4059 3686 4101 non

2093 4142 2221 4199 boni
2247 4141 2442 4208 solum,
2466 4138 2561 4195 sed
2591 4138 2753 4193 etiam
2783 4135 3011 4206 improbi
3037 4135 3338 4192 mirantur:
3369 4135 3449 4191 sie
3475 4137 3683 4205 impro-

2095 4235 2192 4290 bos
2216 4247 2322 4287 non
2347 4230 2473 4285 boni
2503 4236 2730 4293 tantum,
2751 4227 2844 4282 sed
2869 4227 3032 4282 etiam
3060 4224 3290 4297 improbi
3309 4224 3433 4280 odio
3453 4225 3679 4282 habent.

2093 4324 2222 4392 Quae
2245 4337 2335 4378 res
2361 4321 2497 4375 adeo
2521 4333 2648 4373 vera
2675 4325 2779 4383 est,
2813 4326 2872 4372 ut
2911 4330 3101 4372 avaros
3144 4316 3291 4386 ipsos
3330 4315 3559 4371 libenter
3598 4317 3682 4370 in-

2096 4425 2387 4486 terrogem,
2418 4426 2598 4466 annon
2640 4410 2778 4465 alter
2815 4407 2971 4463 alteri
3016 4407 3221 4462 invisus
3265 4408 3355 4468 sit.
3384 4414 3441 4462 et
3478 4407 3525 4461 si
3568 4422 3681 4461 non

2094 4506 2317 4578 perinde
2342 4504 2450 4560 sint
2476 4504 2616 4558 inter
2641 4516 2702 4556 se
2732 4499 2955 4568 inimici,
2985 4513 3051 4555 ac
3076 4497 3123 4553 si
3166 4512 3233 4554 se
3269 4509 3454 4553 mutuo
3491 4497 3680 4554 admo-

2091 4601 2218 4656 dum
2245 4598 2531 4660 lzesissent,
2562 4607 2743 4649 annon
2779 4607 2839 4648 se
2866 4599 3053 4646 mutuo
3091 4589 3465 4654 criminentur,
3495 4603 3679 4645 annon

2091 4674 2473 4748 cuntumeliam
2516 4700 2631 4740 rem
2671 4684 2863 4754 ipsam,
2907 4695 3067 4752 quam
3093 4686 3278 4750 agunt,
3324 4692 3445 4734 esse
3488 4679 3678 4733 existi-

2090 4789 2260 4847 ment,
2289 4794 2411 4835 cum
2439 4776 2561 4847 quis
2590 4774 2697 4830 illis
2730 4773 2834 4827 hoc
2861 4770 3207 4842 opprobrium
3235 4768 3439 4839 objicit.
3463 4768 3677 4838 Oppre-

2091 4873 2267 4929 brium
2286 4870 2482 4941 quippe
2518 4867 2620 4921 hoc
2642 4873 2726 4921 est
2747 4872 3076 4927 extremum,
3093 4869 3150 4917 et
3182 4874 3410 4915 summa:
3432 4859 3679 4929 maligni-

2093 4963 2217 5019 tatis
2239 4967 2633 5032 argumentum.
2662 4955 2799 5012 Nam
2837 4954 2883 5010 si
2923 4952 3181 5024 pecunias
3200 4960 3547 5007 contemnere
3569 4964 3677 5005 non

2092 5063 2264 5125 potes,
2292 5048 2564 5121 quomodo
2593 5047 2780 5103 vinces
2803 5043 3318 5115 concupiscentiam,
3341 5055 3532 5096 vanam
3559 5040 3678 5111 glo-

2090 5146 2248 5208 riam,
2279 5140 2536 5205 furorem,
2561 5138 2737 5194 iram?
2762 5137 2830 5193 Et
2853 5134 3133 5208 quomOdo
3162 5134 3282 5204 quis
3308 5132 3393 5187 his
3430 5133 3485 5188 in
3513 5132 3678 5188 rebus

2090 5232 2467 5304 obtemperet?
2493 5229 2630 5285 Nam
2656 5226 3148 5297 concupiscentiam
3175 5238 3495 5293 corporum,
3518 5221 3675 5288 iram,

2092 5325 2363 5392 furorem,
2396 5322 2575 5379 carnis
2625 5318 2985 5389 complexioui
3042 5316 3317 5381 tribuunt,
3376 5312 3677 5383 medicique

2092 5419 2218 5474 huic
2255 5415 2647 5472 vehementiam
2672 5421 2915 5468 motuum
2942 5408 3289 5474 adscribunt;
3333 5405 3676 5462 calidiorem.

2090 5523 2194 5581 que
2218 5516 2273 5564 et
2299 5505 2655 5561 humidiorem
2701 5502 2956 5556 lascivum
2984 5513 3106 5555 esse
3138 5504 3343 5568 putant,
3370 5510 3496 5552 eum
3524 5509 3676 5561 vero,

2090 5601 2180 5670 qui
2209 5599 2432 5655 sicciore
2458 5596 2530 5651 sit
2555 5593 2891 5663 intemperie,
2920 5590 3222 5656 ardentem,
3261 5586 3597 5653 iracundum,
3622 5596 3676 5642 et

2093 5692 2372 5750 furiosum.
2423 5690 2496 5744 Dc
2526 5686 2749 5743 avaritia
2796 5694 2977 5743 autem
3021 5683 3156 5740 nihil
3198 5681 3389 5740 horum
3418 5680 3614 5738 dicitur
3641 5693 3673 5735 ιι
