4076 6142
309 388 418 446 737

320 501 566 556 medicis.
587 497 680 555 Si:
703 513 772 555 ea
803 497 1020 569 ignavia
1041 505 1249 552 tantum
1274 505 1330 551 et
1355 479 1518 552 animi
1545 503 1766 566 stupore
1791 495 1906 550 haec

317 589 580 662 argritudo
623 590 883 646 nascitur.
911 588 1270 655 Quamobrem
1317 601 1527 657 precor,
1565 585 1681 641 hmc
1725 585 1905 641 omnia

317 682 691 745 tititendcmus,
713 689 1050 749 cmterosque
1070 677 1232 732 animi
1263 678 1480 731 morbos
1501 678 1590 745 qui
1611 675 1903 734 secundum

317 783 531 828 aetatem
553 773 828 837 accidunt,
852 773 903 828 in
927 771 1256 836 contrarium,
1275 768 1682 824 transferamus.
1695 768 1756 824 Si
1777 781 1906 824 vero

317 880 413 933 per
458 865 697 934 singulas
733 866 856 918 vita:
897 873 1076 932 partes
1108 858 1406 931 navigando
1447 860 1660 914 virtutis
1691 858 1906 917 labores

307 957 638 1020 rdevitemus,
670 965 724 1010 et
749 954 944 1024 ubique
974 951 1248 1022 naufragia
1280 950 1559 1016 facientes,
1586 949 1654 1004 ad
1692 958 1904 1021 portum

319 1048 650 1118 appellamus
701 1045 958 1100 sarcinis‘
1009 1042 1378 1112 spiritualibus
1431 1041 1618 1107 vacui,
1663 1050 1906 1096 extrema

312 1142 611 1212 «patiemur.
659 1139 905 1194 Praesens
932 1137 1132 1207 quippe
1152 1136 1260 1190 vita
1292 1134 1518 1204 pelagus
1533 1139 1618 1189 est
1644 1132 1899 1202 amplum.

317 1234 384 1287 Et
413 1234 552 1287 sicut
595 1231 650 1286 in
681 1230 783 1285 hoc
826 1230 961 1285 mari
1001 1227 1136 1283 varii
1179 1237 1304 1282 sunt
1348 1227 1518 1290 sinus,
1545 1225 1636 1294 qui
1664 1225 1904 1279 diversas

317 1323 516 1378 habent
552 1328 932 1392 tempestates:
959 1318 1308 1390 Egteumque
1333 1331 1485 1372 mare
1513 1332 1541 1371 a
1574 1316 1748 1372 ventis
1769 1315 1910 1370 infe-

321 1425 528 1480 statur;
555 1415 895 1489 Tyrrhenum
913 1413 1438 1484 tntum-angustum
1467 1419 1580 1473 est;
1607 1407 1909 1479 Charybdis

322 1522 470 1570 vero,
489 1522 609 1576 qua:
626 1515 711 1560 est
733 1505 879 1559 circa
899 1504 1122 1575 Lybiam
1152 1503 1224 1558 ob
1252 1502 1430 1558 brevia
1461 1499 1700 1572 pericula
1719 1499 1904 1562 oll’ert;

316 1595 606 1666 Propontis
647 1605 811 1650 extra
841 1593 1394 1658 Euxinum-Pontum,
1437 1598 1510 1648 ob
1555 1592 1811 1661 impetum
1854 1595 1910 1644 'et

319 1689 712 1744 vehementiam
748 1703 932 1758 aquae;
975 1703 1097 1757 qua:
1124 1683 1665 1754 cxtra.Gades,'quod
1691 1684 1908 1754 pelagus

317 1779 452 1834 illud
497 1781 567 1834 sit
596 1779 1050 1846 infrequentatum
1089 1785 1146 1833 et
1189 1777 1450 1846 ignotum,
1477 1775 1704 1843 aliisque
1746 1773 1908 1828 maris

319 1879 503 1938 partes
529 1869 601 1924 ob
628 1868 762 1924 alias
790 1882 983 1924 causas
1011 1883 1028 1920 :
1072 1865 1153 1923 sic
1178 1875 1232 1922 et
1261 1867 1313 1921 in
1337 1867 1444 1921 vita
1483 1873 1667 1921 nostra
1692 1863 1904 1920 accidit.

319 1961 666 2029 Primumque
690 1961 912 2032 pelagus
939 1969 1023 2014 est
1043 1959 1445 2029 puerilismas,
1479 1970 1601 2027 quae
1629 1956 1909 2011 multisest

316 2051 726 2120 tempestatibus
751 2051 1001 2116 obnoxia,
1028 2050 1102 2104 ob
1142 2048 1577 2118 imprudentiam,
1595 2047 1907 2102 facilitatem

317 2142 562 2206 nimiam,
590 2155 884 2210 parumque
919 2141 1076 2194 lixam
1107 2139 1361 2195 indolem.
1399 2139 1630 2206 Ideoque
1660 2137 1908 2206 ptedngo-

313 2250 416 2303 gos
437 2243 490 2287 et
512 2231 765 2287 doctores
807 2230 988 2301 pueris
1016 2230 1322 2294 statuimus,
1348 2229 1441 2298 qui
1470 2227 1688 2300 idquod
1732 2229 1781 2282 in
1809 2242 1908 2279 ua-

313 2335 436 2379 tura
468 2324 650 2380 deficit
673 2324 980 2393 suppleam,
1005 2330 1066 2376 ut
1089 2321 1143 2376 in
1174 2320 1304 2376 mari
1327 2334 1422 2390 per
1447 2325 1620 2374 artem
1641 2317 1910 2387 guberna-

314 2417 536 2471 toriam.
567 2417 692 2471 Post
723 2416 860 2468 hanc
886 2421 1099 2468 aetatem
1130 2409 1517 2481 adolescentia:
1540 2421 1695 2463 mare
1717 2421 1907 2462 succe-

312 2508 422 2575 dit,
451 2508 537 2562 ubi
566 2507 714 2560 venti
745 2506 1112 2564 vehementes.
1140 2511 1198 2556 ut
1240 2502 1293 2556 in
1337 2497 1544 2568 Egteo’
1570 2497 1726 2561 mari,-
1753 2503 1907 2551 aucta

313 2614 514 2668 stctupe
557 2596 1014 2667 concupiscentia.
1058 2593 1116 2648 In
1163 2593 1262 2648 hac
1301 2593 1531 2646 maxime
1574 2597 1734 2644 :utate
1772 2601 1909 2642 rara:

381 2795 402 2826 ⁸
429 2791 488 2843 In
512 2790 674 2841 Morel.
699 2803 800 2839 non
820 2789 1004 2854 legitur
1027 2801 1139 2846 vox,
1159 2782 1382 2836 sarcinis.

1243 379 1309 438 IN
1345 372 1752 438 MAT'I'HIEUM
1786 375 2020 438 HOMIL.
2053 379 2318 439 LXXXII.
2359 384 2432 440 al.
2473 380 2752 440 LXXXIII.

3485 385 3589 440 753

2006 505 2128 550 sunt
2157 497 2594 562 emendationcs;
2627 513 2730 552 non
2760 493 2918 552 modo
2941 499 3076 568 quod
3107 498 3196 552 illa
3225 498 3594 556 vehementius

2007 588 2342 658 exagitetur;
2372 590 2466 644 sed
2489 589 2629 660 quod
2656 598 2874 660 peccata
2895 605 3002 643 non
3024 599 3440 658 redarguantur;
3467 602 3597 646 ttme

2009 675 2148 731 enitr
2181 679 2368 732 doctor
2395 689 2448 732 et
2477 679 2793 749 paedagogus
2827 679 3386 736 abscesserttnt.rCum
3417 684 3596 749 itaque

2009 779 2156 823 veutt
2187 769 2558 824 vehementius
2587 771 2800 835 reﬂant,
2832 772 2877 825 si
2903 771 3230 841 gubernator
3255 773 3325 827 sit
3353 773 3592 827 imbecil-

2011 859 2132 926 lior,
2156 875 2421 929 nemoque
2450 861 2629 931 sitqui
2653 862 2946 916 subsidium
2975 863 3182 928 an‘erat,
3203 863 3374 933 cogita
3401 874 3596 933 quanta

2009 953 2082 1006 sit
2111 953 2447 1021 tempestatis
2476 951 2806 1022 magnitudo.
2831 953 2965 1006 Huic
2989 953 3233 1010 succedit
3255 951 3420 1008 altera
3442 962 3594 1019 tetas,

2008 1059 2128 1112 qua:
2153 1053 2238 1098 est
2263 1044 2522 1104 virorum,
2545 1044 2604 1096 in
2631 1059 2733 1111 qtta
2765 1042 2841 1097 rei
2872 1042 3152 1097 familiaris
3175 1043 3592 1106 administratio,

2011 1143 2123 1188 tum
2162 1149 2300 1189 uxor
2338 1133 2572 1198 ducitur,
2619 1131 2772 1187 liberi
2823 1141 3197 1200 procreantur,
3227 1131 3421 1186 domus
3466 1147 3594 1186 cura

2010 1226 2234 1295 geritur,
2281 1224 2530 1294 milleque
2577 1222 2965 1279 sollicitudines
3007 1222 3411 1290 superveniunt.
3445 1221 3598 1274 Tunc

1981 1318 2244 1372 maxime
2268 1318 2450 1386 vigent
2475 1316 2696 1370 avaritia
2727 1323 2783 1370 et
2821 1313 3038 1370 invidia.
3079 1312 3136 1367 Si
3167 1312 3328 1383 igitur
3363 1313 3598 1382 singulas

2010 1409 2132 1463 vita;
2187 1418 2368 1478 partes
2418 1423 2540 1462 cmn
2599 1405 2890 1476 naufragiis
2937 1404 3275 1468 emetiamur,
3326 1403 3598 1470 quomodo

1975 1508 2334 1568 promentem
2383 1499 2547 1551 vitam
2603 1494 2990 1550 transibimus?
3039 1493 3308 1562 quomodo
3359 1491 3597 1546 futurum

2009 1589 2328 1657 supplicium
2371 1586 2705 1641 vitabimus?
2751 1586 2805 1642 Si
2832 1587 2976 1641 enim
3006 1584 3057 1638 in
3085 1584 3256 1652 prima
3285 1591 3442 1638 mtate
3469 1576 3600 1636 nihil

1985 1680 2127 1733 sani
2152 1678 2518 1740 didicerimus,
2549 1677 2600 1730 in
2635 1677 2924 1744 iuventute
2950 1676 3294 1730 continenter
3321 1689 3428 1728 non
3456 1676 3602 1728 visc-

2011 1771 2203 1834 ritnus,
2235 1765 2441 1822 virilem
2481 1767 2661 1836 adepti
2705 1774 2918 1820 aetatem
2963 1766 3240 1819 avaritiam
3270 1779 3378 1819 non
3407 1765 3601 1821 vicerio

2013 1875 2167 1923 mus;
2199 1862 2250 1913 io
2279 1868 2610 1914 senectutem
2650 1857 2802 1927 quasi
2842 1857 2894 1910 in
2925 1857 3191 1912 sentinam
3223 1856 3453 1921 devecti,
3476 1870 3599 1911 cum

2015 1966 2110 2018 per
2140 1950 2238 2026 hos
2266 1965 2452 2003 omnes
2477 1950 2628 2017 quasi
2661 1949 2878 2018 laqueos
2921 1948 3114 2002 animae
3161 1947 3462 2001 naviculam
3493 1947 3598 2000 imo

2016 2041 2342 2096 hecilliorem
2397 2040 2812 2105 reddiderimus,
2859 2038 3163 2109 tabulisque
3209 2038 3499 2102 dissolutis,
3533 2038 3600 2093 ad

2015 2132 2162 2185 illutn
2188 2142 2401 2200 portum
2443 2131 2840 2193 devenerimus,
2874 2142 2972 2198 pro
3011 2127 3378 2198 spiritualibus
3405 2131 3601 2183 merci-

2015 2225 2116 2278 bus
2158 2224 2382 2278 multum
2435 2230 2837 2291 comportantes
2888 2221 3056 2275 lutum
3100 2239 3114 2275 :
3157 2220 3370 2276 diabolo
3413 2221 3600 2282 risum.

2016 2315 2171 2369 noh's
2219 2313 2419 2366 luctum
2472 2312 2798 2381 parabimus,
2829 2311 3292 2381 intolerabiliaque
3339 2312 3600 2381 supplicia

2014 2404 2320 2459 atl‘eremus.
2348 2403 2424 2458 Ne
2451 2403 2629 2472 itaque
2658 2403 2774 2457 lure
2799 2403 2928 2456 ﬁant
2971 2417 3070 2456 nos
3095 2401 3328 2472 undique
3354 2403 3602 2458 munien-

1985 2531 1992 2534 -
2017 2502 2116 2560 les,
2148 2496 2511 2566 adversusque
2539 2509 2732 2548 omnes.
2763 2495 2926 2548 animi
2964 2493 3183 2548 morbos
3208 2503 3432 2560 stantes,
3463 2494 3603 2549 divi-

2014 2590 2208 2642 tiarum
2229 2587 2576 2656 cupiditatem
2605 2586 2904 2655 eiiciamus,
2925 2593 2987 2638 ut
3010 2585 3182 2639 futura
3212 2597 3604 2655 consequamur

2013 2679 2177 2738 bona,
2208 2682 2376 2746 gratia
2411 2686 2466 2729 et
2495 2675 2824 2744 benignitate
2869 2672 3080 2727 Domini
3123 2671 3248 2728 Jesu
3277 2674 3491 2738 Christi,
3518 2672 3604 2729 cui

2017 2767 2188 2837 gloria
2221 2767 2272 2819 in
2300 2766 2492 2819 smcula
2519 2765 2861 2819 saeculorum.
2894 2765 3088 2817 Amen.

319 2894 3603 2938 ________________._____——————-—————-————-——————-

1322 2977 1669 3043 HOMILIA
1711 2975 2036 3039 LXXXII.
2081 2975 2168 3037 al.
2213 2973 2570 3036 LXXXIII.

319 3140 454 3196 Car.
520 3137 612 3194 26.
662 3151 720 3190 ν.
765 3135 856 3191 26.
923 3132 1246 3188 (latrantibus
1301 3139 1469 3183 autem
1520 3126 1664 3190 illis,
1717 3121 1912 3190 accepit

395 3232 546 3285 Iesus
575 3245 778 3299 panem,
810 3236 855 3280 et
883 3225 1074 3295 gratias
1109 3238 1282 3292 agens,
1319 3219 1467 3290 fregit
1495 3216 1728 3283 deditque
1753 3210 1908 3264 disci-

399 3322 554 3390 pulis,
601 3329 649 3373 et
695 3319 768 3370 uit
803 3333 822 3371 :
867 3317 1106 3384 Accipite,
1146 3311 1427 3373 comedite;
1467 3309 1560 3362 hoc
1606 3315 1677 3359 est
1727 3316 1911 3370 corpus

397 3428 584 3466 meum.
607 3409 699 3464 27.
728 3408 789 3462 Et
813 3406 1065 3476 accipiens
1094 3405 1320 3459 calicem.
1353 3400 1544 3471 gratias
1558 3398 1679 3467 egit,
1710 3404 1755 3448 et
1774 3392 1912 3446 dedit

397 3506 490 3566 eis,
522 3503 693 3555 dicens
718 3516 740 3554 .'
778 3499 940 3552 Bibite
970 3514 1032 3550 ex
1057 3496 1150 3550 hoc
1179 3511 1372 3548 cumet.
1409 3492 1500 3547 28.
1536 3489 1636 3544 llic
1679 3497 1750 3542 est
1776 3486 1912 3540 enim

399 3596 608 3667 sanguis
637 3610 776 3646 utens
815 3591 928 3644 novi
970 3588 1269 3647 testatttenti.
1299 3586 1383 3657 qui
1415 3600 1506 3656 pro
1533 3581 1706 3637 multis
1742 3577 1912 3647 edim-

395 3686 551 3739 detur
577 3685 631 3737 in
646 3681 995 3737 remissionem
1022 3688 1357 3749 peccatorum.

405 3827 458 3880 1.
502 3823 682 3892 Papm,
711 3828 904 3890 quanta
941 3815 1152 3872 cmcitas
1181 3810 1502 3884 proditoris!
1543 3806 1912 3880 Mysterlorum

327 3932 578 3982 consors,
603 3914 740 3968 idem
763 3909 1092 3982 permansit;
1123 3915 1178 3961 et
1200 3905 1325 3959 dum
1349 3897 1622 3956 tremenda
1655 3898 1916 3952 frueretur

335 4024 542 4072 mensa,
573 4023 677 4061 non
731 4012 963 4058 mutatus
1010 4007 1113 4056 est.
1147 3998 1210 4052 Et
1261 3996 1363 4051 hoc
1412 3994 1582 4049 Lucas
1632 3988 1914 4061 signiﬁcat,

327 4101 544 4160 d'i-ens,
580 4105 694 4164 post
747 4093 861 4148 hu'c
901 4093 953 4146 iu
985 4105 1106 4144 eum
1139 4089 1437 4158 ingressum
1469 4083 1633 4138 fuisse
1677 4089 1917 4135 satanam

332 4189 490 4257 (an.
516 4187 608 4241 22.
639 4188 694 4256 '5)
721 4203 736 4239 ε
780 4199 884 4238 non
913 4180 1054 4253 quod
1080 4179 1406 4234 dominicum
1453 4187 1649 4244 corpus
1673 4170 1918 4248 despice-

334 4292 442 4342 ret,
458 4279 551 4332 sed
575 4277 713 4346 quod
738 4273 1125 4344 impudentiam
1155 4264 1444 4340 proditoris
1469 4265 1735 4321 irrideret.
1753 4259 1921 4332 Maius

333 4372 480 4423 enim
539 4375 813 4436 penatium
853 4366 1102 4430 utrinque
1155 4361 1310 4416 ﬁebat
1338 4376 1353 4413 :
1381 4357 1602 4426 etquod
1652 4367 1773 4411 cum
1829 4351 1922 4420 tali

334 4465 520 4517 animo
544 4461 610 4515 ad
641 4460 891 4531 mysteria
923 4455 1222 4517 accederet,
1257 4461 1312 4508 et
1340 4451 1480 4522 quod
1507 4465 1629 4504 cum
1658 4447 1920 4503 accessis-

340 4561 446 4616 set,
477 4565 578 4605 nec
609 4549 822 4614 timore,
868 4563 967 4602 nec
1008 4541 1290 4607 beneﬁcio,
1335 4555 1436 4596 nec
1484 4538 1689 4594 honore
1733 4536 1926 4592 melior

337 4642 613 4698 evaderet.
641 4639 886 4695 Christus
929 4651 1057 4691 vero
1104 4633 1312 4689 etiamsi
1359 4630 1538 4685 omnia
1587 4637 1788 4694 nosset,
1817 4641 1922 4681 non

344 4733 649 4802 prohibuit;
682 4741 737 4784 ut
773 4730 947 4784 discas
988 4729 1160 4795 ipsum
1202 4723 1336 4778 nihil
1366 4735 1551 4776 eorum
1603 4718 1924 4789 praetermit-

342 4801 481 4888 tere,
503 4838 620 4892 quze
647 4822 711 4875 ad
751 4801 1183 4875 emendationem
1226 4813 1530 4870 conferunt.
1574 4810 1698 4866 Ideo
1720 4819 1775 4865 et
1802 4819 1927 4864 ante

343 4928 394 4970 et
439 4925 617 4985 postea
647 4914 955 4985 lrcqucnter
975 4912 1146 4981 ipsum
1171 4909 1376 4962 monuit
1396 4921 1457 4960 ac
1479 4904 1714 4968 retinuit,
1729 4899 1924 4967 verbis,

342 5005 620 5076 operibus,
653 5004 865 5068 timore,
912 5002 1094 5065 minis,
1138 4999 1344 5053 honore
1385 5003 1438 5050 et
1461 4995 1627 5049 culttt.
1660 4991 1766 5048 Sed
1798 4991 1929 5047 nihil

343 5113 468 5152 cum
495 5112 523 5150 τι
555 5108 658 5149 tam
701 5097 847 5166 gravi
876 5095 1065 5148 morbo
1096 5090 1328 5145 reduxit.
1358 5087 1559 5143 Idcirco
1598 5083 1688 5140 illo
1713 5082 1927 5140 demum

345 5191 554 5254 relicto,
580 5187 856 5255 discipulis
886 5201 981 5255 per
1009 5183 1265 5254 mysteria
1299 5193 1484 5234 necem
1515 5189 1667 5232 Suam
1696 5189 1932 5231 comme-

337 5295 452 5334 mm
467 5287 542 5340 ut,
572 5287 622 5330 ct
664 5275 804 5328 inter
831 5273 1150 5330 coenandum
1196 5271 1264 5324 de
1302 5282 1460 5324 cruce
1505 5265 1759 5336 loquitur,
1792 5280 1929 5334 pra:-

333 5369 597 5426 dictionis
628 5365 920 5435 frequentia
953 5363 1255 5434 passionem
1287 5376 1437 5415 suam
1468 5360 1698 5414 toleratu
1729 5358 1932 5412 facilio-

336 5478 462 5516 rem
513 5458 767 5515 reddens.
816 5457 948 5511 Nam
997 5458 1041 5509 si
1069 5465 1193 5526 post
1219 5464 1296 5508 tot
1325 5467 1411 5508 res
1452 5464 1631 5524 gestas
1659 5464 1710 5508 et
1739 5451 1934 5522 prmdi-

288 5616 300 5622 ,
381 5555 553 5608 tiones
586 5548 782 5604 turbati
814 5555 958 5614 sunt,
981 5547 1026 5602 si
1069 5545 1203 5601 nihil
1232 5545 1425 5597 horum
1451 5545 1777 5607 audisscnt‘,
1808 5541 1934 5612 quid

339 5660 454 5700 non
495 5642 706 5714 passuri
753 5638 944 5698 erant?
974 5637 1040 5692 Et
1085 5637 1505 5693 manducantibua
1535 5635 1638 5690 illis
1685 5634 1936 5705 accipiens

416 5802 434 5832 ¹
463 5801 574 5862 Alit,
599 5813 641 5851 at
664 5810 725 5849 ne
747 5796 856 5848 Ita'c
879 5791 1071 5858 qm'dem
1093 5791 1365 5854 audissent;
1390 5807 1483 5845 non
1512 5796 1657 5843 male.

2016 3131 2199 3188 panem
2228 3117 2399 3191 fregit.
2424 3115 2534 3171 Cur
2555 3125 2680 3172 tunc
2711 3124 2950 3186 tempore
2977 3115 3244 3186 paschatis
3271 3115 3376 3173 hoc
3402 3125 3604 3188 myste-

1996 3211 2157 3268 rium
2201 3209 2536 3265 celebravit?
2579 3209 2652 3266 Ut
2693 3208 2930 3279 undique
2969 3209 3166 3273 discas,
3215 3208 3361 3263 illum
3393 3208 3608 3264 Veteris

2017 3301 2344 3356 Testamenti
2373 3300 2541 3356 fuisse
2566 3299 2945 3371 legislaturem,
2965 3308 3022 3354 et
3044 3314 3108 3354 ea
3134 3314 3256 3368 qua:
3277 3299 3330 3354 in
3359 3299 3452 3355 illo
3479 3309 3606 3354 sunt

2017 3403 2236 3463 propter
2280 3391 2397 3447 haec
2446 3390 2758 3446 adumbrata
2809 3389 2996 3446 fuisse.
3035 3389 3265 3460 Ideoque
3305 3390 3397 3445 ubi
3447 3400 3606 3461 typus

2017 3491 2152 3547 erat,
2183 3481 2255 3536 ibi
2283 3481 2564 3536 veritatem
2589 3479 2888 3536 constituit.
2920 3479 3155 3550 Vespera
3205 3487 3386 3534 autem
3434 3481 3606 3550 pleni.

2000 3575 2218 3634 .tudinis
2243 3584 2542 3645 temporum
2578 3573 2787 3644 signum
2819 3581 2954 3638 erat,
2987 3571 3362 3642 indicabatque
3390 3587 3479 3628 res
3507 3573 3604 3629 de-

2021 3682 2167 3723 mum
2191 3666 2257 3720 ad
2287 3666 2448 3721 tinem
2475 3664 2753 3720 accedere.
2781 3664 3101 3733 Gratiasque
3119 3664 3250 3733 agit,
3277 3663 3478 3719 docens
3505 3678 3607 3718 nos

2018 3756 2290 3828 quomodo
2318 3764 2562 3826 oporteat
2591 3757 2694 3810 hoc
2736 3755 3055 3826 mysterium
3091 3754 3391 3817 celebrare,
3421 3764 3607 3809 osten-

2019 3849 2156 3905 dens
2180 3863 2241 3904 se
2267 3865 2374 3903 non
2403 3847 2626 3900 invitum
2651 3845 2717 3898 ad
2741 3847 3049 3915 passionem
3077 3847 3282 3911 venire,
3299 3845 3610 3899 instituens-

2020 3955 2126 4011 que
2151 3953 2271 4005 nos,
2289 3947 2348 3992 ut
2366 3936 2618 4007 quidquid
2640 3937 2928 4006 patiamur,
2946 3950 3068 3990 cum
3089 3936 3379 4005 gratiarum
3398 3936 3610 3992 actione

2023 4029 2278 4093 feramus,
2312 4029 2615 4096 bonamque
2661 4027 2784 4081 inde
2825 4041 2975 4096 spem
3003 4026 3253 4081 offerens.
3285 4027 3415 4082 Nam
3445 4027 3488 4081 si
3531 4036 3610 4098 ty-

2023 4135 2126 4190 pus
2148 4129 2204 4176 et
2231 4119 2399 4189 figura
2428 4133 2458 4172 a
2493 4127 2638 4172 tanta
2682 4118 2854 4186 potuit
2881 4117 3143 4172 servitute
3169 4116 3416 4183 liberare,
3447 4118 3612 4172 multo

2025 4211 2196 4280 magis
2222 4211 2422 4265 veritas
2443 4209 2632 4263 orbem
2683 4208 2950 4272 liberabit,
2981 4209 3142 4279 inque
3178 4208 3492 4263 beneficium
3522 4225 3606 4278 ge-

2027 4301 2173 4357 neris
2200 4299 2369 4355 nostri
2394 4298 2671 4354 tradetur;
2690 4298 2892 4353 Idcirco
2920 4313 3026 4352 non
3051 4297 3278 4354 antehac
3304 4299 3615 4370 mysterium

2026 4393 2193 4459 dedit,
2221 4392 2316 4448 sed
2341 4407 2463 4446 cum
2494 4391 2688 4469 legalis
2723 4399 2844 4460 post
2885 4389 3003 4445 haec
3027 4397 3299 4444 cessatura
3324 4399 3520 4444 essent.
3554 4389 3613 4443 LI

2028 4493 2188 4555 caput
2233 4485 2630 4539 solemnitatum
2675 4497 2863 4536 eorum
2915 4482 3093 4545 solvit,
3142 4480 3209 4536 ad
3260 4481 3418 4535 aliam
3473 4480 3615 4548 ipsos

2031 4576 2362 4631 transferens
2412 4589 2649 4628 mensam
2699 4571 3174 4637 terribilissimam,
3216 4574 3434 4640 aitque:
3467 4570 3611 4620 Acci-

2033 4669 2156 4736 pite,
2183 4667 2465 4724 comedite;
2491 4666 2584 4717 hoc
2610 4674 2682 4718 est
2710 4678 2896 4732 corpus
2924 4679 3110 4725 meum,
3141 4663 3274 4731 quod
3317 4678 3409 4730 pro
3447 4661 3610 4713 vobia'

2034 4758 2290 4828 frangitur
2317 4753 2524 4822 (l.Cor.
2545 4753 2760 4823 “.21).
2787 4754 2851 4807 Et
2865 4753 3133 4821 quomodo
3150 4767 3254 4806 non
3278 4751 3467 4806 turbati
3494 4760 3611 4802 sunt

2035 4848 2138 4903 hoc
2165 4846 2482 4902 audientes?
2509 4845 2645 4912 Quia
2684 4845 2849 4898 multa
2896 4859 3194 4915 magnaque
3220 4859 3283 4900 ea
3313 4844 3380 4899 de
3421 4859 3480 4899 re
3504 4843 3611 4913 jam

2035 4941 2165 5012 ipsis
2191 4939 2421 4994 dixerat.
2455 4937 2581 4991 Ideo
2607 4951 2712 4990 non
2744 4935 2876 4990 illud
2902 4935 3040 4990 ultra
3085 4935 3300 4998 statuit;
3343 4934 3465 5004 quia
3507 4934 3614 5002 jam

2036 5033 2166 5088 satis
2194 5029 2495 5086 audierant.
2524 5029 2752 5084 Causam
2778 5043 2908 5084 vero
2953 5028 3219 5097 passionis
3248 5027 3398 5094 dicit,
3429 5041 3606 5097 pecca-

2037 5132 2211 5177 torum
2240 5127 2433 5190 nemp‘e
2459 5120 2855 5174 remissionem.
2885 5119 2954 5175 Et
2977 5120 3289 5189 sanguinem
3313 5120 3432 5173 novi
3461 5126 3617 5172 testa-

2031 5213 2202 5270 menti
2230 5219 2411 5275 vocat,
2434 5208 2490 5264 id
2519 5216 2625 5277 est,
2653 5209 3084 5280 pollicitationis,
3116 5221 3273 5262 nova:
3307 5202 3460 5272 legis.
3493 5198 3605 5251 lloc

2037 5303 2180 5360 enim
2199 5303 2309 5370 jam
2333 5302 2465 5355 olim
2493 5300 2757 5370 pollicitus
2785 5308 2922 5364 erat,
2950 5306 3006 5353 et
3026 5312 3220 5352 novum
3245 5303 3616 5350 testamentmn

2038 5393 2343 5449 conﬁrmat.
2373 5393 2451 5446 Ac
2475 5388 2924 5460 quemadmodum
2955 5386 3120 5442 Vetus
3165 5400 3290 5439 oves
3337 5391 3391 5437 et
3427 5379 3618 5434 vitulos

2042 5484 2244 5550 habuit,
2278 5483 2358 5538 sic
2381 5491 2435 5537 et
2458 5482 2559 5536 hoc
2578 5481 2905 5535 dominicum
2938 5475 3271 5550 sanguinem.
3298 5473 3431 5528 Hinc
3457 5471 3618 5526 etiam

2043 5576 2275 5632 ostendit
2314 5590 2373 5630 se
2411 5575 2727 5628 moriturum
2768 5584 2891 5626 esse
2935 5587 2950 5626 :
2997 5568 3119 5624 ideo
3152 5576 3207 5624 et
3247 5572 3620 5620 testamentum

2046 5675 2329 5728 memorat,
2358 5674 2412 5719 et
2451 5663 2645 5718 veteris
2672 5664 2832 5718 etiam
2864 5661 3190 5717 mentionem
3214 5655 3374 5711 facit:
3416 5670 3536 5710 nam
3567 5663 3618 5708 et

2113 5792 2128 5823 ί
2157 5789 2269 5846 Alii.
2291 5803 2382 5855 pro
2405 5787 2584 5838 multis.
