4076 6142
527 465 655 520 illud
679 477 890 532 quoque
920 473 1016 529 per
1035 455 1338 523 sanguinem
1364 449 1664 503 dedicatum
1691 443 1879 532 fuerat.
1899 438 2096 532 lterum

527 524 739 622 quoque
768 524 953 601 mortis
973 557 1186 598 causam
1226 541 1375 604 dicit,
1410 537 1509 601 Qui
1554 551 1644 602 pro
1673 531 1842 622 multis
1869 524 2098 622 effunde-

529 618 612 697 titr
635 618 685 696 in
714 639 1053 694 remissimem
1095 645 1414 704 peccatorum
1444 645 1464 682 .'
1501 630 1698 694 aitque,
1734 621 1843 674 Hoc
1872 619 2020 689 facile
2047 618 2100 668 in

526 749 690 786 meam
728 727 1269 783 commemorationem.
1297 719 1491 774 Viden'
1533 712 1800 784 quomodo
1820 725 1849 762 a
1869 708 2100 763 Judaicis

526 823 756 876 abducat
784 829 839 874 et
864 825 1053 870 avocet
1081 812 1354 867 moribus?
1392 808 1523 862 Nam
1565 806 1703 858 sicut
1730 800 1878 866 illttd,
1909 797 2096 866 inquit,

529 907 883 965 celebrabatis
922 906 974 959 in
1015 899 1580 958 commemorationem
1622 891 1997 948 miraculorum
2045 889 2097 941 in

530 1001 764 1071 Egypto
791 999 1077 1060 editorum,
1107 994 1178 1047 ita
1204 1003 1259 1045 et
1299 992 1399 1044 hoc
1426 990 1478 1042 in
1507 1001 1680 1042 meam
1709 993 2099 1038 commemora-

529 1094 725 1146 tionem
754 1089 930 1142 facite.
959 1085 1088 1140 Illud
1120 1083 1342 1138 eﬁ‘usum
1373 1089 1453 1133 est
1493 1078 1561 1132 ad
1585 1076 1808 1130 salutem
1832 1073 2099 1142 primoge-

533 1181 766 1234 nitorum
813 1194 826 1229 :
878 1176 981 1229 hoc
1020 1173 1088 1227 ad
1134 1171 1505 1227 remissionem
1550 1173 1886 1236 peccatorum
1940 1162 2100 1214 totius

530 1270 696 1324 orbis.
727 1266 829 1320 Hic
856 1274 928 1318 est
965 1264 1096 1317 enim
1123 1261 1328 1330 sanguis
1357 1274 1515 1322 meus,
1545 1255 1734 1324 inquit,
1764 1253 1851 1322 qui
1874 1250 2102 1318 eiunde—

532 1371 614 1414 tur
651 1361 703 1413 in
744 1357 1083 1412 remissionem
1111 1362 1445 1423 peccatorum.
1481 1349 1594 1402 Hoc
1638 1360 1795 1417 porro
1839 1344 1994 1407 dixit,
2043 1350 2101 1396 ut

533 1449 690 1504 simul
717 1447 1018 1500 ostenderet
1056 1443 1354 1512 passionem
1381 1448 1438 1493 et
1474 1452 1687 1491 crucem
1735 1450 1854 1490 esse
1897 1443 2099 1503 myste-

533 1541 694 1600 rium,
721 1548 881 1605 atque
909 1536 1006 1588 bac
1031 1534 1236 1586 ratione
1264 1533 1452 1584 iterum
1478 1526 1765 1595 discipulos
1795 1525 2100 1577 consolare-

535 1642 639 1682 tur.
671 1629 734 1681 Et
761 1629 897 1680 sicut
920 1625 1126 1694 Moyses
1154 1623 1245 1684 ait,
1279 1621 1390 1674 Hoc
1429 1618 1565 1672 vobis
1605 1615 1893 1670 mcmoriale
1911 1613 2099 1683 sempi-

534 1731 728 1772 ternum
759 1717 952 1786 (Exod.
981 1716 1035 1768 '5.
1063 1713 1153 1784 15)
1180 1730 1194 1764 :
1224 1713 1300 1765 sic
1339 1720 1394 1765 et
1418 1710 1551 1779 ipse,
1593 1707 1659 1761 In
1695 1724 1856 1760 meam
1885 1721 2100 1758 comme-

533 1807 859 1861 morationem
889 1803 1056 1875 (Luc.
1089 1802 1180 1855 9.2.
1209 1802 1276 1856 l9
1303 1803 1343 1870 ),
1395 1801 1566 1854 donec
1615 1799 1844 1850 veniam.
1899 1795 2100 1849 idcirco

533 1899 628 1960 ait,
677 1896 935 1950 Desiderio
964 1893 1243 1947 desideraui
1281 1893 1376 1944 hoc
1418 1891 1606 1960 pascha
1655 1887 1999 1949 manducare;
2049 1883 2100 1938 id

532 1995 635 2052 est,
665 1986 816 2039 vobis
839 2001 926 2039 res
943 1998 1108 2038 novas
1133 1982 1363 2043 tradere,
1387 1989 1441 2034 et
1484 1978 1677 2047 pascha
1707 1977 1853 2040 dare,
1879 1991 1985 2045 quo
2006 1988 2101 2029 vos

534 2077 837 2147 Spirituales
865 2075 1108 2128 reddam.
1138 2074 1201 2126 Et
1231 2075 1344 2140 ipse
1378 2086 1587 2139 quoque
1612 2085 1676 2123 ex
1705 2069 1796 2122 illo
1837 2068 1986 2121 bibit.
2025 2065 2102 2121 Ne

535 2172 676 2226 enim
697 2171 809 2223 haec
822 2168 1098 2222 audientes
1113 2166 1348 2221 dicerent
1363 2180 1376 2217 :
1393 2163 1527 2229 Quid
1539 2163 1701 2233 ergo?
1719 2161 2099 2229 sanguinemne

537 2263 786 2324 bibimus,
813 2268 869 2314 et
911 2273 1124 2313 carnem
1175 2257 1590 2310 manducamus?
1630 2265 1685 2309 et
1727 2254 2098 2315 turbarentur;

533 2364 655 2403 nam
690 2363 812 2402 cum
855 2347 952 2400 hac
989 2346 1057 2400 de
1084 2360 1141 2399 re
1181 2345 1343 2399 verba
1395 2346 1609 2408 faceret,
1641 2343 1710 2396 de
1758 2343 1887 2412 ipsis
1927 2343 2102 2397 verbis

535 2440 682 2494 multi
712 2438 896 2493 oll‘ensi
923 2446 1048 2491 sunt
1075 2455 1088 2489 :
1118 2451 1186 2490 ne
1214 2437 1392 2504 itaque
1432 2444 1556 2488 tunc
1596 2435 1956 2500 turbarentur,
1987 2434 2100 2503 pri-

537 2545 658 2584 mus
685 2529 798 2598 ipse
839 2529 941 2581 hoc
978 2526 1124 2590 facit,
1155 2534 1212 2580 ut
1239 2525 1358 2578 illos
1384 2524 1450 2578 ad
1479 2523 1855 2595 mysteriorum
1892 2522 2104 2591 partici-

536 2623 802 2692 pationem
863 2618 1145 2689 tranquillo
1191 2617 1371 2671 animo
1417 2615 1746 2670 subeundam
1807 2615 2100 2669 induceret.

534 2713 659 2768 ldeo
688 2727 814 2782 ergo
849 2725 1004 2765 suum
1051 2710 1170 2778 ipse
1197 2709 1507 2777 sanguinem
1556 2706 1710 2760 bibit.
1741 2706 1875 2774 Quid
1921 2705 2101 2776 igitur,

537 2803 764 2874 inquies,
799 2818 864 2856 an
893 2803 994 2856 hoc
1023 2810 1079 2856 et
1122 2810 1273 2856 vetus
1298 2801 1427 2856 illud
1455 2800 1614 2854 simul
1657 2798 1953 2853 faciendum
1985 2798 2104 2852 est?

531 2893 894 2964 Nequaquam.
920 2892 1044 2946 Ideo
1070 2906 1300 2960 namque
1328 2891 1484 2952 dixit,
1514 2889 1625 2942 Hoc
1645 2891 1813 2959 facile,
1835 2898 1890 2942 ut
1918 2888 1986 2941 ab
2011 2887 2105 2942 illo

531 2984 840 3038 abduceret.
861 2982 991 3036 Nam
1015 2982 1059 3035 si
1085 2981 1184 3035 hoc
1209 2980 1578 3034 remissionem
1603 2989 1938 3048 peccatorum
1959 2977 2102 3042 facit,

533 3082 592 3127 ut
620 3073 779 3127 etiam
808 3071 952 3136 facit,
981 3069 1306 3139 superﬂuum
1333 3069 1435 3123 erit
1461 3068 1610 3122 illud.
1649 3068 1798 3122 Sicut
1825 3081 1952 3136 ergo
1975 3066 2104 3121 olim

532 3162 672 3232 apud
693 3161 926 3227 Judaeos,
945 3163 1022 3216 sic
1042 3169 1098 3215 et
1125 3176 1263 3214 nunc
1287 3174 1500 3228 quoque
1523 3157 1765 3213 beneﬁcii
1791 3157 2104 3211 memoriam

535 3253 791 3323 mysterio
815 3251 1101 3320 colligavit,
1134 3249 1260 3304 hinc
1284 3250 1654 3304 haereticorum
1681 3263 1774 3302 ora
1798 3247 2101 3301 obstruens.

533 3342 668 3396 Cum
697 3341 838 3396 enim
865 3341 1064 3405 dicunt,
1088 3339 1241 3396 Unde
1267 3340 1439 3408 palam
1463 3349 1548 3393 est
1573 3338 1901 3391 immolatum
1941 3336 2104 3390 fuisse

533 3431 844 3486 Christum?
887 3445 1006 3484 cum
1044 3428 1193 3494 aliis,
1243 3429 1402 3482 etiam
1447 3443 1477 3480 a
1523 3426 1818 3497 mysteriis,
1869 3426 2103 3494 ipsarum

531 3519 858 3575 obstruimus
904 3530 1018 3573 era.
1067 3518 1200 3572 Nam
1243 3519 1289 3573 si
1332 3517 1488 3572 Jesus
1536 3531 1641 3570 non
1673 3524 1912 3570 mortuus
1937 3523 2101 3582 esset,

531 3609 688 3681 cujus
713 3609 953 3681 symbola
979 3618 1161 3663 essent
1199 3609 1284 3662 illa
1309 3624 1427 3677 qua:
1454 3606 1788 3662 oﬂ'eruntur‘!

598 3702 654 3756 2.
688 3701 868 3756 Viden’
896 3715 1016 3755 cum
1042 3711 1235 3769 quanta
1264 3713 1392 3754 cura
1419 3698 1694 3768 provisum
1725 3698 1812 3762 sit,
1844 3707 1901 3751 ut
1921 3710 2104 3751 recoro

527 3793 722 3849 demur
747 3807 958 3860 semper
988 3791 1160 3860 ipsum
1188 3807 1287 3861 pro
1311 3791 1466 3846 nobis
1491 3801 1758 3846 mortuum
1786 3804 1906 3844 esse
1925 3789 1950 3842 ‘l
1968 3789 2102 3856 Quia

529 3885 672 3940 enim
700 3884 916 3948 Marcio,
942 3883 1255 3938 Valentinus
1276 3893 1330 3938 et
1354 3883 1534 3938 Manes
1570 3882 1708 3937 hanc
1744 3883 2102 3938 oeconomiam

531 3976 770 4043 negaturi
801 3983 976 4037 erant,
1019 3975 1284 4043 passionis
1311 3975 1627 4029 memoriam
1647 3974 1861 4028 assidue
1887 3981 2104 4028 revocat

531 4066 690 4118 etiam
718 4078 814 4132 per
861 4064 1112 4133 mysteria
1133 4104 1148 4129 ,
1182 4073 1240 4117 ut
1267 4077 1426 4118 nemo
1470 4062 1654 4117 seduci
1682 4064 1867 4132 possit,
1899 4077 2103 4133 perque

529 4170 737 4208 sacram
769 4154 914 4207 illam
959 4168 1206 4207 mensam
1225 4153 1381 4207 simul
1408 4163 1587 4206 servat
1609 4163 1663 4206 et
1692 4153 1944 4206 instituit.
1973 4153 2099 4206 Ete-

531 4245 640 4297 nim
665 4244 796 4298 illud
821 4254 980 4310 caput
1005 4244 1264 4297 bonorum
1295 4251 1398 4297 est.
1429 4243 1554 4296 Ideo
1583 4243 1779 4297 Paulus
1799 4243 2103 4313 frequenter

532 4335 632 4389 hoc
655 4335 868 4402 repetit.
888 4333 1086 4387 Deinde
1113 4343 1388 4402 postquam
1417 4333 1649 4400 tradidit,
1674 4333 1803 4388 dicit
1829 4349 1844 4387 :
1867 4334 1952 4389 29.
1981 4333 2102 4388 Non

530 4424 692 4478 bibant
717 4424 782 4477 de
823 4423 917 4476 hoc
957 4424 1206 4492 genimine
1231 4425 1342 4478 uitis
1370 4440 1528 4491 usque
1559 4425 1611 4478 in
1635 4425 1769 4478 diem
1795 4425 1959 4488 illaut,
1985 4443 2102 4480 cum

528 4515 658 4568 illud
681 4515 845 4569 bibant
873 4530 1054 4568 novum
1079 4514 1328 4569 vobiscum
1354 4516 1406 4570 in
1434 4532 1588 4585 regno
1613 4515 1789 4570 Patris
1824 4517 1940 4569 mei.
1969 4517 2100 4571 Nam

529 4606 649 4674 quia
695 4607 822 4674 ipsis
845 4606 914 4660 de
942 4607 1184 4674 paSsioue
1210 4616 1264 4661 et
1309 4622 1469 4661 cruce
1513 4607 1760 4677 loquutus
1787 4617 1893 4672 est,
1917 4624 2101 4663 resur-

528 4696 780 4750 rectionis
819 4712 1004 4751 rursus
1046 4698 1374 4751 mentionem
1421 4696 1581 4760 facit,
1616 4699 1866 4767 illamque
1898 4699 1982 4752 hic
2010 4713 2099 4753 re-

530 4800 688 4854 gnum
714 4797 888 4840 vocat.
919 4788 986 4840 Et
1013 4803 1177 4855 quare
1202 4797 1319 4856 post
1347 4789 1792 4843 resurreCIiouem
1822 4789 1995 4843 bibit?
2021 4789 2098 4844 Ne

532 4877 772 4930 rudiores
801 4887 1048 4946 putarent
1074 4877 1516 4932 resurrectionem
1568 4893 1688 4932 esse
1734 4879 2086 4946 phantasma;

534 4967 634 5021 hoc
672 4967 812 5020 enim
857 4969 1008 5021 multi
1043 4969 1056 4998 ⁸
1085 4969 1293 5036 signum
1321 4981 1441 5020 esse
1467 4969 1871 5023 resurrectionis
1897 4979 2100 5025 statue-

536 5056 679 5108 bant.
705 5055 828 5110 ldco
857 5059 1079 5126 apostoli
1120 5069 1175 5110 ιιι
1203 5059 1575 5112 resurrectioni
1609 5059 1766 5114 ﬁdetn
1817 5059 2094 5123 facerent,

536 5145 639 5201 hoc
671 5147 916 5202 dicebant
950 5166 963 5201 :
995 5148 1095 5213 Qui
1123 5149 1272 5203 simul
1311 5151 1640 5216 comedimus,
1666 5161 1712 5205 et
1744 5151 1958 5206 bibimus
1983 5169 2100 5206 cum

537 5254 593 5292 eo
641 5237 777 5304 (Act.
827 5239 912 5294 10.
957 5239 1074 5310 41).
1104 5238 1172 5294 Ut
1228 5240 1386 5309 igitur
1419 5242 1702 5308 ostendat,
1747 5243 1890 5312 quod
1929 5243 2100 5312 ipsum

531 5329 672 5384 clare
705 5339 821 5398 post
875 5332 1314 5385 resurrectionem
1347 5331 1506 5385 visuri
1536 5335 1661 5397 sint,
1693 5333 1833 5402 quod
1854 5348 1973 5387 cum
2003 5335 2099 5387 illir

535 5419 710 5471 denuo
731 5420 938 5476 futurus
965 5424 1057 5486 sit,
1089 5433 1142 5476 et
1168 5423 1309 5492 quod
1362 5424 1460 5491 ipsi
1488 5432 1542 5477 et
1570 5439 1632 5478 ex
1662 5425 1798 5486 visu,
1826 5437 1881 5480 ct
1911 5442 1976 5478 ex
2011 5441 2098 5479 re-

537 5506 632 5559 bus
658 5508 723 5560 de
747 5510 809 5560 iis
839 5527 953 5578 qua!
983 5521 1130 5578 gusta
1162 5522 1284 5566 sttttt
1309 5513 1670 5567 testimonium
1699 5515 1802 5568 sint
1823 5516 2098 5581 reddituri,

532 5597 604 5648 ait
629 5613 642 5648 :
675 5596 842 5650 Donec
871 5601 998 5656 illud
1029 5603 1192 5655 bibam
1218 5620 1397 5655 novum
1427 5605 1697 5671 vobiscum,
1721 5607 1873 5662 vobis
1908 5609 2098 5662 testiti-

567 5694 690 5751 'Aili
717 5705 914 5768 habent,
939 5716 1131 5770 t'clett’s,
1161 5725 1264 5772 pro,
1290 5712 1444 5762 mulli.

1191 345 1251 400 s.
1289 337 1566 397 tmNNts
1594 327 2061 388 cuuvsosrout
2104 325 2414 381 ARCiIIEP.
2457 328 2979 385 (IONSTANTINOP.

3669 334 3772 391 ’1411

2203 437 2461 489 cantibus.
2502 437 2607 491 Vos
2647 439 2788 491 enim
2819 455 2904 493 me
2932 439 3180 494 videbitis
3208 450 3484 510 postquam
3535 457 3777 497 resurre-

2205 543 2352 581 χιιι-ο.
2378 529 2512 594 Quid
2543 540 2626 583 est
2651 539 2824 584 autem
2869 530 3020 596 illud,
3053 530 3295 586 Novum?
3322 532 3377 586 Id
3407 541 3510 597 est,
3544 549 3684 585 novo
3721 543 3778 587 et

2203 617 2443 671 inaudito
2467 619 2647 683 modo,
2681 635 2784 674 non
2815 622 2867 674 in
2895 636 3117 690 corpore
3143 623 3400 691 passibili,
3427 623 3520 677 sed
3549 623 3776 677 immor-

2204 707 2292 760 tali
2323 719 2376 761 ct
2407 708 2812 778 iucorruptibili,
2863 726 2962 765 nec
2990 713 3110 766 t-ibo
3153 713 3346 781 egenti.
3379 712 3507 767 Post
3533 727 3780 768 resurre-

2201 799 2435 852 etionem
2479 801 2637 869 igitur
2667 817 2772 854 non
2799 817 2864 856 ex
2895 808 3212 858 necessitate
3240 805 3474 858 comedit
3519 814 3574 859 et
3603 805 3773 872 bibit;

2203 902 2376 956 neque
2402 889 2544 943 enim
2580 891 2642 942 iis
2678 901 2802 944 tunc
2829 891 3018 960 egebat
3043 907 3276 962 corpus;
3318 893 3410 948 sed
3455 894 3520 948 ad
3570 895 3773 948 certius

2200 980 2610 1034 resurrectionis
2639 991 3028 1050 argumentum.
3083 983 3187 1037 Sed
3224 999 3320 1038 cur
3361 992 3479 1054 post
3526 1001 3774 1039 resurre-

2173 1070 2470 1133 ctionem,
2504 1085 2609 1123 non
2657 1087 2868 1140 aquam,
2926 1073 3017 1126 sed
3059 1075 3242 1127 vinum
3285 1074 3460 1128 bibit?
3493 1075 3561 1130 Ut
3609 1075 3769 1128 aliam

2203 1159 2395 1212 malam
2427 1159 2668 1214 haeresim
2703 1161 2952 1215 radicitus
2981 1163 3250 1216 evelleret.
3303 1163 3433 1230 Quia
3461 1165 3602 1218 enim
3653 1164 3774 1232 qni-

2202 1248 2322 1302 dam
2341 1249 2398 1301 in
2423 1250 2690 1319 mysteriis
2713 1266 2847 1322 aqua
2875 1261 3109 1316 utuntur,
3140 1263 3196 1306 ut
3215 1255 3462 1308 ostendat
3489 1269 3548 1309 se
3573 1265 3626 1309 et
3651 1271 3773 1309 cum

2201 1343 2456 1412 mysteria
2489 1345 2705 1398 tradidit
2733 1346 2858 1398 vino
2888 1363 3040 1399 usum
3071 1347 3254 1410 fuisse,
3284 1357 3339 1401 et
3383 1355 3504 1417 post
3532 1363 3771 1403 resnrre-

2203 1435 2434 1489 ctionem
2464 1436 2578 1490 sine
2599 1437 2868 1506 mysteriis
2896 1438 2950 1491 in
2975 1439 3178 1507 vulgari
3202 1453 3385 1493 mensa
3413 1439 3590 1492 vinum
3621 1439 3776 1493 adiit-

2202 1522 2404 1588 buisse,
2433 1523 2516 1578 Ea:
2542 1527 2791 1595 genimine
2811 1527 2943 1592 vitis,
2973 1527 3159 1596 inquit.
3184 1527 3348 1581 Vinea
3371 1538 3547 1582 autem
3567 1531 3772 1596 vinum,

2204 1629 2312 1667 non
2355 1629 2545 1683 aquam
2597 1615 2783 1685 gignit.
2830 1617 2919 1672 50.
2951 1616 3020 1670 Et
3049 1619 3235 1688 hymno
3282 1621 3415 1673 dicto
3456 1622 3684 1673 exierunt
3722 1622 3774 1674 in

2203 1705 2429 1758 Montem
2473 1707 2742 1760 olivarum.
2777 1709 3008 1763 Audiant
3037 1721 3336 1780 quotquot,
3367 1727 3650 1782 porcorum
3697 1712 3779 1765 in-

2203 1807 2335 1860 star,
2363 1805 2546 1850 contra
2587 1811 2828 1851 mensam
2874 1799 3180 1853 sensibilem
3225 1800 3571 1855 comedentes
3616 1801 3777 1855 calci-

2206 1896 2368 1951 trant,
2401 1896 2456 1940 et
2485 1888 2757 1942 temulenti
2788 1897 3054 1958 surgunt,
3085 1905 3206 1944 cum
3253 1901 3532 1961 oporteret
3578 1893 3776 1960 gratias

2204 1992 2365 2046 agere
2393 1986 2444 2032 et
2474 1979 2526 2032 in
2576 1967 2802 2049 hymnos
2846 1979 3114 2035 desinere.
3144 1982 3340 2036 Audite
3369 1991 3632 2051 quotquot
3675 1997 3775 2052 p0-

2204 2075 2458 2122 strcmam
2498 2070 2796 2124 orationem
2847 2072 3225 2141 mysteriorum
3258 2087 3362 2126 non
3407 2071 3773 2141 exspectatis:

2204 2176 2324 2230 qua:
2345 2162 2486 2214 illius
2509 2161 2809 2231 symbolum
2836 2171 2939 2217 est.
2973 2163 3184 2217 Gratias
3227 2165 3336 2233 egit
3378 2173 3660 2234 antequam
3695 2163 3777 2216 di-

2205 2252 2426 2321 scipulis
2452 2251 2624 2311 daret,
2654 2261 2711 2305 ιιι
2738 2253 2901 2307 etiam
2930 2269 3029 2307 nos
3057 2254 3258 2323 gratias
3297 2268 3537 2323 agamus.
3565 2254 3776 2308 Gratias

2171 2358 2174 2361 ·
2205 2345 2315 2412 egit
2343 2353 2397 2397 et
2426 2343 2680 2414 hymnum
2705 2344 2839 2398 dixit
2865 2356 3142 2414 postquam
3173 2345 3450 2408 dedisset,
3497 2356 3552 2398 ut
3595 2355 3649 2399 ct
3677 2360 3776 2400 nos

2207 2433 2309 2486 hoc
2330 2433 2499 2501 ipsum
2525 2433 2794 2487 faciamus.
2818 2433 2922 2489 Sed
2947 2451 3044 2489 cur
3061 2437 3170 2489 exit
3193 2443 3251 2488 ut
3272 2435 3524 2491 ascendat
3546 2437 3598 2490 in
3625 2451 3776 2490 mon-

2208 2525 2360 2576 tem?
2401 2521 2532 2578 Sese
2579 2523 2858 2578 manifeste
2909 2526 3197 2580 ostendens
3225 2535 3282 2601 ut
3308 2526 3572 2595 capiatur,
3604 2541 3674 2582 ne
3701 2527 3778 2580 vi-

2205 2613 2394 2667 deatur
2423 2629 2542 2669 sese
2585 2617 2852 2670 occultare
2883 2633 2896 2668 :
2925 2616 3209 2671 festinabat
3242 2618 3438 2687 quippe
3486 2619 3548 2670 atl
3599 2619 3774 2672 locum

2205 2703 2356 2758 Judte
2382 2715 2586 2758 notum.
2615 2706 2702 2760 51.
2736 2705 2873 2759 Tunc
2897 2708 3032 2761 dixit
3060 2708 3130 2761 eis
3149 2724 3168 2761 :
3203 2708 3303 2762 Vos
3331 2725 3503 2762 omnes
3522 2709 3778 2762 scandali-

2206 2794 2443 2847 zabimini
2485 2795 2540 2847 in
2569 2810 2666 2847 me.
2700 2794 2900 2850 Deinde
2926 2796 3076 2850 addit
3109 2797 3442 2866 prophetiam
3468 2815 3483 2852 :
3512 2797 3774 2867 Scriptum

2208 2893 2280 2938 est
2321 2885 2455 2938 enim
2479 2925 2494 2950 ,
2530 2886 2807 2956 percutiam
2846 2897 3132 2956 pastorem,
3169 2899 3218 2942 et
3265 2888 3616 2960 dispergentur
3662 2905 3776 2944 oves

2208 2974 2393 3046 (Zaclt.
2437 2977 2524 3030 l5.
2579 2977 2676 3047 7);
2717 2993 2839 3032 cum
2869 2987 2927 3033 ut
2979 2980 3083 3033 illis
3131 2980 3372 3046 suadeat,
3417 2996 3631 3053 semper
3657 2997 3774 3039 esse

2208 3065 2498 3135 Scripturis
2526 3067 2932 3136 attendendum,
2966 3080 3071 3124 tum
3101 3080 3163 3125 ut
3187 3073 3465 3143 signiﬁcet,
3501 3089 3558 3129 se
3587 3090 3653 3129 ex
3685 3076 3774 3130 Dei

2208 3155 2480 3209 voluntate
2508 3156 2744 3226 cruciﬁgi
2774 3199 2786 3221 ,
2815 3167 2976 3228 atque
3005 3160 3237 3230 undique
3267 3162 3556 3218 ostendens
3582 3179 3641 3220 se
3670 3180 3772 3219 non

2207 3260 2327 3302 esse
2355 3261 2384 3299 a
2427 3246 2543 3316 lege
2591 3249 2756 3302 veteri
2783 3249 3033 3314 alienum,
3067 3267 3238 3322 neque
3267 3267 3297 3307 a
3330 3253 3440 3307 Deo
3467 3255 3558 3323 qui
3587 3255 3639 3308 in
3687 3255 3772 3308 illa

2207 3337 2610 3406 pmdicabatur,
2636 3340 2864 3410 itemque
2885 3343 3025 3411 quod
3055 3352 3175 3398 tunc
3207 3345 3364 3400 fiebat
3383 3361 3450 3400 ex
3478 3350 3772 3403 oeconomia

2210 3427 2341 3490 ﬁeri,
2373 3443 2435 3483 ac
2461 3429 2744 3498 prophetas
2771 3434 2976 3498 omnia,
3005 3450 3124 3503 quae
3155 3445 3280 3490 tunc
3301 3438 3641 3507 gerebantur,
3665 3439 3772 3507 jam

2207 3519 2333 3574 olim
2368 3523 2683 3590 praedixisse
2707 3565 2722 3590 ,
2755 3533 2814 3578 ut
2840 3524 2962 3580 hinc
3009 3526 3084 3580 illi
3125 3527 3191 3582 de
3221 3528 3531 3584 melioribus
3587 3530 3776 3585 futuris

2206 3612 2493 3667 admodum
2542 3616 2896 3672 conﬁderent.
2932 3618 3201 3688 Docctque
3228 3636 3332 3688 quo
3382 3631 3537 3691 pacto
3573 3638 3772 3692 cogno-

2206 3715 2426 3759 scantur
2452 3706 2638 3775 quales
2665 3717 2812 3775 ante,
2861 3709 3050 3779 quales
3098 3720 3220 3780 post
3265 3727 3477 3768 crucem
3531 3713 3774 3783 discipuli

2205 3792 2423 3849 fuerint.
2454 3795 2584 3850 Nam
2614 3798 2706 3866 qui
2732 3812 2856 3853 cum
2873 3798 3268 3869 cruciﬁgeretur
3295 3816 3361 3857 ne
3388 3811 3531 3858 stare
3556 3804 3769 3874 quidem

2207 3895 2512 3956 potuerunt,
2547 3886 2599 3942 hi
2653 3898 2772 3958 post
2818 3905 3032 3944 crucem
3063 3895 3264 3948 strenui
3293 3902 3346 3947 et
3369 3895 3652 3950 adamante
3682 3897 3774 3950 tir-

2207 3976 2406 4030 miores
2433 3975 2666 4032 fuerunt.
2695 3979 2793 4036 Hic
2835 3990 3014 4036 autem
3041 3994 3216 4039 metus
3257 3995 3312 4040 et
3335 3984 3457 4054 fuga
3485 3985 3774 4056 discipulo-

2208 4083 2325 4123 rum
2351 4070 2536 4124 mortis
2567 4071 2682 4140 ejus
2711 4083 3084 4142 argumentum
3112 4085 3214 4131 est.
3243 4075 3298 4132 Si
3329 4078 3471 4131 enim
3501 4087 3780 4147 postquam

2206 4168 2287 4214 tot
2335 4167 2587 4230 tantaque
2634 4161 2772 4216 dicta
2803 4173 2949 4229 sunt,
2977 4165 3189 4236 quidam
3236 4167 3573 4237 impudenter
3599 4169 3779 4225 dicunt

2206 4253 2380 4321 ipsum
2426 4269 2530 4307 non
2578 4253 2740 4309 fuisse
2787 4257 3099 4312 cruciﬁxum
3131 4258 3210 4312 :si
3243 4259 3372 4312 nihil
3395 4274 3580 4314 eorum
3610 4260 3779 4314 conti-

2206 4344 2388 4414 gisset,
2411 4361 2517 4414 qtto
2546 4361 2650 4399 non
2684 4347 2968 4415 impietatis
2991 4351 3396 4420 prorupissent?
3419 4351 3545 4406 Ideo
3576 4367 3680 4406 non
3711 4368 3778 4408 ex

2207 4450 2302 4489 sua
2334 4445 2536 4490 tantum
2569 4438 2836 4505 passione,
2869 4438 2961 4492 sed
2989 4440 3146 4493 etiam
3177 4456 3243 4495 ex
3287 4441 3353 4495 iis
3379 4456 3499 4512 qua:
3532 4442 3597 4496 ad
3624 4443 3776 4497 discL

2207 4527 2358 4597 pulos
2378 4538 2641 4596 speetant,
2686 4543 2892 4583 necnon
2933 4545 2998 4584 ex
3029 4531 3298 4601 mysteriis
3323 4571 3340 4594 ,
3370 4543 3597 4586 mortem
3619 4548 3778 4588 suam

2206 4615 2508 4682 conﬁrmat,
2540 4617 2909 4672 Marcionistas
2932 4619 3167 4689 undique
3194 4621 3497 4690 protligans.
3536 4622 3662 4677 Ideo
3691 4637 3776 4677 co-

2207 4708 2480 4778 ryphaeum
2512 4723 2705 4776 negare
2734 4723 2794 4763 se
2839 4710 3114 4779 permittit.
3143 4709 3198 4765 Si
3249 4711 3394 4765 enim
3442 4727 3543 4767 nec
3573 4713 3782 4767 vinctus

2208 4815 2307 4854 nec
2331 4798 2617 4853 cruciﬁxus
2647 4799 2858 4864 fuisset,
2908 4799 3048 4856 unde
3075 4808 3248 4854 tantus
3267 4810 3324 4855 et
3367 4803 3442 4856 illi
3471 4811 3528 4857 et
3566 4804 3783 4873 reliquis

2209 4899 2382 4945 metus
2427 4888 2636 4944 futurus
2684 4891 2836 4945 erat?
2883 4891 3064 4960 Neque
3095 4901 3271 4947 tamen
3315 4893 3436 4948 illos
3463 4895 3518 4949 in
3549 4911 3782 4951 mmrorc

2207 4981 2443 5052 reliquit,
2468 4981 2562 5036 sed
2597 4981 2724 5052 quid
2761 4983 2875 5036 ait?
2907 4983 2996 5037 52.
3032 4981 3311 5054 Postquam
3355 4995 3528 5038 autem
3554 5003 3782 5042 resurre-

2207 5089 2349 5139 πει-ο,
2384 5074 2665 5144 prwcedam
2689 5089 2774 5127 vos
2789 5074 2841 5126 in
2871 5073 3157 5130 Galilaeam.
3190 5075 3372 5146 Neque
3391 5077 3532 5131 enim
3560 5093 3628 5132 ex
3654 5078 3783 5132 ca-io

2206 5164 2384 5219 statim
2411 5173 2656 5233 apparet,
2686 5179 2860 5234 neque
2882 5165 2934 5218 in
2963 5166 3245 5235 quamdam
3279 5168 3550 5236 regionem
3579 5167 3782 5237 longin-

2208 5269 2367 5322 quam
2395 5255 2523 5316 abit,
2557 5254 2649 5308 sed
2699 5254 2751 5308 in
2780 5254 2891 5323 ipsa
2919 5263 3081 5324 gente
3107 5255 3247 5325 apud
3299 5272 3459 5324 quant
3501 5258 3782 5310 cruciﬁxus

2210 5355 2312 5411 cst,
2351 5345 2401 5398 in
2435 5345 2566 5414 ipsis
2599 5345 2709 5398 fore
2760 5345 2912 5408 locis,
2948 5355 3004 5398 ιιι
3046 5345 3204 5399 etiam
3263 5346 3386 5400 inde
3442 5345 3779 5400 cauﬁtmart-t

2211 5438 2358 5504 ipsis,
2391 5438 2634 5490 eumdem
2661 5448 2711 5490 et
2734 5437 3046 5491 crucifixum
3074 5437 3260 5502 fuisse,
3293 5446 3347 5491 et
3375 5439 3737 5493 resurrexisse
3763 5478 3778 5499 ,

2210 5540 2264 5581 ιιι
2314 5527 2438 5582 hinc
2466 5539 2755 5584 mmrentcs
2797 5529 2962 5598 magis
3009 5529 3396 5584 consolaretur.
3430 5529 3670 5590 Idcirco.
3719 5527 3779 5581 In

2213 5621 2448 5683 Galilam,
2474 5619 2629 5682 dixit,
2667 5629 2777 5672 uta
2809 5629 2950 5672 metu
2995 5619 3298 5673 Judaaorum
3347 5619 3576 5681 liberati,
3626 5618 3778 5672 dictis

2217 5711 2514 5766 crederent.
2543 5711 2649 5763 llac
2687 5710 2826 5763 enim
2857 5709 2923 5763 de
2954 5725 3111 5763 causa
3160 5709 3230 5764 ibi
3270 5708 3530 5779 apparuit.
3565 5707 3654 5762 55.
3692 5705 3777 5758 Re-
