4076 6142
403 288 496 342 7“
1317 307 1382 364 IN
1420 309 1824 373 MAT'I‘II/EUM
1863 319 2092 381 IIOMIL.
2133 328 2394 394 LXXXII.
2433 343 2504 401 al.
2546 344 2829 412 LXXXIII.

397 407 646 472 spondens
671 419 838 472 autem
873 412 1052 471 Petrus
1089 420 1219 474 dixit
1246 438 1265 477 :
1293 423 1403 479 Etsi
1433 444 1605 484 omnes
1633 435 1971 492 scandalizali

393 500 581 572 fuerint
605 501 656 555 in
685 512 752 569 te,
779 522 872 576 ego
897 516 1064 565 tamen
1082 529 1353 585 numquam
1373 523 1776 580 scandalizabor.

385 779 695 841 quaquam?
725 797 830 834 non
859 785 991 838 satis
1020 787 1110 839 tibi
1139 800 1265 844 sunt
1293 793 1466 860 priora
1499 797 1586 850 illa
1614 839 1628 862 ,
1661 815 1781 854 cum
1812 802 1965 859 dicea-

393 863 508 930 bas,
540 867 804 937 Propitius
819 883 924 927 esto
954 877 1042 930 tibi
1071 877 1279 947 (Matth.
1317 883 1402 938 Ili.
1436 885 1552 956 22),
1579 900 1632 942 et
1665 890 1965 962 increpatus

382 953 566 1010 fuisti?
589 958 713 1014 ideo
744 961 890 1017 illum
919 967 1112 1023 cadere
1132 970 1279 1036 sinit,
1298 983 1355 1028 ut
1369 953 1556 1032 doceat
1579 979 1722 1034 illum
1752 997 1966 1055 semper

377 1048 595 1103 Christo
615 1053 860 1120 credere,
886 1073 939 1111 et
964 1060 1082 1127 ejus
1113 1066 1431 1120 sententiam
1459 1073 1671 1139 pmpria
1698 1077 1960 1132 sententia

380 1141 668 1196 tirmioretn
696 1155 900 1212 putare.
939 1149 1155 1220 Reliqui
1177 1170 1305 1210 vero
1344 1173 1450 1213 non
1477 1176 1666 1230 parum
1697 1164 1900 1223 fructus
1923 1183 1956 1223 τι

375 1232 654 1298 negatione
691 1235 807 1300 ejus
830 1252 1176 1310 acceperunt,
1207 1247 1438 1303 humana
1463 1265 1755 1322 conspecta
1805 1258 1957 1314 inﬁr-

375 1322 595 1388 mitate,
631 1325 828 1395 Deique
860 1334 1170 1390 voracitate.
1199 1337 1335 1394 Cum
1364 1343 1510 1397 enim
1559 1345 1648 1401 ille
1677 1350 1952 1418 quidpiam

380 1414 704 1478 praalixerit,
731 1434 836 1472 non
869 1422 1008 1476 ultra
1040 1425 1314 1494 disputare
1344 1444 1580 1502 oportet,
1635 1414 1825 1508 neque
1855 1443 1952 1495 ad-

374 1516 558 1555 versus
587 1506 784 1562 multos
831 1511 1149 1582 insurgere:
1184 1516 1412 1574 Gloriam
1448 1527 1613 1590 enim,
1642 1528 1854 1598 inquit,
1898 1533 1951 1586 in

3013 808 3112 814 μ---
3147 808 3209 818 ν-
3236 808 3363 839 ν-δν
3399 808 3653 832 ιιιυιιιιιιιθ

2073 808 2480 930 hunc.morbum
2513 833 2730 893 tolleret
2753 882 2766 901 ,
2799 844 2919 900 ideo
2950 853 3190 920 permisit
3215 864 3273 912 ιιι
3299 861 3446 919 illum
3477 879 3658 930 terror

2950 906 2965 920 _
3221 906 3272 912 _-
3477 906 3649 930 wn...

2071 906 2368 968 invaderet.
2411 919 2542 987 Quia
2583 931 2728 986 enim
2768 937 3058 999 vehemens
3089 947 3138 1002 in
3172 951 3262 1006 illo
3317 955 3401 1012 hic
3427 963 3649 1021 morbus

2063 1009 2204 1068 ἀδδ
2231 1019 2337 1061 ¹¹⁰¹¹
2364 1013 2525 1069 "mdo
2554 1027 2609 1074 εἴ
2653 1027 2926 1095 ΡΓὈιδΙιειτιε
2954 1047 3006 1088 et
3036 1039 3248 1098 Christo
3277 1055 3643 1128 contradixit,

2065 1095 2160 1128 end
2209 1100 2366 1128 ηιξ...-
2419 1119 2593 1128 ___.--
2649 1127 2653 1128 ,
2738 1125 2741 1128 .
2803 1120 2854 1128 ,η
2908 1125 2918 1128 -

2065 1095 2161 1150 sed
2207 1100 2367 1156 etiam
2419 1119 2602 1177 postea
2633 1125 2752 1171 cum
2797 1120 3036 1183 Christus
3072 1131 3315 1206 dixisset,
3352 1144 3438 1198 δι.
3483 1103 3643 1206 Amet;

2061 1187 2179 1242 dico
2207 1192 2555 1262 tibi,qnoniam
2581 1203 2678 1259 hac
2705 1222 2849 1266 nocte
2870 1256 2885 1277 ,
2935 1231 3203 1292 antequam
3231 1231 3401 1300 gallus
3429 1251 3593 1295 cantet
3621 1285 3639 1311 ,

2061 1287 2137 1311 in.
2163 1300 2241 1311 ιι.-
2281 1291 2479 1311 μ---ι.;.
2748 1302 2782 1311 ι.
2882 1300 2942 1311 λη

2059 1287 2137 1334 ter
2163 1300 2241 1337 nte
2280 1291 2502 1359 negabis,
2535 1302 2809 1366 respondit
2835 1323 2847 1359 :
2877 1300 2965 1364 35.
3013 1287 3532 1391 EtiamsiVOportuerit
3563 1287 3644 1388 tu;

2060 1377 2192 1427 mori
2219 1385 2400 1442 teemn.
2429 1399 2528 1439 non
2556 1393 2603 1443 te
2631 1397 2840 1464 negabo.
2893 1400 3064 1460 Lucas
3094 1407 3245 1480 (Cap.
3275 1377 3363 1468 2'2.
3394 1417 3486 1488 δι)
3511 1419 3639 1477 verti

2057 1468 2222 1530 addit,
2265 1471 2460 1542 quanto
2491 1485 2658 1552 magis
2700 1475 2944 1549 Christus
2992 1468 3244 1570 negabat,
3294 1511 3441 1562 tanto
3469 1468 3638 1584 inagis

2057 1556 2263 1584 h-..t..---__
2300 1581 2347 1584 -A
2376 1565 2424 1584 γλ.
2458 1583 2461 1584 ,
2710 1577 2737 1584 .,

369 1601 433 1656 te,
463 1603 508 1646 et
536 1611 634 1649 non
664 1599 717 1652 in
745 1601 849 1654 alio
879 1603 1082 1659 habebis
1111 1607 1253 1678 (Gal.
1296 1611 1350 1666 6.
1384 1614 1462 1685 ι).
1495 1616 1629 1672 Cum
1652 1622 1794 1674 enim
1831 1639 1948 1690 pre-

365 1686 591 1741 candum
621 1701 788 1756 esset,
821 1709 886 1748 ac
930 1697 1214 1754 dicendmn
1243 1735 1258 1766 δ
1293 1705 1496 1773 Adjnva
1529 1725 1648 1772 nos,
1674 1728 1742 1766 ne
1767 1686 1866 1768 abs
1895 1726 1947 1772 te

365 1775 696 1843 scindamur,
743 1783 833 1838 ille
871 1785 923 1840 in
970 1802 1029 1842 se
1075 1792 1329 1862 conﬁdit,
1377 1800 1716 1856 etaitzEtsi
1770 1821 1942 1862 omnes

359 1869 689 1925 seandalizati
703 1877 889 1943 fuerint
908 1879 962 1932 in
987 1889 1052 1947 te,
1081 1899 1172 1953 ego
1188 1896 1353 1942 tamen
1375 1907 1652 1962 numquam
1672 1913 1693 1961 ;
1717 1900 1935 1954 etiamsi

358 1973 546 2014 omnes
575 1962 627 2016 id
663 1966 950 2036 patiantur,
983 1973 1174 2043 inquit,
1200 1993 1302 2048 ego
1327 1997 1431 2036 non
1457 1987 1665 2053 patiar:
1693 1991 1836 2058 quod
1878 1991 1940 2046 il-

360 2049 471 2103 lum
499 2053 566 2106 ad
598 2056 817 2112 nimiam
863 2063 1242 2122 conﬁdentiam
1275 2049 1529 2140 paulatim
1578 2049 1775 2136 evexit.
1826 2083 1940 2140 Hoc

356 2143 651 2210 reprimere
681 2146 922 2206 Christus
940 2157 1144 2221 volens.
1176 2165 1515 2232 negationem
1545 2177 1786 2240 permisit
1809 2179 1932 2245 quia

349 2233 497 2286 enim
526 2251 700 2307 neque
743 2242 956 2298 Christo
1005 2263 1180 2319 neque
1221 2259 1495 2326 prophetze
1545 2233 1936 2333 obtemperavit

348 2321 500 2392 (ideo
539 2329 681 2382 enim
720 2332 882 2388 etiam
925 2321 1240 2408 prophetam
1280 2321 1600 2417 induxerat,
1650 2365 1707 2407 ut
1733 2321 1805 2410 ne
1844 2358 1932 2413 ille

349 2419 720 2489 repugnaret),
753 2431 991 2481 attamen
1022 2431 1145 2498 quia
1180 2435 1358 2488 verbis
1399 2453 1504 2493 non
1551 2453 1832 2510 potuerat,
1863 2462 1929 2502 ex

346 2503 507 2602 rebus
541 2507 669 2575 ipsis
694 2512 958 2568 eruditur.
983 2517 1135 2584 Quod
1163 2535 1340 2579 autem
1370 2528 1490 2582 ideo
1512 2533 1839 2602 permiserit,
1871 2547 1930 2592 ut

348 2589 501 2646 illuni
533 2607 711 2663 postea
740 2607 1073 2675 emendaret,
1107 2613 1229 2667 audi
1257 2617 1380 2685 quid
1414 2589 1595 2676 dicat:
1620 2623 1730 2694 Ego
1755 2637 1928 2681 autent

339 2689 518 2756 rogaui
536 2707 626 2758 pro
654 2702 719 2755 te,
750 2707 804 2749 ut
831 2714 930 2752 non
956 2701 1160 2768 deficiat
1207 2707 1333 2773 fides
1382 2721 1471 2764 tua
1511 2689 1776 2779 (Luc.'22.
1806 2719 1922 2789 52).

340 2774 457 2830 lloc
511 2781 650 2834 enim
706 2785 886 2850 dixit,
922 2801 978 2844 ut
1011 2793 1385 2855 vehementius
1431 2803 1576 2860 illum
1635 2813 1918 2881 tangeret,

332 2872 752 2946 ostenderetque
793 2881 936 2938 illius
984 2885 1190 2955 lapsum
1227 2902 1541 2950 cancrorum
1601 2899 1750 2970 lapsu
1801 2919 1922 2960 esse

332 2961 617 3028 pejorem,
670 2969 966 3042 majoriqne
1011 2978 1211 3032 auxilio
1257 2996 1392 3052 opus
1443 2961 1670 3046 habere.-
1711 2995 1916 3064 Duplex

326 3053 476 3104 enim
499 3057 700 3112 crimen
732 3073 868 3125 erat,
898 3077 952 3119 et
995 3070 1135 3138 quod
1161 3076 1568 3145 contradixerit,
1591 3094 1646 3137 et
1665 3087 1817 3154 quod
1857 3097 1918 3145 se

323 3144 452 3197 aliis
493 3154 889 3219 anteposuerit;
942 3160 1152 3214 tertium
1193 3167 1406 3231 gravius
1459 3144 1632 3237 adest,
1662 3144 1803 3243 quod
1833 3185 1918 3232 to-

326 3245 444 3290 tum
470 3239 570 3293 sibi
599 3243 960 3314 adscripserit.
988 3249 1082 3304 His
1111 3261 1168 3306 ut
1193 3256 1490 3325 medeatur,
1519 3239 1724 3333 lapsum
1751 3267 1766 3298 ¹
1789 3283 1912 3324 cve-

324 3331 447 3383 nire
483 3331 653 3395 sinit;
684 3334 911 3407 ideoque
959 3342 1136 3398 missis
1164 3345 1318 3412 aliis,
1369 3349 1543 3420 ipsum
1586 3357 1907 3427 alloquitur:

321 3417 533 3482 Simon.
567 3422 768 3490 Simon,
801 3444 914 3482 ecce
942 3442 1147 3489 satanas
1173 3440 1407 3506 expetivit
1435 3459 1523 3498 vos
1573 3457 1628 3499 ut
1665 3449 1908 3506 cribraret

316 3511 444 3563 sicut
477 3513 698 3568 triticum
731 3516 834 3589 (Ib.
869 3537 917 3575 υ.
947 3522 1079 3593 51);
1113 3526 1164 3580 id
1195 3538 1296 3593 est,
1346 3540 1405 3586 ut
1435 3535 1709 3603 turbaret,
1735 3548 1906 3595 tenta-

317 3609 435 3656 ret:
480 3601 590 3672 Ego
641 3617 806 3662 autent
853 3629 946 3682 pro
976 3623 1024 3669 te
1071 3620 1265 3688 rogavi,
1297 3629 1351 3675 ut
1380 3641 1479 3679 non
1510 3601 1745 3697 deficeret
1774 3635 1903 3701 ﬁdes

314 3702 417 3747 tua.
454 3697 520 3749 Et
545 3715 656 3759 cur.
688 3701 730 3752 si
759 3719 948 3760 omnes
976 3711 1247 3776 expetivit,
1291 3725 1395 3768 tton
1427 3718 1560 3773 dixit
1588 3740 1600 3774 :
1639 3723 1742 3777 Pro
1771 3741 1887 3780 om-

314 3785 470 3840 nibus
507 3792 725 3858 rogavi?
747 3797 938 3849 Annon
980 3799 1151 3867 palam
1177 3811 1279 3868 est,
1329 3806 1556 3876 idipstltll
1584 3828 1724 3876 csse,
1753 3818 1896 3884 quod

313 3897 474 3946 supra
506 3881 657 3935 dixi?
683 3884 748 3940 Ut
775 3887 981 3942 scilicet
1005 3893 1326 3963 perstringat
1361 3913 1480 3951 eum
1504 3941 1519 3964 ,
1564 3911 1620 3956 et
1647 3881 1896 3963 ostendat

310 3973 529 4034 grai-ius
553 3989 709 4041 quam
737 3987 964 4034 cieuaros
993 3981 1197 4051 lapsum
1227 4000 1366 4050 esse,
1400 3990 1464 4043 ad
1494 3993 1640 4046 illum
1684 4011 1892 4052 sermo-

311 4075 429 4112 nem
457 4061 660 4131 dirigit.
695 4066 757 4120 Et
784 4083 878 4122 cur
906 4087 1011 4124 non
1041 4072 1195 4138 dixit,
1220 4075 1334 4142 Ego
1353 4091 1457 4133 non
1487 4086 1701 4150 permisi
1727 4129 1742 4149 ,
1771 4087 1888 4154 sed,

311 4151 549 4224 Rogavi?
571 4157 649 4210 Ad
683 4162 986 4226 passionem
1017 4166 1209 4232 iturus,
1246 4168 1467 4226 bumiha
1515 4174 1750 4245 loquitur
1771 4221 1786 4244 ,
1833 4190 1891 4236 ιιι

309 4243 694 4304 humanitatem
729 4268 878 4307 suam
909 4255 1266 4314 demonstret.
1311 4263 1440 4318 Nam
1469 4268 1558 4335 qui
1593 4270 1884 4328 Ecclesium

305 4349 466 4404 supra
516 4340 913 4399 confessionem
963 4349 1080 4416 ejus
1122 4353 1444 4422 :ediﬁcavit,
1495 4361 1770 4434 ipsamque
1814 4368 1884 4421 ita

304 4429 546 4493 munivit,
581 4441 639 4484 ut
667 4449 764 4487 nec
790 4436 935 4491 mille
966 4441 1198 4506 pericula
1221 4484 1237 4508 ,
1269 4461 1368 4501 nec
1397 4450 1543 4505 mille
1573 4465 1775 4510 mortes
1824 4458 1884 4511 il-

303 4517 404 4571 lam
435 4522 643 4588 possint
673 4539 952 4596 superare,
1005 4533 1096 4601 Qui
1121 4536 1371 4592 canorum
1402 4539 1500 4610 ipsi
1522 4545 1702 4602 claves
1735 4548 1880 4604 dedit

300 4618 354 4662 et
381 4622 586 4670 tantam
619 4628 961 4690 potestatem,
1011 4641 1186 4696 neque
1216 4631 1466 4696 precibus
1493 4634 1558 4688 ad
1588 4635 1703 4692 haec
1745 4655 1880 4709 opus

301 4701 486 4760 habuit
507 4708 705 4778 (neque
730 4714 872 4768 enim
901 4724 1027 4772 tunc
1053 4718 1205 4784 dixit,
1236 4721 1474 4792 Rogavi;
1517 4728 1612 4783 sed
1640 4745 1760 4785 cum
1791 4746 1886 4787 au-

296 4797 567 4862 ctoritate,
618 4799 916 4872 Ediﬁcabo
945 4808 1228 4865 Ecclesiam
1267 4831 1448 4879 meant,
1509 4829 1556 4872 et
1609 4821 1738 4876 dabo
1788 4825 1876 4878 tibi

293 4883 464 4941 claves
492 4890 776 4965 caelorum),
803 4900 1075 4966 quomodo
1107 4904 1354 4961 oratione
1377 4921 1513 4976 opus
1536 4909 1787 4979 habebat,
1819 4925 1876 4970 ut

291 4977 628 5036 vaeillantem
680 4989 837 5042 unius
889 4991 1121 5049 hominis
1151 4997 1382 5052 animam
1434 5003 1872 5074 constringeret?

288 5067 395 5121 Cur
423 5085 557 5140 ergo
583 5075 652 5129 ita
681 5077 930 5149 loquutus
970 5088 1090 5139 est?
1120 5087 1349 5156 Propter
1391 5105 1512 5146 eam
1553 5067 1713 5165 quam
1758 5099 1869 5170 jam

284 5159 396 5214 dixi
436 5178 689 5232 causam,
716 5179 772 5226 et
799 5182 1018 5242 propter
1045 5176 1256 5233 illorum
1289 5159 1654 5242 inﬁrmitatem
1681 5207 1694 5242 :
1727 5159 1865 5247 nim-

283 5253 410 5307 dnm
456 5257 600 5312 enim
629 5276 768 5325 eam,
821 5279 978 5332 quam
1023 5267 1268 5339 decebat,
1319 5273 1389 5330 de
1438 5277 1528 5333 illo
1557 5281 1863 5350 Opinionem

285 5343 572 5402 habebant.
599 5352 878 5419 Quomodo
902 5373 1029 5427 ergo
1051 5364 1257 5432 negavit
1283 5366 1304 5419 3
1327 5366 1442 5423 Non
1465 5343 1608 5427 dixit
1619 5414 1636 5439 ,
1666 5374 1736 5430 Ut
1759 5392 1862 5432 non

281 5455 445 5509 neges
468 5481 485 5506 ,
543 5446 658 5509 sed,
706 5447 774 5501 Ut
820 5465 924 5504 non
952 5451 1165 5508 deliciat
1197 5459 1328 5514 lldes
1355 5501 1369 5526 ,
1423 5471 1482 5517 ut
1510 5480 1615 5520 non
1644 5470 1864 5524 omnino

283 5540 485 5596 pereat.
537 5530 681 5590 Illius
726 5538 868 5592 enim
911 5557 1035 5596 cura
1067 5544 1120 5598 id
1147 5545 1344 5606 factum
1369 5565 1499 5609 est:
1537 5572 1658 5614 nam
1689 5571 1861 5617 metus

345 5700 362 5735 ³
399 5704 536 5755 Alias
558 5705 760 5771 legitur,
782 5716 1092 5777 negationem,
1119 5736 1221 5783 pro,
1250 5724 1450 5787 lapsum.

602 5787 871 5846 ΡΑτιιοι.
918 5793 1030 5852 Cn.
1087 5796 1292 5858 LVIII.

2052 1556 2267 1616 Petrum
2290 1565 2473 1623 contra
2495 1577 2851 1636 contendisse.
2879 1584 3016 1651 Quid
3041 1556 3140 1646 hoc
3160 1556 3262 1662 esl,
3291 1595 3487 1655 Petrei
3515 1556 3637 1661 0;!!!

2056 1650 2292 1742 dicebat.
2320 1651 2464 1717 Unus
2494 1675 2710 1724 vestrum
2752 1677 2832 1728 me
2851 1681 3131 1738 traditurus
3157 1697 3250 1750 est,
3285 1684 3512 1750 limebas
3561 1701 3631 1754 ne

2049 1750 2106 1799 tu
2155 1733 2271 1817 ipse
2323 1755 2562 1822 proditor
2589 1771 2760 1830 esttes,
2791 1776 2850 1822 et
2897 1771 3324 1846 condiscipulum
3368 1775 3630 1843 sciscitari

2046 1843 2296 1911 ’cogeb‘as,
2324 1848 2447 1903 licet
2494 1852 2624 1908 nihil
2655 1854 2844 1913 horum
2877 1853 2969 1917 tibi
2999 1843 3245 1925 conscius
3273 1886 3454 1938 esses;
3485 1882 3627 1933 nunc

2045 1935 2220 1989 autem
2251 1933 2367 2008 ipso
2386 1943 2531 1997 clare
2559 1947 2824 2006 clamante
2850 1969 2913 2008 ac
2933 1955 3165 2024 dicente,
3200 1957 3384 2018 Cinaei
3409 1971 3628 2025 seanda-

2045 2017 2342 2094 lizabimini,
2366 2037 2707 2104 contradicis,
2741 2059 2840 2118 nec
2865 2047 3028 2105 semel
3060 2061 3263 2109 tantum
3282 2097 3296 2121 ,
3321 2058 3414 2113 sed
3459 2046 3540 2116 bis
3566 2075 3623 2119 et

2042 2113 2420 2206 pluriesllloc
2443 2127 2643 2197 quippe
2672 2133 2802 2190 dicit
2826 2116 3019 2196 Lucas.
3051 2133 3203 2198 Unde
3234 2113 3361 2219 ergo
3384 2113 3615 2223 hoeipsi

2038 2203 2306 2281 contigit?
2354 2213 2453 2270 Ex’
2487 2222 2652 2278 multa
2697 2228 2942 2298 caritate,
2999 2249 3064 2288 ex
3122 2239 3284 2292 multa
3333 2242 3622 2314 voluptate.

2037 2307 2324 2375 Postquam
2353 2317 2496 2369 enim
2527 2315 2620 2372 illo
2651 2329 2855 2380 terrore
2883 2328 3143 2387 liberatus
3191 2333 3310 2403 fuit,
3341 2353 3406 2392 ne
3437 2339 3620 2409 prodi-

2034 2410 2121 2455 tor
2140 2400 2254 2469 ipse
2275 2406 2439 2473 esset,
2472 2418 2528 2464 et
2553 2411 2880 2480 proditorem
2933 2417 3100 2490 novit,
3136 2441 3256 2483 cum
3285 2427 3604 2490 conﬁdentia

2037 2499 2222 2558 postea
2250 2491 2581 2564 loquebatur,
2605 2512 2659 2557 ct
2678 2518 2866 2565 contra
2892 2512 3026 2568 alios
3060 2515 3568 2590 insurgebatdicens
3597 2545 3611 2583 :

2037 2580 2146 2636 Etsi
2171 2602 2341 2641 omnes
2369 2593 2705 2650 seandalizati
2725 2603 2934 2669 fuerint,
2967 2622 3059 2676 ego
3083 2627 3182 2664 non
3208 2614 3612 2672 scnndalizabol'.

2028 2671 2142 2727 Imo
2171 2677 2365 2750 aliquid
2389 2683 2696 2742 ambitionis
2724 2688 2809 2746 hic
2826 2704 2942 2750 erat
2965 2713 2980 2761 ;
3011 2715 3132 2753 nam
3160 2712 3211 2757 et
3235 2701 3285 2757 in
3313 2720 3464 2761 coena
3492 2705 3613 2779 quis

2027 2780 2212 2822 eorum
2240 2772 2408 2842 major
2433 2790 2576 2834 esset
2605 2782 3006 2856 diseeptabant;
3039 2791 3109 2848 ita
3143 2794 3261 2851 illos
3283 2796 3368 2854 hic
3391 2805 3612 2861 morbus

2025 2855 2347 2928 exagitabat.
2382 2865 2584 2922 Idcirco
2630 2873 2775 2928 illum
2805 2855 3068 2948 cohibuit,
3116 2901 3222 2941 non
3250 2889 3314 2944 ad
3365 2895 3610 2964 negatio-

2024 2949 2144 3003 nem
2177 2951 2497 3023 impellens;
2528 2959 2705 3028 absit;
2753 2965 2848 3021 sed
2877 2971 3081 3027 auxilio
3123 2989 3224 3030 suo
3263 2993 3489 3038 vacuum
3518 3001 3604 3042 re-

2021 3037 2288 3111 linquens,
2321 3046 2673 3124 bumanmque
2715 3068 2920 3119 natura}
2966 3065 3336 3126 inﬁrmitatem
3387 3075 3606 3134 demon~

2020 3145 2219 3193 εῑιτιιιε.
2253 3140 2387 3196 Vide
2433 3154 2615 3202 autem
2657 3154 2932 3220 quomodo
2982 3172 3104 3228 post
3166 3161 3283 3220 huc
3336 3166 3602 3227 demissus

2019 3220 2193 3278 fuerit.
2229 3227 2360 3284 Nam
2393 3244 2516 3303 post
2541 3220 3016 3318 resurrectionem,
3058 3254 3273 3323 quando
3297 3257 3462 3327 dixit,
3499 3253 3601 3324 llic

2014 3325 2182 3370 autem
2208 3321 2332 3389 quid
2362 3324 2539 3395 (Joan.
2567 3330 2654 3387 21.
2685 3333 2826 3406 2i)?
2868 3348 2920 3393 et
2945 3321 3228 3411 repressus
3247 3357 3350 3415 est,
3381 3321 3600 3410 necon-

2015 3407 2275 3468 tradicere
2303 3418 2518 3486 quidem
2564 3437 2728 3480 ausus
2766 3438 2870 3496 est,
2895 3441 2952 3486 ut
2979 3407 3084 3500 hic,
3115 3437 3209 3492 sed
3239 3433 3424 3496 tacuit.
3452 3439 3594 3500 Ilur-

2011 3517 2209 3574 susque
2235 3520 2356 3579 post
2383 3518 2828 3574 resurrectionem
2870 3536 2994 3579 eum
3042 3521 3211 3595 audit,
3246 3527 3368 3586 Non
3395 3547 3469 3588 est
3512 3557 3593 3594 ve-

2009 3604 2338 3656 struntuosse
2363 3614 2591 3675 tempora
2627 3609 2706 3662 uel
2749 3617 3156 3686 momenta(Act.
3194 3613 3245 3675 Ι.
3279 3621 3356 3692 7),
3407 3641 3590 3683 rursus

2008 3695 2190 3763 tacuit,
2210 3716 2307 3756 nec
2330 3705 2667 3760 contradicit.
2685 3707 2993 3781 Deindeqne
3015 3713 3066 3767 in
3095 3720 3372 3772 caenaculo
3398 3730 3456 3776 et
3473 3726 3588 3780 sin-

2005 3789 2146 3847 done
2167 3809 2286 3850 cum
2317 3797 2557 3853 audisset
2584 3817 2771 3856 vocem
2818 3804 3086 3860 dicentem
3130 3810 3253 3875 sibi,
3290 3812 3420 3874 Quae
3449 3818 3587 3874 Deus
3684 3874 3687 3876 _

2005 3887 2332 3954 puri/ienuit,
2382 3897 2436 3941 tu
2478 3893 2767 3946 communia
2813 3909 2877 3948 ne
2913 3893 3102 3952 dixeris
3143 3899 3265 3968 (Ib.
3316 3904 3403 3957 I0.
3454 3901 3577 3980 I5),

2000 3992 2120 4030 cum
2165 3993 2269 4033 non
2322 3980 2466 4035 clare
2492 3982 2656 4037 sciret
2677 3984 2804 4054 quid
2829 3985 2930 4041 sibi
2963 3989 3126 4044 vellet
3153 3990 3307 4060 illud,
3339 3992 3538 4066 quievit
3561 4045 3577 4069 ,

1999 4081 2167 4136 neque
2195 4070 2491 4125 contendit.

2065 4161 2119 4215 4.
2172 4159 2412 4216 Voluntas
2437 4165 2545 4218 sine
2569 4167 2736 4236 gratia
2766 4185 2865 4223 non
2897 4172 3028 4242 agit,
3063 4183 3118 4227 ut
3143 4193 3232 4231 nec
3266 4182 3432 4249 gratia
3469 4185 3577 4239 sine

1992 4251 2259 4305 voluntate.
2308 4251 2564 4308 Christum
2601 4256 2796 4312 edimus
2846 4260 2898 4314 in
2948 4261 3291 4322 Eucharistia.
3342 4300 3411 4312 —-
3453 4260 3575 4330 Haec

1994 4356 2154 4408 porro
2187 4343 2362 4397 omnia
2393 4342 2573 4413 lapsus
2604 4346 2692 4403 ille
2716 4361 2964 4418 operatus
2988 4353 3100 4409 fuit.
3132 4359 3298 4413 Antea
3327 4378 3454 4418 vero
3489 4379 3568 4422 to-

1991 4440 2098 4484 tum
2146 4432 2247 4487 sibi
2284 4434 2560 4502 adscribit,
2597 4439 2782 4495 dicens
2823 4461 2835 4496 :
2869 4443 2979 4498 Etsi
3025 4465 3197 4504 onmes
3239 4458 3570 4514 scandalizati

1987 4523 2208 4590 fuerint,
2240 4541 2330 4595 ego
2367 4543 2469 4580 non
2514 4531 2916 4588 scandalizabor.
2948 4537 3158 4594 Etiamsi
3187 4549 3464 4612 oportuerit
3491 4567 3568 4604 me

1987 4615 2115 4666 mori
2135 4624 2434 4682 tecunt,non
2454 4631 2501 4672 te
2531 4624 2720 4690 negabo
2741 4639 2759 4684 ;
2784 4639 2902 4678 cum
2926 4627 3103 4684 dicere
3129 4640 3472 4705 oportuisset,
3507 4643 3563 4696 Si

1983 4706 2147 4773 gratia
2192 4715 2277 4759 tua
2325 4708 2495 4772 fruar;
2544 4723 2728 4768 contra
2774 4732 2900 4770 vero
2942 4731 3120 4786 postea
3168 4726 3245 4780 sic
3287 4728 3560 4800 loquitur:

1987 4795 2121 4862 Quid
2149 4799 2289 4852 nobis
2310 4803 2588 4867 attenditis,
2617 4807 2762 4872 quasi
2793 4811 2997 4878 prapria
3027 4814 3208 4870 virtute
3235 4823 3309 4874 vel
3337 4795 3518 4889 pietate
3543 4827 3557 4859 ¹

1980 4889 2245 4954 fecerimus
2288 4890 2420 4943 [tunc
2463 4893 2721 4948 ambulare
2750 4895 2770 4968 (
2793 4898 2902 4953 Act.
2931 4902 2978 4954 5.
3014 4905 3080 4958 I9.
3101 4907 3165 4975 )?
3200 4910 3441 4981 Magnum
3474 4917 3560 4974 bic

1979 4977 2167 5048 dogma
2187 4981 2496 5052 accipimus,
2517 5001 2620 5040 non
2643 4988 2887 5046 sufﬁcere
2905 4993 3132 5054 hominis
3157 5001 3440 5075 fervorem,
3457 5011 3557 5066 nisi

1977 5084 2206 5141 superna
2237 5073 2373 5128 adsit
2419 5077 2622 5146 gratia;
2670 5080 2902 5152 itemque
2941 5087 3072 5143 nihil
3117 5106 3214 5146 nos
3246 5109 3275 5148 a
3324 5109 3552 5168 superna

1975 5167 2140 5234 gratia
2160 5167 2353 5236 juvari,
2403 5171 2503 5225 nisi
2547 5173 2836 5230 voluntatis
2873 5181 3103 5237 studium
3142 5186 3296 5242 adsit.
3439 5193 3554 5249 lucc

1975 5261 2133 5314 ambo
2154 5262 2443 5318 ostendunt
2468 5265 2632 5321 Jndas
2655 5278 2709 5323 et
2746 5269 2935 5329 Petrus
2968 5290 2980 5326 :
3013 5275 3097 5330 ille
3124 5294 3351 5351 namque
3385 5287 3553 5340 multo

1975 5352 2134 5407 fultus
2157 5354 2375 5420 auxilio,
2409 5356 2536 5412 nihil
2563 5358 2686 5414 hinc
2707 5359 2910 5416 fructus
2936 5369 3190 5436 percepit,
3221 5373 3341 5441 quia
3361 5376 3548 5446 noluit,

1973 5458 2074 5499 nec
2099 5460 2190 5498 sua
2219 5448 2472 5512 contulit;
2516 5449 2603 5506 hic
2633 5468 2759 5507 vero
2779 5470 2898 5508 cum
2933 5461 3207 5527 proposito
3239 5465 3544 5537 voluntatis,

1969 5537 2091 5604 quia
2117 5539 2259 5592 nullo
2278 5538 2437 5594 fultus
2466 5554 2581 5597 erat
2605 5547 2823 5612 auxilio,
2858 5547 3035 5617 lapsus
3065 5562 3166 5606 est.
3196 5554 3328 5611 Nam
3358 5573 3423 5614 ex
3456 5560 3544 5616 his

1967 5626 2171 5683 duobus
2198 5629 2364 5685 virtus
2383 5634 2704 5690 contexitur.
2740 5636 3071 5708 Quapropter
3100 5658 3246 5714 rogo,
3277 5663 3345 5705 ne
3366 5652 3542 5709 omnia

2033 5741 2048 5770 ι
2074 5738 2186 5800 Alii,
2213 5740 2286 5792 vel
2318 5749 2557 5807 potestate.
3111 5824 3184 5882 18
