4058 6144
438 312 545 371 Il?-

438 430 505 486 ad
533 429 700 486 Deum
727 427 1076 489 remittentes,
1095 424 1444 487 dormiamus,
1468 437 1600 478 neve
1620 434 1779 489 agere
1803 418 2022 474 studen-

436 531 541 586 ti-s,
572 530 816 590 pntcnms
863 533 960 572 nos
1004 516 1230 585 pt'vpriis
1273 514 1540 571 laboribus
1583 523 1751 569 totum
1797 514 2023 567 f:.ctnros

436 629 579 671 esse.
610 612 794 680 Neque
837 612 981 667 enim
1022 625 1119 665 nos
1153 611 1372 681 supinos
1403 623 1523 663 esse
1550 608 1656 661 vult
1691 607 1848 663 Deus.
1901 605 2023 660 ldeo

441 721 546 762 non
577 714 743 759 totum
774 705 886 773 ipse
935 702 1143 772 perlicit
1164 743 1179 763 ,
1228 715 1401 770 neque
1431 699 1541 753 vult
1571 713 1670 753 nos
1714 705 2023 766 arrogantes

438 812 576 852 esse.
601 796 937 864 Quapropter
966 809 1070 847 non
1091 800 1260 847 totum
1281 791 1433 847 nobis
1454 790 1624 853 dedit,
1649 789 1741 843 sed
1776 789 2022 857 utrinque

440 903 630 943 noxam
667 887 941 947 auferens,
982 883 1124 955 quod
1178 892 1295 938 erat
1351 882 1480 937 utile
1529 881 1762 950 reliquit.
1823 880 2023 935 Idcirco

438 978 779 1049 corypluzutn
810 976 1007 1030 cadere
1036 973 1316 1045 permisit,
1351 983 1412 1027 ut
1443 972 1588 1027 illum
1616 971 2021 1027 moderatiorem

440 1070 709 1127 redderet.
757 1077 815 1123 et
842 1068 908 1121 ad
958 1066 1214 1134 majorem
1263 1069 1537 1119 caritatem
1590 1063 1901 1117 induceret:
1930 1060 2026 1117 Caci

437 1162 589 1222 enim,
623 1159 811 1228 inquit,
839 1158 954 1227 plus
979 1157 1238 1210 remissum
1263 1155 1435 1226 fuerit,
1453 1155 1496 1207 is
1513 1151 1852 1223 mogisdiliget
1869 1151 2020 1220 (Luc.

439 1254 492 1308 7.
523 1250 637 1325 47).
671 1252 777 1305 Deo
805 1250 962 1319 igitur
993 1248 1187 1315 ubique
1215 1247 1601 1312 obre-juamur;
1635 1258 1733 1298 nec
1759 1242 2026 1296 con'radi—

440 1360 625 1402 camus
650 1342 724 1406 ei,
755 1339 967 1395 etiamsi
994 1337 1042 1391 id
1072 1338 1211 1407 quod
1240 1336 1390 1400 dicit,
1418 1335 1610 1389 rationi
1636 1345 1693 1389 et
1720 1333 2022 1404 intelligen-

440 1435 526 1489 tia:
553 1442 749 1487 nostra:
777 1429 1101 1485 contrarium
1135 1426 1375 1480 videatur
1406 1443 1420 1479 :
1449 1424 1544 1478 sed
1578 1423 1866 1494 praevaleat
1909 1422 2024 1494 ejus

441 1540 620 1583 sermo
646 1521 838 1578 rationi
883 1531 936 1574 et
982 1518 1345 1589 intelligentiae
1394 1526 1614 1571 nostrae.
1644 1514 1920 1571 Sieetiam
1969 1517 2022 1571 in

441 1617 710 1690 mysteriis
740 1614 1016 1678 faciamus,
1053 1628 1159 1665 non
1199 1626 1262 1664 ea
1292 1609 1466 1665 solum
1494 1625 1614 1680 qua».
1659 1610 1760 1664 sub
1804 1624 2022 1664 sensum

438 1709 631 1765 cadunt
660 1706 1030 1774 respicientes,
1077 1702 1172 1757 sed
1213 1700 1372 1757 verba
1403 1702 1519 1770 ejus
1556 1700 1865 1756 retinentes.
1894 1700 2025 1756 Ver-

438 1802 563 1858 bum
591 1800 783 1871 quippe
807 1798 923 1867 ejus
972 1795 1156 1850 fallere
1196 1793 1411 1863 nequit;
1452 1807 1643 1848 sensus
1689 1807 1817 1848 vero
1844 1801 2027 1848 noster

439 1892 594 1948 facile
614 1889 893 1960 decipitur.
920 1885 1154 1941 Verbum
1177 1884 1291 1953 ejus
1311 1898 1599 1954 numquam
1628 1883 1858 1949 excidit;
1899 1898 2025 1939 seu-

437 1999 531 2040 sus
557 1997 685 2037 vero
710 1994 854 2050 sazpe
879 1977 1099 2032 fallitur.
1143 1974 1406 2044 Quoniam
1438 1989 1566 2029 vero
1605 1974 1692 2029 ille
1722 1973 1875 2038 dixit,
1913 1973 2026 2027 Hoc

438 2084 510 2128 cst
530 2087 714 2141 corpus
744 2085 931 2134 meum,
960 2067 1413 2134 obtemperemus,
1441 2063 1745 2130 credamus,
1784 2075 1836 2120 et
1860 2066 2018 2134 spiri-

438 2166 670 2221 tualibus
698 2162 869 2218 oculis
891 2161 1062 2232 ipsum
1091 2158 1457 2225 restriciamus.
1503 2156 1643 2211 Nihil
1683 2157 1826 2212 enim
1852 2158 2025 2213 sensi-

441 2258 546 2313 bile
574 2255 726 2312 nobis
747 2252 991 2309 Christus
1011 2250 1191 2313 dedit;
1217 2247 1309 2301 sed
1333 2248 1489 2302 rebus
1502 2248 1661 2302 etiam
1684 2247 2026 2302 sensibilihus

440 2348 619 2404 omnia
642 2354 767 2402 sunt
802 2340 1117 2413 spiritualia.
1150 2340 1240 2394 Sic
1269 2337 1413 2393 enim
1457 2345 1514 2393 et
1548 2339 1599 2391 in
1627 2337 1894 2406 baptismo
1932 2353 2028 2407 per

441 2453 553 2494 rem
576 2435 825 2493 sensilem
851 2434 1049 2487 donum
1080 2445 1230 2499 aqum
1253 2426 1584 2492 conceditur,
1612 2427 1753 2496 quod
1797 2428 2027 2483 efficitur

441 2528 719 2600 spirituale
742 2536 843 2589 est,
883 2522 1159 2593 generatio
1187 2529 1241 2576 et
1272 2518 1604 2605 regeneratio
1622 2560 1636 2583 ,
1668 2517 1782 2573 sive
1804 2534 2027 2573 renova-

443 2621 687 2677 tio.Nam
720 2619 762 2673 si
788 2619 1132 2685 incorporeus
1156 2626 1325 2671 esses.
1359 2608 1497 2662 nttda
1528 2608 1622 2662 tibi
1659 2608 1746 2662 illa
1770 2617 1823 2662 et
1850 2609 2025 2663 ineor-

444 2727 601 2782 porca
629 2709 766 2764 dona
796 2705 1100 2766 tribuisset;
1129 2701 1223 2753 sed
1246 2700 1368 2770 quia
1397 2699 1608 2768 corpori
1631 2699 1913 2768 conjuncta
1942 2710 2023 2753 est

442 2802 637 2861 anima.
667 2801 718 2853 iu
752 2795 1090 2852 sensibilibus
1131 2791 1428 2860 Spil‘illlflila
1461 2789 1553 2843 tibi
1601 2790 1841 2859 largitur.
1882 2789 2023 2859 Quot

443 2907 564 2951 sunt
587 2893 674 2965 qui
708 2891 865 2946 modo
904 2887 1104 2949 dicunt,
1140 2884 1344 2940 Vellem
1389 2883 1502 2952 ejus
1526 2882 1782 2945 formam,
1818 2891 2023 2954 typum,

442 2973 780 3048 vestimenta,
830 2982 1192 3036 calceamenta
1237 2973 1459 3029 videre?
1486 2973 1623 3027 Ecce
1668 2973 1814 3027 illum
1855 2972 2023 3037 vides,

444 3079 616 3151 ipsum
646 3076 840 3144 tangis,
890 3071 1061 3140 ipsum
1097 3064 1355 3121 comedis.
1408 3062 1475 3118 Et
1519 3074 1572 3117 tu
1621 3062 1833 3133 quidem
1861 3064 2025 3117 vesti-

440 3179 622 3226 menta
647 3167 826 3221 videre
852 3163 1001 3232 cupis
1032 3179 1044 3216 :
1076 3161 1189 3229 ipse
1229 3172 1356 3210 vero
1397 3156 1630 3223 seipsum
1658 3155 1748 3208 tibi
1782 3153 1891 3217 dat,
1920 3168 2024 3207 non

442 3261 730 3319 videndum
761 3255 940 3318 tundo,
969 3253 1063 3309 sed
1094 3249 1415 3320 tangendnm
1439 3289 1455 3314 ,
1484 3244 1875 3302 comedendum
1898 3285 1913 3309 ,
1946 3245 2028 3298 in-

443 3367 530 3410 tns
561 3348 955 3420 accipiendum.
1005 3344 1172 3399 Nemo
1228 3342 1407 3410 itaque
1455 3353 1720 3392 nauseans
1769 3336 2022 3427 accedat,

446 3461 606 3502 nemo
632 3441 910 3502 remissus,
935 3450 1124 3490 omnes
1159 3434 1429 3488 ardentes.
1454 3444 1644 3484 onmes
1679 3428 1947 3482 ferventes
1973 3437 2027 3481 ct

443 3535 680 3595 excitati.
710 3532 839 3586 Nam
866 3531 908 3584 si
938 3527 1108 3583 .lnda-i
1138 3533 1360 3583 stantes.
1388 3522 1632 3585 calceati,
1667 3520 1886 3575 baculos
1916 3537 2027 3574 nta-

443 3629 604 3684 nibus
633 3632 897 3688 tenentes,
929 3634 1050 3675 cum
1085 3616 1429 3672 festinatione
1453 3612 1827 3675 cmncdebant,
1859 3612 2027 3667 multo

444 3719 614 3791 magis
661 3726 714 3772 te
761 3713 982 3786 vigilare
1004 3714 1240 3779 oportet.
1291 3702 1372 3760 Illi
1417 3704 1561 3759 enim
1591 3703 1642 3757 in
1690 3702 2023 3758 Palaestinam

443 3812 566 3869 ituri
592 3817 764 3874 erant,
812 3806 1039 3875 ideoque
1083 3801 1347 3854 viatorum
1388 3795 1589 3852 cultum
1630 3793 1936 3857 habebant;
1968 3806 2023 3848 tu

443 3920 573 3961 vero
592 3907 645 3957 in
672 3902 860 3955 cadum
890 3897 1213 3967 migraturus
1233 3904 1311 3947 es.

515 3997 570 4052 5.
610 3992 834 4063 Indigna
869 3986 1153 4043 communio
1188 3991 1434 4054 quantum
1485 3981 1696 4035 malum.
1737 3979 1936 4033 (Inritus
1979 3988 2026 4032 ct

444 4085 815 4158 magniﬁcentia
865 4078 1052 4135 Christi
1096 4078 1150 4130 in
1203 4073 1548 4128 Eucharistia.
1577 4069 2026 4137 -—Quamobrcm

447 4185 664 4248 oportet
698 4186 912 4241 semper
936 4168 1157 4239 vigilare
1182 4184 1196 4219 :
1229 4181 1333 4221 non
1363 4178 1586 4233 parvum
1615 4162 1759 4216 enim
1788 4161 2028 4214 imminet

444 4265 763 4338 supplicium
781 4264 847 4317 iis
871 4261 960 4330 qui
992 4259 1206 4328 indigne
1230 4255 1642 4310 communicant.
1660 4252 1842 4321 Cogita
1858 4265 2030 4320 quan-

446 4371 558 4416 tum
590 4365 774 4413 contra
806 4352 1128 4424 proditorem
1158 4346 1448 4417 indignaris
1468 4385 1484 4407 ,
1518 4353 1572 4398 et
1598 4352 1783 4399 contra
1815 4358 1909 4398 eos
1936 4344 2026 4413 qui

445 4450 717 4508 Christum
748 4444 1149 4500 erucillxerunt.
1181 4438 1326 4492 Cave
1368 4450 1530 4506 ergo.
1563 4450 1629 4489 ne
1673 4443 1728 4488 tu
1761 4435 1875 4503 ipse
1902 4448 2028 4488 reus

447 4543 523 4598 sis
554 4539 794 4610 corporis
834 4543 891 4591 et
933 4530 1203 4603 sanguinis
1238 4526 1456 4583 Christi.
1487 4526 1565 4580 llli
1588 4539 1801 4579 sacrum
1831 4539 2029 4594 corpus

450 4632 803 4692 trucidarunt,
835 4641 889 4683 tu
918 4636 1038 4698 post
1063 4633 1138 4679 tot
1174 4620 1429 4678 beneficia
1458 4634 1579 4674 cum
1616 4615 1829 4671 sordida
1852 4615 2026 4671 susci-

453 4728 535 4799 pis
554 4723 754 4780 anima.
780 4719 963 4791 Neque
1001 4717 1144 4773 enim
1189 4713 1318 4768 satis
1362 4712 1542 4765 habuit
1581 4709 1846 4763 hominem
1889 4708 2024 4773 lieri,

448 4819 618 4890 alapis
643 4815 798 4877 c:cdi,
826 4810 1112 4872 immolari,
1129 4806 1225 4863 sed
1253 4806 1485 4877 seipsum
1514 4802 1825 4860 commiscet
1850 4800 2029 4855 nobis-

451 4928 575 4966 eum
598 4951 617 4979 ,
647 4925 752 4964 non
783 4905 884 4961 fide
914 4913 1116 4958 tantum
1142 4943 1156 4965 ,
1185 4898 1277 4953 sed
1316 4898 1489 4966 reipsa
1513 4909 1611 4950 nos
1647 4908 1843 4963 corpus
1872 4908 2025 4979 suum

456 4976 751 5057 constituit.
767 4997 972 5067 Quanta
986 5008 1114 5063 ergo
1132 4991 1356 5060 puritate
1371 4994 1643 5058 oporteret
1666 5000 1786 5038 eum
1805 4998 1922 5037 esse
1937 4976 2026 5052 qui

461 5095 563 5149 hoc
590 5090 781 5145 fruitur
807 5084 1110 5143 sacriﬁcio?
1148 5089 1346 5151 quanto
1374 5078 1534 5133 radiis
1559 5078 1821 5131 solaribns
1850 5074 2032 5144 purio-

458 5200 571 5241 rem
597 5197 718 5238 es-e
745 5186 1014 5249 oporteret
1053 5187 1267 5229 manum
1309 5171 1472 5230 illaut.
1504 5183 1623 5239 qurc
1654 5167 1789 5221 hanc
1812 5180 2026 5220 carnem

450 5285 620 5340 secat,
650 5289 711 5327 os
736 5269 876 5342 quod
917 5264 1176 5337 spirituali
1209 5261 1443 5331 repletur
1471 5261 1621 5330 igne,
1663 5258 1893 5329 linguam
1925 5264 2030 5311 tre-

457 5370 653 5429 mendo
672 5366 930 5437 sanguine
956 5357 1208 5417 tinctam?
1226 5357 1408 5426 Cogita
1440 5362 1694 5423 quantum
1717 5351 1939 5418 adeptus
1957 5347 2032 5401 sis

460 5458 760 5520 honorem?
788 5472 889 5528 qua
921 5452 1114 5508 fruaris
1151 5462 1334 5504 mensa
1355 5444 1380 5498 ?
1405 5442 1556 5512 Quod
1593 5440 1766 5511 angeli
1799 5447 2033 5494 tremunt

457 5556 717 5618 videntes,
750 5562 846 5602 nec
874 5547 991 5601 sine
1017 5551 1159 5597 metu
1178 5537 1442 5608 reSpiccre
1462 5533 1658 5588 audent
1673 5532 1742 5586 ob
1768 5529 2031 5599 fulgorem

463 5645 589 5700 ἰιιΰιε
617 5648 944 5704 manantem,
967 5652 1032 5689 eo
1060 5648 1160 5687 nos
1185 5631 1397 5692 alimur,
1429 5626 1551 5680 huic
1578 5622 1992 5679 commiscemur
2012 5659 2029 5685 ,

463 5736 690 5808 lat-tique
732 5744 910 5784 sumus
964 5722 1162 5781 Christi
1212 5734 1373 5773 unum
1428 5733 1623 5780 corpus
1671 5726 1722 5769 ct
1761 5729 1859 5767 una
1887 5728 2031 5765 caro.

1152 310 1208 364 S.
1247 308 1525 365 JOANNIS
1561 302 2032 363 CIIRYSOSTOMI
2071 305 2389 363 ARCHIEP.
2429 307 2959 368 CONS'I'ANTINOP.

3609 321 3712 377 ιιι

2138 417 2267 485 Quis
2292 419 2524 489 loquetur
2545 426 2793 490 permities
2832 426 3082 482 Domini?
3122 430 3324 483 auditas
3360 433 3511 502 faciet
3542 451 3714 490 omna

2130 509 2307 564 laudes
2325 512 2434 580 ejus
2460 517 2478 582 (
2509 512 2654 568 Paul.
2684 516 2808 572 l03.
2836 516 2874 570 9.
2892 516 2952 586 )?
2975 518 3106 583 Quis
3135 530 3314 587 pastor
3356 525 3583 592 propriis
3610 526 3711 580 sibi

2130 602 2386 657 membris
2410 620 2540 660 oves
2559 608 2765 661 nutrit?
2792 609 2991 680 Ecquid
3022 620 3290 680 pastorem
3317 613 3479 669 dico?
3520 616 3715 673 Matres

2128 709 2272 763 same
2300 705 2441 759 sunt,
2472 714 2591 766 quia:
2621 709 2735 767 post
2761 712 2970 770 partum
3001 702 3017 734 ⁸
3046 703 3270 757 infantes
3285 704 3405 759 aliis
3421 708 3714 764 nutricibus

2127 784 2294 839 dant:
2326 787 2439 855 ipse
2483 803 2610 843 vero
2650 791 2700 843 id
2730 806 2835 846 non
2864 806 3049 861 passus
3090 803 3192 857 est,
3224 795 3318 849 sed
3355 812 3452 851 nos
3497 802 3715 870 proprio

2128 878 2387 944 sanguine
2404 880 2589 944 nutrit,
2618 892 2672 935 et
2697 897 2792 950 per
2820 884 2997 937 omnia
3030 884 3130 939 sibi
3151 887 3384 954 copulat.
3417 888 3711 946 Considera

2129 978 2303 1023 autem
2336 984 2350 1021 :
2380 985 2445 1024 ex
2476 981 2656 1025 nostra
2683 973 2977 1029 substantia
3006 984 3165 1030 natus
3194 987 3296 1030 est.
3328 978 3454 1044 Sed,
3480 981 3710 1051 inquies,

2130 1061 2260 1114 nihil
2285 1063 2386 1116 hoc
2428 1061 2496 1117 ad
2545 1078 2733 1120 omnes
2762 1066 2990 1135 pertinet
3020 1081 3036 1121 :
3064 1082 3386 1138 quamquam
3430 1071 3496 1125 ad
3525 1088 3715 1128 omnes

2128 1160 2296 1207 certe.
2319 1153 2374 1209 Si
2396 1153 2541 1208 enim
2576 1155 2643 1208 ad
2681 1165 2927 1211 naturam
2966 1167 3202 1213 nostram
3232 1161 3410 1226 venit,
3437 1163 3622 1233 utique
3646 1166 3713 1218 ad

2128 1259 2317 1298 omnes
2337 1245 2482 1299 venit
2512 1263 2525 1299 :
2559 1247 2603 1300 si
2640 1256 2819 1301 autem
2857 1247 2924 1303 ad
2949 1262 3138 1304 omnes
3162 1251 3324 1305 etiam
3354 1252 3422 1305 ad
3453 1253 3709 1323 singulos.

2131 1337 2199 1391 Et
2221 1338 2512 1407 quomodo.
2547 1338 2775 1409 inquies,
2827 1356 2931 1394 non
2960 1356 3148 1396 omnes
3189 1343 3330 1398 hunc
3367 1343 3593 1400 fructum
3623 1362 3715 1402 ac-

2128 1430 2507 1491 ceperunt?“
2553 1439 2702 1487 certe
2756 1448 2860 1486 non
2906 1433 2978 1487 illi
3019 1418 3429 1490 adscribendum
3474 1439 3563 1506 qui
3613 1455 3714 1509 pro

2128 1521 2375 1576 omnibus
2403 1521 2531 1577 illud
2554 1521 2772 1592 delegit,
2796 1523 2889 1577 sed
2916 1524 3020 1578 illis
3050 1526 3138 1595 qui
3168 1525 3475 1583 noluerunt.
3505 1527 3713 1598 Cuique

2129 1612 2271 1666 enim
2300 1613 2439 1668 fideli
2474 1629 2569 1682 per
2596 1612 2697 1667 hoc
2724 1615 3033 1687 mysterium
3064 1630 3124 1669 se
3157 1616 3466 1687 coniungit,
3496 1627 3551 1673 et
3577 1633 3715 1689 quos

2127 1704 2335 1772 genuit,
2360 1720 2460 1772 per
2485 1719 2545 1757 se
2573 1704 2760 1770 nutrit,
2808 1719 2983 1775 neque
3013 1706 3102 1760 alii
3142 1707 3336 1772 tradit;
3370 1708 3577 1778 hocque
3619 1711 3713 1766 tibi

2131 1794 2292 1848 tuodo
2322 1795 2530 1863 probat,
2561 1809 2618 1849 se
2657 1809 2873 1851 carnem
2913 1798 3186 1865 accepisse
3230 1810 3394 1852 tuam.
3436 1799 3511 1854 Ne
3537 1801 3716 1873 itaque

2130 1899 2321 1954 segnes
2347 1885 2516 1940 siuuts
2541 1895 2687 1939 tanta
2731 1886 2933 1955 dignati
2973 1888 3195 1944 caritate
3222 1899 3278 1945 et
3309 1899 3457 1948 tanto
3485 1891 3713 1952 honore.

2130 1974 2245 2029 Non
2266 1974 2456 2030 videtis
2483 1985 2685 2042 quanto
2708 1977 2909 2046 impetu
2935 1976 3162 2032 infantes
3184 1980 3318 2033 labia
3347 1995 3440 2035 sua
3470 1984 3716 2038 mamilla:

2130 2065 2487 2120 admoveant?
2512 2064 2645 2120 Cum
2675 2069 2865 2121 eodem
2889 2068 3066 2121 studio
3095 2083 3193 2122 nos
3222 2069 3287 2123 ad
3318 2070 3454 2125 hanc
3482 2075 3710 2128 acceda-

2134 2172 2250 2211 mus
2277 2172 2539 2222 mensam,
2563 2168 2615 2211 et
2637 2160 2703 2210 ad
2725 2159 3012 2212 mamillam
3039 2160 3332 2230 spiritualis
3357 2164 3529 2231 poculi
3553 2180 3568 2227 ;
3610 2165 3717 2221 inm

2132 2264 2260 2303 vero
2285 2248 2489 2317 majore
2514 2264 2634 2302 eum
2653 2249 2853 2317 studio,
2897 2258 2954 2304 ut
2982 2250 3238 2305 lactentes
3266 2254 3413 2320 pueri
3436 2295 3449 2314 .
3487 2256 3715 2324 gratiam

2130 2339 2357 2408 Spiritus
2381 2339 2713 2395 attraltamus
2743 2358 2756 2394 :
2793 2354 3035 2409 unusque
3062 2340 3216 2395 nobis
3243 2342 3311 2395 sit
3336 2344 3511 2409 dolor,
3542 2345 3585 2398 si
3612 2343 3718 2399 hoc

2131 2430 2387 2498 spirituali
2418 2430 2673 2484 alimento
2704 2429 2991 2498 priremur.
3023 2430 3137 2485 Non
3165 2442 3290 2485 sunt
3330 2433 3576 2489 humanm
3605 2436 3718 2489 vir-

2133 2520 2262 2573 tutis
2287 2518 2404 2573 bzec
2428 2534 2610 2589 opera.
2634 2518 2683 2572 Is
2706 2519 2796 2588 qui
2825 2528 2950 2574 tunc
2964 2519 3019 2575 in
3046 2521 3134 2575 illa
3165 2537 3318 2578 rana
3339 2523 3715 2590 hzeccunfccit,

2130 2619 2183 2665 et
2214 2625 2353 2666 nunc
2394 2611 2558 2666 etiam
2603 2620 2877 2679 operatur.
2909 2611 3017 2666 Nos
3056 2602 3418 2668 ministrorum
3461 2615 3717 2673 habemus

2129 2704 2370 2759 ordinem
2395 2719 2410 2756 :
2433 2704 2522 2775 qui
2554 2717 2683 2759 vero
2709 2704 2799 2758 illa
2839 2705 3133 2761 sanctificat
3159 2717 3214 2761 et
3243 2718 3579 2774 transnmtat,
3601 2711 3717 2780 ipse

2130 2807 2232 2851 est.
2260 2795 2448 2851 Nullus
2476 2810 2607 2866 ergo
2630 2794 2797 2850 Judas
2820 2795 2979 2862 adsit,
3034 2796 3214 2852 nullus
3250 2813 3444 2852 avarus
3476 2816 3488 2852 :
3518 2800 3561 2853 si
3588 2802 3712 2870 quis

2130 2889 2423 2958 discipulus
2453 2904 2559 2943 non
2590 2898 2692 2950 est,
2720 2889 2935 2943 recedat
2969 2907 2982 2942 :
3014 2906 3119 2944 nou
3148 2891 3338 2960 recipit
3377 2891 3495 2946 lucc
3529 2908 3714 2949 mensa

2129 2998 2225 3039 eos
2252 2984 2343 3053 qui
2368 2983 2501 3037 tales
2532 2997 2637 3036 non
2680 2991 2826 3036 sunt.
2854 2982 2990 3036 Cum
3020 2983 3318 3053 discipulis,
3350 2985 3539 3055 inquit,
3579 2988 3716 3041 meis

2131 3076 2269 3129 facio
2288 3074 2507 3145 pascha.
2538 3074 2661 3128 llmc
2696 3074 2808 3141 ipsa
2842 3088 3026 3128 mensa
3061 3083 3180 3139 est,
3210 3091 3331 3145 quae
3374 3076 3507 3130 nihil
3536 3082 3715 3133 minus

2127 3181 2287 3237 quam
2330 3165 2418 3220 illa
2459 3163 2641 3219 habet.
2681 3163 2866 3234 Neque
2912 3165 3054 3219 enim
3102 3166 3244 3220 illam
3267 3164 3544 3231 Christus,
3576 3167 3715 3222 hanc

2132 3258 2292 3312 homo
2318 3256 2484 3312 facit:
2515 3256 2608 3310 sed
2629 3264 2686 3310 et
2709 3257 2844 3310 hanc
2887 3267 2942 3310 et
2971 3255 3112 3309 illam
3145 3257 3274 3326 ipse.
3308 3257 3420 3312 lloc
3463 3258 3588 3313 illud
3629 3268 3715 3312 est

2130 3350 2481 3413 cmuaculum,
2522 3349 2611 3402 ubi
2643 3359 2769 3403 tunc
2805 3358 2993 3412 erant;
3026 3347 3149 3404 hinc
3182 3350 3248 3403 ad
3281 3349 3511 3406 Montem
3542 3351 3713 3406 oliva-

2133 3457 2248 3495 rum
2274 3440 2515 3495 cxiernut
2547 3454 2684 3494 :nos
2725 3454 2983 3494 exeamus
3034 3440 3099 3493 ad
3145 3454 3335 3495 manus
3375 3456 3709 3511 pauperum:

2133 3534 2221 3589 hic
2263 3534 2407 3588 enim
2459 3533 2701 3587 locusest
2756 3533 2905 3589 Mons
2950 3531 3230 3586 olivarum.
3277 3526 3442 3588 Olivie
3483 3549 3715 3606 namque

2134 3629 2382 3697 plantata:
2409 3625 2460 3677 in
2492 3623 2653 3678 domo
2683 3623 2775 3677 Dei
2794 3631 2920 3677 sunt
2941 3636 3234 3692 pauperum
3261 3625 3563 3690 multitudo,
3587 3643 3713 3695 qua:

2130 3719 2332 3774 stillant
2357 3716 2554 3779 (deum,
2585 3713 2726 3783 quod
2747 3712 2857 3767 illic
2878 3713 3033 3768 nobis
3057 3714 3184 3769 utile
3203 3716 3306 3768 erit
3333 3732 3347 3769 :
3380 3716 3521 3786 quod
3548 3716 3714 3787 quin-

2130 3823 2237 3879 que
2282 3808 2385 3861 illa:
2430 3806 2660 3876 virgines
2709 3803 3030 3870 habuerunt,
3057 3816 3265 3861 cetera:
3293 3822 3420 3863 vero
3447 3824 3565 3878 quae
3602 3826 3711 3864 non

2132 3903 2255 3958 hinc
2280 3907 2620 3969 acceperant,
2642 3897 2933 3966 perierunt.
2959 3896 3070 3952 Hoc
3085 3897 3409 3969 accipientes
3426 3899 3709 3968 intremus,

2132 4005 2190 4049 ut
2236 3989 2557 4061 fulgentibus
2586 3986 2922 4055 lampadibus
2963 3986 3029 4041 ad
3072 4003 3328 4054 sponsum
3367 3990 3709 4045 accedamus.

2133 4085 2243 4140 lloc
2282 4080 2604 4149 accipientes
2631 4075 2757 4131 hinc
2797 4075 3153 4143 egrediantur.
3196 4077 3364 4133 Nemo
3390 4078 3713 4135 inhumanus

2132 4175 2369 4232 accedat.
2386 4185 2542 4226 nemo
2566 4167 2797 4223 crudelis
2813 4179 2866 4222 et
2890 4168 3289 4233 immisericOrs,
3311 4185 3470 4224 nemo
3489 4172 3713 4226 omnino

2134 4271 2397 4337 impurus.

2202 4357 2255 4411 6.
2283 4355 2407 4409 lbec
2432 4351 2582 4406 vobis
2605 4351 2693 4421 qui
2719 4349 3124 4405 communicatis
3148 4348 3291 4413 dico,
3318 4365 3528 4405 necnon
3559 4352 3711 4407 vobis

2132 4453 2220 4525 qui
2252 4447 2584 4505 ministratis.
2614 4444 2744 4499 Nam
2773 4458 2989 4497 necesse
3015 4451 3103 4498 est
3125 4458 3219 4497 vos
3245 4444 3465 4516 al'oqui,
3496 4455 3553 4499 ut
3585 4462 3711 4502 eum

2100 4543 2297 4599 -multa
2326 4537 2594 4608 diligentia
2626 4534 2739 4588 haec
2776 4536 2911 4587 dona
2953 4533 3302 4588 distribuatis.
3331 4535 3446 4590 Non
3491 4552 3711 4606 parvum

2135 4637 2282 4690 vobis
2319 4630 2633 4701 supplicium
2661 4626 2969 4694 deputatum
2998 4635 3080 4679 est
3098 4665 3117 4692 ,
3147 4627 3191 4680 si
3219 4642 3378 4695 quem
3409 4628 3713 4699 improbum

2133 4729 2283 4784 vobis
2308 4734 2492 4779 notum
2521 4721 2585 4776 ad
2616 4719 2770 4788 hujus
2800 4733 2998 4773 mensm
3037 4719 3490 4789 participationem
3521 4721 3715 4776 admit-

2135 4824 2276 4879 ιιυῑς,
2325 4815 2550 4885 Sanguis
2595 4813 2713 4883 ejus
2759 4812 3066 4880 eaquiretur
3102 4812 3172 4865 de
3215 4813 3459 4867 nnmibus
3498 4815 3710 4869 vestris.

2133 4912 2385 4984 Quamvis
2417 4906 2522 4961 dux
2563 4902 2822 4973 quispiam
2852 4902 2915 4955 sit
2938 4942 2954 4967 ,
2983 4903 3223 4970 quamvis
3255 4903 3570 4974 praefectus,
3599 4905 3715 4960 sive

2137 5008 2179 5060 is
2209 5007 2319 5072 ipse
2346 5000 2434 5069 qui
2461 4995 2762 5052 diademate
2799 4992 3098 5058 redimitur,
3127 4994 3170 5046 si
3209 4993 3423 5063 indigne
3462 4993 3710 5061 accedat,

2135 5097 2363 5159 cohibe;
2392 5089 2648 5158 majorem
2688 5094 2745 5140 tu
2781 5100 2941 5155 quam
2978 5084 3067 5139 ille
3096 5094 3411 5154 potestatem
3445 5085 3628 5143 habes.
3655 5085 3710 5142 Si

2139 5193 2229 5247 tibi
2263 5188 2380 5242 fons
2408 5196 2571 5254 purus
2599 5179 2741 5250 gregi
2781 5177 3162 5232 custodiendus
3190 5181 3508 5236 cornmissus
3535 5191 3710 5245 esset,

2138 5302 2200 5341 ac
2229 5282 2435 5337 videres
2457 5291 2518 5329 os
2542 5275 2660 5328 ovis
2680 5270 2977 5339 cuiuspiam
3005 5271 3113 5323 luto
3138 5269 3414 5335 foedatum,
3441 5285 3546 5325 non
3572 5271 3718 5325 sine-

2141 5393 2225 5433 res
2249 5372 2481 5429 demisso
2504 5366 2676 5435 capite
2696 5363 2951 5417 ﬂuentqu
2974 5362 3209 5417 turbare.
3234 5360 3387 5416 Nune
3411 5375 3516 5416 non
3540 5377 3715 5432 aqum,

2138 5467 2231 5523 sed
2257 5459 2548 5533 sanguinis,
2574 5467 2629 5510 et
2647 5456 2867 5524 spiritus
2892 5454 3019 5507 fonti
3044 5453 3393 5508 custodiendo
3410 5454 3714 5522 deputatus,

2128 5552 2176 5605 si
2194 5551 2433 5620 peccatis
2449 5558 2593 5604 terra
2611 5558 2665 5604 et
2683 5549 2796 5603 luto
2814 5546 3139 5603 fmdioribus
3155 5545 3469 5618 inquinatos
3484 5540 3722 5599 accede-

2189 5693 2206 5724 ¹
2234 5690 2367 5747 Haec,
2390 5696 2499 5753 post
2526 5698 2739 5753 partum,
2764 5689 2948 5739 desunt
2970 5685 3017 5737 in
3041 5686 3214 5737 Morel.
