4058 6144
459 256 563 315 ’1ιὸ

443 389 503 429 re
518 374 724 441 videas,
742 391 843 433 nec
863 375 1182 448 indigneris,
1206 393 1307 436 nec
1322 381 1603 449 cohibens,
1620 398 1786 454 quam
1813 385 2029 442 veniam

444 467 746 523 mercaris?
767 468 975 527 Idcirco
1009 484 1108 525 vos
1127 469 1274 526 Deus
1311 473 1414 529 hoc
1434 474 1642 531 horrore
1671 476 1948 534 decoravit
1968 488 2030 534 ut

442 555 1048 615 haecdiscernatisdiaic
1066 569 1247 617 vestra
1258 562 2028 635 dignitasestmazcsecuritas,

441 648 557 704 haec
571 663 801 715 corona,
825 667 931 707 non
956 663 1015 708 ut
1035 654 1159 711 alba
1176 656 1602 728 sphndeanue
1634 662 1818 718 tunica
1846 661 2026 720 induti

436 738 811 797 circumeatis.
834 741 900 797 Et
913 744 1604 817 undenam,inquies,liune
1619 760 1676 805 et
1690 751 1845 807 illum
1865 769 2030 811 nosse

444 833 643 899 possim
663 832 688 888 1
712 831 830 889 Non
856 833 924 890 de
953 834 1163 907 ignotis,
1194 837 1289 893 sed
1317 838 1386 895 de
1409 840 1552 897 notis
1575 841 1781 912 loqtior.
1813 845 2025 916 Aliquid

445 920 753 983 horribilius
781 925 955 983 dicam
987 946 1002 983 :
1032 928 1148 986 Non
1175 939 1282 986 tam
1320 947 1484 1002 grave
1519 943 1603 990 est
1635 950 2027 1007 cncrgmncnus

432 1017 585 1072 intus
609 1034 733 1079 οδω
758 1061 777 1087 ,
804 1031 863 1076 ut
888 1022 985 1079 bos
1010 1040 1146 1094 quos
1167 1025 1299 1081 dicit
1322 1025 1519 1083 Paulus
1540 1027 1561 1098 (
1595 1027 1755 1085 Hebr.
1786 1030 1874 1087 10.
1905 1032 2022 1105 9.9)

439 1108 711 1167 Christum
738 1114 1074 1180 conculcata,
1101 1127 1157 1172 et
1182 1118 1493 1188 sanguinem
1532 1124 1836 1178 testamenti
1873 1141 2024 1181 corn-

436 1217 601 1258 inune
626 1204 846 1273 ducere,
865 1217 1025 1279 atque
1052 1209 1284 1279 Spiritus
1309 1213 1537 1281 gratiam
1561 1219 1885 1273 contumelia
1902 1220 2016 1275 atti-

434 1308 581 1348 cere.
603 1294 942 1354 Daautoaimo
959 1301 1103 1356 enim
1124 1302 1365 1371 pejorest
1381 1305 1470 1374 qui
1499 1309 1736 1376 peccavit
1761 1320 1817 1364 ct
1836 1326 2018 1367 mecs-

433 1385 522 1438 sit.
539 1384 617 1441 Illi
632 1387 777 1443 enim
792 1404 914 1446 cum
930 1391 1214 1449 admmone
1229 1405 1507 1462 vexantur,
1527 1414 1637 1453 non
1651 1400 1774 1457 ideo
1786 1404 2017 1471 puniun—

434 1485 519 1532 tur
549 1494 564 1530 :
598 1479 650 1532 hi
691 1495 818 1553 rem
858 1483 904 1537 si
950 1483 1164 1554 indigne
1199 1486 1485 1553 accedant,
1514 1499 1719 1547 aeterno
1754 1495 2017 1565 supplicio

433 1570 729 1628 traduntin.
755 1574 833 1630 Nc
857 1575 1035 1647 itaque
1060 1577 1158 1633 hos
1188 1588 1393 1635 tantum
1420 1581 1697 1651 pellamus,
1727 1586 1823 1641 sed
1851 1589 2011 1645 etiam

429 1674 651 1727 omnes,
684 1679 822 1734 quos
847 1667 1136 1724 viderimus
1165 1669 1379 1741 indigne
1412 1674 1689 1731 accedere.
1718 1676 1889 1733 Nemo
1911 1695 2009 1735 co-

428 1767 545 1806 runs
572 1754 661 1823 qui
689 1754 936 1825 discipuli
963 1775 1069 1814 non
1095 1772 1220 1816 sunt
1236 1766 1615 1822 communicet.
1637 1767 1823 1824 Nullus
1844 1770 2010 1828 .ludas

425 1845 656 1911 suntat‘,
688 1861 758 1901 Ite
788 1846 943 1905 Judze
978 1851 1117 1905 mala
1161 1854 1410 1921 patiatur.
1447 1854 1655 1925 Corpus
1687 1858 1885 1916 Christi
1924 1872 2009 1918 at

422 1936 539 1992 bare
562 1937 723 1992 etiam
761 1940 1063 1998 multitudo.
1095 1943 1229 2002 Vide
1255 1959 1385 2017 ergo
1412 1956 1494 2015 tu,
1512 1951 1601 2018 qui
1628 1953 2009 2022 mysteriorum

422 2025 665 2082 minister
698 2044 788 2098 es,
827 2046 896 2087 ne
936 2031 1222 2090 Dominum
1253 2035 1327 2091 ad
1361 2037 1493 2092 iram
1527 2039 1796 2107 concites,
1825 2044 1875 2098 si
1901 2043 2005 2100 hoc

419 2128 615 2186 corpus
656 2130 764 2174 non
805 2135 998 2191 purges
1028 2139 1045 2177 :
1074 2137 1144 2179 ne
1178 2124 1420 2195 gladium
1442 2129 1543 2185 des
1580 2144 1679 2200 pro
1713 2131 1857 2189 cibo.
1894 2132 2001 2191 Sed

417 2209 633 2266 etiamsi
650 2226 762 2282 pra
771 2211 1081 2283 ignorantia
1090 2216 1111 2248 ³
1122 2216 1293 2275 illead
1302 2222 1745 2280 communionem
1757 2226 2016 2296 accedat,

482 2349 500 2381 ι
522 2347 696 2407 Savil.,
727 2346 890 2400 nullus
921 2356 1080 2400 sumat
1110 2357 1163 2402 ut
1188 2352 1366 2405 ludas.

417 2410 796 2536 $033152“.
1085 2415 1376 2478 Suspicatur
1404 2416 1556 2470 Savil.
1588 2419 2015 2489 legendumpm

1330 262 1398 320 IN
1434 263 1839 321 ΜΑΤΤΙΙιΕυΜ
1881 264 2108 322 ηοωι.
2150 268 2429 327 LXXXIII.
2466 276 2541 333 sl.
2581 277 2865 344 LXXXIV.

3625 298 3739 356 τις

2137 384 2331 443 ctdtihe
2367 389 2548 457 ilituu,
2579 407 2648 450 ne
2688 399 2897 455 timeas.
2940 402 3092 461 Time
3132 408 3301 466 Deum
3324 413 3366 479 ί,
3399 432 3504 472 non
3544 419 3720 476 homi-

2138 491 2282 580 nem.
2302 480 2356 535 Si
2382 483 2571 540 tionem
2590 487 2880 557 hominem,
2902 494 2972 549 ub
2990 497 3085 552 illo
3103 499 3436 574 irridcberis;
3458 511 3507 564 si
3529 511 3718 581 Deuru,

2134 569 2298 626 etiam
2330 572 2633 635 bmninibus
2655 588 2979 644 venerabilis
3001 593 3131 648 eris.
3156 596 3212 651 Si
3243 614 3348 654 non
3377 604 3561 669 audes,
3589 569 3742 663 mihi.

2133 662 2329 769 adduc;
2356 681 2457 771 nec
2484 673 2789 739 permittam
2815 677 3117 749 huiusmodi
3144 703 3327 749 ausus.
3348 662 3594 755 Animam
3618 721 3718 772 po-

2135 757 2258 852 tius
2277 760 2519 816 amittam
2544 802 2562 825 ,
2590 779 2749 835 quam
2789 770 3003 844 indigno
3039 785 3349 852 sanguinem
3388 757 3715 852 dominic'nin

2132 847 2432 958 praebent-tt;
2477 862 2536 908 et
2929 868 3106 934 potius
3141 847 3467 943 profundam

2133 942 2470 1050 tret'nendusn
2500 948 2811 1050 sanguinem
2838 955 2963 1011 dem
2988 963 3074 1015 cui
3112 942 3216 1020 non
3255 982 3352 1038 par
3375 985 3474 1029 est.
3494 942 3715 1050 'Si'post

2128 1030 2346 1085 multam
2379 1036 2816 1106 pcrquisitionem
2853 1044 3128 1118 indignum
3158 1030 3270 1112 non
3303 1067 3549 1133 noveris,
3580 1030 3711 1127 riihil

2125 1120 2366 1218 criminis
2385 1126 2507 1182 erit.
2536 1127 2662 1185 Hac
2682 1131 2755 1187 de
2779 1134 2844 1189 iis
2868 1139 2958 1207 qui
2981 1144 3246 1202 manifesti
3272 1163 3397 1208 sunt
3417 1120 3555 1214 dicta

2123 1209 2258 1312 liam
2276 1216 2323 1269 si
2348 1214 2447 1271 bus
2465 1221 2816 1291 corrigamus,
2842 1227 2950 1283 cito
2977 1233 3132 1290 nobis
3154 1237 3292 1295 Deus
3317 1209 3707 1312 ignotos-impios

2125 1301 2281 1405 faciet
2303 1306 2397 1405 ;-si
2424 1317 2599 1365 mrtem
2627 1324 2783 1370 notius
2805 1317 3062 1385 sinamus,
3092 1328 3245 1395 cujus
3268 1301 3705 1405 νεῖαι-ηαξ

2123 1395 2277 1451 trabis
2300 1398 2435 1454 alios
2459 1405 2828 1463 rietes-faciat?
2854 1411 2978 1469 Nate
3001 1431 3163 1486 porro
3186 1422 3326 1490 dico,
3344 1395 3448 1483 non
3468 1442 3524 1487 ut
3551 1452 3704 1494 coer-

2118 1499 2335 1544 ccamus
2371 1493 2459 1546 vel
2495 1508 2897 1565 sequestrem
2922 1515 3157 1577 tantum,
3185 1516 3287 1572 sed
3309 1529 3366 1574 ut
3393 1527 3703 1589 emendatos

2118 1579 2430 1684 rediremus
2452 1621 2468 1652 ,
2496 1599 2548 1642 nt
2579 1606 2764 1647 eorum
2803 1611 2987 1654 curam
3024 1602 3333 1667 habeamus.
3363 1614 3454 1673 Sic
3480 1624 3623 1680 enim
3648 1638 3705 1684 et

2118 1669 2285 1774 Deum
2304 1682 2589 1778 pmpitinut
2617 1684 2953 1759 habebimus,
2973 1704 3027 1750 et
3054 1702 3250 1756 multos
3275 1669 3701 1778 digne

2115 1763 2356 1882 n'icautes
2397 1775 2726 1840 reperiemus
2749 1820 2763 1845 ,
2793 1783 3063 1857 studiique
3083 1803 3135 1845 et
3160 1796 3536 1861 Sollicitudinis
3574 1826 3696 1882 erga

2112 1854 2253 1912 alios
2290 1872 2491 1919 nostne
2536 1869 2760 1925 ntultant
2801 1878 3118 1946 recipiemus
3159 1893 3458 1948 ttterccdem
3493 1916 3506 1950 :
3537 1855 3692 1971 tptaiii

2113 1961 2213 2060 t't‘os
2248 1964 2444 2055 omnes
2481 1962 2693 2058 assequi
2737 1968 3040 2038 contingat,
3073 1978 3241 2043 gratia
3279 1990 3331 2037 et
3370 1961 3695 2060 benignitate

2112 2038 2322 2097 Domini
2350 2048 2520 2101 υκαι-ἱ
2539 2049 2665 2107 Jesn
2691 2055 2909 2125 Christi,
2932 2063 3018 2117 cui
3041 2040 3282 2135 gloriain
3304 2038 3693 2141 szeculauswcu-

2110 2130 2303 2189 lorum.
2334 2141 2523 2196 Amen.

2170 2272 2187 2303 ³
2225 2271 2320 2321 Alii
2348 2282 2400 2325 et
2423 2276 2740 2340 Morel.,time
2778 2284 3033 2338 Dartimmt
3059 2298 3231 2345 Deum.

419 2587 3645 2664 MM

1363 2673 1711 2736 HOMILIA
1754 2677 2115 2743 LXXXIII.
2157 2684 2244 2747 ul.
2289 2686 2645 2753 LXXXIV.

412 2769 538 2825 Cas.
563 2770 656 2826 26.
684 2787 737 2826 ν.
765 2772 858 2828 36.
900 2771 1041 2827 Tune
1080 2774 1210 2828 venit
1251 2790 1368 2829 eum
1413 2776 1485 2829 eis
1531 2775 1684 2831 Jesns
1725 2780 1778 2832 in
1826 2781 1999 2834 villam

479 2877 592 2932 qua
608 2863 795 2917 dicitur
813 2863 1155 2930 Getltssmani,
1180 2874 1230 2918 et
1246 2866 1372 2920 dicit
1387 2867 1651 2938 discipulis
1670 2886 1696 2923 :
1711 2869 1891 2925 Sedete
1910 2873 1991 2926 hic

476 2953 634 3009 donec
657 2956 839 3009 eam
866 2956 1024 3020 ilius,
1052 2967 1106 3010 es
1136 2973 1293 3012 orem.
1330 2959 1422 3014 57.
1453 2958 1522 3014 ει
1548 2972 1810 3032 assumpto
1839 2961 1992 3019 Petro

474 3057 523 3101 et
550 3048 746 3102 duobus
770 3049 891 3117 ﬁliis
919 3048 1151 3104 Zeis-dmi
1165 3091 1181 3111 ,
1207 3053 1361 3122 erepit
1393 3055 1680 3108 contristari
1707 3067 1756 3109 et
1783 3067 1991 3112 mestus

472 3156 596 3207 esse,
624 3140 715 3196 38.
741 3150 791 3195 et
813 3142 945 3196 disi:
969 3144 1040 3197 eis
1067 3157 1087 3197 :
1105 3141 1293 3198 Tristis
1310 3154 1386 3200 est
1406 3145 1580 3201 animo
1602 3163 1717 3202 mea
1737 3164 1895 3217 usque
1918 3149 1999 3204 ad

471 3241 705 3289 mortem.
731 3232 937 3287 Moneta
962 3234 1069 3301 Itis,
1091 3244 1139 3289 et
1165 3233 1372 3306 vigilate
1396 3252 1615 3293 meum.

472 3364 524 3420 l.
552 3362 690 3430 Quia
718 3363 819 3433 ipsi
843 3379 1059 3435 semper
1088 3363 1362 3422 haerebant
1380 3408 1394 3432 ,
1427 3367 1549 3424 ideo
1570 3368 1700 3425 dicit
1731 3387 1746 3425 :
1779 3370 1986 3427 Moneta

397 3454 505 3520 hic,
536 3454 694 3509 donec
729 3454 910 3509 sedans
938 3470 986 3508 et
1007 3440 1167 3514 orem.
1200 3457 1416 3514 Solebat
1448 3461 1590 3515 enim
1628 3477 1870 3519 seorsum
1911 3464 1985 3520 ab

398 3546 502 3601 illis
527 3562 703 3602 orare.
737 3547 849 3603 lloc
875 3558 1054 3605 autem
1094 3551 1356 3618 faciebat,
1393 3563 1452 3607 ut
1493 3570 1591 3608 nos
1627 3554 1880 3623 doceret,
1910 3558 1978 3613 ad

396 3638 719 3706 precandum
757 3638 911 3695 nobis
937 3642 1169 3710 quietem
1195 3653 1249 3698 et
1280 3644 1712 3714 tranquillitatem
1755 3649 1974 3703 multam

391 3744 514 3783 esse
553 3731 867 3799 parandam.
907 3732 976 3788 Et
1004 3734 1196 3804 accipit
1237 3745 1347 3791 tres
1384 3737 1715 3808 discipulos,
1741 3741 1976 3812 dicitque

393 3822 496 3878 illis
520 3840 534 3876 :
564 3823 744 3878 Tristis
768 3836 840 3880 est
867 3828 1037 3881 anima
1062 3845 1170 3883 utea
1194 3847 1352 3901 usque
1376 3833 1445 3885 ad
1472 3843 1704 3889 mortem.
1731 3834 1840 3889 Cur
1866 3851 1970 3892 non

389 3929 577 3971 omnes
599 3931 782 3971 secum
808 3917 1073 3974 adduxit?
1098 3920 1174 3975 Ne
1205 3923 1570 3978 conciderent.
1598 3925 1700 3979 Sed
1733 3928 1828 3979 hos
1855 3935 1972 3981 tan-

390 4014 498 4060 tqu
525 4008 755 4073 admisit,
786 4010 875 4080 qui
904 4011 1086 4081 gloria:
1113 4028 1223 4068 suae
1256 4025 1585 4083 spectatores
1614 4015 1843 4073 fuerant.
1878 4020 1972 4072 At-

389 4107 565 4154 tamen
591 4100 692 4157 hos
714 4103 872 4157 etiam
913 4103 1183 4175 relinquit.
1219 4105 1285 4160 Et
1323 4107 1590 4174 paululmn
1635 4106 1966 4177 procedens,

384 4199 506 4245 orat
530 4191 714 4248 dicens
741 4212 758 4247 :
783 4193 874 4248 59.
903 4193 1084 4260 Pater,
1115 4196 1160 4250 si
1188 4196 1422 4265 possibile
1449 4208 1551 4262 est,
1578 4209 1800 4254 transeat
1826 4218 1859 4255 a
1888 4218 1967 4256 me

383 4283 518 4337 ralia:
538 4284 653 4340 iste.
689 4284 1035 4341 Verumtamen
1064 4304 1164 4341 non
1190 4289 1319 4342 sicut
1343 4306 1434 4361 ego
1461 4292 1592 4356 vola,
1619 4292 1709 4346 sed
1730 4293 1860 4347 sicut
1886 4303 1963 4350 tu.

381 4375 471 4431 ιθ.
505 4376 568 4430 Et
594 4379 723 4431 renit
749 4379 827 4431 att
842 4395 926 4432 eos
946 4421 961 4442 ,
989 4391 1034 4435 et
1068 4381 1253 4435 invenit
1284 4398 1366 4437 eos
1403 4383 1704 4439 dormientes
1722 4426 1739 4450 ,
1766 4396 1815 4441 et
1840 4387 1964 4441 dicit

384 4465 541 4522 Petro
559 4484 578 4523 .'
598 4467 685 4522 Ita
716 4486 814 4525 non
846 4472 1079 4539 potuistis
1104 4489 1205 4525 una
1228 4474 1353 4527 hora
1378 4475 1587 4544 vigilare
1606 4494 1798 4532 uterum
1815 4480 1841 4532 ?
1862 4481 1923 4535 Μ
1940 4521 1955 4536 .

393 4556 602 4628 Vigilate
624 4569 668 4613 et
694 4571 854 4625 orate,
875 4574 934 4615 ut
952 4579 1053 4615 non
1073 4563 1267 4617 intretis
1287 4564 1338 4616 in
1365 4567 1705 4621 tentationem.
1731 4567 1957 4639 Spiritus

375 4649 573 4719 quidem
600 4662 863 4721 promptus
891 4661 983 4714 est,
1009 4669 1127 4706 caro
1160 4663 1325 4707 autent
1362 4655 1584 4723 inﬁrma.
1614 4656 1728 4711 Non
1760 4658 1954 4713 frustra

372 4740 589 4796 Petrum
632 4744 860 4799 maxime
896 4745 1215 4815 alloquitur,
1243 4746 1364 4802 licet
1393 4748 1479 4802 alii
1507 4764 1720 4820 quoque
1744 4749 1946 4806 dormi—

371 4840 533 4895 rent;
574 4832 667 4886 sed
707 4845 763 4888 ut
802 4836 1122 4906 perstringat
1163 4836 1310 4890 illum
1345 4837 1415 4892 ob
1452 4828 1665 4894 causam
1705 4842 1955 4911 superius

367 4921 586 4976 dictam.
633 4923 835 4980 Deinde
880 4925 1000 4995 quia
1044 4925 1132 4979 alii
1176 4943 1388 4997 quoque
1433 4929 1658 4998 idipsum
1706 4930 1948 4986 dixerant

371 5013 514 5083 (cum
539 5014 679 5069 enim
707 5015 893 5070 Petrus
916 5017 1157 5077 dixisset.
1186 5017 1400 5073 Etiamsi
1411 5022 1695 5089 ‘oportuerit
1718 5038 1797 5075 me
1821 5023 1951 5075 mori

364 5113 528 5158 tecum
550 5146 566 5171 ,
593 5122 695 5159 non
719 5116 765 5159 te
793 5109 981 5179 negabo
1008 5124 1027 5163 :
1051 5108 1314 5177 similiter,
1345 5111 1547 5180 inquit,
1585 5122 1634 5165 et
1669 5129 1838 5167 omnes
1867 5114 1946 5167 di-

362 5196 545 5266 scipuli
578 5196 888 5265 dixerunt),
922 5199 1135 5256 illorum
1176 5200 1538 5256 inﬁrmitatem
1583 5205 1941 5273 redargneus,

363 5288 508 5357 ipsos
534 5303 723 5344 omnes
747 5289 1053 5358 alloquitur.
1083 5290 1219 5347 Nam
1243 5292 1336 5362 qui
1368 5293 1509 5347 mori
1532 5309 1652 5348 eum
1679 5295 1779 5350 ille
1797 5295 1945 5351 volc-

360 5380 489 5434 bant
506 5419 527 5445 ,
555 5380 754 5436 dolenti
782 5382 1068 5437 comlolere
1095 5400 1200 5439 non
1229 5395 1475 5454 poterant
1502 5386 1781 5457 vigilantes
1803 5429 1819 5455 ,
1845 5389 1940 5445 sed

360 5476 391 5512 a
430 5478 627 5515 somno
642 5464 767 5514 victi
794 5474 943 5517 sunt.
972 5465 1089 5533 Ipse
1118 5481 1244 5519 vero
1266 5471 1528 5525 intentius
1563 5483 1772 5528 uratue
1796 5475 1946 5530 vide-

365 5561 517 5606 retur
579 5567 671 5605 res
696 5552 787 5605 illa
818 5569 941 5607 esse
973 5554 1251 5611 simulatio
1279 5576 1294 5625 ;
1329 5561 1519 5616 eadem
1559 5563 1626 5618 de
1657 5580 1823 5619 causa
1850 5583 1946 5622 su-

362 5641 466 5697 dor
533 5642 762 5707 decidit,
817 5650 872 5696 ct
932 5659 1002 5700 ne
1042 5645 1285 5704 dicereut
1325 5651 1587 5720 haeretici,
1633 5657 1812 5726 ipsum
1845 5658 1915 5714 tri

2105 2785 2302 2892 stitiam
2324 2790 2645 2894 .simulasse;
2672 2800 2903 2874 ideoque
2922 2807 3151 2866 sudores
3166 2826 3319 2872 erant
3340 2818 3478 2877 sicut
3516 2837 3682 2896 gutta

2096 2879 2393 2949 sanguinis,
2416 2894 2471 2939 ct
2492 2891 2712 2958 angelus
2742 2890 2911 2961 ipsum
2936 2901 3242 2962 confortans
3265 2879 3679 2983 apparuit:

2093 2982 2359 3043 cautaque
2390 2976 2536 3034 fuere
2575 2981 2780 3038 timoris
2817 2987 2964 3057 signa
2988 3033 3002 3055 ,
3036 3009 3102 3049 ne
3141 2999 3261 3066 quis
3289 2976 3527 3075 diceret,
3558 3009 3676 3067 ﬁcta

2090 3077 2213 3169 esse
2243 3065 2423 3121 verba.
2459 3068 2573 3125 Hac
2593 3072 2755 3130 etiam
2782 3077 2851 3132 de
2875 3096 3039 3138 causa
3064 3065 3200 3142 orat.
3236 3091 3368 3147 Cum
3399 3065 3528 3169 ergo
3555 3103 3628 3157 ait
3657 3125 3672 3160 ;

2089 3150 2154 3207 Si
2193 3157 2430 3224 possibile
2451 3170 2547 3226 est,
2575 3171 2816 3234 transeat,
2845 3168 3223 3234 humanitatem
3254 3150 3520 3251 ostendit);
3551 3150 3671 3247 cuni

2087 3348 2172 3406 tu,
2202 3340 2451 3398 virtutem
2490 3345 2985 3424 philosophiamque
3012 3358 3269 3417 exhibet1
3289 3407 3304 3430 ,
3345 3380 3632 3443 monetque
3653 3419 3667 3441 ,

2083 3433 2350 3491 renitente
2369 3452 2581 3508 quoque
2601 3452 2812 3510 natura,
2832 3446 2999 3504 Deum
3019 3466 3139 3508 esse
3160 3461 3512 3527 sequendtnn.
3535 3433 3666 3532 (Ztuia'
3690 3450 3722 3471 ί

2083 3537 2211 3578 vero
2232 3537 2336 3581 non
2357 3537 2440 3582 sat
2460 3538 2579 3585 erat
2595 3534 2770 3588 stultis
2790 3537 2958 3592 solam
2984 3548 3256 3601 nummulis
3277 3550 3462 3606 faciem
3487 3568 3668 3611 osten-

2075 3888 2249 3956 ipsnm
2274 3901 2329 3946 et
2358 3892 2625 3950 hominem
2666 3897 2863 3955 Enetum
2898 3913 2952 3958 et
2985 3917 3253 3964 mortuum
3283 3927 3422 3969 esse.
3452 3917 3581 3973 Nam

2073 3993 2194 4032 cum
2224 3980 2339 4037 lure
2367 3985 2542 4039 omnia
2573 3987 2722 4057 signa
2752 3989 2976 4061 fuerint,
3004 4010 3109 4051 non
3139 3998 3333 4056 desunt
3361 4014 3535 4064 tamen
3567 4016 3654 4079 qui

2072 4067 2175 4122 hoc
2201 4085 2307 4125 neu
2336 4073 2588 4142 credant,
2623 4080 2788 4133 multo
2818 4083 2989 4155 magis
3024 4085 3075 4140 si
3112 4086 3227 4144 haec
3263 4107 3368 4148 non
3409 4067 3652 4154 fuissent.

2071 4158 2258 4215 Videu‘
2298 4178 2397 4233 per
2436 4175 2634 4235 quanta
2682 4175 2995 4229 mentientia:
3043 4178 3318 4237 veritatem
3364 4189 3655 4245 ostendat?

2068 4250 2170 4306 Per
2198 4254 2356 4310 verba
2378 4297 2393 4320 ,
2428 4272 2522 4326 per
2547 4274 2606 4314 ea
2634 4276 2753 4330 qua:
2783 4264 3000 4333 patitur.
3040 4267 3242 4326 Deinde
3281 4276 3501 4332 veniens
3526 4280 3652 4338 dicit

2066 4343 2224 4398 Petro
2250 4361 2265 4400 ε
2298 4345 2389 4402 Sic
2415 4364 2515 4402 non
2539 4353 2750 4420 potuisti
2772 4370 2874 4408 una
2892 4356 3021 4411 liora
3041 4359 3248 4428 vigilare
3271 4381 3464 4422 mecum
3479 4370 3505 4423 .9
3523 4371 3650 4427 0m-

2063 4450 2161 4489 ues
2187 4436 2547 4507 dormiebant,
2573 4453 2629 4497 et
2656 4444 2871 4501 Patrum
2906 4447 3164 4519 increpat,
3198 4456 3525 4516 subobscure
3550 4480 3642 4518 co—

2060 4541 2289 4596 arguens
2316 4547 2439 4584 eum
2466 4531 2535 4587 de
2562 4533 2625 4587 iis
2651 4550 2769 4605 mea
2796 4537 3022 4594 dixerat.
3055 4541 3184 4597 illud
3216 4561 3342 4602 vero
3360 4590 3375 4613 ,
3407 4550 3643 4619 Mecum,

2060 4632 2165 4671 non
2207 4619 2323 4674 sine
2360 4636 2521 4676 cuum
2562 4627 2817 4693 punitur,
2841 4631 2934 4685 sed
2964 4648 3028 4687 ac
3059 4635 3103 4688 si
3133 4636 3340 4692 diceret
3366 4657 3381 4695 :
3413 4642 3643 4711 Vigilare

2059 4726 2163 4765 non
2192 4713 2406 4780 potuisti
2435 4732 2664 4784 mecmn,
2695 4730 2750 4773 et
2775 4736 2870 4789 pro
2896 4740 2980 4778 me
3004 4726 3234 4783 animam
3264 4741 3404 4786 tuam
3434 4741 3642 4803 pones?

2056 4802 2207 4868 Quod
2252 4818 2380 4858 vero
2417 4809 2691 4877 sequitur,
2724 4810 2951 4880 idipsum
2993 4817 3292 4875 subiudicat
3318 4839 3333 4876 :
3361 4802 3483 4878 nam
3521 4828 3636 4892 ait,

2068 4890 2308 4962 Vigilare,
2339 4905 2388 4948 et
2413 4907 2588 4963 orate,
2611 4909 2664 4953 ut
2694 4918 2756 4955 ne
2782 4903 2977 4959 intretis
3012 4906 3065 4961 in
3103 4913 3442 4968 tentationem.
3478 4890 3635 4972 Vides

2053 4985 2322 5052 quomodo
2346 5002 2555 5041 rursum
2581 5007 2676 5045 eos
2701 4993 2957 5062 instituat,
2989 5014 3057 5053 ne
3080 5000 3135 5055 in
3156 5007 3511 5073 arrogantiam
3540 5011 3627 5064 de-

2051 5076 2270 5142 clinent,
2300 5078 2397 5132 sed
2428 5079 2661 5135 animum
2697 5093 2996 5155 conterent,
3028 5088 3363 5164 humilesque
3389 5098 3515 5163 sint,
3547 5110 3627 5154 to-

2051 5179 2271 5240 tumque
2313 5172 2424 5227 Deo
2469 5173 2823 5232 adscribunt?
2862 5179 2928 5234 Et
2974 5198 3113 5238 nunc
3155 5187 3368 5255 quidem
3414 5190 3629 5246 Petrum

2047 5260 2351 5332 alloquitur,
2382 5276 2522 5319 nunc
2546 5266 2705 5322 simul
2732 5285 2941 5327 omnes.
2969 5275 3141 5346 Atque
3169 5278 3243 5333 illi
3273 5282 3485 5349 quidem
3514 5286 3625 5339 ait:

2047 5350 2249 5418 Simon,
2282 5354 2485 5421 Simon,
2515 5359 2746 5428 expetivit
2775 5375 2859 5414 eos
2882 5374 3116 5430 satanas,
3148 5375 3208 5420 stt
3230 5369 3473 5425 cribraret
3497 5373 3631 5429 sicut

2045 5444 2265 5499 triticum
2286 5463 2307 5500 :
2324 5455 2373 5502 et
2398 5464 2490 5518 ego
2524 5463 2728 5521 propter
2750 5464 2798 5509 te
2822 5457 2962 5511 oravi
2985 5456 3144 5531 (Luc.
3177 5461 3264 5516 ‘22.
3294 5464 3353 5518 ’51
3374 5463 3393 5535 )
3416 5481 3430 5531 ;
3463 5467 3622 5524 simul

2039 5552 2171 5595 vero
2197 5540 2453 5599 omnibus
2490 5554 2509 5603 :
2548 5545 2730 5617 Orate,
2771 5550 2984 5623 inquit,
3028 5572 3090 5611 ne
3123 5557 3334 5615 intretis
3361 5563 3418 5615 in
3448 5573 3622 5621 tenta-

2102 5655 2122 5688 ί
2157 5653 2326 5718 Aliqui
2357 5656 2557 5723 legunt,
2590 5665 2745 5720 docet.
