4058 6144
395 268 499 322 τίἺ

397 383 589 434 tionem
619 382 634 410 ‘
663 397 674 433 :
706 381 900 450 ubique
926 377 1283 448 arrogantiam
1311 377 1519 431 illorum
1549 375 1764 445 frangit,
1788 389 1852 428 ac
1875 373 1983 426 sol-

398 475 572 527 licitos
598 472 789 528 redd’.t.
818 470 1017 526 Deinde
1045 487 1110 525 ne
1137 471 1406 524 videretur
1430 470 1603 524 acrior
1627 485 1765 532 esse,
1796 467 1940 522 addit
1967 484 1981 519 :

398 563 622 634 Spiritus
645 563 842 631 quidem
869 573 1134 631 promptus
1155 571 1249 623 est,
1275 577 1394 613 caro
1415 569 1580 612 autem
1605 560 1827 625 infirma.
1852 558 1983 611 Nam

398 657 440 708 si
467 657 567 718 vis,
597 656 782 723 ittqttit,
817 663 1040 708 mortem
1079 662 1447 714 contemnere,
1491 669 1594 705 ttott
1637 651 1854 720 poteris,
1881 649 1984 703 do-

398 762 497 802 nec
527 747 666 800 lleus
699 760 910 798 manum
942 745 1237 814 porrexerit
1265 762 1280 800 :
1306 759 1433 798 euro
1461 745 1600 798 enim
1629 743 1863 796 animum
1891 742 1985 796 de-

400 837 595 905 primit.
640 836 950 905 Rursusque
990 835 1091 889 hoc
1132 836 1302 904 ipsum
1335 835 1722 897 suhiudicavit,
1756 835 1938 887 dicens
1968 852 1980 887 :

395 929 481 981 £2.
517 926 673 980 Pater
692 969 707 992 ,
734 927 778 980 si
805 944 903 980 non
932 935 1094 996 potest
1123 926 1204 978 hic
1239 925 1376 980 calta:
1413 926 1626 978 transire
1645 967 1658 989 ,
1697 925 1795 977 nisi
1822 924 1984 976 bibant

396 1020 563 1082 illum,
588 1020 680 1087 ﬁat
709 1019 940 1072 voluntas
970 1028 1057 1071 tua
1085 1035 1103 1072 :
1134 1018 1218 1071 hic
1247 1016 1536 1073 OSIendens
1562 1034 1621 1071 se
1645 1033 1765 1070 cum
1791 1016 1952 1069 volun
1971 1043 1984 1055 -

398 1123 504 1166 tate
536 1112 627 1165 Dei
657 1110 942 1165 admodum
975 1125 1272 1164 consonare
1292 1150 1307 1173 ,
1340 1117 1394 1163 et
1423 1109 1616 1178 ultique
1658 1108 1802 1161 illum
1834 1107 1982 1176 sequi

395 1213 675 1274 oportere,
710 1201 940 1270 illudque
981 1202 1272 1267 requirere.
1319 1199 1405 1254 45.
1447 1199 1510 1252 Et
1543 1199 1774 1262 veniens,
1803 1198 1986 1250 invenit

396 1310 478 1346 eos
502 1293 824 1346 dormientes.
844 1291 972 1345 Nam
1001 1300 1350 1359 pra-terquatn
1377 1290 1517 1360 quod
1547 1291 1859 1357 intempesta
1883 1303 1984 1341 uox

398 1393 514 1439 erat
533 1425 548 1448 ,
579 1383 720 1437 oeuli
746 1398 928 1436 eorum
972 1398 1080 1450 prie
1115 1395 1346 1435 interere
1374 1381 1575 1449 gravati
1605 1391 1776 1434 erant.
1808 1379 1990 1432 Tertio

398 1490 611 1544 quoque
641 1474 823 1528 abiens
852 1473 950 1526 hoc
979 1475 1149 1542 ipsutu
1174 1472 1422 1541 loquutus
1450 1481 1552 1533 est,
1585 1470 1908 1524 confirmans
1929 1484 1988 1522 se

402 1570 670 1622 hominent
705 1567 898 1621 factum
927 1581 1049 1620 esse
1094 1564 1224 1620 Nam
1254 1565 1382 1618 illud
1410 1563 1646 1618 secundo
1672 1573 1725 1616 et
1751 1562 1910 1617 tertio
1937 1563 1987 1614 iu

399 1661 687 1732 Scripturis
717 1661 957 1714 veritatis
979 1667 1061 1714 est
1087 1667 1292 1712 certum
1324 1657 1574 1710 iudicium
1609 1673 1623 1708 :
1654 1652 1794 1709 sicut
1821 1663 1876 1707 et
1901 1653 1991 1707 Jo-

399 1753 532 1821 seph
566 1751 828 1806 Pharaoni
857 1749 990 1803 dixit
1019 1767 1030 1801 :
1061 1747 1172 1801 Tibi
1209 1747 1446 1816 apparuit
1482 1752 1736 1800 somntam
1773 1745 1993 1798 secundo

405 1844 556 1914 (Gen.
585 1844 674 1897 41.
704 1842 818 1911 52),
851 1855 947 1910 pro
975 1839 1218 1901 veritate,
1249 1847 1303 1894 et
1333 1840 1432 1892 hoc
1459 1838 1652 1891 factum
1677 1845 1760 1890 est
1791 1845 1847 1891 ut
1873 1852 1992 1889 cre-

403 1937 498 1990 das
523 1934 572 1988 id
600 1934 817 1989 omnino
848 1932 1080 1986 futurum
1109 1946 1249 1985 esse.
1280 1929 1404 1984 ideo
1433 1929 1546 1998 ipse
1571 1936 1627 1982 et
1653 1928 1818 1983 semel
1841 1936 1894 1981 et
1915 1928 1996 1980 bis

403 2037 458 2082 et
500 2028 655 2080 tertio
695 2026 923 2094 idipsum
963 2023 1212 2092 loquutus
1246 2031 1362 2084 est,
1395 2031 1454 2074 ut
1482 2021 1798 2074 wconomite
1839 2017 1994 2072 fidem

406 2120 625 2172 faceret.
659 2115 724 2168 Et
751 2130 847 2168 cur
887 2112 1123 2168 secundo
1161 2112 1346 2165 venit?
1372 2109 1441 2165 Ut
1475 2111 1592 2164 illos
1621 2111 1994 2181 redargueret,

406 2209 531 2277 quia
562 2209 631 2262 ita
665 2219 898 2260 maerore
927 2204 1100 2258 obruti
1130 2213 1302 2264 erant,
1337 2212 1486 2255 utne
1518 2201 1852 2270 praesentiam
1880 2201 1999 2269 qui-

409 2303 533 2357 dem
560 2301 680 2371 ejus
708 2300 986 2355 sentirent.
1021 2297 1128 2352 Nec
1158 2307 1332 2350 tamen
1365 2296 1656 2365 redarguit,
1687 2296 1779 2349 sed
1817 2296 2000 2364 paulu.

413 2394 517 2446 lttm
547 2391 788 2453 recessit,
816 2388 1181 2443 incredibilem
1209 2402 1394 2442 eorum
1437 2387 1802 2440 iulirmitatem
1833 2387 2001 2455 signi-

413 2483 612 2550 licans,
639 2483 727 2553 qui
769 2497 836 2537 ne
880 2481 1132 2549 increpati
1175 2480 1386 2550 quidem
1429 2479 1725 2548 potuissent
1766 2478 2001 2548 vigilare.

413 2576 526 2631 Non
555 2571 913 2644 expcrgefacit
937 2582 1114 2625 autem
1142 2585 1242 2625 nec
1273 2571 1510 2639 increpat
1535 2569 1764 2638 amplius
1783 2610 1798 2634 ,
1829 2584 1895 2623 ue
1920 2580 2003 2622 at-

415 2667 611 2722 tonitos
641 2665 809 2733 magis
839 2663 1174 2733 pereelleret,
1200 2661 1291 2716 sed
1318 2677 1439 2716 cum
1465 2660 1700 2723 abiisset,
1728 2667 1935 2714 orasset
1951 2671 2006 2714 et

415 2760 697 2823 rediissct,
737 2759 808 2811 ait
842 2774 854 2808 :
885 2755 975 2810 45.
1023 2754 1247 2808 Dormitc
1280 2755 1394 2824 jam
1420 2763 1465 2807 et
1494 2752 1800 2820 requiescite.
1844 2751 2004 2820 Atqui

418 2863 543 2907 tunc
569 2850 786 2920 vigilare
815 2861 948 2916 opus
987 2857 1140 2911 erat;
1169 2844 1262 2898 sed
1302 2843 1535 2898 ostendit
1579 2843 1723 2911 ipsos
1767 2857 1832 2896 ne
1872 2857 2004 2894 con-

415 2951 653 3014 spectum
678 2940 893 3010 quidem
915 2937 1174 2990 malorum
1203 2935 1355 2988 facile
1381 2935 1602 3000 laturos,
1629 2934 1723 2988 sed
1751 2932 2007 3002 fugandos

416 3053 538 3090 esse
563 3051 668 3103 prte
698 3043 903 3087 terrore
923 3071 938 3093 ,
973 3045 1144 3099 neque
1175 3044 1233 3083 se
1265 3029 1474 3082 illornnt
1506 3043 1665 3097 egere
1688 3027 1887 3081 auxilio
1909 3068 1922 3090 ,
1955 3039 2010 3081 ct

421 3128 556 3184 tradi
584 3144 642 3180 se
672 3125 891 3180 omnino
920 3134 1188 3190 Oportere,
1221 3121 1400 3192 aitque
1431 3139 1444 3173 :
1476 3119 1703 3174 Dormite
1720 3121 1834 3189 jam
1859 3130 1905 3174 et
1931 3136 2012 3172 re-

420 3218 672 3288 quiescite.
720 3214 848 3268 Ecce
872 3211 1294 3282 appropinquavit
1333 3213 1478 3277 liora,
1509 3221 1554 3266 et
1589 3211 1756 3265 Filius
1794 3211 2013 3266 hominis

423 3307 648 3362 tradetur
673 3307 726 3358 in
756 3321 932 3358 manus
964 3313 1299 3372 peccatorum.
1342 3301 1588 3356 Ostendit
1625 3319 1832 3356 rursum
1861 3317 2010 3356 teco-

425 3400 618 3454 uomize
649 3398 811 3451 fuisse
845 3395 992 3450 illud.

495 3493 548 3544 9..
578 3490 808 3545 Christus
838 3503 994 3552 neque
1023 3497 1224 3552 peccato
1248 3485 1512 3548 obnoxius,
1543 3500 1699 3552 neque
1727 3486 2015 3537 necessitate

426 3590 648 3642 coactus,
676 3579 762 3630 sed
787 3586 964 3646 sponte
985 3591 1077 3627 sua
1097 3575 1382 3644 passionem
1406 3573 1574 3626 subiit.
1606 3573 1888 3628 Proditoris
1909 3592 1990 3628 see

430 3673 621 3726 (erutus
663 3669 882 3721 animus.
929 3665 1155 3719 Avaritia
1199 3664 1541 3734 rcdarguitur.
1577 3695 1643 3708 -—
1675 3665 1855 3734 Neque
1895 3665 2018 3718 hine

431 3763 602 3816 solum
625 3802 640 3819 .
674 3763 766 3813 sed
794 3758 954 3813 etiam
981 3755 1121 3826 quod
1160 3754 1330 3817 dicat,
1359 3753 1421 3808 In
1457 3771 1636 3809 manus
1663 3767 2013 3826 peccatorum,

433 3857 643 3910 illoruttt
667 3852 819 3923 erigit
845 3851 1072 3915 animos,
1096 3848 1383 3904 ostendens
1413 3847 1619 3902 illortttu
1649 3849 1894 3918 nequitia-
1921 3849 2020 3902 hoc

435 3961 568 4014 opus
606 3960 725 3998 esse
749 3983 764 4006 ,
799 3958 901 3995 non
935 3955 1062 3995 vero
1100 3939 1239 4008 quod
1281 3939 1394 4009 ipse
1426 3949 1644 4008 peccato
1673 3950 1816 3994 esset
1847 3940 2018 3994 ()illltl-

436 4039 572 4092 sius.
604 4035 695 4090 46.
725 4033 948 4102 Surgite,
975 4049 1145 4085 eamus
1174 4031 1289 4084 hinc
1311 4047 1330 4094 ;
1355 4047 1466 4084 ecce
1489 4032 1910 4101 appropinquavit
1936 4034 2020 4100 qui

439 4144 518 4180 nte
541 4127 719 4178 lrudel.
751 4124 841 4177 llis
869 4121 1118 4177 omnibus
1149 4121 1266 4174 illos
1293 4121 1490 4183 erudit,
1523 4136 1626 4174 non
1666 4122 2019 4184 necessitatis,

442 4234 615 4288 neque
659 4215 982 4269 infirmitatis
1003 4254 1017 4278 ,
1047 4211 1140 4266 St‘tl
1182 4211 1496 4265 meonomiie
1525 4210 1801 4279 cujusdam
1835 4211 2022 4266 inclia-

443 4312 563 4364 bilis
594 4325 705 4361 rem
737 4322 854 4360 esse
883 4323 896 4358 :
926 4304 1238 4372 pra‘sciebat
1262 4302 1405 4355 enim
1425 4315 1714 4360 venturum
1729 4320 1850 4360 esse
1871 4306 2026 4367 ’,nce

442 4403 614 4455 solum
643 4416 745 4452 ttou
778 4397 928 4466 fugit,
955 4393 1047 4446 sed
1079 4393 1285 4446 obviam
1320 4392 1437 4444 ivit.
1466 4393 1556 4446 47.
1589 4391 1768 4445 Adhuc
1796 4391 1938 4447 enim
1969 4409 2025 4445 eo

441 4496 706 4564 loquente,
749 4506 858 4542 ecce
885 4486 1055 4540 ludas
1085 4503 1212 4538 unus
1250 4502 1309 4538 ex
1349 4485 1612 4537 duodecth
1642 4485 1805 4546 venit,
1833 4495 1878 4538 et
1911 4501 2024 4538 cum

440 4589 551 4656 ipso
581 4583 726 4638 turba
755 4582 931 4643 multa,
963 4595 1077 4631 cum
1109 4578 1294 4648 gladiis
1322 4586 1366 4631 cl
1393 4577 1629 4646 fustibus,
1660 4576 1800 4629 missi
1827 4593 1859 4628 a
1885 4577 2028 4646 priu-

442 4679 637 4750 cipibus
661 4674 978 4732 sacerdotum
1016 4680 1060 4725 et
1088 4669 1368 4725 senioribus
1399 4669 1594 4736 papuli.
1629 4667 1849 4721 Pulchra
1881 4679 2027 4722 certe

442 4769 779 4826 sacerdotum
803 4767 1174 4827 instrumenta,
1194 4777 1316 4815 cum
1337 4761 1527 4830 gladiis
1548 4769 1600 4814 et
1622 4760 1776 4828 lignis
1798 4759 2023 4812 irruuut.

448 4863 512 4916 l'lt
539 4860 724 4926 Judas,
755 4856 944 4924 inquit,
971 4869 1090 4907 cum
1113 4852 1212 4915 eis,
1244 4868 1378 4904 unus
1402 4866 1466 4904 ex
1493 4849 1792 4904 duodecim.
1824 4848 2028 4902 Rursus

445 4954 593 5006 illum
624 4965 786 5004 unum
814 4957 882 5001 ex
907 4943 1186 4998 duodecim
1220 4941 1385 5002 dicit,
1409 4957 1587 5008 neque
1620 4940 1906 4994 erubescit.
1937 4941 2025 4994 48.

450 5046 546 5111 Qui
585 5053 752 5096 autem
799 5039 1022 5093 tradebat
1069 5052 1217 5099 eum,
1259 5033 1394 5085 dedit
1434 5034 1503 5086 eis
1537 5033 1771 5101 signant,
1811 5032 2026 5086 dicens:

451 5141 825 5202 Quemcumque
867 5127 1122 5184 osculatus
1164 5130 1340 5197 fuero,
1392 5126 1498 5194 ipse
1541 5136 1648 5190 est,
1695 5136 1855 5178 tenete
1897 5143 2031 5180 eum.

451 5231 606 5298 l’apze
633 5269 648 5292 ,
680 5233 934 5295 quantum
976 5221 1151 5276 scelus
1189 5217 1474 5287 proditoris
1513 5218 1723 5269 animus
1761 5217 2034 5285 suscepit?

451 5322 644 5390 quibus
669 5316 839 5371 oculis
870 5323 995 5368 tunc
1020 5309 1324 5381 Magistrum
1356 5308 1598 5376 aspexit?
1626 5323 1730 5375 quo
1761 5323 1853 5360 ore
1885 5322 2036 5359 oscu-

455 5415 589 5466 latus
614 5409 740 5466 est?
775 5411 817 5461 0
854 5404 1166 5461 sceleratam
1206 5402 1478 5454 mentem!
1515 5399 1639 5468 quid
1679 5399 2032 5452 deliberavit?

519 5513 536 5541 ι
571 5510 717 5556 .lu.\ta
769 5519 917 5552 unum
957 5505 1177 5566 codicem
1206 5501 1494 5566 degentium
1547 5505 1700 5566 esset,
1734 5497 1882 5566 simul
1925 5511 2040 5549 vero

457 5569 675 5619 euntibus
708 5570 952 5618 orandum
981 5576 1084 5613 esse
1116 5561 1236 5612 dicit
1266 5559 1325 5611 ne
1355 5560 1529 5611 intrent
1558 5559 1947 5610 intentationem.

521 5634 542 5662 ³
576 5634 656 5680 Sic
685 5632 784 5678 duo
806 5629 945 5676 codd.
968 5625 1164 5678 (laetari.
1187 5623 1469 5688 prwsciebat
1501 5621 1878 5688 enim‘tjenturos
1907 5635 2041 5688 esse;

459 5707 572 5750 quae
591 5696 739 5740 etiam
763 5691 908 5738 lectio
939 5692 1143 5749 quadrat
1181 5684 1238 5736 ad
1264 5687 1465 5746 seriem,
1500 5699 1607 5732 nam
1642 5684 1720 5732 hic
1752 5688 1812 5730 de
1836 5685 1955 5731 .luda
1989 5689 2043 5733 et

462 5755 608 5802 sociis
640 5757 816 5812 agitur.

1095 267 1151 321 s.
1194 265 1470 322 JUANNIS
1506 260 1981 319 CIIItYSOSTOMI
2022 235 2334 315 Aticntsp.
2376 260 2907 316 CONS'l‘AN’I'thll).

3565 265 3667 319 758

2086 373 2213 442 quid
2253 385 2415 426 ausus
2451 372 2569 426 est?
2611 371 2750 441 quod
2796 373 3096 443 symbolum
3138 372 3449 442 proditionis
3481 373 3672 428 dedit?

2091 467 2463 533 Quemcumque
2505 463 2759 516 osculatus
2803 466 2980 531 fuero,
3031 463 3218 534 inquit.
3263 463 3577 518 Confidebat
3621 467 3674 517 in

2093 558 2314 611 leuitate
2343 557 2611 626 magistri:
2635 557 2775 625 quod
2799 558 3028 611 maxime
3055 558 3198 610 illutn
3221 557 3549 612 confundere
3575 559 3674 610 de-

2092 649 2238 714 buit,
2267 658 2319 703 et
2350 649 2500 702 venia
2537 648 2683 702 oumi
2723 650 2967 717 privare,
3006 650 3147 718 quod
3189 659 3295 702 tam
3337 663 3675 705 mansuetum

2090 741 2399 809 magistrum
2435 740 2745 809 prodiderit.
2783 739 2886 794 Sed
2917 755 3032 805 cur,
3073 741 3300 810 inquies,
3333 744 3432 794 hoc
3462 743 3672 810 signum

2090 834 2270 888 dedit?
2291 834 2423 901 Quia
2462 835 2657 902 εειτῃῑυε
2681 833 2748 886 ab
2779 833 2881 886 illis
2909 834 3348 902 comprehensus.
3379 834 3671 902 pertransi-

2092 928 2198 992 vit,
2226 928 2354 994 ipsis
2382 927 2757 980 nescientibus.
2797 929 3042 980 Attamen
3081 934 3207 980 tunc
3232 940 3444 994 quoque
3477 924 3674 978 factum

2093 1019 2294 1082 fuisset,
2328 1019 2372 1072 si
2409 1035 2512 1072 non
2547 1019 2660 1087 ipse
2685 1018 2801 1086 capi
2833 1018 3111 1072 voluisset.
3154 1017 3218 1072 Ut
3251 1017 3351 1071 hoc
3379 1018 3548 1087 ipsum
3577 1017 3676 1071 Ju-

2091 1113 2211 1166 dam
2235 1111 2473 1173 doceret,
2497 1111 2680 1165 oculos
2703 1125 2885 1164 eorum
2917 1111 3200 1164 excmcavit
3227 1127 3242 1171 ;
3272 1112 3488 1178 ipseque
3515 1108 3680 1162 inter-

2092 1204 2343 1272 rogabat,
2378 1204 2538 1268 Quem
2575 1203 2798 1272 qua'ritis
2830 1201 3007 1270 (Joun.
3045 1202 3130 1255 l8.
3161 1201 3258 1262 ω
3290 1201 3389 1270 Ipsi
3419 1215 3546 1254 vero
3573 1217 3678 1254 non

2095 1304 2372 1358 noverant,
2400 1295 2643 1365 quamvis
2670 1309 2789 1348 eum
2825 1293 3040 1347 lateruis
3065 1304 3120 1348 et
3147 1292 3475 1362 lampadibus
3499 1303 3682 1345 essent

2095 1389 2387 1458 ludumque
2431 1403 2611 1441 secum
2657 1388 2934 1440 haberent.
2979 1386 3182 1439 Deinde
3219 1385 3337 1452 quia
3382 1383 3637 1436 dixerunt
3665 1425 3678 1443 ,

2093 1484 2288 1546 Jesum,
2319 1482 2390 1534 ait
2420 1481 2508 1534 ille
2536 1499 2549 1533 :
2580 1479 2688 1551 Ego
2709 1496 2819 1532 sum
2841 1481 2884 1532 is
2905 1496 3048 1545 quem
3072 1479 3295 1547 qtaeritis
3322 1475 3481 1547 (Ibid.
3514 1492 3557 1528 υ.
3588 1475 3678 1545 Ξε);

2095 1585 2148 1628 et
2175 1590 2376 1638 rursus,
2412 1573 2499 1626 ΞΟ.
2531 1571 2720 1633 Amice,
2749 1570 2816 1623 ad
2838 1571 2959 1639 quid
2986 1570 3161 1623 uenisti
3181 1571 3206 1622 ?
3235 1569 3516 1637 Postquam
3537 1569 3680 1621 enim

2096 1665 2326 1719 ostendit
2371 1663 2659 1732 potentiam
2702 1678 2886 1724 suam,
2922 1671 3030 1713 tttm
3069 1660 3283 1713 demum
3325 1657 3376 1711 id
3423 1657 3618 1726 pcrmis
3640 1665 3682 1710 t.

2096 1756 2329 1810 Joannes
2359 1770 2486 1808 vero
2514 1754 2588 1806 ait
2612 1753 2651 1816 ¹,
2682 1752 2863 1806 Iesum
2893 1750 2958 1804 ad
2990 1750 3132 1804 illam
3170 1765 3337 1819 usque
3377 1749 3561 1802 horam
3587 1746 3678 1801 Ju-

2098 1848 2218 1901 dam
2242 1845 2526 1901 emendare
2555 1845 2786 1898 voluisse
2812 1842 3042 1897 dicendo
3067 1861 3078 1894 :
3106 1841 3139 1894 .l
3146 1841 3272 1909 uda,
3299 1841 3468 1894 osculo
3500 1839 3688 1893 Filium

2101 1939 2318 1992 hominis
2343 1939 2501 1990 tradis
2529 1936 2682 2005 (Luc.
2711 1935 2804 1990 22.
2829 1935 2960 2003 48)?
2985 1933 3094 1988 Nec
3119 1943 3171 1987 te
3203 1932 3364 2002 pudet
3387 1932 3476 1985 tali
3507 1930 3689 1998 prodi-

2103 2031 2262 2084 tionis
2292 2029 2450 2083 modo
2477 2028 2590 2081 uti?
2633 2027 2876 2082 Attamen
2904 2026 3024 2095 quia
3052 2041 3119 2079 ne
3145 2025 3244 2078 hoc
3269 2024 3485 2093 quidem
3515 2024 3689 2090 ipsum

2101 2120 2358 2182 cohibuit,
2387 2119 2626 2172 osculum
2653 2118 2768 2186 ejus
2796 2117 3028 2180 admisit,
3057 2125 3110 2170 et
3129 2117 3361 2184 seipsum
3391 2114 3562 2168 libens
3583 2122 3691 2165 tra—

2103 2212 2257 2267 didit.
2291 2213 2353 2266 Et
2382 2214 2694 2266 immiserunt
2717 2213 2770 2265 in
2791 2210 2936 2264 illum
2961 2213 3160 2271 manus.
3188 2219 3234 2263 et
3265 2217 3531 2262 tenuerunt
3553 2222 3689 2268 cum,

2104 2305 2291 2359 eadem
2342 2303 2452 2371 ipsa
2501 2311 2686 2365 nocte,
2729 2317 2831 2371 qua
2876 2301 3068 2370 pascha
3115 2299 3500 2360 comedehant;
3543 2305 3696 2350 tanto

2107 2407 2260 2451 erant
2295 2403 2472 2449 furore
2497 2394 2749 2463 correpti.
2784 2394 3032 2447 Attamen
3060 2392 3191 2445 nihil
3225 2391 3560 2460 potuissent,
3592 2388 3694 2440 nisi

2111 2491 2222 2556 ipse
2250 2489 2297 2540 id
2330 2488 2675 2555 permisisset.
2709 2485 2838 2539 lllttd
2866 2497 3041 2539 tamen
3069 2485 3256 2539 ludam
3282 2484 3350 2535 alt
3379 2479 3697 2534 intolerabili

2109 2579 2371 2647 supplicio
2401 2593 2504 2630 non
2535 2576 2816 2641 liberabit,
2846 2576 2940 2630 sed
2973 2576 3158 2644 majori
3195 2575 3484 2628 obnoxium
3523 2568 3654 2624 redd
3679 2577 3702 2620 t

2109 2663 2433 2723 damnationi
2469 2686 2482 2721 :
2513 2667 2654 2737 quod
2688 2683 2808 2722 cum
2850 2677 3047 2721 tantam
3085 2677 3140 2722 et
3179 2667 3429 2736 potentia:
3459 2674 3506 2718 et
3543 2678 3700 2715 man-

2110 2761 2408 2814 suetudinis
2449 2759 2788 2828 lenitatisque
2817 2758 2932 2827 ejus
2959 2757 3471 2812 demonstrationem
3501 2757 3709 2810 habue-

2113 2852 2213 2911 rit,
2245 2849 2353 2906 fera
2382 2851 2575 2904 εει)νὶοτ
2606 2850 2784 2904 fuerit.
2817 2849 2942 2903 llaec
2975 2865 3096 2903 cum
3127 2849 3392 2913 sciamus,
3424 2847 3701 2900 avaritiam

2114 2941 2375 3011 fugiamus
2401 2960 2411 2994 :
2443 2941 2556 2995 lta-c
2583 2941 2724 2996 enim
2753 2949 2877 2994 tunc
2903 2940 3071 3004 illum,
3101 2939 3237 3004 haec,
3270 2939 3503 3007 inquam,
3534 2938 3586 2992 in
3613 2936 3703 2992 ιιι-

2115 3050 2291 3089 rorem
2314 3034 2543 3103 conjecit
2571 3050 2584 3084 :
2620 3033 2732 3087 hate
2759 3031 2824 3086 ad
2851 3042 3143 3086 extremam
3173 3031 3556 3084 immanitatem
3579 3046 3705 3083 cru-

2115 3125 2492 3190 delitatemque
2533 3124 2680 3178 illttttt
2719 3123 3051 3178 exercitavit.
3094 3121 3276 3191 Neque
3319 3122 3464 3174 illum
3502 3121 3661 3175 modo
3687 3163 3703 3183 ,

2117 3216 2210 3269 sed
2233 3217 2392 3270 etiam
2416 3231 2604 3269 omnes
2631 3216 2718 3284 qui
2747 3215 2836 3269 tali
2865 3215 3053 3268 morbo
3073 3214 3212 3283 capti
3241 3223 3382 3266 sunt.
3405 3213 3536 3267 Cum
3561 3214 3706 3266 enim

2117 3305 2182 3358 ad
2211 3305 2603 3374 deSperanduut
2633 3306 2700 3360 de
2726 3307 2897 3359 Salute
2927 3305 3160 3368 inducat,
3192 3305 3360 3357 multo
3385 3305 3552 3373 magis
3577 3303 3708 3357 alio-

2121 3413 2236 3450 rmn
2266 3397 2490 3450 salutem
2520 3395 2798 3466 despicere
2838 3395 3044 3449 suadet.
3078 3400 3251 3465 Atque
3291 3397 3358 3447 ita
3402 3397 3711 3465 tyrannicus

2121 3499 2202 3542 est
2243 3489 2493 3550 morbus,
2541 3501 2596 3540 ιιι
2643 3489 2801 3542 etiam
2852 3485 3377 3541 vehcn'tentissimunt
3423 3501 3708 3553 corpormu

2120 3596 2359 3634 amorem
2408 3557 2974 3649 aliquando.superet.
3020 3576 3376 3643 Quamobrem
3423 3577 3711 3629 admodum

2123 3673 2414 3732 erubesco.
2456 3672 2593 3740 quod
2641 3671 2790 3724 ntulti
2838 3671 3075 3738 pecuniis
3118 3679 3396 3737 parcentes
3438 3668 3712 3722 libidinem

2127 3763 2472 3826 refrenarem,
2504 3762 2592 3832 qui
2622 3771 2841 3831 propter
2865 3759 2960 3814 Dei
2986 3760 3228 3813 timorem
3257 3760 3541 3813 noluerunt
3565 3768 3716 3813 caste

2129 3856 2474 3925 modesteque
2517 3856 2718 3909 virere.
2763 3852 2886 3908 Ideo
2926 3852 3186 3922 fugiamus
3223 3851 3364 3904 illam
3389 3893 3402 3913 ,
3438 3851 3662 3904 obsecro
3698 3869 3710 3902 :

2129 3964 2300 4018 neque
2331 3948 2471 4002 enim
2507 3945 2607 4000 hoc
2631 3944 2840 3999 dicendi
2869 3945 3028 3997 linem
3061 3941 3266 3996 faciant.
3301 3943 3407 3995 Cur
3431 3957 3650 4004 aurum,
3681 3957 3716 3995 ο

2130 4043 2309 4106 Ιιοηιο,
2334 4038 2679 4094 accuutulas?
2707 4052 2804 4091 cur
2844 4035 3150 4090 servitutem
3196 4042 3338 4088 tuam
3382 4033 3714 4088 acerbiorem

2131 4131 2345 4186 reddis?
2367 4146 2462 4183 cur
2486 4127 2780 4183 custodiam
2809 4127 3105 4195 graviorem
3130 4165 3144 4190 ,
3174 4140 3270 4179 cur
3297 4124 3712 4178 sollicittuliucut

2130 4222 2462 4275 acutiorem?
2491 4219 2617 4273 Puta
2649 4227 2764 4272 tuas
2793 4232 2912 4272 esse
2942 4231 3128 4270 omnes
3157 4216 3269 4268 auri
3303 4231 3482 4275 venas,
3513 4231 3629 4282 qu:e
3661 4213 3713 4266 in

2133 4312 2358 4366 metallis
2380 4318 2523 4372 sunt,
2549 4311 2831 4379 omniaque
2857 4309 2942 4362 illa
2966 4323 3083 4377 qua:
3110 4310 3160 4359 in
3182 4306 3370 4360 :erario
3392 4306 3560 4373 regio.
3583 4303 3716 4357 Nam

2131 4402 2175 4456 si
2205 4400 2341 4454 hanc
2373 4409 2570 4454 tantam
2600 4399 2796 4452 molem
2822 4397 2937 4450 auri
2980 4397 3203 4450 haberes
3224 4437 3239 4455 .
3267 4396 3565 4449 custodit‘es
3598 4405 3710 4445 tall-

2136 4501 2277 4554 tum,
2308 4507 2413 4544 non
2444 4489 2689 4545 utereris.
2722 4489 2930 4543 Etenim
2971 4487 3014 4541 si
3050 4501 3192 4540 nunc
3221 4485 3283 4539 iis
3322 4501 3440 4554 qtae
3479 4485 3722 4553 possides

2135 4599 2242 4638 non
2272 4583 2456 4648 uteris,
2490 4581 2581 4636 sed
2613 4581 2680 4634 ab
2719 4581 2782 4635 iis
2809 4580 3044 4634 abstines
3069 4591 3126 4632 ut
3151 4579 3338 4634 alienis
3366 4596 3380 4633 :
3409 4581 3571 4631 ttmlto
3603 4594 3720 4630 tua-

2135 4677 2214 4744 gis
2240 4675 2284 4730 si
2320 4676 2470 4747 plura
2500 4675 2723 4728 haberes
2745 4715 2758 4736 ,
2792 4674 3018 4741 idipsum
3059 4689 3266 4741 ageres.
3308 4671 3438 4725 Nam
3483 4672 3723 4739 [tt-cunne

2136 4782 2376 4821 aman'es
2405 4766 2600 4826 Solent,
2623 4780 2728 4835 quo
2756 4766 2875 4833 plus
2899 4765 3012 4818 auri
3042 4763 3334 4833 pessideut,
3360 4777 3426 4816 eo
3453 4765 3619 4832 magis
3647 4764 3721 4817 illi

2137 4877 2375 4934 parcere.
2407 4859 2512 4914 Sed
2549 4861 2688 4922 scio,
2731 4857 2970 4927 inquies,
3003 4857 3116 4910 lane
3155 4872 3270 4909 mea
3311 4871 3453 4910 esse.
3494 4858 3630 4920 Ergo
3671 4856 3723 4908 iu

2138 4954 2388 5025 opinione
2432 4962 2634 5007 tantum
2662 4995 2676 5018 ,
2710 4965 2813 5005 non
2853 4951 2902 5004 in
2944 4967 3040 5004 usu
3080 4950 3342 5018 possessio
3373 4964 3458 5002 tua
3488 4958 3587 5002 est.
3619 4948 3723 5003 Sed

2141 5048 2265 5100 hinc
2305 5045 2639 5105 hominibus,
2671 5043 2878 5111 inquies
2901 5084 2914 5106 ,
2947 5041 3295 5095 formidabilis
3335 5043 3540 5094 futurus
3579 5057 3721 5093 sunt.

2143 5139 2252 5192 lmo
2273 5145 2427 5204 captu
2461 5136 2680 5199 facilior,
2711 5134 2983 5196 divitibus,
3021 5135 3358 5201 pauperibus,
3389 5133 3611 5197 furibus,
3641 5149 3726 5203 sy-

2141 5229 2442 5298 cophantis,
2470 5227 2644 5281 servis
2668 5225 3021 5293 omnibusque
3043 5225 3256 5278 demunt
3287 5224 3523 5277 insidiari
3549 5225 3727 5278 \‘ttlcn-

2143 5321 2303 5374 tibus.
2346 5319 2478 5373 Nam
2519 5320 2561 5370 si
2602 5318 2681 5370 vis
2724 5333 2842 5369 esse
2883 5316 3228 5368 formidabilis
3253 5356 3268 5379 ,
3305 5316 3533 5384 praecide
3570 5332 3728 5369 ansas

2141 5413 2330 5481 quibus
2374 5419 2594 5478 possunt
2635 5418 2686 5462 te
2726 5424 2920 5475 capere
2963 5419 3016 5461 et
3053 5423 3245 5461 vexare
3281 5422 3469 5461 omnes
3499 5407 3586 5476 qui
3628 5407 3727 5460 hoc

2144 5505 2312 5569 ipsum
2348 5503 2523 5556 facere
2549 5501 2730 5553 velint.
2768 5503 2956 5552 Annon
2985 5499 3176 5553 audisti
3211 5499 3312 5553 hoc
3350 5499 3728 5569 proverbium,

2146 5594 2439 5660 Pauperem
2480 5601 2536 5646 et
2575 5590 2774 5644 nudum
2823 5606 2928 5644 non
2976 5599 3194 5659 possunt
3230 5602 3443 5643 centum
3482 5590 3577 5644 viri
3609 5605 3671 5659 sp
3696 5613 3730 5636 =-

2184 5734 2197 5761 ι
2213 5731 2486 5791 tegendum
2505 5738 2630 5778 esset
2643 5738 2808 5788 ,ηεαδ
2823 5741 2930 5778 t'ero
2940 5727 3004 5778 ait
3011 5726 3269 5792 ,‘siquidem
3285 5733 3417 5774 Luca:
3435 5727 3580 5775 verba
3600 5739 3729 5774 sunt.
