4058 6144
493 293 611 346 τη

497 404 668 460 itare?
697 402 937 472 Magnam
961 400 1160 471 quippe
1184 398 1340 455 habet
1381 409 1659 468 pauonum
1686 400 2074 466 paupertatem,

497 508 655 565 quam
681 510 753 548 ne
775 507 870 548 rex
896 493 1112 562 quidem
1140 493 1256 561 ipse
1283 492 1448 560 possit
1476 490 1691 544 vincere
1713 489 1801 542 vel
1827 499 2039 556 capere.

567 586 623 640 3.
663 584 943 638 Armorum
985 584 1167 636 misera
1204 582 1446 635 conditio.
1489 610 1562 622 -—
1603 580 1839 634 Avarum
1897 588 2077 632 autem

496 688 685 729 inanes
709 673 868 727 simul
894 685 1097 726 vexare
1133 680 1395 741 pinsum;
1449 685 1620 740 neque
1665 669 1913 723 homines
1956 676 2073 721 tau-

500 775 610 819 tnm
637 763 782 827 dico,
829 761 931 818 sed
978 771 1035 816 et
1084 760 1242 816 tineae
1284 771 1341 815 ct
1381 775 1612 815 vermes.
1656 759 1855 827 Ecquid
1905 758 2078 812 tineas

496 854 663 910 dico?
704 853 927 911 Initum
969 863 1180 923 tempus
1216 852 1412 918 solum,
1461 853 1714 921 nulloque
1764 850 1953 906 addito
1997 850 2079 904 in-

496 946 803 1010 commodo,
831 960 1051 1001 avarum
1095 954 1271 1015 potest
1318 944 1550 999 maxime
1573 943 1790 998 hedere.
1819 942 1951 1009 Qtue
1975 942 2075 1012 igi-

496 1049 583 1093 tur
629 1047 716 1094 est
741 1039 1048 1094 divitiarum
1075 1036 1362 1107 voluptas?
1406 1037 1519 1106 Ego
1564 1036 1837 1091 molestias
1876 1037 2071 1099 video;

497 1139 555 1184 tu
580 1129 709 1184 mihi
741 1129 1069 1196 voluptatem
1098 1127 1244 1182 illam
1272 1126 1500 1196 explica.
1551 1127 1615 1180 Et
1642 1142 1761 1194 qtue
1794 1126 2072 1191 intolestim,

496 1219 743 1289 inquies?
785 1217 1204 1284 Sotiicitndines,
1249 1216 1476 1279 insidiar,
1510 1215 1822 1283 inimicitixe,
1852 1215 2033 1269 odium
2056 1256 2072 1280 ,

497 1309 678 1375 timor,
720 1317 918 1363 :rtcma
957 1309 1076 1364 sitis
1120 1319 1176 1363 et
1215 1308 1392 1363 dolor.
1441 1307 1572 1362 Nam
1608 1307 1653 1362 si
1684 1307 1807 1375 quis
1843 1308 2072 1376 puellam

494 1399 904 1468 complectatur,
935 1414 1035 1454 nec
1063 1399 1550 1466 concupiscentiam
1598 1398 1819 1468 explere
1863 1400 2071 1469 possit,

495 1499 739 1547 extremo
776 1488 963 1545 dolore
991 1489 1281 1545 cruciatur.
1331 1490 1422 1546 Sic
1465 1491 1626 1544 etiam
1672 1490 1842 1556 dives,
1893 1507 2072 1545 rerum

494 1580 713 1650 quidem
737 1581 949 1651 copiam
977 1581 1159 1648 habet,
1188 1582 1439 1651 illamque
1465 1584 1839 1652 complectitur
1875 1599 1890 1637 :
1917 1584 2073 1652 cupi-

495 1672 718 1733 ditatem
746 1687 873 1725 vero
901 1686 1057 1727 suam
1075 1685 1291 1726 οιιιιιειη
1318 1672 1536 1741 explere
1562 1672 1777 1742 nequit;
1808 1677 1907 1727 sed
1935 1673 2074 1727 idem

497 1761 776 1837 contingit,
820 1761 965 1831 quod
1015 1762 1091 1816 ait
1141 1762 1221 1816 vir
1261 1763 1475 1832 sapiens
1512 1780 1525 1815 :
1556 1762 1821 1831 Cupiditas
1860 1764 2076 1817 eunuchi

497 1854 797 1926 virginitatis
824 1856 1003 1925 ﬂoreat
1033 1855 1218 1926 puellm
1242 1856 1436 1927 eripere
1473 1855 1659 1930 (Eccii.
1685 1857 1777 1912 20.
1808 1856 1888 1929 Ξ).
1928 1859 2077 1915 Sicut

500 1944 779 2000 eunuchus
819 1946 1078 2015 virginem
1105 1946 1384 2015 amplexus
1406 1948 1725 2019 ingemiscit,
1767 1950 1845 2005 sic
1882 1951 2075 2007 divites

499 2050 708 2090 omnes.
762 2035 962 2104 Ecquis
1008 2036 1187 2091 dicere
1227 2037 1393 2106 possit
1433 2039 1501 2093 de
1533 2040 1743 2095 caneris
1782 2042 2075 2096 omnibus?

498 2125 769 2194 quomodo
795 2140 990 2180 avarus
1017 2126 1267 2182 omnibus
1292 2124 1508 2183 fastidio
1541 2129 1613 2184 sit
1638 2130 1813 2184 servis
1829 2171 1844 2195 ,
1873 2132 2077 2202 agrico-

500 2217 587 2283 lis,
615 2216 803 2272 vicinis
828 2257 843 2281 .
887 2217 1156 2273 civitatem
1181 2220 1510 2289 gerentibus,
1540 2220 1732 2290 injuria
1760 2222 1925 2291 laesis,
1969 2240 2075 2279 non

500 2308 662 2374 laesis,
727 2309 884 2364 uxori
928 2311 1159 2366 maxime
1205 2313 1465 2379 omnium,
1516 2313 1701 2370 liberis
1744 2315 1863 2386 plus
1917 2334 2077 2390 quam

500 2398 747 2454 omnibus
776 2399 937 2455 aliis?
975 2399 1089 2454 Non
1118 2401 1261 2456 enim
1293 2401 1413 2456 illos
1439 2411 1497 2457 ut
1523 2403 1741 2473 liberos,
1787 2405 1883 2461 sed
1926 2408 2078 2479 pejus

500 2502 657 2557 quam
683 2504 872 2545 servos
899 2500 955 2545 et
983 2491 1154 2560 pretio
1181 2503 1390 2561 emptos
1411 2492 1624 2560 educat,
1653 2496 1799 2553 mille
1831 2496 1944 2566 irae,
1976 2500 2076 2555 do-

505 2579 654 2644 loris,
697 2578 915 2647 furoris,
947 2580 1085 2637 risus
1109 2582 1422 2639 occasiones
1448 2584 1736 2642 adversum
1766 2603 1827 2645 se
1852 2591 2075 2659 praebet,

503 2672 755 2728 omnibus
799 2673 961 2728 simul
1008 2676 1370 2744 spectaculum
1412 2674 1604 2735 factus.
1647 2680 1742 2735 Hae
1792 2692 1917 2745 sunt
1962 2685 2078 2754 ejus

503 2761 782 2829 molestiis,
826 2777 890 2818 ac
929 2762 1157 2821 fortasse
1195 2765 1415 2835 plures;
1453 2784 1629 2839 neque
1669 2771 1813 2827 enim
1855 2786 2077 2849 possunt

502 2868 695 2908 tunues
719 2855 1008 2921 recenseri,
1052 2856 1153 2911 sed
1186 2858 1515 2929 experientia
1561 2860 1797 2918 docebit.
1835 2863 1917 2920 'I‘u
1950 2882 2079 2922 vero

506 2943 634 3002 mihi
661 2945 987 3015 voluptatem
1025 2961 1145 3017 quae
1184 2947 1309 3004 inde
1333 2951 1571 3021 carpitur
1611 2951 1877 3011 describe.
1922 2956 2085 3016 Dives

503 3051 624 3091 esse
666 3037 852 3092 videor
890 3047 945 3093 et
989 3039 1285 3096 existimor.
1318 3040 1499 3113 Ecqua
1537 3044 1782 3114 voluptas
1813 3048 1970 3104 talem
2003 3051 2080 3105 vi-

506 3126 657 3182 deri?
684 3127 899 3184 Invidiae
925 3139 1073 3185 certe
1095 3146 1291 3187 nomen
1318 3134 1631 3190 maximum.
1652 3136 1856 3194 Nomen
1887 3142 2081 3211 quippe

507 3228 717 3275 tantum
751 3229 875 3275 sunt
915 3220 1134 3287 divitiae,
1178 3238 1239 3279 re
1272 3238 1520 3279 vacuum.
1548 3225 1655 3282 Sed
1680 3227 1747 3283 de
1776 3230 1861 3284 illa
1893 3235 2079 3287 existi-

512 3310 765 3378 matione,
794 3311 1024 3381 inquies,
1055 3311 1250 3383 gaudet
1280 3313 1447 3371 dives.
1498 3315 1733 3373 Lzetatur
1777 3320 1845 3376 de
1892 3324 2083 3394 quibus

505 3401 793 3461 dolendum
830 3413 993 3458 esset.
1047 3405 1363 3468 Dolendum.
1417 3407 1646 3478 inquies,
1693 3413 1902 3481 quare?
1948 3414 2080 3483 Quia

508 3492 641 3554 illud
663 3497 837 3565 ipsum
864 3493 935 3549 ad
960 3497 1136 3550 omnia
1163 3497 1403 3552 inutilem
1432 3499 1630 3565 reddit,
1650 3502 1911 3568 timidum,
1938 3505 2085 3576 igna-

508 3601 656 3654 vum,
684 3585 754 3641 ad
778 3587 1258 3656 peregrinationem
1283 3590 1697 3661 suscipiendam,
1746 3594 1817 3649 ad
1857 3607 2082 3653 mortem

509 3678 810 3745 «iucundam
852 3695 871 3734 ι
923 3692 1053 3734 nam
1132 3682 1409 3754 duplicem
1492 3684 1583 3742 ille
1670 3698 1901 3745 mortem
1985 3705 2076 3745 re-

510 3778 678 3840 putat.
709 3771 1055 3840 pecuniarum
1083 3772 1251 3842 magis
1278 3787 1439 3842 quam
1461 3773 1597 3828 lucis
1619 3777 1843 3846 cupidus
1873 3779 1912 3834 ⁸.
1935 3779 2086 3836 Iquc

510 3878 612 3921 nec
635 3864 828 3919 caelum
850 3864 1103 3930 deiectat,
1132 3866 1254 3935 quia
1283 3882 1390 3921 non
1421 3867 1520 3921 l'ert
1540 3884 1748 3933 aurum,
1778 3885 1949 3940 neque
1978 3875 2080 3938 sol,

513 3957 635 4025 quia
679 3971 872 4013 aureos
916 3957 1097 4011 radios
1137 3972 1246 4011 non
1292 3958 1506 4012 emittit.
1554 3959 1663 4013 Sed
1690 3961 1904 4028 quidam
1935 3974 2083 4031 sunt,

512 4048 741 4118 inquies,
768 4047 859 4118 qui
898 4064 1077 4103 rerum
1116 4050 1270 4119 copia
1299 4049 1562 4116 frtmntur,
1589 4051 1796 4108 deliciis
1822 4063 1877 4109 et
1912 4058 2086 4112 ventri

512 4140 868 4210 indulgentes,
897 4141 1031 4200 vino
1060 4156 1123 4195 se
1166 4142 1575 4212 ingurgitantes,
1624 4145 1798 4201 tantos
1842 4159 2087 4219 sumptus

512 4229 863 4288 cﬂundentes.
909 4230 1129 4300 Pejeres
1159 4233 1371 4289 caneris
1412 4234 1546 4289 mihi
1589 4251 1795 4293 narras.
1835 4238 1914 4294 Illi
1945 4242 2084 4296 enim

515 4322 746 4378 maxime
767 4332 913 4387 sunt,
943 4324 1035 4393 qui
1062 4339 1167 4378 non
1196 4323 1466 4382 fruuntur.
1510 4327 1602 4384 Ille
1638 4344 1868 4401 namque
1896 4333 2086 4388 saltem

511 4410 583 4471 ab
605 4412 724 4472 aliis
750 4413 981 4471 abstinet
1004 4415 1180 4481 malis,
1207 4417 1299 4470 uni
1327 4418 1564 4486 pecunias
1591 4421 1765 4476 amori
1796 4423 2041 4481 addictus
2072 4444 2088 4482 :

514 4500 591 4555 illi
633 4517 781 4568 vero,
827 4503 915 4561 his
956 4504 1189 4574 pejores,
1238 4519 1436 4576 praeter
1465 4511 1786 4579 supradicta,
1820 4513 2009 4570 duram
2036 4524 2092 4572 et

514 4592 857 4664 multiplicem
879 4595 979 4653 sibi
998 4597 1311 4656 servitutem
1329 4599 1623 4666 attrahunt,
1640 4613 1697 4656 et
1721 4616 1820 4659 ceu
1849 4606 2091 4677 tyrannis

512 4683 823 4751 quibusdam
865 4685 1186 4743 immanibus
1211 4702 1333 4746 sese
1356 4689 1556 4746 dedunt
1583 4694 1775 4760 ventri,
1803 4710 2089 4765 corpon

512 4777 704 4843 amori,
733 4778 1002 4843 ebrietati,
1031 4781 1349 4851 calorisque
1368 4783 1511 4839 vitiis
1530 4786 1768 4856 quotidie
1785 4788 2094 4845 ministran-

515 4875 615 4932 tes,
645 4876 822 4925 scorta
847 4870 1077 4938 alentes,
1109 4871 1280 4934 lautas
1319 4890 1505 4932 canas
1542 4889 1884 4948 apparentes,
1934 4896 2091 4951 para-

512 4958 665 5024 sitos,
694 4960 1000 5027 adtdatores
1025 4974 1286 5031 ementes,
1320 4966 1371 5022 in
1397 4983 1611 5024 amores
1630 4981 1822 5039 pmter
1843 4983 2092 5029 naturam

515 5046 830 5117 incidentes,
856 5052 1006 5108 .biuc
1044 5055 1191 5110 mille
1232 5057 1436 5113 morbis
1463 5066 1519 5113 et
1545 5074 1746 5130 corpus
1771 5071 1827 5117 ct
1857 5064 2088 5122 animan'

513 5138 829 5206 allicientes.
854 5142 972 5203 Non
1000 5147 1148 5209 enim.
1171 5162 1277 5216 pro.
1293 5150 1613 5207 necessariis
1633 5151 1773 5208 bona
1796 5153 2087 5224 insumunt,

890 5373 1112 5448 Monlel'.,
1143 5380 1224 5448 nati
1241 5379 1344 5448 χὰρ
1369 5382 1583 5447 κρεῖττον
1601 5384 1785 5448 ἡγεῖται
1809 5386 1970 5446 τοῦτο,
2003 5390 2096 5443 La-

514 5438 983 5511 tinequeuverterat‘,
1015 5451 1128 5511 {non
1147 5438 1345 5511 unum
1373 5438 1475 5511 [ent
1502 5438 1720 5511 euntium
1743 5438 1973 5511 optimam
1991 5438 2096 5506 553.;

512 5495 996 5573 ﬁliisfntlrldulnot’;
1020 5498 1196 5573 Fit-id.“
1208 5504 1266 5551 ad
1279 5517 1339 5573 p.
1369 5506 1490 5573 ﬁgi.
1514 5508 1687 5573 Litt-ent
1719 5495 2096 5573 pib’iin'iiitiéi

513 5555 924 5632 Insunt.
962 5560 1098 5632 ξηρή,
1141 5562 1227 5610 1οε
1272 5555 1594 5632 ὁρλἱσίεὺαιμν
1617 5555 2095 5628 interdum

928 5626 974 5670 et
1002 5614 1142 5673 dolor
1159 5659 1177 5684 ,
1224 5614 1619 5693 oogtiantipfoi'e
1643 5614 1911 5698 ἆξῖἦιῇἧιᾶο

1344 283 1411 340 IN
1447 281 1853 340 ΜΑΤΤΙΙΛΕΙΙΜ
1891 274 2121 334 ιιοιίιι..
2164 275 2449 334 LXXXIII.
2489 280 2561 335 al.
2603 279 2885 338 LXXXIV.

2188 387 2289 445 sed
2329 405 2429 460 pro
2471 392 2543 447 iis
2577 408 2699 461 qua
2742 408 2938 462 corpus
2978 402 3036 449 et
3077 394 3239 450 simul
3265 396 3499 453 animata
3526 413 3770 457 corrum-

2184 492 2318 552 punt
2360 483 2742 554 :idipsumque
2796 494 2959 556 agunt
3007 500 3072 542 ac
3110 485 3158 541 si
3206 487 3331 559 quis
3366 503 3564 561 corpus
3605 507 3768 550 exor-

2184 586 2339 639 nans,
2382 583 2533 643 putet
2578 574 2704 629 usui
2739 588 2839 631 suo
2881 576 3162 646 pecuniam
3206 576 3538 648 impendere.
3584 580 3771 653 Itaque

2185 663 2274 717 ille
2298 665 2445 719 stilus
2473 665 2750 734 voluptate
2770 665 2989 735 fruitur,
3029 682 3353 740 manuque
3383 684 3564 727 rerum
3589 673 3765 729 domi-

2183 770 2282 808 nus
2306 763 2410 821 est,
2437 755 2527 825 qui
2565 756 2669 811 illis
2695 766 2752 819 ut
2780 772 2873 825 par
2897 766 2982 813 est
3011 758 3216 826 utitur;
3240 759 3294 814 bi
3323 776 3455 817 vero
3479 763 3620 821 servi
3640 771 3784 820 sunt

2182 852 2237 899 et
2261 846 2454 916 captivi
2484 862 2499 901 :
2529 861 2653 900 nam
2679 848 2920 916 corporis
2962 848 3302 905 inﬁrmitates
3322 860 3378 906 et
3398 852 3592 907 animat
3619 868 3766 907 mur-

2181 935 2282 990 bos
2324 946 2540 1005 augent.
2574 937 2853 1003 Quodnam
2896 954 3024 1008 ergo
3051 939 3260 996 fruendi
3285 956 3475 1011 genus,
3505 945 3595 999 ubi
3618 944 3765 1000 obsi-

2181 1026 2291 1089 dio,
2322 1026 2544 1103 belimu,
2570 1037 2731 1099 atque
2762 1038 3054 1097 tentmstas
3092 1031 3316 1095 marinis
3336 1033 3580 1101 procellis
3603 1036 3768 1091 vehe—

2183 1119 2453 1174 mentiorll
2498 1118 2632 1175 Nam
2675 1120 2877 1175 divitia:
2916 1120 2962 1175 si
2990 1122 3209 1178 stultum
3237 1122 3511 1185 hominem
3537 1128 3760 1189 insone-

2181 1210 2309 1278 rint,
2341 1212 2642 1266 stuitiorem
2673 1212 2944 1279 reddunt;
2989 1214 3034 1268 si
3066 1214 3346 1282 lascivum,
3394 1217 3753 1276 laseiviorem.

2183 1302 2382 1372 Ecqua,
2414 1301 2641 1373 inquies,
2677 1306 2896 1374 pauperi
2927 1321 2993 1360 ex
3025 1306 3304 1375 prudentia
3344 1309 3586 1365 utilitas?
3636 1311 3765 1368 Iure

2182 1390 2313 1445 iiiud
2346 1392 2578 1462 ignoras.
2604 1392 2791 1464 Neque
2817 1395 2959 1449 enim
2985 1409 3161 1453 caestu
3191 1397 3312 1463 scit,
3341 1398 3467 1467 quid
3505 1400 3637 1455 lucri
3670 1402 3758 1456 lux

2180 1482 2383 1537 amarat.
2412 1483 2550 1538 Audi
2579 1485 2923 1540 Salomooem
2950 1487 3217 1543 dicentem
3248 1506 3261 1541 :
3300 1488 3557 1555 Quantum
3582 1501 3654 1545 est
3684 1493 3766 1546 in-

2181 1581 2257 1626 ter
2282 1573 2508 1627 tenebras
2535 1585 2587 1627 et
2613 1574 2778 1629 lucent
2807 1575 3050 1641 medium,
3096 1586 3291 1633 tantum
3325 1578 3528 1649 sapiens
3554 1579 3765 1641 stultum

2179 1676 2382 1733 superat
2420 1663 2440 1734 (
2462 1664 2630 1719 Eecls.
2658 1666 2715 1719 2.
2752 1666 2844 1738 I5)
2871 1708 2885 1723 .
2937 1667 3044 1723 Sed
3071 1684 3193 1722 eum
3221 1669 3313 1738 qui
3342 1670 3394 1724 in
3426 1671 3661 1728 tenebris
3683 1685 3767 1729 est

2179 1757 2455 1826 quomodo
2491 1759 2850 1814 docebimus?
2897 1760 3031 1816 Nam
3072 1764 3415 1831 peetmiarum
3443 1779 3595 1820 amor
3623 1782 3765 1823 veru:

2183 1849 2419 1903 tenebrat
2468 1859 2614 1917 sunt,
2666 1866 2789 1920 qua:
2840 1866 3022 1909 rerum
3065 1853 3262 1909 nullum
3292 1855 3473 1909 sinunt
3499 1856 3767 1926 respicere

2180 1943 2355 2012 quam
2402 1952 2505 2006 est,
2557 1944 2653 1998 sed
2700 1944 2811 1999 alio
2859 1945 3015 2016 longe
3064 1947 3245 2002 modo.
3306 1948 3763 2015 Quemadmodum

2179 2036 2322 2089 enim
2349 2036 2442 2104 qui
2468 2035 2521 2089 in
2550 2036 2790 2091 tenebris
2817 2045 2923 2102 est,
2949 2038 3161 2094 etiamsi
3188 2054 3285 2095 vas
3306 2056 3533 2096 aureum
3560 2042 3762 2108 viden.

2179 2128 2386 2183 etiamsi
2418 2128 2649 2198 lapidem
2676 2129 2992 2198 pretiosum,
3039 2130 3251 2186 etiamsi
3287 2133 3603 2188 vestimenta
3634 2149 3763 2203 pur-

2180 2234 2367 2290 purea,
2416 2235 2481 2275 ea
2531 2218 2667 2275 nihil
2710 2233 2832 2276 esse
2880 2220 3187 2287 existimat;
3234 2238 3341 2278 non
3386 2224 3529 2279 enim
3575 2239 3762 2278 eorum

2179 2311 2628 2381 pulchritudinem
2670 2309 2817 2367 videt
2846 2329 2861 2365 :
2893 2310 2973 2367 sic
3000 2320 3056 2367 et
3084 2314 3326 2383 pecuniae
3367 2327 3557 2369 amans
3602 2329 3765 2383 expc-

2181 2403 2459 2461 teudarutn
2499 2419 2680 2461 rerum
2733 2403 3184 2476 pulchritudinem
3225 2414 3284 2460 ut
3333 2413 3606 2476 Oportcret
3653 2421 3758 2460 non

2180 2495 2344 2554 videt.
2394 2496 2600 2567 Dissipa
2633 2496 2763 2553 mihi
2792 2497 3072 2567 caliginem
3100 2513 3164 2552 ex
3208 2497 3312 2554 hoc
3345 2499 3533 2554 morbo
3561 2510 3755 2565 ortam,

2182 2600 2234 2644 et
2280 2598 2409 2646 tunc
2446 2589 2653 2645 videbis
2693 2606 2871 2646 rerum
2920 2599 3187 2660 naturam,
3219 2608 3340 2666 qua:
3382 2608 3643 2667 nusquam
3692 2592 3761 2647 ita

2183 2683 2392 2743 videtur
2435 2691 2493 2738 ut
2532 2682 2584 2736 in
2630 2691 2981 2753 paupertate:
3027 2697 3287 2754 nusquam
3334 2684 3408 2738 ita
3447 2684 3763 2740 evincuntur

2183 2772 2315 2827 nihil
2346 2788 2466 2828 esse
2486 2787 2548 2827 ea
2576 2788 2698 2844 quae
2725 2786 2847 2829 esse
2872 2771 3141 2839 videntur,
3173 2782 3235 2829 ut
3261 2774 3312 2828 in
3344 2773 3703 2844 philosophia.

2252 2865 2309 2920 4.
2352 2863 2629 2919 Domorum
2665 2865 2815 2934 quale
2856 2881 3026 2919 verum
3051 2866 3223 2931 decus,
3265 2866 3414 2935 quale
3455 2883 3626 2921 verum
3670 2869 3763 2922 de-

2183 2955 2354 3019 decus.
2381 2985 2454 2999 -—
2477 2954 2581 3011 Sed
2613 2973 2648 3010 ο
2674 2955 2821 3013 stulti
2850 2955 3113 3024 homines,
3155 2957 3245 3026 qui
3286 2957 3609 3013 maledicunt
3633 2975 3758 3030 pau-

2186 3046 2433 3116 peribus,
2460 3056 2514 3101 et
2533 3047 2717 3101 dicunt
2745 3047 2810 3109 iis
2835 3057 2890 3102 et
2913 3048 3100 3103 domos
3130 3034 3187 3102 et
3203 3048 3364 3102 vitam
3389 3048 3681 3119 deturpari,
3709 3064 3760 3102 et

2179 3136 2367 3193 omnia
2385 3135 2749 3198 confundunt.
2780 3134 2919 3202 Quid
2939 3145 3024 3191 est
3068 3135 3213 3190 enim
3259 3135 3457 3193 domus
3482 3136 3766 3194 dedecus?

2183 3225 2301 3280 Non
2353 3225 2516 3280 habet
2558 3226 2820 3281 eboreum
2852 3226 3100 3303 lectum,
3146 3242 3254 3281 non
3307 3243 3433 3283 vasa
3468 3238 3762 3298 argentea;

2182 3317 2279 3373 sed
2334 3316 2518 3386 Iiglina
2571 3318 2755 3373 omnia
2807 3327 2860 3373 et
2907 3317 3106 3388 lignea.
3152 3317 3266 3373 [Ioc
3323 3328 3470 3375 certe
3523 3321 3764 3376 maxima

2183 3408 2382 3465 domus
2432 3406 2601 3479 gloria
2658 3415 2715 3463 et
2757 3406 3020 3463 nobilitas
3067 3418 3171 3463 est.
3216 3406 3571 3463 Saeculariqu
3620 3409 3766 3463 enim

2185 3513 2369 3554 rerum
2405 3509 2745 3570 contemptus
2793 3498 2846 3555 id
2883 3512 3029 3569 sape
3071 3496 3256 3565 eiﬂcit,
3303 3506 3364 3552 ut
3408 3498 3584 3552 omnis
3635 3512 3763 3552 cura

2185 3589 2524 3661 studiumque
2568 3600 2737 3646 totum
2780 3590 2922 3645 circa
2966 3589 3198 3645 animam
3240 3587 3597 3658 impendatur.
3631 3588 3765 3644 Cum

2186 3697 2316 3753 ergo
2343 3685 2563 3736 multam
2594 3683 2648 3736 in
2679 3680 3038 3736 exterioribus
3068 3680 3483 3736 sollicitudinem
3529 3678 3763 3748 impendi

2188 3756 2407 3838 videris,
2457 3782 2583 3828 tunc
2623 3772 2884 3827 erubesco
2921 3771 2989 3826 de
3019 3780 3168 3826 tanto
3192 3771 3480 3826 dedecore.
3529 3771 3762 3824 Divitum

2189 3865 2330 3920 enim
2379 3865 2571 3919 domus
2615 3878 2720 3917 non
2750 3862 2983 3918 debitam
3012 3863 3236 3918 formant
3266 3863 3481 3918 habent.
3517 3862 3648 3915 Cum
3688 3863 3768 3915 vi-

2189 3955 2333 4010 deris
2361 3969 2490 4024 ergo
2517 3954 2656 4023 ligna
2685 3953 2949 4022 tapetibus
2974 3953 3166 4017 velata,
3197 3953 3366 4009 lectos
3403 3962 3629 4022 argento
3672 3966 3767 4005 or-

2192 4055 2345 4101 natos
2370 4044 2521 4115 quasi
2548 4044 2601 4098 in
2633 4044 2864 4110 theatro,
2894 4044 3043 4114 quasi
3070 4043 3124 4097 in
3154 4057 3346 4112 pompa
3371 4042 3608 4108 scenica,
3633 4042 3765 4112 quid

2193 4138 2316 4192 huic
2361 4135 2671 4206 turpitudini
2717 4150 2819 4204 par
2865 4133 3063 4190 luerit?
3089 4135 3219 4202 Quae
3252 4136 3420 4206 magis
3447 4134 3641 4189 domus
3676 4149 3768 4187 or-

2190 4230 2441 4293 chestra),
2472 4237 2526 4284 et
2554 4227 2621 4282 iis
2648 4242 2767 4298 quac
2799 4228 2855 4281 in
2882 4227 3155 4282 orchestra
3204 4225 3337 4281 (ium
3360 4267 3375 4290 .
3420 4226 3609 4281 similis
3647 4225 3771 4280 est?

2190 4309 2459 4386 divitisne,
2488 4329 2580 4375 aut
2606 4319 2905 4391 pauperis?
2937 4320 3129 4373 Annon
3177 4320 3353 4390 palam
3376 4330 3457 4374 est
3483 4327 3607 4374 esse
3630 4317 3770 4373 divi-

2193 4415 2299 4469 tis?
2345 4416 2468 4470 "th
2505 4413 2665 4485 igitur
2699 4414 2856 4484 plena
2903 4411 3233 4482 turpitudine
3269 4422 3372 4468 est.
3420 4412 3550 4480 Qua:
3577 4411 3783 4467 domus

2192 4507 2341 4563 Pauli
2391 4517 2445 4563 et
2488 4506 2774 4561 Abrahami
2821 4505 3068 4561 domibus
3108 4505 3299 4560 similis
3345 4505 3464 4560 est?
3516 4504 3774 4573 Patqteris

2196 4596 2585 4669 proculdubio.
2613 4597 2739 4651 Hmc
2785 4611 2915 4665 ergo
2962 4594 3197 4650 maxime
3229 4606 3414 4651 ornata
3443 4604 3529 4650 est
3561 4605 3616 4648 et
3643 4609 3773 4649 oon-

2193 4690 2397 4760 spicua.
2443 4687 2511 4741 Et
2539 4696 2595 4741 ut
2624 4687 2800 4741 discas
2836 4686 2965 4740 iilutl
3010 4687 3247 4741 maxime
3289 4687 3482 4741 domus
3527 4690 3773 4740 ornatum

2193 4796 2336 4846 esse,
2375 4779 2658 4850 ingredere
2690 4780 2744 4833 in
2772 4778 2990 4834 domum
3035 4777 3301 4844 Zaccha'i,
3339 4786 3395 4834 et
3434 4778 3586 4833 disce
3636 4793 3769 4849 quo—

2195 4871 2357 4927 modo
2385 4869 2661 4927 ornaverit
2701 4884 2820 4925 eam
2851 4870 3119 4924 Christum
3142 4881 3465 4939 excepturus
3495 4887 3508 4923 :
3552 4884 3658 4924 non
3683 4885 3776 4925 cn-

2195 4964 2367 5018 currit
2406 4962 2482 5017 ad
2509 4962 2736 5027 vicinos,
2780 4975 2883 5016 nec
2909 4961 3062 5030 petiit
3089 4968 3306 5015 ornatas
3332 4960 3525 5029 ianuas
3552 4960 3772 5025 bifores,

2195 5072 2310 5111 non
2330 5053 2615 5115 cathedras
2636 5062 2693 5108 et
2720 5053 2970 5108 subsellia
2998 5068 3062 5107 ex
3090 5053 3257 5108 ebore
3294 5053 3632 5118 concinnata,
3674 5068 3773 5107 nec

2194 5148 2379 5203 eduxit
2427 5163 2491 5200 ex
2542 5145 2809 5215 penuariis
2851 5145 3110 5200 Laconica
3141 5144 3433 5208 velamina;
3478 5145 3571 5200 sed
3603 5153 3772 5198 totum

2194 5238 2409 5293 ornavit
2428 5248 2486 5292 ut
2502 5237 2772 5293 Christum
2793 5236 3037 5292 decebat.
3060 5237 3190 5303 Quis
3215 5237 3305 5292 ille
3325 5236 3577 5292 ornatus?
3602 5234 3772 5288 Diuti-

2194 5329 2355 5395 dium,
2388 5328 2579 5397 inquit,
2610 5327 2854 5382 bonorum
2876 5344 3124 5392 nieorum,
3158 5325 3391 5387 Domine,
3442 5325 3508 5379 do
3536 5327 3775 5395 pauperi.-

2195 5420 2288 5474 bus
2307 5435 2325 5482 ;
2351 5428 2397 5473 et
2415 5421 2459 5472 si
2484 5419 2609 5489 quid
2626 5420 2842 5488 aliquem
2867 5418 3186 5488 defraudaui,
3209 5416 3420 5471 reddunt
3437 5416 3775 5487 quadruplum

2195 5511 2348 5582 (Luc.
2381 5513 2467 5567 I9.
2495 5512 2577 5581 8).
2605 5511 2694 5567 Sic
2714 5521 2769 5566 et
2795 5526 2894 5566 nos
2913 5511 3104 5569 detnus
3129 5525 3402 5576 ornemus,
3427 5518 3482 5563 ut
3507 5509 3776 5567 Christum

2193 5604 2564 5671 suscipiamus.
2620 5603 2711 5657 Ila:
2740 5602 3112 5674 pulcherrima:
3154 5600 3512 5667 biforcssunt
3539 5620 3553 5656 :
3583 5600 3699 5656 htrc
3725 5603 3777 5656 in

2194 5696 2341 5751 (.‘tl'lis
2390 5703 2736 5764 apparantur,
2793 5695 2972 5765 ibique
3028 5702 3300 5750 texuntur.
3348 5692 3446 5749 Ubi
3478 5694 3590 5748 hinc
3623 5700 3773 5757 sunt.
