4058 6144
339 270 435 324 'lz'il

341 390 413 443 ibi
441 388 599 443 etiam
626 385 741 440 “ex
768 381 1016 437 czvlorum
1042 385 1145 432 est.
1189 374 1243 429 Si
1282 372 1388 426 alio
1426 369 1586 424 modo
1610 366 1906 431 ornaveris,

337 479 607 533 diabolum
632 489 813 535 vocas,
844 470 1092 538 illiusque
1127 466 1373 520 chorum.
1416 461 1576 516 Venit
1617 462 1777 514 etiam
1823 460 1912 514 ille

340 574 391 626 iu
438 572 654 623 domum
701 563 929 620 Matthtni
979 557 1243 631 publicani
1290 553 1502 624 (Matth.
1530 552 1727 619 9.10).
1774 550 1911 619 Quid

338 678 466 734 ergo
506 662 628 715 fecit
671 658 799 713 ille?
844 652 1091 709 Ferventi
1121 648 1395 721 proposito
1420 645 1646 715 primum
1678 645 1910 734 seipsum

339 733 570 816 ornavit,
617 759 725 804 tum
757 745 991 800 dimissis
1021 742 1270 796 omnibus
1316 747 1575 807 sequutus
1618 741 1699 788 est
1740 733 1909 786 illum.

337 844 735 901 Sic'Cnruelius
764 840 981 894 domum
1014 833 1224 889 ornavit
1265 830 1515 899 precibus
1532 836 1587 880 et
1610 826 1911 893 elcemosy-

336 939 417 992 uis
452 937 587 1007 (Act.
610 934 696 987 l0.
723 933 779 997 4)
810 946 826 985 :
872 929 1095 995 ideoque
1126 924 1382 977 hactenus
1406 919 1569 988 fulget
1609 917 1726 986 plus
1753 929 1909 1007 quam

338 1005 496 1100 regite
545 1027 707 1082 sedes.
736 1012 926 1078 Vilitas
969 1019 1166 1089 quippe
1192 1016 1386 1068 donuts
1416 1026 1519 1064 non
1550 1026 1580 1063 a
1611 1007 1748 1062 vasis
1796 1005 1913 1108 sine

336 1124 524 1177 ordine
569 1117 838 1190 proiectis,
882 1130 985 1167 non
1013 1127 1043 1164 a
1072 1110 1313 1177 neglecto
1340 1105 1500 1167 lecto,
1545 1116 1649 1155 non
1679 1115 1706 1150 a
1739 1105 1906 1190 muris

337 1218 481 1270 fumo
527 1187 853 1271 obscuratis,
897 1205 989 1261 scd
1051 1218 1079 1255 a
1130 1200 1360 1268 nequitia
1427 1192 1799 1247 habitantium.
1854 1187 1910 1241 Id

336 1306 477 1376 quod
519 1319 646 1357 sane
674 1301 921 1355 Christus
952 1293 1205 1355 ostendit,
1253 1289 1344 1359 qui
1388 1288 1439 1341 in
1485 1285 1641 1337 talem
1669 1281 1907 1341 domum,

337 1401 463 1451 dum
512 1397 554 1448 is
596 1394 683 1462 qui
727 1394 779 1445 in
821 1390 909 1443 illa
959 1386 1163 1442 habitat
1193 1383 1259 1436 sit
1303 1379 1520 1449 prnhus,
1568 1376 1768 1427 intrare
1805 1387 1910 1424 non

339 1487 639 1548 erubescit;
692 1485 743 1537 in
792 1483 931 1535 illam
982 1493 1108 1531 vero
1151 1475 1328 1527 aliam.
1380 1467 1584 1522 etiamsi
1636 1479 1798 1518 aureo
1840 1463 1914 1514 la-

338 1580 520 1651 queari
561 1578 816 1630 instructa
869 1574 964 1629 sit,
997 1581 1283 1635 numquam
1312 1561 1545 1615 intrabit.
1583 1553 1912 1655 ltaqtte'htec

339 1647 497 1743 regiis
521 1669 721 1723 aedibus
745 1662 1069 1733 splendidior
1096 1669 1197 1717 est,
1224 1672 1338 1723 ιμιςυ
1364 1651 1600 1703 omnium
1632 1647 1910 1747 Dominum

339 1768 563 1832 recipit;
607 1762 692 1815 illa
738 1774 866 1813 vero
912 1772 1030 1808 cum
1074 1748 1303 1818 laqueari
1336 1754 1384 1798 et
1414 1743 1676 1797 colmnuis
1711 1743 1910 1837 aureis.2

339 1876 365 1912 r
387 1824 464 1910 vis
490 1866 539 1907 et
568 1853 761 1907 cloacis
787 1847 1003 1916 impuris
1031 1844 1218 1897 similis
1244 1850 1346 1902 ρει,
1394 1850 1513 1903 qua:
1558 1844 1682 1885 vasa
1710 1824 1908 1881 diaboli

339 1951 548 2005 haheat.
599 1946 722 2000 Hoc
762 1956 922 2010 porro
958 1939 1093 1991 dicta
1127 1934 1279 1988 nobis
1311 1945 1413 1982 non
1446 1926 1644 1980 divites
1669 1926 1913 1989 spectant

338 2043 591 2096 decorum
617 2045 909 2092 servantes,
933 2028 1025 2084 sed
1054 2038 1244 2080 avaros
1281 2030 1335 2073 et
1378 2015 1613 2087 pecuniae
1645 2017 1907 2065 amantes.

1039 258 1097 315 S.
1136 254 1411 312 JOANNIS
1445 249 1911 308 CHRYSOSTOEII
1942 250 2252 302 Ακιηικιι.
2285 253 2810 311 CUNS'I'AN'I‘INOP.

3489 261 3595 314 τπῖ

2021 368 2171 436 Αρυά
2202 368 2297 422 bos
2328 369 2469 423 enim
2494 370 2637 426 nulla
2678 372 2746 426 de
2784 374 3100 427 necessariis
3128 375 3284 428 rebus
3322 391 3447 429 cura
3490 390 3591 435 est.

2018 457 2112 510 sed
2140 456 2206 511 de
2230 470 2434 523 ventre,
2458 460 2526 513 de
2556 465 2889 525 tcmulentia,
2913 462 3089 533 deque
3120 465 3238 518 aliis
3268 467 3598 535 turpitudine

2020 546 2225 613 plenis;
2258 550 2307 601 in
2338 549 2423 602 illa
2450 563 2629 604 autem
2662 552 2730 606 de
2754 554 3081 622 philosophia
3124 556 3356 610 studium
3384 570 3486 612 est.
3513 559 3585 613 ld-

2017 637 2162 690 circo
2210 653 2496 709 numquam
2546 643 2595 694 iu
2638 642 2853 697 domum
2882 645 3211 708 splendidam
3240 647 3484 703 Christus
3510 651 3587 703 in-

2017 728 2217 791 troivit,
2274 730 2365 784 sed
2421 732 2469 783 iu
2519 733 2803 801 publicani,
2845 736 3103 806 principis
3149 739 3545 806 publicanorum
3574 785 3590 806 ,

2021 817 2298 885 piscatoris
2340 820 2547 886 domos,
2592 826 2767 878 missis
2816 828 2971 895 regiis
3014 829 3253 893 a-dibus,
3302 832 3480 885 missis
3528 833 3594 885 iis

2019 909 2108 971 qui
2163 912 2414 965 mollibus
2446 914 2737 969 induuntur
2782 920 3135 975 vestimentis.
3163 921 3219 975 Si
3246 932 3300 975 ttt
3331 924 3491 992 igitur
3529 923 3593 977 il-

2019 998 2128 1051 lum
2160 1000 2209 1053 in
2235 1001 2450 1055 domum
2476 1013 2615 1056 tuam
2648 1020 2837 1059 vocare
2857 1009 3006 1070 velis.
3036 1025 3165 1064 orna
3191 1011 3335 1064 illam
3364 1014 3599 1066 eleetno-

2020 1090 2187 1160 synis,
2242 1094 2507 1159 precibus,
2565 1098 2875 1166 pervigiliis,
2922 1101 3412 1167 supplicationibus.
3469 1104 3595 1158 Haec
3658 1130 3663 1133 -

2019 1181 2214 1248 quippe
2244 1183 2384 1251 regis
2411 1184 2607 1240 Clll‘iSli
2651 1198 2777 1241 sunt
2818 1190 2975 1255 dona,
3012 1192 3097 1245 illa
3144 1209 3269 1247 vero
3303 1211 3588 1262 mamonzr,

2019 1271 2216 1326 Christi
2250 1276 2470 1332 inimici.
2502 1277 2776 1333 Neminem
2826 1299 2953 1352 ergo
2996 1284 3190 1351 pudeat
3229 1289 3444 1342 domum
3497 1290 3594 1343 ha-

2022 1363 2147 1417 bere
2172 1366 2350 1431 vilem,
2380 1368 2423 1422 si
2456 1371 2568 1425 haec
2594 1384 2777 1424 nactus
2798 1374 2860 1427 sit
2887 1387 3194 1431 ornamenta
3222 1394 3237 1441 ;
3268 1395 3425 1432 nemo
3446 1382 3593 1441 dives

2021 1455 2188 1507 altttm
2214 1458 2384 1523 sapiat.
2411 1458 2478 1513 de
2506 1462 2783 1530 magnifica
2821 1465 3000 1529 duino,
3046 1469 3139 1522 sed
3186 1471 3359 1536 petitis
3400 1472 3594 1527 erube-

2021 1554 2153 1609 seat,
2200 1558 2253 1599 et
2286 1548 2370 1601 illa
2405 1551 2605 1610 relicta,
2638 1553 2772 1608 hanc
2799 1555 3010 1626 deligat,
3044 1568 3101 1610 ut
3131 1571 3183 1613 et
3212 1561 3297 1615 hic
3324 1560 3592 1618 Christum

2021 1637 2269 1704 excipiat,
2302 1649 2357 1692 et
2385 1640 2492 1695 illic
2521 1644 2735 1696 internis
2774 1645 2976 1700 fruatur
3004 1650 3378 1717 tabernaculis,
3426 1655 3595 1721 gratia

2023 1737 2075 1779 ct
2104 1728 2427 1797 benignitate
2461 1732 2664 1787 Domini
2698 1738 2862 1789 nostri
2894 1738 3019 1791 Jesu
3047 1739 3265 1804 Christi,
3313 1744 3399 1796 cui
3427 1743 3594 1813 gloria

2021 1828 2075 1873 et
2104 1818 2382 1887 imperium
2415 1823 2429 1852 ¹
2461 1822 2511 1875 iu
2542 1826 2731 1878 sa'cula
2758 1829 3094 1883 swenlormu.
3124 1830 3314 1885 Amen.

2089 1951 2472 2031 ittss.
2519 1958 2719 2017 h-hent,
2766 1960 2846 2031 cui
2886 1960 3047 2031 gloria
3088 1969 3143 2031 rt_
3169 1964 3443 2026 imperium,
3489 1980 3599 2016 cum

2022 2018 2201 2062 aiterno
2224 2021 2381 2074 Patre,
2403 2025 2447 2066 et
2470 2033 2580 2069 cum
2600 2031 2764 2071 sancto
2782 2029 2826 2072 et
2849 2018 3034 2087 vivi/ica
3063 2018 3256 2087 Spiritu.

341 2377 470 2431 Car.
507 2368 596 2423 26.
642 2382 696 2417 v.
726 2364 810 2418 51.
859 2357 924 2412 Et
978 2369 1089 2409 ecce
1134 2363 1264 2403 unus
1289 2359 1460 2398 eorum
1513 2339 1614 2431 qui
1640 2348 1754 2431 cum
1787 2327 1911 2431 Iesu

409 2425 592 2522 erant,
638 2451 909 2509 extendens
960 2458 1163 2498 manum
1188 2481 1201 2501 ,
1236 2433 1512 2505 cvaginavit
1562 2425 1824 2522 gladium,
1867 2427 1913 2471 et

414 2550 695 2623 percutiens
739 2557 934 2597 servum
968 2534 1220 2609 pontiﬁcis
1255 2571 1269 2593 ,
1312 2521 1585 2595 amputavit
1624 2512 1908 2623 auriculam

411 2609 539 2716 ejus.
563 2640 650 2696 52.
684 2638 822 2692 Tunc
852 2633 974 2687 dixit
998 2632 1040 2683 ei
1064 2627 1212 2681 Jesus
1244 2639 1259 2675 :
1292 2620 1536 2673 Converte
1580 2609 1805 2683 gladium
1839 2609 1911 2716 'iu

412 2698 575 2791 locum
601 2748 766 2786 suum.
795 2728 979 2781 Omnes
1006 2722 1137 2775 enim
1158 2717 1241 2788 qui
1265 2712 1488 2784 gladium
1510 2703 1775 2774 accipient,
1800 2698 1913 2769 gla-

411 2830 497 2884 dio
527 2827 775 2897 peribunt.
804 2820 892 2876 5'5.
923 2819 1003 2871 An
1055 2823 1199 2881 putas
1228 2806 1345 2878 quia
1386 2819 1484 2855 non
1509 2811 1706 2897 possunt
1737 2804 1916 2897 rqga're

415 2882 625 2975 l’atiem
653 2958 668 2983 ,
695 2923 741 2968 et
782 2912 920 2967 sistet
951 2904 1073 2957 mihi
1100 2916 1233 2956 nunc
1283 2896 1397 2964 plus
1451 2905 1598 2983 quam
1650 2882 1913 2983 duo-decim

413 2973 633 3085 legiones
657 2973 993 3076 angelorum?
1020 2996 1109 3051 54.
1141 2986 1405 3085 Quomodo
1435 2997 1550 3052 ergo
1581 2973 1916 3046 implebantur

414 3080 710 3175 scripturte,
738 3100 856 3168 quia
881 3097 951 3150 δίε
977 3097 1166 3159 οΡονίθί
1193 3080 1345 3178 [ίθνίῗι
1384 3174 1392 3178 _
1589 3168 1599 3178 .
1659 3166 1689 3178 η

416 3201 468 3254 1.
501 3166 603 3252 Cur
645 3166 873 3248 Christus
901 3180 1162 3251 discipulis
1193 3174 1412 3244 permisit
1455 3178 1506 3221 ut
1548 3166 1745 3234 gladios
1774 3166 1920 3218 liabe-

342 3305 473 3348 reut.
501 3321 570 3334 --
593 3288 723 3354 Quis
760 3292 839 3336 est
866 3295 1000 3335 unus
1029 3278 1128 3331 iste
1150 3274 1234 3342 qui
1258 3270 1546 3323 auriculam
1588 3260 1918 3329 amputavit?

343 3386 575 3440 Joannes
599 3382 732 3435 dixit
769 3377 930 3431 fuisse
977 3372 1187 3425 Petrum
1221 3363 1416 3435 (Joan.
1448 3360 1533 3413 18.
1563 3357 1623 3411 10
1646 3357 1685 3425 ).
1721 3355 1917 3421 Estque

345 3475 596 3530 ferventis
622 3471 760 3525 illius
786 3465 946 3520 animi
974 3477 1124 3530 opus.
1150 3458 1251 3512 Sed
1286 3452 1410 3508 illud
1432 3446 1773 3520 qua-rendam
1805 3454 1916 3505 est,

346 3582 443 3622 cur
466 3563 698 3634 gladium
729 3556 1051 3628 gestabant,
1078 3550 1218 3619 quod
1252 3563 1352 3600 nou
1386 3544 1509 3597 hinc
1541 3540 1711 3592 solum
1744 3546 1916 3606 patet,

344 3661 438 3717 sed
478 3660 598 3730 quia
631 3651 931 3720 interregati
961 3648 1238 3709 dixerunt,
1276 3642 1406 3697 duos-
1439 3641 1523 3694 hic
1549 3654 1665 3692 esse
1697 3638 1917 3730 gladios.

344 3754 450 3806 Cnr
491 3728 731 3820 permisit
759 3744 864 3797 illis
889 3740 1131 3796 Christus
1160 3746 1217 3789 ut
1254 3734 1459 3804 gladius
1492 3732 1748 3785 baberent
1772 3730 1793 3780 ’ξ
1825 3728 1917 3781 Et-

342 3847 483 3899 enim
512 3842 614 3897 boc
639 3841 712 3894 ait
738 3839 908 3893 Lucas
954 3836 1126 3904 ipsum
1170 3830 1368 3887 dixisse
1398 3844 1412 3879 ι
1441 3824 1656 3890 Quando
1684 3820 1795 3873 misi
1835 3834 1920 3872 vos

346 3937 454 3989 sine
479 3934 681 3987 sacculo
710 3941 755 3984 et
782 3946 899 3999 pera
919 3937 966 3981 et
992 3923 1340 3979 calceamentis
1356 3962 1370 3985 ,
1404 3936 1522 3973 num
1546 3917 1805 3986 quidpiam
1831 3913 1920 3965 de-

344 4028 438 4098 fuit
463 4025 646 4079 vobis?
685 4023 923 4091 Cumque
966 4017 1368 4087 respondissent
1418 4012 1494 4065 illi
1521 4054 1535 4070 .
1586 4008 1753 4066 Nihil.
1786 4006 1921 4059 dixit

348 4119 427 4173 eis
458 4134 471 4167 :
503 4117 607 4171 Sed
632 4132 765 4169 nunc
788 4114 874 4182 qui
907 4113 1050 4165 habet
1087 4109 1348 4163 sacculum
1371 4146 1385 4166 ,
1420 4105 1565 4156 tollat
1611 4100 1843 4155 similiter
1871 4107 1917 4149 et

346 4225 519 4278 peram
544 4223 563 4260 :
586 4216 632 4259 et
658 4206 745 4270 qui
771 4222 871 4257 non
920 4202 1085 4261 habet,
1114 4201 1293 4253 vendat
1337 4195 1683 4247 vestimentum
1723 4205 1870 4243 suum
1899 4204 1917 4251 ;

344 4310 389 4351 et
415 4309 543 4352 emat
568 4297 795 4367 gladium
836 4294 980 4362 (Luc.
1006 4292 1094 4346 22.
1124 4290 1193 4345 55
1223 4318 1244 4329 ο
1278 4288 1391 4355 58).
1422 4286 1483 4338 Et
1508 4299 1627 4337 cum
1658 4281 1923 4367 dixissent

346 4366 591 4460 illi,esse
641 4391 726 4441 hic
780 4388 985 4457 gladios
1032 4383 1186 4441 duos,
1218 4380 1351 4433 tum
1402 4376 1527 4437 illis,
1558 4371 1773 4441 διαθείη.
1817 4366 1924 4421 Cur

342 4504 471 4558 ergo
504 4486 554 4539 id
606 4481 846 4552 permi~it
877 4480 1020 4533 illis?
1051 4477 1119 4533 Ut
1147 4474 1304 4529 fidem
1338 4471 1445 4525 illis
1472 4469 1671 4521 faceret
1713 4477 1773 4516 se
1814 4470 1919 4514 tra-

340 4580 572 4634 dendum
607 4574 740 4629 fore.
775 4572 896 4625 Ideo
920 4570 1053 4625 dixit
1085 4568 1210 4632 illis,
1246 4566 1396 4619 limat
1424 4560 1694 4634 gladium;
1719 4573 1823 4611 non
1865 4566 1923 4610 ut.

340 4676 700 4730 armarentur,
731 4664 901 4725 absit;
930 4662 1023 4715 sed
1057 4669 1112 4713 ut
1140 4674 1235 4729 per
1261 4659 1363 4713 hoc
1394 4657 1751 4728 proditionem
1776 4653 1922 4708 indi-

337 4770 511 4817 caret.
545 4760 610 4814 Et
639 4766 830 4827 quare,
863 4757 1093 4825 inquies.
1125 4768 1307 4823 peram
1339 4751 1537 4806 habere
1560 4749 1765 4818 jussit?
1802 4748 1918 4805 Mo-

340 4858 499 4909 nebat
526 4870 621 4907 eos
674 4863 731 4905 ut
758 4852 1009 4920 deinceps
1048 4850 1237 4904 attenti
1268 4860 1447 4906 essent
1484 4861 1539 4904 et
1595 4852 1871 4921 vigilarent
1900 4893 1915 4917 ,

339 4960 632 5013 magnaque
670 4944 942 5012 diligentia
971 4954 1265 4997 uterentur.
1305 4944 1459 4998 Initio
1484 4946 1626 5000 enim
1652 4988 1666 5009 ,
1699 4956 1757 5000 ut
1809 4947 1921 5001 im-

349 5036 568 5101 peritos,
600 5033 761 5086 inulta
790 5051 881 5087 sua
910 5039 1101 5088 virtute
1130 5036 1342 5090 fovebat
1369 5056 1381 5100 ;
1411 5039 1601 5094 deinde
1617 5056 1744 5094 vero
1768 5042 1918 5109 quasi

349 5127 523 5193 pullos
551 5142 614 5179 ex
642 5124 765 5177 nido
790 5124 1030 5189 eductos,
1051 5125 1195 5192 jubet
1227 5128 1456 5195 propriis
1474 5129 1548 5181 ttti
1572 5129 1688 5182 alis.
1719 5131 1920 5186 Deinde

348 5235 412 5273 ne
442 5226 709 5287 putarent,
732 5230 791 5270 se
822 5232 927 5282 pne
957 5217 1322 5272 imbecillitate
1348 5220 1580 5273 omissos
1625 5220 1810 5285 fuisse,
1834 5223 1923 5289 ju-

347 5313 478 5367 bens
508 5312 625 5366 illos
650 5326 743 5364 sua
775 5308 985 5375 ali'errc,
1019 5309 1189 5378 priora
1220 5311 1271 5362 in
1305 5323 1536 5366 mentem
1565 5324 1811 5376 revocat,
1840 5313 1921 5366 di-

345 5417 473 5457 cens
497 5423 510 5458 :
543 5404 667 5458 Cum
704 5402 817 5455 misi
840 5416 926 5455 vos
948 5404 1054 5454 sine
1077 5402 1300 5465 sacculo,
1334 5418 1452 5455 num
1474 5403 1734 5473 quidpiam
1760 5405 1922 5473 defuit

344 5495 523 5546 vobis?
551 5503 605 5547 ut
626 5495 874 5561 utrinque
897 5494 1034 5546 illius
1056 5495 1343 5562 potentiam
1373 5494 1692 5559 ediscerent,
1717 5504 1771 5549 et
1799 5496 1919 5563 quia

348 5586 599 5653 protexit,
628 5594 683 5638 et
710 5585 831 5653 quia
862 5600 999 5636 inme
1028 5584 1224 5635 sensim
1258 5585 1375 5636 illos
1403 5583 1673 5651 relinquit.
1698 5586 1801 5639 Sed
1836 5603 1924 5639 uu-

341 5674 533 5729 tlcttam
565 5675 632 5727 ibi
659 5674 817 5741 gladii
864 5689 1012 5727 ctam
1036 5675 1055 5725 ‘t
1087 5673 1162 5725 lix
1203 5690 1354 5727 etcutt
1405 5682 1462 5728 et
1506 5690 1690 5728 Ittcnsa
1722 5683 1919 5746 egressi

2024 2326 2255 2385 fuerant.
2286 2335 2585 2396 Verisimile
2615 2354 2790 2399 autem
2822 2357 2905 2405 est
2945 2348 3014 2403 ibi
3067 2350 3272 2421 gladios
3325 2350 3487 2403 fuisse
3532 2347 3599 2401 ad

2022 2426 2309 2481 secandum
2335 2446 2526 2499 agnum
2554 2452 2567 2497 ;
2598 2438 2717 2490 hinc
2744 2454 2863 2493 cum
2892 2442 3187 2508 audissent,
3223 2445 3394 2512 ipsum
3420 2460 3447 2496 a
3476 2444 3599 2513 qui-

2023 2515 2241 2572 busdam
2273 2522 2623 2583 iltt'ntlcndlllll
2651 2549 2789 2599 esse,
2824 2536 3055 2605 gladium
3077 2541 3391 2607 sumpsisse,
3423 2550 3478 2595 ut
3501 2558 3599 2611 pro

2023 2612 2282 2679 magistro
2311 2632 2623 2689 pugnarent,
2654 2626 2794 2692 quod
2826 2644 2889 2680 ex
2924 2629 3131 2683 illorum
3164 2640 3371 2687 tantum
3404 2651 3601 2705 propo-

2021 2702 2124 2754 sito
2162 2718 2208 2759 et
2248 2709 2517 2768 voluntate
2547 2715 2740 2770 factum
2769 2730 2869 2774 est.
2900 2722 3235 2791 Quapropter
3262 2702 3478 2780 Petrum
3508 2702 3595 2781 in-

2022 2811 2203 2867 crepat
2237 2806 2378 2873 quod
2414 2807 2591 2877 gladio
2623 2828 2749 2866 usus
2779 2815 2869 2874 sit.
2900 2816 3058 2884 idque
3084 2817 3263 2872 addita
3295 2818 3599 2873 vehementi

2022 2897 2454 2953 cotmninalionc.
2487 2903 2615 2957 Nam
2648 2921 2860 2961 servum
2885 2911 3186 2970 venientem
3206 2913 3348 2969 ultus
3372 2925 3473 2975 est,
3506 2931 3600 2968 ar-

2022 2984 2461 3058 dcttterquidem,
2488 3011 2667 3049 verum
2697 3014 2802 3050 non
2838 3015 2896 3053 se
2917 3000 3227 3068 defendens,
3249 3007 3341 3061 sed
3367 3024 3461 3075 pro
3488 3024 3599 3061 ma-

2021 3078 2190 3147 gistro
2219 3097 2477 3149 pugnans.
2521 3087 2702 3157 Neque
2740 3094 2979 3158 permisit
3018 3095 3261 3150 Christus
3308 3107 3365 3152 ut
3389 3100 3599 3168 aliquod

2026 3176 2147 3232 hinc
2168 3178 2418 3235 damnum
2439 3194 2750 3251 emergeret.
2780 3185 2905 3239 Nam
2928 3193 3134 3245 sanavit
3158 3208 3392 3261 servum,
3409 3206 3462 3248 et
3482 3212 3599 3249 ma-

2022 3287 2182 3340 gnum
2206 3275 2512 3329 tniraculnm
2530 3278 2713 3345 edidit,
2733 3281 2871 3347 quod
2893 3292 3133 3350 possetet
3158 3286 3529 3356 benignitatem
3548 3301 3604 3344 et

2026 3367 2312 3434 potentiam
2335 3383 2484 3422 suam
2510 3370 2829 3439 patefacere,
2854 3390 3059 3429 necnon
3087 3376 3331 3448 discipuli
3361 3397 3598 3437 amorem

2024 3458 2179 3511 simul
2203 3467 2255 3511 et
2273 3462 2727 3517 mansuetudinem
2748 3484 2759 3517 :
2782 3481 2901 3520 nam
2933 3468 3058 3522 illud
3078 3486 3143 3524 ex
3161 3489 3340 3528 amore
3365 3514 3378 3536 ,
3402 3472 3502 3527 hoc
3529 3490 3599 3529 ex

2024 3551 2326 3617 ohedicntia
2370 3552 2583 3610 fecerat.
2623 3560 2752 3611 Cum
2783 3558 3017 3613 audisset
3036 3566 3197 3630 enim,
3220 3565 3601 3637 Mittegladium

2025 3644 2074 3695 in
2091 3645 2319 3714 vaginam
2358 3666 2500 3702 suam
2519 3650 2692 3721 (Joatt.
2713 3654 2799 3706 18.
2835 3654 2855 3706 1
2876 3652 2948 3721 l).
2968 3657 3147 3711 statim
3162 3659 3485 3725 obseqttultts
3496 3670 3599 3727 est,

2027 3750 2127 3792 nec
2144 3748 2318 3803 postea
2340 3739 2566 3808 idipsum
2587 3743 2727 3797 fecit.
2747 3744 3054 3807 Aliusdicit.
3077 3749 3431 3819 interrogasse
3460 3751 3598 3816 illos,

2027 3829 2088 3884 Si
2108 3832 2408 3897 percutiuuts
2435 3834 2453 3901 (
2469 3830 2597 3885 Luc.
2625 3833 2715 3887 22.
2737 3836 2828 3906 49)
2858 3854 2870 3890 :
2897 3838 3067 3905 ipsum
3095 3856 3223 3895 vero
3246 3843 3598 3910 prohibuisse,

2025 3933 2079 3976 ct
2097 3940 2303 3977 ~ervum
2322 3927 2608 3981 sanavisse.
2632 3929 2957 3998 Discipulum
2982 3943 3158 3987 autem
3182 3935 3487 4004 increpavit,
3509 3936 3606 3989 ad-

2024 4014 2132 4067 dita
2176 4018 2603 4079 comminatimte,
2648 4027 2705 4072 ut
2746 4021 2833 4074 ille
2876 4038 3079 4077 morem
3117 4035 3328 4093 gereret
3362 4044 3375 4079 :
3414 4027 3604 4082 Omnes

2027 4106 2177 4169 cnim,
2223 4106 2411 4175 inquit,
2454 4110 2542 4179 qui
2569 4110 2798 4181 gladium
2848 4115 3117 4184 accipient,
3149 4117 3325 4185 gladio
3348 4118 3599 4185 peribunt.

2028 4198 2092 4250 lit
2121 4201 2379 4252 rationem
2408 4201 2621 4269 adjecit,
2640 4201 2825 4257 dicens
2851 4222 2863 4257 :
2897 4205 2975 4257 Au
3004 4207 3191 4275 putatis
3214 4207 3331 4274 quia
3358 4225 3455 4261 non
3484 4226 3602 4279 pos-

2025 4308 2135 4345 sum
2160 4310 2339 4362 rogare
2368 4292 2571 4349 Patrem
2593 4313 2777 4362 meum,
2806 4308 2853 4350 et
2879 4298 3017 4352 sistet
3047 4300 3171 4351 mihi
3187 4300 3450 4370 plusquam
3471 4303 3603 4355 duo-

2027 4385 2187 4437 decim
2215 4387 2434 4457 legiones
2460 4390 2797 4460 angelorum?
2834 4390 2940 4445 Sed
2969 4394 3220 4460 quomodo
3263 4394 3607 4464 implebantur

2029 4477 2357 4547 Scriptum?
2383 4479 2473 4532 llis
2504 4481 2603 4534 feri
2616 4497 2763 4536 orem
2792 4498 2978 4535 eorum
3012 4485 3294 4547 restinxit,
3340 4486 3603 4540 ostendit-

2027 4590 2131 4641 que
2180 4576 2229 4628 id
2287 4577 2337 4630 in
2369 4578 2655 4648 Scripturis
2684 4581 2886 4634 haberi.
2919 4582 3041 4635 Iden
3071 4583 3218 4649 prius
3262 4581 3603 4651 precabatur,

2028 4677 2087 4720 ut
2115 4667 2253 4735 quod
2295 4670 2635 4740 contingebat
2677 4672 2787 4724 tuiti
2830 4676 3010 4725 animo
3060 4675 3275 4733 ferrent.
3324 4687 3605 4746 posnptam

2026 4760 2306 4815 audierant
2350 4763 2399 4815 id
2456 4764 2745 4817 secundum
2782 4764 3102 4819 voluntatem
3136 4768 3224 4820 Dei
3272 4767 3405 4822 fieri.
3436 4768 3503 4821 Et
3526 4768 3608 4822 his

2028 4852 2235 4906 duobus
2282 4854 2404 4907 illos
2433 4857 2741 4910 consolatus
2772 4867 2874 4920 est,
2925 4875 2988 4911 ex
3038 4859 3296 4928 supplicio
3350 4860 3605 4913 insidian-

2030 4946 2157 4998 tium
2191 4964 2203 4999 :
2233 4962 2351 4999 nam
2382 4949 2475 5012 ait,
2525 4949 2710 5001 Omnes
2749 4951 2833 5017 qui
2861 4951 3086 5020 gladium
3136 4953 3404 5019 accipient,
3437 4953 3609 5021 gladio

2030 5040 2293 5105 peribunt;
2324 5050 2377 5092 et
2401 5057 2465 5093 ex
2493 5056 2558 5095 eo
2578 5042 2719 5108 quod
2743 5060 2846 5094 nou
2879 5043 3145 5098 illibettlet‘
3167 5045 3276 5097 lucc
3290 5053 3566 5113 pateretur
3592 5061 3605 5097 :

2031 5131 2256 5185 Possum
2287 5135 2451 5195 enim,
2500 5134 2689 5202 inquit,
2730 5150 2917 5203 rogare
2948 5135 3178 5188 Patrem.
3239 5136 3304 5189 Et
3355 5151 3450 5190 cur
3501 5153 3606 5189 non

2027 5223 2180 5285 dixit,
2206 5227 2284 5277 An
2315 5225 2509 5291 putatis
2536 5226 2674 5295 quod
2704 5242 2808 5278 non
2840 5227 3036 5293 passim
3077 5242 3178 5295 ego
3207 5228 3325 5282 illos
3348 5227 3606 5297 perdere?

2027 5316 2161 5379 Quia
2193 5316 2520 5384 tidediguior
2542 5317 2820 5372 videbatur
2840 5333 2959 5371 esse
2986 5318 3062 5371 sic
3080 5319 3303 5386 loquens
3329 5336 3342 5373 :
3371 5317 3603 5373 nondum

2027 5408 2255 5461 enimut
2296 5424 2389 5475 par
2416 5417 2531 5463 erat
2555 5410 2624 5464 de
2672 5410 2765 5463 illo
2816 5411 3160 5464 sentiebant:
3190 5422 3242 5463 et
3283 5411 3443 5480 paulo
3484 5419 3608 5466 ante

2027 5500 2233 5553 dixerat
2267 5520 2279 5552 :
2317 5498 2492 5553 Tristis
2527 5510 2599 5553 est
2623 5502 2794 5553 anima
2840 5518 2951 5553 mea
2990 5518 3144 5570 usque
3168 5502 3235 5553 ad
3255 5513 3498 5566 mortem;
3530 5512 3601 5565 et.

2033 5593 2206 5656 Pater,
2238 5603 2461 5645 transeat
2504 5609 2534 5642 a
2565 5608 2644 5645 me
2683 5595 2819 5646 calix
2848 5595 2942 5646 iste
2966 5608 2983 5655 ;
3009 5594 3075 5646 ad
3108 5595 3221 5646 ha-c
3242 5593 3290 5644 in
3318 5608 3517 5659 angore
3553 5602 3606 5646 et

2028 5683 2221 5736 sudore
2252 5683 2394 5735 visus
2421 5692 2523 5741 est,
2561 5691 2717 5751 atque
2761 5684 2828 5738 ab
2853 5683 3057 5753 angelis
3095 5683 3442 5737 confortatus.
3473 5684 3603 5751 Quia
