4058 6144
487 383 647 452 ᾕιιιιιυ
700 378 865 433 multa
913 375 1230 431 ltuinanitati
1280 376 1639 444 competentia
1689 375 1907 436 fecerat,
1957 389 2062 428 non

483 473 843 526 verisimiliter
875 472 952 524 sic
983 471 1125 539 loqui
1155 471 1411 539 nituisset
1433 511 1449 534 ,
1487 473 1572 524 An
1605 467 1798 536 putatis
1843 483 1929 522 me
1957 481 2062 523 non

489 579 646 633 posse
692 565 811 618 illos
841 564 1104 633 perdere?
1153 563 1276 618 Ideo
1304 564 1476 617 dicit:
1517 563 1596 616 An
1633 565 1818 632 putetis
1841 578 1920 615 me
1961 578 2062 616 non

483 672 629 726 posse
657 672 797 709 nunc
825 672 1006 726 rogare
1039 656 1244 709 Patrem
1277 657 1482 710 meum?
1513 657 1581 708 lit
1622 657 1723 708 hoc
1749 657 1920 720 ipsum
1945 671 2064 709 rur-

480 763 572 803 sus
620 748 890 801 humiliter
917 747 1122 818 profert
1163 748 1349 801 dicens
1397 748 1596 802 :Sistet
1629 748 1756 800 mihi
1797 747 2062 800 duodecim

479 841 697 910 legiones
752 840 1068 911 angelorum.
1112 839 1244 893 Nam
1296 841 1340 893 si
1393 855 1530 893 Intus
1581 840 1800 909 angelus
1843 848 2060 894 centum

479 932 746 998 octoginta
773 931 1006 1000 quinque
1034 931 1196 983 millia
1246 929 1519 984 hominum
1567 940 1889 984 armatorum
1917 931 2060 984 occi-

479 1023 557 1077 dit
583 1024 661 1092 (4.
696 1021 822 1092 Reg.
854 1023 938 1076 l9.
971 1023 1096 1091 55),
1127 1037 1193 1075 an
1220 1023 1498 1078 duodecim
1526 1023 1763 1092 legiones
1781 1024 2060 1093 oportebat

477 1124 666 1168 contra
717 1114 864 1167 mille
937 1113 1222 1167 homines?
1269 1113 1386 1169 Non
1442 1115 1643 1184 utique.
1710 1114 1817 1169 Sed
1867 1129 2059 1170 secun-

478 1206 601 1258 dmn
629 1213 829 1258 metum
871 1213 925 1257 et
971 1204 1330 1258 infirmitatem
1362 1221 1549 1260 eorum
1579 1219 1884 1260 sermonem
1919 1217 2053 1261 tem-

478 1303 668 1363 perat:
701 1308 824 1347 nam
883 1295 1074 1348 timore
1113 1295 1340 1348 emortui
1383 1304 1556 1349 erant.
1593 1295 1715 1350 Ideo
1755 1297 2057 1365 Sumturus

477 1385 539 1438 ad
570 1384 873 1438 firmitatem
894 1384 1050 1439 all'ert
1081 1383 1266 1439 dicens
1299 1403 1312 1438 :
1355 1384 1622 1450 Quomodo
1650 1403 1770 1457 ergo
1798 1388 2055 1457 implean-

470 1489 556 1532 tur
578 1477 900 1547 Scriptum?
931 1478 1055 1532 hinc
1080 1479 1359 1533 deterrens
1383 1493 1502 1533 eos.
1531 1478 1664 1534 Nam
1690 1481 1734 1536 si
1765 1481 2056 1550 Scriptor-is

483 1567 549 1620 ita
580 1567 790 1621 videtur
808 1610 822 1631 ,
851 1583 948 1622 cur
973 1583 1070 1622 vos
1095 1557 1278 1622 contra
1308 1570 1594 1638 pugnatis?

539 1659 593 1714 2.
621 1659 743 1712 Ιιιιιο
763 1659 1059 1729 discipulis,
1084 1661 1191 1714 illis
1209 1673 1384 1716 autem
1406 1661 1484 1716 sic
1511 1661 1777 1732 loquitur:
1805 1665 1894 1719 55.
1915 1664 2056 1719 Tan-

469 1767 620 1823 quam
650 1751 718 1803 ad
744 1750 991 1805 latronem
1017 1754 1188 1806 existis
1213 1771 1326 1807 cum
1371 1755 1557 1823 gladiis
1585 1764 1632 1808 et
1674 1756 1889 1825 fustibus
1913 1774 2051 1812 com.

473 1843 781 1912 prehendere
799 1859 912 1897 me:
938 1845 1159 1912 quotidie
1191 1845 1244 1897 in
1281 1845 1466 1913 templo
1494 1845 1724 1899 sedebam
1746 1847 1960 1913 docens,
2006 1858 2052 1902 et

469 1949 568 1985 non
609 1949 686 1985 me
710 1933 960 1986 tenuistis.
989 1933 1116 1988 Vide
1141 1943 1335 2003 quanta
1359 1935 1516 1989 faciat
1540 1951 1660 2006 qme
1688 1939 1894 2005 possint
1931 1939 2053 1994 illos

467 2025 694 2092 erigere.
717 2021 948 2090 Snplnos
973 2023 1214 2093 projecit,
1236 2040 1423 2080 aurem
1452 2028 1590 2080 servi
1620 2029 1842 2090 curavit,
1865 2045 2050 2083 nia-ein

468 2113 572 2167 illis
592 2114 949 2168 coonniuatus
968 2122 1052 2168 est
1076 2133 1089 2168 :
1113 2113 1296 2169 Gladio
1327 2117 1580 2182 peribunt,
1611 2118 1797 2190 inquit,
1829 2121 1914 2188 qui
1939 2119 2053 2188 gla-

466 2208 604 2259 dium
625 2208 902 2275 accipient;
929 2208 1070 2276 quod
1087 2208 1154 2262 ab
1168 2209 1403 2262 auricula
1429 2210 1668 2264 restituta
1694 2214 2047 2275 conﬁrmavit.

467 2299 760 2368 nndiqnc,a
781 2301 1149 2368 przescntibus,
1179 2317 1206 2353 ιι
1240 2299 1450 2365 futuris,
1471 2305 1762 2371 potentiam
1789 2304 2048 2360 exhibens

464 2404 649 2454 soam,
682 2398 739 2443 nt
781 2391 1026 2444 ostendat
1068 2404 1172 2445 non
1224 2391 1438 2445 illorum
1469 2392 1789 2448 fortitudinis
1835 2397 1884 2448 id
1914 2413 2048 2465 opus

464 2495 581 2534 esSe
605 2481 742 2549 quod
775 2480 919 2534 illum
945 2483 1202 2550 ceperint.
1229 2481 1352 2537 Ideo
1397 2483 1626 2552 subjexit
1655 2503 1668 2538 :
1700 2486 1934 2553 Quotidie
1958 2506 2046 2543 vo-

464 2571 651 2626 biscum
687 2587 828 2627 erant
865 2583 912 2627 et
938 2575 1169 2628 sedebam
1195 2575 1380 2629 docens
1397 2615 1413 2640 ,
1456 2587 1502 2631 et
1532 2595 1633 2632 non
1675 2597 1754 2634 me
1780 2583 2047 2646 tenuistis;

465 2663 587 2717 hinc
624 2665 784 2719 etiam
817 2667 1106 2720 ostendens
1129 2667 1478 2736 permissione
1507 2685 1600 2724 sua
1631 2670 1824 2726 factum
1845 2689 1964 2730 esse
1992 2686 2047 2730 nt

462 2765 761 2825 caperetur.
785 2757 1051 2812 Miraculis
1078 2767 1256 2813 autem
1287 2762 1679 2828 prazlermissis.
1709 2763 1778 2817 de
1803 2764 2043 2820 doctrina

464 2847 715 2916 loquitur,
755 2865 822 2903 ne
842 2849 1045 2916 jactare
1074 2864 1133 2904 se
1162 2849 1449 2905 videretur.
1479 2852 1611 2906 Cum
1638 2852 1909 2917 docerem.
1938 2873 2042 2912 non

464 2941 705 2995 tenuistis
734 2956 842 3002 me;
865 2941 1110 2996 silentem
1134 2942 1369 3010 aggressi
1393 2943 1543 3008 estis;
1574 2944 1624 2997 in
1650 2947 1847 3015 templo
1872 2963 2040 3011 eram.

462 3039 517 3084 et
539 3045 699 3084 nemo
726 3031 919 3085 invasit
960 3046 1083 3085 me:
1118 3046 1258 3084 nunc
1279 3041 1456 3085 autem
1487 3032 1800 3102 intempesta
1830 3034 1958 3090 hora
1990 3047 2044 3092 et

461 3123 633 3176 media
663 3133 818 3176 nocte
848 3122 1048 3176 irruitis
1070 3137 1190 3177 cum
1221 3121 1410 3192 gladiis
1435 3131 1490 3177 et
1515 3122 1780 3178 fustibus?
1807 3126 1943 3191 Quid
1981 3128 2044 3181 il-

462 3216 527 3270 lis
553 3231 689 3286 opus
715 3225 830 3271 erat
853 3217 1016 3270 armis
1053 3215 1310 3270 adversus
1328 3231 1450 3269 eum
1480 3217 1572 3286 qui
1599 3217 1869 3272 vobiscum
1899 3233 2042 3273 sem-

462 3324 556 3376 per
578 3309 727 3362 erat?
753 3309 834 3361 his
861 3307 1079 3370 docens,
1105 3307 1202 3360 nisi
1233 3322 1292 3362 se
1317 3317 1504 3376 sponte
1535 3309 1859 3375 tradidisset,
1889 3327 2043 3364 num-

458 3416 614 3469 quam
637 3401 872 3471 potuisse
900 3401 1037 3470 capi.
1065 3400 1244 3468 Neque
1263 3402 1404 3455 enim
1435 3403 1488 3466 ii,
1515 3404 1605 3471 qui
1631 3404 1776 3457 illum
1802 3421 1908 3473 pra:
1930 3421 2042 3458 ma-

459 3493 614 3548 nibus
663 3504 716 3547 et
768 3494 820 3546 in
864 3495 1040 3549 medio
1092 3497 1380 3561 habentes,
1425 3497 1881 3565 comprehendere
1933 3513 2037 3552 non

460 3595 758 3652 petiuerant,
785 3595 907 3638 tunc
935 3587 1248 3654 potuissent,
1272 3587 1369 3640 nisi
1404 3588 1515 3655 ipse
1539 3588 1808 3642 voluisset.
1843 3589 2040 3642 Deinde

457 3677 854 3744 ambiguitatem
889 3679 1067 3743 solvit,
1098 3693 1192 3731 cur
1225 3678 1274 3732 id
1299 3679 1542 3734 voluerit.
1577 3679 1662 3733 56.
1696 3679 1810 3734 Hoc
1848 3684 2038 3751 factum

453 3777 550 3831 est,
583 3769 769 3837 inquit,
793 3779 847 3820 ut
873 3769 1199 3838 implerentur
1221 3769 1508 3838 Scriptum
1535 3773 1915 3838 prophetarum.
1949 3771 2037 3825 Vi-

455 3860 631 3913 distin’
661 3862 927 3930 quomodo
971 3878 1136 3930 usque
1183 3863 1248 3915 ad
1288 3863 1526 3917 ultimam
1559 3863 1743 3918 horam
1770 3905 1786 3926 ,
1818 3879 1880 3918 ac
1907 3879 2026 3918 cum

457 3952 569 4020 ipse
597 3953 912 4016 traderetur,
937 3954 1115 4006 omnia
1141 3953 1342 4007 faceret
1375 3954 1441 4007 ad
1469 3955 1680 4008 illorum
1707 3955 2037 4008 eluendatio-

457 4058 598 4109 nem,
624 4059 836 4109 sanans,
867 4045 1270 4113 prophetizans,
1299 4045 1470 4098 minas
1497 4045 1764 4098 intentans
1795 4046 1891 4115 (In
1919 4048 2033 4117 gla-

455 4134 577 4198 dio,
627 4135 829 4204 inquit,
871 4136 1166 4205 peribunt);
1210 4136 1496 4190 ostendens
1540 4151 1602 4191 se
1649 4137 1875 4191 libenter
1927 4137 2033 4207 pati

453 4224 746 4292 (Quotidie,
778 4226 967 4294 inquit,
993 4229 1241 4278 vobiscum
1276 4244 1410 4280 erant
1449 4228 1690 4294 docens),
1722 4244 1872 4283 suam
1912 4246 2032 4284 cum

456 4314 611 4368 l’atre
632 4317 971 4368 concordiam
994 4317 1300 4382 ostendi-ns,
1323 4315 1388 4372 Ut
1410 4320 1731 4384 implerentur
1753 4320 2036 4389 Scriptura:

453 4409 852 4476 prophetarum?
880 4409 986 4462 Cur
1010 4420 1184 4464 autem
1218 4427 1321 4464 non
1352 4412 1500 4464 illmn
1534 4414 1584 4466 in
1614 4415 1812 4482 templo
1838 4423 2030 4467 tenue-

454 4499 616 4552 runt?
645 4500 776 4566 Quia
820 4501 887 4553 ibi
933 4515 1035 4554 non
1075 4502 1188 4554 ausi
1220 4502 1440 4556 fuissent
1470 4513 1687 4571 propter
1714 4505 1915 4558 turbas.
1947 4505 2032 4559 ld-

452 4590 595 4644 circo
628 4593 770 4645 loras
801 4593 985 4656 exivit,
1026 4603 1080 4648 et
1119 4608 1151 4647 a
1184 4595 1299 4646 10ιό
1328 4604 1382 4648 et
1405 4611 1435 4649 a
1469 4606 1706 4664 tempore
1733 4597 2027 4653 libertatem

451 4682 578 4750 ipsis
601 4697 813 4751 parans,
836 4694 890 4738 et
917 4699 1083 4752 usque
1101 4687 1166 4738 ad
1187 4695 1481 4740 extremam
1501 4686 1685 4741 horam
1712 4690 1837 4757 ipsis
1862 4706 2027 4744 exeu-

449 4775 706 4828 sationem
741 4777 1050 4844 praecidens.
1073 4777 1201 4832 Nam
1225 4779 1310 4847 qui
1343 4793 1401 4832 se
1425 4779 1639 4833 tradidit
1669 4792 1724 4834 nt
1755 4781 2027 4850 prephetis

445 4865 869 4937 obtemperaret.
922 4869 1189 4937 quomodo
1233 4870 1496 4922 contraria
1538 4869 1842 4926 docuisset?
1888 4873 2028 4926 Tunc

445 4973 618 5010 onmes
642 4958 917 5028 discipuli,
967 4961 1056 5012 illo
1100 4960 1306 5013 dimisso
1327 5003 1342 5026 ,
1375 4953 1629 5031 fugerunt.
1671 4961 1805 5017 Cum
1839 4974 2026 5034 captus

445 5046 572 5113 fuit,
601 5059 944 5114 manserunt;
973 5064 1094 5104 cum
1121 5063 1296 5105 autem
1325 5053 1440 5105 haec
1463 5052 1529 5106 ad
1560 5054 1738 5108 turbas
1779 5054 2025 5124 loquutus

442 5149 606 5201 esset,
633 5139 901 5208 fugerunt.
936 5140 1191 5196 Viderunt
1211 5144 1350 5196 enim
1381 5143 1592 5198 demum
1625 5161 1728 5199 non
1760 5147 1894 5200 ultra
1924 5147 2021 5216 ipsi

444 5228 677 5300 fugiendi
708 5233 1012 5286 facultatem
1051 5233 1183 5299 fore,
1223 5251 1344 5289 eum
1376 5251 1435 5290 sc
1459 5235 1570 5304 ipse
1599 5236 1828 5292 libenter
1857 5241 2020 5292 tradi-

439 5320 608 5376 disset
635 5323 760 5387 illis,
803 5331 859 5376 ct
887 5323 1086 5377 diceret
1117 5324 1216 5379 hoc
1244 5325 1532 5380 secundum
1557 5327 1860 5395 Scripturas
1885 5329 2017 5383 ﬁcri.

439 5412 572 5467 Cum
601 5412 931 5481 aufugissent
959 5413 1068 5480 illi,
1115 5415 1314 5470 ducunt
1338 5433 1458 5472 eum
1497 5418 1563 5471 ad
1589 5418 1876 5486 Caipham;
1927 5421 2017 5476 58.

441 5501 624 5556 Petrus
650 5512 817 5555 autem
847 5513 1079 5569 sequutus
1099 5515 1144 5557 et
1164 5507 1414 5575 ingressus
1445 5518 1534 5574 est,
1566 5518 1618 5562 ut
1639 5509 1822 5562 videret
1843 5511 2012 5578 linem.

443 5594 632 5662 lugens
659 5592 903 5660 discipuli
942 5595 1154 5660 fervor;
1199 5613 1318 5651 cum
1355 5599 1616 5668 fugientes
1655 5602 1876 5666 videret,
1912 5617 2015 5657 non

443 5686 592 5756 fugit,
626 5685 722 5740 sed
752 5684 896 5738 stetit
923 5695 975 5740 et
1015 5697 1135 5741 cunt
1166 5687 1268 5742 illis
1292 5691 1546 5747 introivit.
1577 5691 1711 5749 Nam
1731 5695 1830 5749 etsi
1856 5694 2016 5751 Joan-

1334 261 1401 319 IN
1442 252 1850 319 MATTIIEUM
1891 255 2117 314 l-IOMIL.
2161 257 2447 318 LXXXIV.
2488 266 2569 352 al’
2604 265 2864 324 LXXXV.

3647 286 3755 342 7974

2176 388 2271 428 nes
2294 377 2315 441 (
2341 376 2472 448 Cap.
2503 379 2590 434 18.
2626 381 2732 452 15)
2760 398 2968 454 quoque
2991 384 3093 440 hoc
3113 387 3329 453 fecerat,
3348 392 3441 447 sed
3464 403 3619 449 notus
3639 410 3756 454 erat

2171 468 2428 534 pmtillci.
2459 469 2526 522 Et
2551 486 2649 524 cur
2687 490 2810 528 enim
2837 476 2929 529 illo
2955 478 3308 546 adduxerunt,
3340 484 3426 537 ubi
3455 494 3608 540 erant
3634 503 3752 541 om~

2171 573 2269 612 nes
2286 567 2591 631 congregati
2616 564 2639 616 ?
2667 565 2732 620 Ut
2761 570 2937 622 ιιιιιιιίιι
2963 585 3029 624 ex
3061 575 3366 639 pontiﬁcum
3388 581 3647 633 sententia
3670 582 3750 635 l‘ao

2167 663 2373 707 εει-ειη.
2418 652 2510 710 Ille
2539 668 2770 727 namque
2801 673 2926 716 tunc
2954 673 3069 717 erat
3093 677 3338 724 summus
3381 673 3652 738 sacurdos,
3699 685 3753 728 et

2165 757 2354 798 omniss
2382 741 2487 800 illic
2505 749 2794 804 manebant
2823 769 2836 804 :
2867 754 2945 807 sic
2969 759 3355 822 pernoctabant
3379 770 3433 814 et
3463 763 3748 832 vigilabant

2167 851 2269 905 pro
2291 850 2350 889 re
2379 837 2486 892 illa.
2520 838 2634 892 Non
2661 842 2804 895 enim
2846 846 3040 913 pascha
3085 857 3208 902 tunc
3255 852 3632 918 eomederant,
3670 856 3749 908 in-

2165 927 2301 996 quit,
2335 928 2430 983 sed
2452 943 2512 983 ea
2540 930 2608 984 do
2650 943 2809 987 causa
2844 936 3150 1002 vigilabant.
3170 938 3301 993 Cum
3323 941 3544 997 dixisset
3569 944 3711 998 enim
3731 987 3747 1008 ,

2169 1017 2325 1072 Mane
2366 1019 2521 1087 facto,
2550 1021 2784 1077 Joannes
2826 1024 3029 1080 addidit
3054 1041 3072 1080 :
3103 1026 3222 1083 Non
3248 1031 3502 1085 intrarunt
3530 1036 3584 1086 in
3613 1052 3747 1104 prte-

2163 1109 2380 1175 torium,
2408 1120 2464 1163 ut
2507 1129 2606 1166 non
2653 1117 3115 1170 contaminarentur
3135 1155 3151 1180 ,
3179 1122 3267 1172 sed
3299 1132 3351 1174 ut
3391 1124 3768 1178 mandarem-ent

2163 1199 2353 1266 pascha
2376 1199 2555 1268 (Joun.
2587 1203 2674 1257 i8.
2693 1204 2804 1274 28).
2826 1205 2962 1271 Quid
2991 1221 3118 1277 ergo
3147 1208 3429 1264 dicendum
3450 1215 3575 1267 est?
3603 1213 3750 1284 Ipsos

2162 1291 2326 1344 altera
2351 1291 2440 1345 die
2467 1294 2800 1359 comedisse,
2833 1305 2888 1350 et
2923 1297 2994 1351 ob
3042 1297 3187 1352 necis
3217 1298 3374 1368 lntjus
3401 1303 3747 1372 cupiditatem

2161 1378 2333 1453 legerit
2362 1386 2610 1441 violasse.
2645 1387 2826 1456 Neque
2853 1389 2996 1442 erum
3023 1390 3268 1446 Christus
3294 1401 3501 1463 tempus
3533 1397 3742 1464 pasclnc

2159 1483 2525 1546 transgressus
2551 1490 2662 1545 est;
2709 1481 2802 1536 sed
2839 1482 2910 1537 illi
2961 1483 3088 1537 nihil
3131 1501 3234 1538 non
3264 1487 3400 1552 ausi,
3445 1490 3742 1559 multasque

2162 1566 2307 1637 leges
2333 1569 2615 1629 violantes.
2650 1571 2772 1640 quia
2809 1588 3002 1642 magno
3042 1574 3220 1629 furore
3245 1577 3522 1640 ardebant.
3547 1590 3600 1634 et
3620 1596 3740 1635 cum

2157 1670 2301 1727 sane
2328 1661 2572 1716 occidere
2600 1663 2966 1727 tentarisscnt,
3001 1677 3106 1720 non
3147 1680 3458 1736 potuerant;
3494 1681 3620 1728 ttmc
3647 1689 3744 1727 an-

2158 1759 2265 1803 tem
2287 1752 2456 1820 ipsum
2480 1753 2749 1820 insperato
2770 1766 2980 1824 captum
3009 1767 3282 1822 tenentes,
3313 1762 3616 1817 maluerunt
3645 1779 3735 1833 pa-

2156 1840 2282 1894 scha
2315 1844 2677 1897 transmittere
2699 1881 2715 1910 ,
2761 1855 2818 1898 ut
2847 1860 3000 1899 suum
3030 1850 3304 1916 explerent
3342 1855 3737 1921 sanguinarimn

2155 1929 2412 1988 aninmm.
2436 1934 2724 2003 Propterea
2755 1941 3059 2008 congregati
3104 1952 3228 1994 sunt
3268 1957 3455 1998 onmes
3481 1954 3534 2000 ct
3559 1950 3739 2000 conci-

2157 2023 2285 2077 lium
2311 2037 2423 2079 erat
2452 2028 2842 2095 pestilentium,
2871 2043 2933 2080 ac
2971 2029 3254 2098 quemdam
3287 2034 3651 2104 interrogant.
3682 2047 3739 2091 ut

2153 2117 2380 2185 aliquam
2404 2117 2587 2185 jmlicii
2621 2118 2843 2172 formam
2869 2119 3074 2173 insidiis
3101 2122 3211 2174 suis
3231 2125 3597 2180 conciliarent.
3631 2126 3738 2180 Ne-

2151 2220 2247 2273 que
2269 2208 2410 2261 enim
2433 2219 2596 2271 erant,
2629 2209 2818 2278 inquit,
2847 2213 3189 2264 eonaenientia
3215 2214 3497 2268 testimonia
3526 2217 3543 2284 (
3568 2217 3730 2273 Marc.

2153 2297 2240 2354 14.
2269 2298 2392 2370 58);
2441 2302 2513 2354 ita
2542 2302 2721 2354 lictnm
2743 2301 3164 2371 cratjndicium,
3196 2307 3477 2376 omniaque
3509 2309 3734 2364 tumultu

2149 2393 2326 2461 plena.
2370 2392 2458 2446 (il.
2501 2391 2758 2446 Venientes
2791 2403 2958 2447 autem
2996 2395 3114 2463 falsi
3142 2405 3289 2451 testes
3318 2399 3548 2453 dicebant
3578 2417 3597 2454 :
3625 2400 3735 2454 Iste

2151 2483 2300 2547 dixit,
2327 2482 2537 2535 Salvam
2567 2485 2808 2550 templum
2833 2485 2948 2549 hoc,
2972 2496 3017 2538 et
3047 2486 3099 2539 in
3127 2487 3286 2540 tribus
3309 2488 3485 2542 diebus
3503 2491 3732 2544 excitabo

2141 2580 2273 2633 illud
2310 2573 2476 2648 (Ibid.
2514 2599 2560 2632 υ.
2591 2579 2678 2632 57,
2705 2576 2817 2639 58).
2856 2581 3075 2634 Dixerat
3121 2584 3396 2650 squidem,
3436 2583 3500 2635 In
3553 2588 3723 2636 tribus

2141 2671 2620 2743 diebuslexcitubo
2676 2666 2990 2738 illud];sed
3045 2686 3152 2723 non
3209 2672 3444 2734 dixerat,
3479 2674 3718 2737 Solvam,

2146 2763 2240 2817 sed
2274 2760 2475 2816 Solvite
2509 2760 2708 2831 (Joau.
2745 2764 2802 2815 2.
2846 2761 2912 2815 l9
2942 2769 3000 2830 );
3039 2778 3217 2830 neque
3245 2763 3349 2818 hoc
3374 2764 3442 2817 de
3466 2764 3558 2817 illo
3583 2774 3724 2818 trm-

2144 2854 2255 2924 plo,
2297 2855 2394 2908 sed
2445 2853 2514 2907 de
2539 2867 2768 2921 corpore
2795 2868 2895 2907 suo
2931 2853 3170 2907 dicebat.
3205 2854 3344 2920 Quid
3381 2854 3547 2923 igitur
3568 2873 3723 2910 sum-

2147 2963 2270 3001 mus
2321 2945 2610 3016 pontifex?
2649 2946 2716 2998 [ι
2761 2961 2886 2998 eum
2933 2944 3001 2998 ad
3035 2946 3447 3013 responsionem
3471 2957 3714 3016 cogeret,

2144 3047 2200 3093 et
2221 3053 2287 3091 ex
2352 3037 2533 3091 verbis
2580 3037 2695 3090 suis
2742 3046 2962 3106 caperet
3025 3036 3198 3101 illum,
3260 3037 3392 3090 dicit
3425 3055 3439 3088 :
3468 3036 3559 3091 62.
3595 3037 3717 3091 Non

2155 3127 2311 3179 audis
2371 3126 2498 3194 quid
2535 3127 2622 3179 isti
2655 3135 2922 3179 testantur
2957 3124 3238 3177 adversum
3293 3134 3342 3177 te
3362 3127 3388 3180 ι’
3414 3125 3516 3179 Ille
3541 3137 3718 3183 autem

2149 3218 2376 3271 tacebat.
2407 3216 2621 3271 Inutilis
2654 3217 2800 3270 enim
2853 3215 3140 3285 responsio
3179 3215 3360 3270 futura
3417 3217 3727 3278 erat.nu|lo

2142 3307 2412 3362 audiente.
2456 3306 2646 3375 Figura
2677 3305 2877 3376 quippe
2905 3305 3182 3360 dummxat
3220 3304 3406 3373 jndicii
3435 3315 3593 3370 erat;
3625 3305 3722 3359 sed

2143 3415 2328 3454 revera
2355 3400 2618 3453 latronum
2650 3399 2900 3467 impetus,
2927 3399 3017 3466 qui
3043 3397 3174 3451 etin
3197 3407 3352 3451 antro
3371 3406 3426 3451 et
3453 3397 3508 3451 in
3537 3398 3618 3451 via
3647 3396 3725 3450 ir-

2141 3500 2409 3561 rumpant.
2442 3489 2564 3543 ldeo
2601 3489 2844 3552 tacebat,
2887 3488 3124 3557 pontifex
3173 3503 3298 3542 vero
3350 3489 3726 3556 perseverabat

2142 3584 2326 3638 dicens
2353 3599 2367 3636 :
2391 3583 2480 3638 63.
2505 3582 2703 3650 Adiuro
2727 3593 2774 3634 te
2802 3595 2890 3651 per
2909 3580 3074 3634 Deum
3101 3581 3286 3644 tivum,
3310 3589 3364 3633 ut
3391 3581 3534 3635 nobis
3559 3581 3721 3646 dicas,

2140 3677 2182 3729 si
2226 3685 2280 3729 tu
2306 3692 2357 3729 es
2385 3675 2615 3729 Christus
2646 3672 2694 3726 F
2694 3674 2814 3727 ilius
2845 3671 2942 3725 Dei
2968 3675 3083 3726 vivi.
3113 3672 3198 3726 64.
3234 3670 3258 3722 1
3265 3688 3354 3740 pse
3379 3689 3492 3724 vero
3509 3688 3724 3741 respon-

2139 3766 2248 3830 dit,
2289 3765 2368 3819 Tu
2394 3765 2590 3819 dixisti.
2632 3763 2985 3818 Verumtamen
3022 3764 3136 3815 dico
3169 3763 3326 3826 vobis,
3369 3764 3552 3815 amodo
3583 3765 3721 3817 vide-

2141 3859 2254 3913 bitis
2279 3857 2474 3911 Filium
2502 3857 2720 3910 hominis
2745 3858 2996 3910 sedentem
3023 3874 3054 3908 a
3082 3855 3274 3910 dextris
3296 3857 3490 3910 uirtutis
3515 3899 3528 3920 ,
3559 3867 3604 3909 ct
3641 3875 3722 3910 ve-

2139 3949 2354 4002 nientem
2373 3950 2426 4001 in
2453 3948 2662 4001 nubibus
2687 3946 2818 4000 cteli.
2858 3947 2949 4002 65.
2976 3945 3116 4000 Tunc
3143 3948 3376 4018 princeps
3405 3949 3718 4001 sacerdotum

2136 4042 2286 4095 scidit
2308 4041 2594 4095 vestimenta
2619 4057 2734 4104 sua,
2765 4040 2933 4093 dicens
2953 4057 2970 4094 :
2993 4038 3388 4108 Blaspltemavit.
3414 4039 3525 4093 Hoc
3562 4057 3723 4108 porro

2139 4133 2283 4196 fecit,
2316 4141 2372 4186 ut
2395 4132 2596 4187 crimen
2617 4131 2832 4201 gravius
2857 4131 3115 4196 el'licerct,
3137 4141 3190 4185 et
3212 4147 3276 4186 ex
3309 4147 3364 4184 re
3387 4140 3535 4200 gesta
3557 4133 3718 4185 verba

2139 4226 2392 4279 firmaret.
2425 4223 2555 4291 Quia
2581 4226 2720 4278 enim
2749 4223 2946 4277 dictum
3002 4222 3128 4276 illud
3172 4231 3372 4276 metum
3423 4223 3718 4276 incusserat

2135 4317 2487 4381 auditoribus,
2522 4316 2570 4370 id
2595 4315 2739 4384 quod
2771 4315 2822 4368 in
2854 4315 3125 4383 Stephano
3164 4315 3422 4380 fecerunt,
3447 4328 3605 4368 aures
3625 4314 3718 4367 oh-

2135 4416 2426 4468 struentcs,
2457 4408 2533 4461 sic
2563 4416 2617 4461 et
2639 4406 2740 4461 hoc
2765 4407 2880 4461 loco
2909 4408 3018 4460 ille.

2206 4501 2260 4555 5.
2302 4501 2408 4555 Sed
2439 4515 2681 4569 quamam
2726 4507 2842 4553 erat
2871 4499 2984 4552 lucc
3015 4498 3385 4566 blasphemia?
3431 4499 3562 4553 Nam
3590 4509 3716 4555 ante

2134 4591 2470 4661 congregatis
2497 4591 2600 4644 illis
2619 4590 2828 4644 dixerat
2855 4606 2871 4644 ζ
2906 4589 3047 4642 Dixit
3075 4589 3319 4642 Dominus
3340 4589 3562 4644 Domino
3584 4610 3714 4658 meo,

2135 4685 2268 4741 Sede
2289 4700 2320 4737 a
2349 4683 2539 4737 dextris
2561 4684 2704 4744 meis,
2729 4683 2889 4734 donec
2920 4697 3102 4750 ponam
3132 4682 3361 4734 inimicos
3382 4692 3496 4735 tuos
3521 4683 3714 4737 scabel-

2133 4779 2238 4830 lum
2276 4777 2460 4846 pedum
2483 4785 2682 4828 tuorum
2709 4773 2923 4842 (Matth.
2946 4771 3036 4824 22.
3069 4774 3170 4834 b4;
3202 4773 3341 4825 Psal.
3377 4774 3496 4828 109.
3525 4777 3575 4845 t)
3596 4793 3609 4828 :
3633 4775 3714 4829 di.

2129 4879 2381 4938 clumque
2410 4866 2787 4934 interpretatus
2812 4872 2926 4929 est;
2962 4878 3062 4917 nec
3099 4864 3173 4917 illi
3199 4865 3312 4917 ausi
3336 4875 3458 4918 sunt
3487 4881 3710 4935 respon-

2130 4955 2280 5027 dere,
2312 4959 2406 5014 sed
2433 4966 2744 5022 tacuerunt,
2773 4965 2828 5011 et
2855 4971 2920 5011 ex
2949 4955 3042 5009 illo
3071 4966 3312 5026 tempore
3345 4957 3475 5011 nihil
3524 4969 3712 5014 contra

2128 5051 2394 5104 dixerunt.
2427 5047 2534 5103 Cur
2561 5063 2689 5118 ergo
2728 5047 2926 5101 dictum
2952 5046 3078 5099 illud
3124 5045 3502 5115 blasphemiam
3547 5065 3707 5104 voca-

2129 5141 2290 5196 runt?
2315 5155 2409 5195 cur
2434 5154 2561 5193 vero
2583 5138 2828 5192 Christus
2857 5139 2925 5190 ita
2951 5137 3254 5205 reSpondit?
3287 5137 3351 5192 Ut
3380 5153 3596 5192 inanem
3625 5141 3708 5208 ip-

2127 5236 2202 5290 sis
2228 5235 2438 5288 tollerct
2464 5231 2864 5295 defensionem;
2901 5247 3019 5284 nam
3052 5245 3219 5299 usque
3239 5230 3305 5283 ad
3334 5231 3571 5284 ultimam
3605 5231 3706 5284 ho-

2125 5341 2240 5382 ram
2276 5327 2527 5379 docuerat
2578 5339 2639 5379 se
2689 5338 2812 5378 esse
2859 5322 3152 5387 Christum,
3204 5337 3235 5376 a
3280 5321 3483 5376 dextris
3535 5323 3708 5379 Patris

2127 5418 2336 5482 sedere,
2367 5426 2421 5470 et
2451 5424 2732 5470 venturum
2763 5413 2938 5467 denuo
2963 5427 3085 5466 esse
3128 5422 3184 5466 ut
3223 5412 3427 5481 judicct
3472 5414 3655 5470 orbem
3687 5433 3702 5471 :

2126 5524 2244 5580 qum
2273 5521 2517 5579 magnam
2549 5509 2663 5576 ejus
2708 5522 2828 5561 cum
2870 5506 3026 5560 Patre
3054 5507 3391 5564 concordiam
3435 5507 3703 5576 signiﬁca-

2127 5603 2271 5656 bant.
2302 5599 2639 5654 Vcstimentis
2664 5612 2793 5666 ergo
2813 5597 3047 5650 discissis
3064 5597 3156 5660 ait,
3179 5596 3313 5663 Quid
3334 5598 3467 5652 vobis
3484 5598 3705 5651 videtur!

2125 5693 2238 5748 Non
2269 5693 2372 5748 fert
2423 5705 2485 5742 ex
2534 5704 2592 5745 se
2637 5690 2990 5752 sententiam;
3037 5686 3131 5741 sed
3159 5689 3310 5756 qttasi
3339 5690 3392 5744 in
3422 5688 3704 5742 manifesto
