4058 6144
346 286 449 344 ῖ55

348 409 565 470 peccato
590 404 645 450 et
670 396 815 450 clara
848 388 1177 459 blasphemia
1199 428 1214 453 ,
1247 384 1458 439 illorum
1490 377 1807 434 sententiam
1836 390 1925 427 re-

348 468 530 563 quirit.
559 490 691 556 Quia
713 486 855 541 enim
887 482 1146 544 sciebant,
1178 478 1222 532 si
1254 491 1341 531 res
1373 476 1426 529 itt
1469 486 1697 527 examen
1723 468 1928 522 veniret

349 556 507 653 atque
532 582 584 634 in
625 575 890 639 notitiam,
915 572 1061 625 illttm
1087 569 1154 623 ab
1176 568 1318 622 omni
1350 565 1573 620 crimine
1595 556 1927 615 liberandum

349 691 489 737 esse,
522 672 659 740 apud
703 670 908 737 seipsos
939 666 1084 718 illuni
1128 660 1506 718 condemnant,
1556 654 1931 721 auditoresque

354 770 722 834 praeoccupant
751 758 1012 818 dicentes,
1046 752 1145 807 Vos
1168 749 1531 820 blasphemiam
1550 743 1785 806 audistis,
1818 750 1931 795 tan-

353 832 460 910 tum
491 870 594 907 non
623 859 875 920 cogentes
905 857 960 902 et
989 846 1092 899 vim
1116 842 1405 897 inferentes
1426 838 1493 892 ad
1519 836 1835 892 sententiam
1857 832 1933 887 fe-

354 945 591 1000 rendam.
612 943 747 1009 Quid
778 941 935 1009 igitur
965 938 1075 991 illi?
1093 936 1184 989 66.
1208 932 1346 986 Reus
1363 942 1436 986 est
1456 930 1632 983 mortis
1652 945 1672 993 ;
1700 936 1758 981 ut
1780 926 1931 996 quasi

351 1040 455 1108 jam
486 1036 794 1090 damnatum
828 1033 1099 1088 sisterent,
1134 1027 1466 1093 Pilatttmque
1504 1022 1571 1077 ad
1614 1020 1931 1076 sententiam

352 1130 626 1184 ferendam
673 1127 1002 1180 inducet-ent.
1053 1121 1160 1174 Ilae
1190 1128 1367 1174 mente
1404 1126 1458 1170 et
1501 1116 1687 1168 horum
1734 1111 1933 1166 conscii

349 1222 555 1285 dicunt,
590 1219 723 1272 Reus
750 1226 823 1269 est
855 1214 1065 1274 mortis;
1093 1211 1188 1278 ipsi
1220 1206 1557 1264 accusabant,
1581 1203 1678 1272 ipsi
1710 1201 1933 1255 damna-

356 1314 500 1373 bant,
530 1323 583 1363 et
613 1307 927 1362 sententiam
956 1303 1215 1362 ferebant,
1242 1298 1476 1351 omnium
1504 1294 1677 1349 officia
1702 1307 1935 1360 occupa-

357 1408 502 1457 bant.
534 1403 639 1456 Cur
667 1409 844 1452 attti-nt
873 1396 1089 1449 sabbata
1116 1393 1165 1444 ιιι
1204 1390 1436 1444 medium
1465 1402 1570 1440 non
1606 1381 1937 1438 attulerunt?

355 1494 484 1561 Quia
530 1508 671 1560 sarpe
714 1489 829 1542 illos
868 1487 1232 1539 tonfutavcrat
1260 1496 1273 1529 :
1306 1478 1538 1549 alioquin
1585 1491 1713 1530 vero
1755 1489 1820 1528 ex
1875 1472 1938 1526 iis

355 1601 473 1653 qum
493 1595 620 1637 tunc
645 1581 953 1635 dicebantur
972 1576 1218 1630 volebant
1237 1587 1359 1626 eum
1382 1584 1571 1638 capere
1590 1576 1645 1622 et
1661 1566 1936 1620 damnare.

357 1678 740 1743 Prteoceupaus
784 1671 958 1739 igitur,
1008 1667 1220 1721 illorum
1247 1672 1462 1732 accepta
1497 1657 1781 1723 sententia,
1815 1670 1937 1710 cum

360 1785 453 1835 per
500 1767 809 1820 scissiouctu
841 1763 1065 1816 vestium
1109 1758 1344 1810 omnium
1388 1755 1453 1808 ad
1484 1769 1540 1808 se
1569 1752 1777 1805 animos
1817 1764 1939 1818 per—

360 1860 626 1921 traxisset,
660 1866 715 1909 nt
744 1856 1048 1909 damnatum
1079 1848 1300 1903 abduxit
1324 1846 1390 1899 ad
1433 1846 1695 1908 Pilatum;
1729 1842 1796 1895 ita
1827 1855 1938 1894 rem

358 1950 657 2019 composuit
690 1967 703 2001 :
739 1956 792 1999 at
833 1960 1014 1999 coram
1044 1943 1209 1995 l‘ilato
1250 1938 1379 1993 nihil
1408 1936 1581 1990 simile
1609 1935 1813 1988 dicunt.
1836 1930 1940 1987 Sed

360 2045 521 2111 quid?
553 2043 612 2096 Si
639 2058 738 2092 non
760 2049 886 2092 esset
917 2038 998 2089 hic
1026 2035 1319 2103 malefactor
1337 2071 1351 2096 ,
1393 2047 1492 2082 non
1521 2028 1608 2081 tibi
1649 2025 1944 2079 tradidisse-

364 2151 475 2184 tntts
502 2148 611 2184 cum
648 2129 828 2195 (Joan.
861 2127 949 2181 18.
979 2123 1068 2192 50)
1094 2139 1109 2185 ;
1139 2134 1195 2175 ιιι
1220 2137 1247 2173 a
1278 2119 1501 2189 publicis
1523 2116 1835 2170 criminibus
1862 2117 1942 2183 ip-

362 2243 479 2280 sum
506 2223 728 2279 inti-rlici
749 2228 1018 2274 curarent.
1041 2216 1148 2271 Cur
1165 2230 1268 2268 non
1293 2214 1501 2267 occulte
1527 2206 1945 2263 interfecerunt?

368 2316 628 2369 \‘olebant
650 2326 842 2378 nempe
864 2309 1055 2362 tualatn
1083 2306 1155 2358 illi
1185 2316 1373 2371 parete
1403 2303 1615 2354 faniam.
1646 2298 1777 2365 Quia
1805 2297 1945 2351 enim

368 2412 518 2465 mttlti
543 2410 687 2463 illum
709 2406 1007 2467 audierant,
1031 2398 1423 2466 adntodttmqtte
1453 2392 1800 2455 mirabantur,
1829 2390 1948 2444 ideo

367 2517 583 2571 operam
612 2498 808 2550 dabant
840 2505 893 2548 ut
926 2493 1137 2562 publice
1161 2500 1216 2544 et
1256 2504 1436 2541 coram
1467 2482 1807 2538 multitudine
1849 2497 1947 2535 ne-

368 2601 601 2645 caretur.
631 2586 876 2644 Christus
903 2597 1033 2637 vero
1060 2581 1111 2634 id
1151 2594 1256 2632 non
1289 2576 1581 2645 impedivit,
1613 2572 1705 2630 sed
1736 2572 1947 2627 illoruttt

373 2682 605 2751 nequitia
633 2679 697 2732 ad
725 2677 969 2733 veritatis
992 2672 1449 2729 confirmationem
1493 2683 1618 2722 usus
1648 2680 1749 2732 εει,
1784 2668 1851 2719 ita
1895 2674 1951 2718 ιιι

375 2789 519 2829 mors
548 2774 664 2839 ejus
688 2771 936 2825 omnibus
961 2776 1102 2822 esset
1128 2765 1426 2821 manifesta.
1458 2765 1532 2816 Ae
1553 2772 1737 2814 contra
1762 2759 1951 2814 accidit

372 2883 530 2937 quatit
563 2865 661 2935 ipsi
691 2862 956 2917 volebant.
995 2859 1071 2911 Illi
1104 2872 1332 2926 namque
1378 2854 1524 2907 illum
1555 2854 1810 2906 infamare
1854 2866 1950 2903 cn-

377 2961 608 3030 piebanl,
653 2969 709 3010 ttt
739 2955 1004 3010 dedecore
1032 2954 1326 3021 replerent;
1353 2950 1440 3002 ille
1471 2964 1595 3001 vero
1622 2946 1719 3000 hac
1749 2946 1955 3001 ratione

378 3054 545 3122 magis
574 3049 888 3119 splendidus
927 3047 1351 3114 conspicuusque
1377 3042 1562 3095 evasit.
1599 3042 1674 3093 Ac
1696 3040 1950 3107 quemad-

378 3146 592 3200 tnodttnt
616 3144 885 3206 dicebant,
912 3138 1217 3193 Occiduntur
1238 3153 1369 3195 eum.
1397 3151 1457 3187 ne
1490 3134 1688 3187 veniant
1717 3130 1952 3192 Romani,

380 3249 425 3287 rt
466 3237 643 3289 tollant
669 3234 917 3286 civitatem
948 3240 1171 3283 nostram
1197 3238 1242 3282 et
1272 3238 1464 3298 gentem
1493 3225 1688 3295 (Joan.
1714 3226 1798 3278 ll.
1830 3224 1953 3293 48),

380 3342 433 3384 et
463 3339 735 3398 po~tquam
767 3325 1076 3379 occiderunt
1112 3337 1256 3384 eum,
1282 3319 1384 3374 hoc
1426 3320 1595 3386 ipsum
1623 3317 1800 3371 evenit
1832 3334 1845 3368 :
1886 3316 1954 3368 ita

381 3431 436 3471 et
466 3434 603 3471 nunc
633 3416 837 3485 publice
864 3415 1010 3467 illiilli
1039 3412 1436 3474 crucifixeruut,
1464 3417 1520 3460 ut
1545 3408 1659 3475 ejus
1682 3408 1957 3461 existima-

385 3509 580 3561 tionem
616 3506 866 3557 laederent
890 3543 903 3566 ,
937 3511 991 3555 et
1019 3501 1343 3555 contrarium
1369 3498 1565 3551 evenit.
1595 3495 1752 3562 Quod
1780 3504 1957 3549 autem

385 3608 697 3670 potestatem
727 3597 983 3649 haberent
1013 3608 1106 3662 per
1130 3593 1335 3661 seipsos
1376 3591 1524 3643 illum
1578 3588 1957 3651 interficiendi,

384 3690 507 3744 audi
541 3689 764 3743 Pilatum
789 3687 838 3741 id
870 3694 1198 3740 asserentem
1235 3700 1248 3735 :
1292 3682 1512 3751 Accipite
1535 3697 1649 3733 eum
1678 3696 1782 3744 vos,
1810 3690 1856 3732 et
1884 3696 1962 3732 se-

384 3782 601 3835 cundum
625 3780 781 3846 legem
806 3788 1017 3832 vestram
1032 3775 1264 3848 judicate
1283 3776 1445 3845 ipsum
1464 3773 1644 3842 (Joan.
1678 3773 1763 3827 l9.
1797 3772 1871 3841 Β).
1895 3775 1961 3825 At

384 3874 433 3927 id
470 3873 539 3926 illi
572 3873 873 3933 noluerunt,
906 3879 962 3922 ιιι
987 3867 1137 3936 quasi
1168 3866 1399 3935 iniquus,
1421 3876 1677 3935 tyrannus
1700 3873 1755 3917 et
1778 3862 1962 3917 factio-

388 3978 480 4015 sus
508 3961 675 4013 occidi
698 3960 985 4013 videretur.
1002 3959 1336 4027 Quapropter
1356 3956 1586 4009 latrones
1602 3970 1723 4008 cmn
1743 3954 1831 4007 illo
1843 3970 1965 4007 cru-

386 4054 688 4112 edixerunt;
718 4052 913 4104 idcirco
933 4050 1208 4103 dicebant:
1234 4047 1358 4101 Noli
1375 4048 1586 4100 scribere
1603 4046 1737 4100 hunc
1762 4062 1867 4099 esse
1884 4062 1965 4098 re-

383 4161 491 4215 gem
506 4143 800 4195 Judwornm
810 4183 822 4204 ,
840 4141 928 4195 sed
944 4141 1086 4193 illuni
1101 4158 1153 4193 se
1164 4155 1327 4209 regem
1342 4139 1526 4192 dixisse
1547 4137 1599 4208 (1
1604 4155 1700 4190 orm
1711 4178 1723 4190 .
1745 4140 1766 4191 -l
1779 4138 1831 4191 9.
1851 4137 1910 4190 21
1924 4140 1962 4199 ).

465 4233 682 4286 Fulsitus
706 4248 793 4297 per
821 4248 873 4283 se
900 4231 1083 4283 soluta.
1114 4260 1183 4268 —
1211 4230 1335 4281 Ilaec
1363 4243 1523 4297 porro
1550 4228 1724 4280 omnia
1753 4243 1851 4296 pro
1881 4243 1967 4279 vc-

388 4326 542 4378 rilate
574 4324 706 4375 facta
732 4332 875 4380 sunt,
909 4328 967 4373 ut
992 4335 1059 4372 ne
1084 4321 1267 4372 umbra
1285 4319 1495 4386 quidem
1517 4319 1644 4386 ipsis
1664 4328 1966 4386 superesset

393 4414 719 4484 impudentis
744 4411 1092 4465 defensionis.
1133 4409 1189 4462 ltt
1236 4412 1483 4480 sepulcro
1538 4413 1661 4462 item
1694 4410 1963 4478 signacula

391 4518 444 4562 ct
464 4506 718 4562 custodite
746 4506 950 4559 veritati
979 4504 1317 4573 splendorem
1345 4504 1671 4558 attulerttttt:
1706 4502 1846 4571 quod
1879 4504 1960 4571 ip-

389 4616 505 4652 sum
535 4598 680 4651 dicas
702 4595 769 4651 de
801 4594 1429 4656 irrisiooibtts.dicteriis,
1460 4593 1816 4647 contumeliis.
1852 4593 1963 4647 llu-

383 4690 616 4757 jusmodi
639 4698 719 4743 est
748 4687 949 4741 falsitas
980 4706 990 4739 :
1023 4703 1117 4754 per
1140 4702 1258 4755 ιιιιτυ
1298 4685 1515 4739 insidias
1547 4694 1728 4752 parat.
1761 4700 1854 4751 per
1877 4700 1966 4737 ea-

387 4784 506 4836 dem
556 4780 865 4835 dissolvitur
900 4798 910 4808 -
943 4778 1083 4841 quod
1116 4778 1201 4830 hic
1228 4778 1389 4830 etiam
1419 4776 1657 4843 contigit.
1708 4774 1838 4828 Nam
1874 4775 1964 4843 qtti

390 4874 578 4927 vicisse
609 4871 948 4940 putabantur,
978 4869 1028 4921 hi
1059 4868 1288 4921 maxime
1316 4867 1518 4937 pudore
1545 4866 1757 4932 affecti,
1790 4875 1839 4920 et
1871 4880 1964 4920 sn-

390 4964 555 5032 perati
591 4964 890 5029 perierunt:
922 4960 1011 5029 qtti
1042 4976 1169 5013 vero
1201 4959 1370 5012 vit-tus
1396 4973 1517 5013 esse
1536 4958 1815 5013 videbatur
1836 4998 1850 5020 ,
1882 4956 1967 5012 hic

392 5054 623 5108 maxime
652 5053 855 5107 refulsit
888 5063 938 5106 et
972 5053 1245 5105 victoriam
1271 5051 1471 5106 retulit.
1510 5051 1586 5106 Ne
1616 5066 1743 5121 ergo
1771 5050 1966 5120 ubique

392 5146 664 5200 victoriam
694 5160 1013 5214 qumramus,
1050 5160 1145 5198 nec
1171 5159 1383 5213 semper
1412 5144 1648 5212 superari
1667 5157 1964 5197 vereamur.

391 5240 483 5292 Est
510 5255 631 5293 cttm
664 5238 881 5291 victoria
935 5251 1127 5290 noxam
1169 5236 1358 5299 all'ert,
1386 5234 1567 5288 clades
1607 5250 1735 5289 vero
1765 5234 1967 5287 utilita-

391 5345 519 5389 tem.
548 5334 679 5388 Nam
707 5333 843 5386 inter
867 5347 981 5396 eos,
1013 5331 1101 5399 qui
1135 5330 1206 5382 ira
1242 5328 1653 5393 inﬂammantur,
1691 5328 1735 5380 is
1777 5327 1968 5380 vicisse

402 5426 601 5480 videtur
630 5424 720 5493 qui
753 5424 932 5493 plures
960 5420 1313 5474 contumelias
1330 5418 1579 5488 jactavit;
1620 5417 1714 5472 sed
1741 5417 1827 5471 hic
1854 5417 1967 5485 ipse

389 5534 413 5562 ιι
439 5516 754 5582 gravissimo
778 5513 965 5567 morbo
988 5520 1268 5579 superatus
1296 5522 1350 5564 et
1379 5509 1538 5563 lassus
1564 5517 1645 5563 est
1677 5526 1690 5560 :
1722 5509 1812 5577 qui
1842 5520 1968 5561 vero

398 5604 448 5656 id
471 5603 680 5655 fortiter
707 5603 823 5655 tulit
849 5643 863 5664 ,
893 5602 937 5654 is
965 5600 1090 5653 vii-it
1116 5612 1171 5652 et
1212 5600 1499 5668 superavit.
1526 5598 1591 5652 Et
1621 5598 1708 5653 ille
1750 5597 1965 5667 quidem

395 5710 567 5764 neque
588 5693 855 5761 proprium
885 5694 1124 5745 ιιιιιιἸιιιιιι
1149 5694 1484 5759 exstinguere
1512 5690 1677 5760 potuit
1698 5706 1712 5751 ;
1733 5689 1817 5744 hic
1838 5689 1964 5743 alie-

1068 276 1123 331 S.
1162 268 1436 329 JOANNIS
1471 259 1939 323 CHRYSOSTOMI
1981 256 2296 312 AliClllEP.
2335 249 2864 310 CONSTANTINOP.

3517 246 3619 301 72:6

2036 408 2162 446 uttm
2200 389 2435 446 sustulit.
2496 387 2589 442 Ille
2631 401 2661 440 a
2709 401 2809 440 suo
2845 383 3015 437 vit-tus
3058 391 3175 446 est;
3205 380 3291 436 hic
3334 380 3403 437 de
3444 382 3621 436 aheno

2037 480 2400 550 triumphavit,
2435 494 2535 533 nec
2565 476 2725 532 modo
2757 476 2871 545 ipse
2894 491 2999 528 non
3029 472 3251 527 adustus
3278 481 3361 528 est
3389 512 3405 535 ,
3445 471 3538 526 sed
3569 481 3622 525 ιιι

2037 576 2254 629 alterius
2282 574 2548 628 flammam
2580 572 2942 639 insurgentem
2967 566 3235 620 restinxit.
3263 564 3316 618 Si
3347 573 3525 617 autem
3555 578 3618 618 ea

2037 682 2156 736 quae
2180 665 2460 719 videbatur
2484 676 2604 716 esse
2625 658 2844 714 victoria
2880 658 3035 726 potiri
3063 656 3339 715 voluisset,
3355 656 3470 724 ipse
3491 672 3620 721 quo-

2037 774 2140 829 que
2162 758 2331 811 victus
2363 756 2568 818 fuisset,
2592 764 2647 808 et
2674 752 3038 806 adversarium
3056 748 3222 817 magis
3242 745 3618 801 inﬂammasset

2038 867 2101 905 ac
2127 852 2371 915 laesisset,
2400 857 2531 904 etut
2561 848 2797 902 rixantes
2828 845 3097 905 mulieres,
3128 843 3285 895 ambo
3318 850 3544 906 turp.ti-r
3572 848 3625 892 et

2041 940 2421 996 miserabiliter
2444 940 2512 993 ab
2542 939 2617 992 ira
2646 937 2895 1006 pros:rati
2931 934 3174 987 fuissent.
3203 932 3352 985 Nuic
3386 941 3562 983 autem
3594 947 3622 981 a

2041 1036 2129 1089 tali
2153 1034 2419 1090 dedecore
2445 1041 2661 1100 ereptus
2690 1030 2733 1082 is
2759 1029 2848 1098 qui
2875 1024 3278 1094 philosophatus
3306 1032 3409 1082 est.
3441 1022 3619 1090 splen-

2042 1127 2223 1181 didam
2255 1136 2512 1194 tropzeum
2541 1122 2667 1176 etin
2700 1136 2759 1174 se
2782 1131 2829 1174 et
2866 1120 2917 1172 in
2945 1116 3250 1170 adversario
3280 1124 3465 1168 contra
3491 1113 3622 1167 iram

2042 1217 2234 1279 erexit,
2266 1214 2484 1286 quando
2515 1212 2754 1281 superari
2788 1212 2932 1265 visus
2952 1218 3054 1263 est.

2112 1311 2167 1364 4.
2212 1306 2339 1361 Vera
2390 1306 2596 1360 victoria
2641 1319 2729 1373 per
2784 1301 3077 1372 patientiam
3104 1307 3409 1366 reportatur.
3435 1326 3507 1337 --
3529 1296 3623 1360 Ne,

2043 1418 2249 1472 quasso,
2280 1401 2474 1469 ubique
2501 1398 2779 1453 victoriam
2804 1408 3126 1463 quaeramus.
3156 1390 3316 1445 Certe
3344 1390 3431 1455 qui
3467 1390 3623 1452 lit-sit,

2045 1495 2231 1549 lassum
2251 1493 2396 1557 vicit,
2428 1490 2520 1545 sed
2547 1488 2847 1560 perniciosa
2869 1484 3088 1538 victoria
3111 1522 3127 1548 ,
3152 1497 3271 1552 qua:
3297 1481 3522 1534 exitium
3555 1482 3627 1531 vi-

2044 1587 2175 1643 ctori
2204 1585 2391 1639 afferat
2421 1600 2435 1637 :
2461 1582 2550 1652 qui
2581 1594 2708 1634 vero
2725 1579 2885 1632 laesus
2911 1586 2991 1630 est
3022 1584 3077 1629 et
3102 1574 3270 1628 victus
3298 1574 3508 1626 videtur
3541 1613 3555 1635 ,
3584 1572 3627 1623 si

2045 1676 2345 1748 philosophi
2383 1689 2532 1727 more
2573 1671 2624 1724 id
2653 1669 2820 1732 ferat,
2855 1666 2942 1722 hic
2969 1681 3093 1720 vere
3122 1678 3378 1718 coronant
3423 1661 3624 1715 retulit.

2046 1772 2201 1840 Saepe
2232 1786 2469 1840 namque
2511 1768 2754 1838 superari
2787 1766 2980 1820 melius
3021 1770 3141 1816 est:
3176 1761 3261 1815 hic
3305 1776 3465 1829 porro
3492 1759 3632 1825 opti-

2047 1880 2165 1918 mus
2190 1872 2272 1917 est
2311 1863 2547 1917 victoria:
2583 1861 2793 1915 modus.
2823 1858 2955 1913 Nam
2987 1858 3098 1909 sive
3126 1856 3245 1923 quis
3268 1855 3438 1922 rapiat
3470 1894 3484 1917 ,
3517 1853 3630 1906 sive

2048 1957 2325 2027 percutiat,
2355 1957 2472 2009 sive
2504 1952 2736 2007 invideat
2770 1993 2783 2012 ,
2829 1950 2917 2020 qui
2951 1949 3177 2001 vincitur
3203 1988 3219 2011 ,
3252 1962 3349 1999 nec
3386 1961 3485 1998 una
3507 1959 3629 1997 cunt

2049 2049 2138 2103 illo
2157 2047 2451 2109 contendit,
2476 2047 2519 2099 is
2549 2060 2671 2098 vere
2702 2044 2869 2098 victor
2892 2051 2993 2096 est.
3021 2039 3218 2108 Ecquid
3245 2039 3435 2108 loquor
3454 2037 3521 2090 de
3550 2052 3635 2090 ra-

2050 2141 2171 2211 pina
2202 2148 2255 2194 et
2279 2139 2471 2193 invidia
2501 2139 2524 2191 ?
2553 2138 2650 2204 Qui
2678 2136 2744 2189 ad
2776 2135 3086 2205 martyrium
3115 2131 3345 2185 trahitur
3369 2170 3383 2190 .
3416 2130 3485 2182 ita
3517 2129 3633 2181 viu-

2050 2234 2141 2297 cit,
2170 2233 2397 2293 vinctus,
2428 2230 2741 2301 flagellatus,
2772 2224 3349 2293 cottcisns.jugulatus.
3380 2225 3445 2274 At
3470 2237 3550 2286 pte
3577 2230 3632 2272 ttt

2054 2322 2105 2375 itt
2135 2323 2284 2376 bellis
2312 2322 2448 2375 vinci
2476 2320 2669 2373 dicitur
2708 2320 2753 2371 is
2777 2318 2864 2387 qui
2893 2316 3037 2371 cadit
3064 2356 3078 2378 ,
3115 2314 3344 2383 idipsuut
3374 2311 3510 2377 apttd
3540 2326 3636 2362 nos

2053 2414 2273 2467 victoria
2305 2421 2409 2467 est.
2442 2410 2712 2480 Nusquam
2745 2409 2886 2462 enim
2918 2408 3055 2460 male
3083 2414 3301 2473 agentes
3331 2404 3592 2457 vincimus
3616 2443 3632 2465 ,

2054 2506 2147 2560 sed
2176 2505 2370 2573 ubique
2394 2503 2528 2557 mala
2554 2505 2834 2572 patientes.
2858 2500 3007 2553 Tunc
3030 2496 3455 2567 splendidissima
3474 2495 3637 2547 victo-

2056 2598 2190 2653 toria
2212 2606 2313 2661 est,
2340 2611 2459 2652 cum
2485 2593 2733 2666 patiendo
2764 2602 3019 2647 nocentes
3051 2590 3332 2645 vincimus.
3372 2587 3505 2641 Iline
3544 2600 3635 2637 os-

2057 2692 2293 2746 tenditur
2318 2706 2344 2741 a
2379 2690 2489 2743 Deo
2527 2702 2647 2741 esse
2687 2686 2962 2739 victoriam
2989 2725 3003 2745 .
3037 2697 3155 2752 qua:
3194 2692 3438 2734 natttram
3480 2678 3639 2731 habet

2056 2782 2384 2838 contrariam
2414 2789 2650 2834 exterute
2678 2777 2750 2830 illi
2783 2774 3018 2830 victoria:
3050 2791 3064 2825 :
3095 2772 3253 2841 idque
3275 2771 3504 2824 maxime
3533 2767 3639 2820 for-

2061 2874 2298 2927 titudinis
2324 2877 2692 2941 argumentum
2716 2876 2818 2921 est.
2847 2865 2936 2921 Sic
2958 2866 3173 2918 marinzc
3197 2873 3358 2932 petra:
3377 2874 3640 2929 percussae

2061 2967 2252 3021 fluctus
2292 2964 2591 3017 dissolvunt
2623 2977 2636 3011 :
2670 2959 2748 3011 sic
2774 2958 2943 3010 sancti
2975 2970 3164 3009 omnes
3201 2953 3457 3008 celebrati
3486 2966 3631 3004 coro-

2062 3073 2181 3110 nam
2206 3055 2519 3109 retuleruut,
2553 3047 2935 3120 splendidaque
2954 3054 3152 3115 tr0p;va
3173 3052 3481 3102 erexerunt,
3506 3042 3641 3093 hanc

2062 3163 2168 3201 nun
2196 3144 2525 3199 contentiuse
2552 3140 2825 3195 victoriam
2855 3136 3187 3206 consequuti.
3220 3135 3296 3189 Ne
3322 3145 3372 3189 te
3403 3148 3638 3195 moveas,

2066 3238 2230 3305 inquit
2258 3277 2274 3302 ,
2309 3251 2407 3288 nec
2434 3232 2742 3302 defatigeris
2768 3249 2780 3282 :
2820 3232 2958 3284 Deus
2987 3230 3122 3282 hanc
3151 3228 3241 3280 tibi
3274 3226 3639 3280 fortitudinem

2065 3328 2272 3389 itulidit,
2306 3337 2363 3379 ιιι
2385 3341 2487 3377 non
2510 3339 2574 3378 ex
2595 3337 2881 3392 congressu
2906 3322 3110 3385 vincas,
3131 3318 3222 3373 sed
3249 3318 3494 3387 patiendo
3524 3328 3642 3371 tan-

2068 3432 2195 3473 tum.
2246 3419 2319 3472 Ne
2360 3419 2527 3471 aciem
2572 3417 2803 3469 instruas
2831 3455 2847 3479 .
2895 3421 2952 3468 et
2991 3414 3264 3467 victoriam
3305 3412 3548 3466 referes:
3578 3426 3644 3465 ne

2065 3512 2456 3581 congrediaris,
2491 3518 2544 3563 et
2580 3508 2959 3569 coronaheris;
3015 3507 3169 3573 longe
3216 3503 3407 3557 fortior
3455 3511 3644 3571 poten-

2071 3610 2276 3674 tiorque
2320 3620 2378 3657 es
2426 3602 2731 3655 adversario
2763 3610 2871 3655 tuo.
2904 3599 3011 3653 Cur
3037 3610 3088 3653 te
3118 3599 3385 3653 dedecore
3427 3597 3646 3650 afficis?

2068 3697 2143 3752 Ne
2170 3698 2266 3751 des
2295 3695 2368 3748 illi
2397 3695 2569 3748 locum
2599 3691 2810 3745 dicendi
2851 3701 2903 3744 te
2940 3706 3285 3760 cougressmu
3316 3688 3524 3750 vii-isse,
3551 3686 3642 3741 sed

2071 3790 2308 3856 relinque
2341 3786 2485 3838 illttttt
2532 3792 2834 3852 stupentem
2886 3793 3044 3851 atque
3096 3781 3347 3834 invictam
3396 3780 3643 3831 virtutem

2071 3894 2211 3935 tuam
2251 3880 2530 3933 mirantem
2563 3919 2576 3940 ,
2614 3875 2969 3943 omnibusque
2996 3874 3261 3927 dicentem
3290 3883 3339 3926 te
3367 3876 3485 3925 sine
3513 3887 3644 3925 con-

2068 3990 2253 4041 gressu
2287 3973 2493 4026 vicisse.
2528 3970 2617 4022 Sic
2638 3980 2691 4022 ct
2719 3969 2905 4021 beatus
2934 3967 3131 4033 Joseph
3175 3966 3364 4035 ubique
3390 3964 3646 4034 pratdica-

2072 4080 2155 4120 tttr
2184 4109 2198 4130 ,
2235 4064 2374 4135 quod
2408 4063 2545 4115 male
2592 4059 2838 4129 patiendo
2889 4060 3085 4112 malum
3122 4058 3409 4111 inferentes
3439 4056 3643 4108 vicerit.

2070 4159 2198 4212 Nam
2230 4156 2563 4210 insidiatores
2594 4152 2667 4204 illi
2701 4153 2846 4204 t'ttcre
2875 4151 3063 4203 fratres
3095 4159 3149 4203 et
3173 4147 3415 4217 ngypEia
3437 4147 3644 4200 mulier:

2072 4266 2251 4301 verum
2282 4262 2467 4300 omnes
2507 4246 2594 4297 ille
2627 4244 2919 4310 superavit.
2956 4241 3031 4294 Ne
3060 4240 3186 4293 mihi
3214 4255 3484 4293 carcerem
3515 4279 3530 4302 ,
3560 4238 3645 4291 tibi

2071 4342 2356 4397 rom-lusus
2389 4342 2504 4404 fuit,
2539 4354 2603 4392 ne
2634 4338 2853 4407 regiam,
2889 4336 2972 4388 ubi
3002 4346 3206 4388 versata
3252 4346 3327 4387 est
3363 4334 3446 4386 illa
3470 4376 3484 4394 .
3516 4334 3584 4387 all
3606 4354 3646 4372 ·ο

2072 4450 2164 4503 ges
2192 4450 2206 4492 :
2240 4433 2331 4486 sed
2365 4430 2588 4485 ostende
2614 4429 2740 4483 mihi
2773 4429 2891 4497 quis
2916 4428 3106 4487 victus,
3130 4427 3252 4495 quis
3270 4427 3437 4481 victor
3467 4424 3643 4487 fuerit,

2072 4528 2188 4595 quis
2220 4525 2271 4577 in
2300 4537 2529 4578 matrore
2558 4521 2715 4575 fuerit
2746 4561 2759 4581 ,
2799 4520 2917 4587 quis
2964 4519 3013 4571 in
3066 4518 3354 4587 voluptate.
3390 4517 3477 4571 Illa
3507 4515 3647 4570 enim

2073 4634 2175 4671 non
2206 4614 2365 4668 modo
2391 4618 2612 4681 justum,
2645 4612 2735 4667 sed
2767 4626 2863 4663 uec
2887 4610 3046 4663 animi
3079 4611 3321 4663 morbum
3348 4623 3501 4662 suum
3533 4609 3649 4659 vitt-

2072 4724 2194 4763 rere
2226 4708 2396 4777 potuit
2424 4725 2435 4759 :
2470 4706 2557 4757 ille
2600 4720 2726 4757 vero
2757 4714 2807 4754 et
2836 4703 2977 4755 illattt
3011 4710 3063 4753 et
3097 4700 3470 4769 gravissimum
3504 4714 3650 4750 tuor-

2073 4804 2196 4856 bttm
2222 4799 2509 4869 superavit.
2539 4797 2591 4851 Si
2620 4797 2715 4857 vis,
2752 4796 2859 4861 ipsa
2891 4795 3046 4847 verba
3077 4793 3282 4856 audias,
3312 4804 3363 4846 et
3391 4801 3648 4859 tropanun

2076 4893 2277 4946 videbis
2306 4893 2320 4923 ¹
2350 4908 2362 4942 :
2388 4889 2657 4942 Adduxisti
2681 4886 2818 4938 nobis
2840 4888 2936 4936 Imc
2955 4900 3161 4950 puerum
3191 4882 3480 4946 chrrenm,
3505 4895 3561 4936 ut
3588 4883 3653 4935 il-

2075 4986 2266 5038 luderet
2290 4984 2430 5036 nobis
2461 4981 2612 5050 (Gen.
2647 4980 2734 5031 59.
2773 4979 2879 5045 li).
2913 4977 3023 5030 Non
3052 4977 3139 5030 ille
3166 4975 3352 5037 illusit,
3376 4993 3408 5026 ιι
3437 4978 3650 5035 misera.

2073 5080 2163 5133 sed
2195 5076 2455 5137 diabolus,
2488 5073 2574 5142 qui
2598 5073 2749 5133 dixit,
2779 5082 2829 5123 te
2855 5084 3009 5139 posse
3032 5068 3368 5123 adamantetn
3387 5069 3649 5137 frangere:

2073 5189 2179 5227 non
2200 5172 2286 5225 ille
2305 5169 2395 5224 tibi
2416 5168 2615 5221 induxit
2644 5180 2862 5232 puerum
2882 5163 3159 5215 iiehrmttm
3186 5163 3272 5230 qtti
3294 5161 3649 5219 insidiaretur,

2074 5265 2166 5319 sed
2188 5259 2665 5329 malignttsda-mon
2688 5256 2776 5323 qui
2795 5256 3052 5322 intpttrant
3071 5253 3337 5307 iasciviam
3367 5253 3573 5310 indidit,
3609 5252 3650 5303 is

2076 5356 2166 5410 tibi
2200 5355 2381 5407 illusit.
2406 5350 2541 5418 Quid
2569 5362 2697 5417 ergo
2727 5345 2921 5413 JoSeph
2944 5346 2966 5396 ?
2990 5343 3152 5397 Tacet
3177 5384 3193 5408 ,
3236 5355 3395 5409 atque
3423 5344 3491 5396 ita
3522 5358 3645 5396 con-

2074 5448 2377 5508 demnatur,
2410 5439 2852 5513 quemadmodum
2908 5447 2961 5489 et
3012 5436 3276 5501 Christus.
3312 5434 3402 5488 Illa
3462 5434 3648 5504 quippe

2074 5539 2249 5593 omnia
2278 5537 2465 5591 horum
2487 5546 2633 5589 erant
2661 5533 2859 5601 figurat.
2888 5531 2950 5583 Et
2974 5529 3060 5583 ille
3086 5527 3298 5597 quidem
3324 5527 3376 5581 itt
3407 5526 3648 5591 vinculis,

2138 5697 2152 5727 ι
2184 5695 2292 5745 Alii.
2317 5699 2359 5740 et
2384 5686 2561 5739 t‘tdebis
2593 5685 2825 5749 tj'tomndd
2858 5683 3044 5733 cladem
3078 5687 3322 5745 acceptant
3343 5688 3563 5740 at‘qztrmt.
