4058 6144
508 262 609 321 τείέ)

505 384 673 451 gallus
707 385 909 445 cantet,
936 388 1008 432 ter
1034 394 1113 431 me
1139 376 1384 447 negabis?
1409 391 1530 429 cum
1563 376 1769 431 Marcus
1795 374 1939 430 dicat
1964 383 2085 442 post

509 471 720 526 tertiam
750 470 1083 539 negationem
1110 467 1307 537 gallum
1349 466 1587 522 secundo
1615 466 1954 523 cantavisse?
1976 464 2082 520 Sed

511 562 627 615 haec
639 559 932 615 admodum
972 572 1104 614 vera
1132 565 1189 615 et
1217 568 1452 614 consona
1480 568 1624 613 sum.
1653 557 1787 624 Quia
1810 557 1953 612 enim
1980 556 2088 611 siu-

503 653 642 724 gulis
666 653 868 707 vicibus
892 652 1028 707 solet
1054 653 1225 723 gallus
1250 662 1335 706 ter
1360 660 1656 723 quaterque
1678 658 1915 713 cantare,
1946 649 2086 707 Mar-

505 758 599 799 cus
627 742 681 798 id
702 743 850 809 dicit,
883 752 941 797 ut
979 742 1215 798 declaret
1248 756 1354 797 non
1384 751 1572 797 vocem
1621 741 1764 799 illam
1796 743 1966 810 ipsum
1992 754 2086 794 re—

509 832 743 898 tinuisse,
781 842 836 889 et
858 833 926 888 ad
965 843 1199 889 mentem
1236 846 1547 889 revocasse.
1582 832 1773 902 Itaque
1800 840 2089 900 utrumque

507 940 688 980 verum
736 934 840 982 est.
885 925 1199 996 Priusquam
1243 925 1387 981 enim
1436 924 1607 995 gallus
1641 924 1874 995 primam
1915 923 2085 978 vicem

503 1020 863 1090 explevisset,
893 1027 978 1075 ter
1006 1019 1237 1088 negavit.
1265 1019 1438 1086 Atque
1463 1029 1494 1075 a
1522 1015 1733 1071 Christo
1769 1015 1835 1069 de
1869 1022 2087 1084 peccato

503 1110 758 1175 monitus,
785 1125 891 1165 non
919 1123 1081 1163 ausus
1105 1118 1188 1163 est
1222 1108 1392 1178 palam
1420 1107 1571 1170 flere,
1598 1123 1665 1161 ne
1696 1122 1790 1175 per
1820 1106 2083 1175 lacrymas

503 1211 844 1257 accusaretur
891 1219 908 1255 :
953 1201 1048 1256 sed
1080 1200 1325 1271 Egressus
1374 1202 1511 1271 feras
1539 1195 1675 1270 ﬂevit
1706 1213 1901 1252 ornare.
1930 1197 2083 1267 (Cap.

505 1289 597 1345 97.
639 1289 693 1345 l.
833 1292 1136 1347 Adveniente
1160 1301 1326 1345 autem
1351 1290 1432 1345 die
1459 1291 1652 1345 ducunt
1694 1289 1873 1345 Iesum
1901 1307 1932 1342 a
1964 1287 2087 1344 Cui»

504 1384 609 1453 plta
639 1383 709 1437 ad
746 1381 1000 1438 Pilatum.
1031 1382 1160 1450 Quia
1191 1382 1332 1437 enim
1356 1382 1502 1437 illum
1533 1380 1780 1437 occidere
1815 1379 2085 1447 volebant,

505 1489 604 1528 nec
642 1483 887 1544 poterant
925 1472 995 1529 ob
1029 1472 1242 1535 festum,
1297 1473 1362 1526 ad
1420 1471 1697 1542 praesidem
1746 1470 1965 1526 ducunt.
2010 1470 2086 1525 Tu

504 1579 632 1618 vero
661 1564 788 1618 mihi
814 1564 1121 1620 consideres
1143 1563 1415 1634 quomodo
1458 1577 1545 1618 res
1574 1562 1917 1634 processerit,
1951 1571 2010 1617 ut
2031 1562 2085 1616 in

506 1654 641 1709 festo
667 1668 758 1711 res
784 1656 933 1710 fieret
965 1673 979 1710 :
1022 1654 1101 1709 sic
1138 1654 1279 1709 enim
1328 1669 1563 1720 superne
1589 1651 1861 1709 definitum
1895 1652 2083 1708 fuerat.

501 1744 558 1812 9,.
586 1744 729 1799 Tunc
750 1746 920 1801 videns
932 1745 964 1799 J
971 1746 1117 1810 udas,
1143 1746 1230 1815 qui
1250 1744 1526 1801 tradiderat
1545 1760 1679 1809 eum,
1698 1744 1833 1816 quod
1852 1745 2088 1798 condem-

503 1849 652 1895 natus
668 1849 791 1895 esset
814 1880 829 1906 ,
857 1840 1150 1911 poenitentia
1175 1839 1358 1897 ductus
1384 1839 1551 1894 retulit
1573 1839 1782 1911 triginta
1803 1850 2083 1910 argenteos.

504 1932 617 1989 Hoc
645 1933 802 2003 huius
821 1942 877 1989 et
912 1933 1124 1988 illorum
1147 1920 1352 1988 crimen
1382 1941 1541 2003 auget
1565 1950 1580 1988 :
1606 1931 1783 2002 hujus,
1808 1947 1915 1987 non
1944 1932 2085 2001 quod

504 2023 811 2092 pwiitetttia
839 2022 1029 2078 ductus
1058 2023 1168 2090 sit,
1220 2022 1316 2078 sed
1355 2021 1498 2094 quod
1543 2022 1762 2084 tardius.
1803 2031 1860 2078 et
1903 2038 1962 2078 se
1986 2035 2087 2077 suo

500 2114 698 2183 judicio
723 2114 1088 2180 damnaverit;
1117 2130 1175 2169 se
1194 2113 1337 2169 enim
1363 2113 1644 2169 tradidisse
1670 2113 1946 2169 confessus
1965 2124 2045 2168 est
2068 2130 2083 2173 ;

503 2206 710 2260 illorum
758 2219 906 2271 vero,
949 2205 1089 2276 quod
1132 2221 1251 2262 cum
1282 2216 1502 2275 possent
1531 2205 1900 2275 paenitentiam
1929 2220 2086 2274 agere

502 2308 554 2353 et
583 2299 794 2365 mutari,
833 2314 938 2353 non
982 2300 1322 2370 resipneriot.
1374 2298 1650 2369 Perpende
1674 2309 1849 2353 autem
1875 2298 2087 2369 quando

509 2394 820 2464 penitentia
841 2393 1087 2449 ducatur.
1106 2394 1238 2449 Cum
1263 2393 1553 2464 perfectum
1587 2393 1969 2462 impletumque
1994 2393 2087 2446 fuit

502 2492 798 2554 peccatum.
830 2483 975 2539 Talis
1003 2499 1196 2554 nempe
1216 2483 1460 2538 diabolus
1489 2491 1572 2538 est
1600 2501 1613 2537 :
1641 2497 1735 2536 eos
1759 2484 1846 2548 qui
1874 2498 1981 2537 non
2008 2483 2088 2537 vi-

502 2575 673 2646 gilant
700 2589 807 2630 nou
837 2575 967 2631 sinit
1007 2584 1288 2646 peccatum
1337 2574 1623 2644 reSpicere.
1664 2589 1733 2629 ne
1759 2574 1922 2628 semel
1947 2572 2085 2643 capti

500 2665 866 2735 paenitentiam
915 2672 1093 2735 agant.
1151 2664 1253 2720 Tot
1303 2663 1430 2719 Jesu
1481 2662 1679 2720 Christi
1721 2662 1900 2719 verbis
1955 2662 2085 2717 nihil

502 2756 669 2812 flexus
696 2765 777 2812 est
809 2772 822 2808 :
854 2770 977 2810 cum
1009 2771 1135 2810 vero
1163 2754 1340 2811 scelus
1379 2753 1491 2824 jam
1520 2762 1885 2824 perpetratum
1913 2753 2086 2824 perfe-

500 2857 753 2917 ctumque
802 2845 921 2911 fuit,
970 2857 1094 2900 tunc
1148 2844 1463 2914 poenitentia
1511 2843 1702 2900 ductus
1725 2844 1952 2899 estsine
1979 2843 2084 2898 ulla

502 2939 746 2992 utilitate.
774 2937 904 2991 Nam
929 2936 1068 3006 quod
1095 2936 1329 3005 seipsum
1352 2935 1705 3001 damnaverit,
1728 2934 1870 3005 quod
1889 2950 2084 3008 argen-

501 3039 616 3083 teos
666 3028 971 3097 proiecerit,
1019 3042 1121 3085 nec
1156 3027 1371 3083 Judzeos
1417 3027 1679 3082 reveritus
1731 3027 1912 3094 fuerit,
1968 3025 2085 3083 hzcc

499 3133 678 3173 omnia
705 3118 967 3173 laudanda
997 3118 1263 3185 fuissent;
1295 3117 1438 3188 quod
1464 3133 1591 3173 vero
1635 3134 1694 3172 se
1722 3118 2086 3193 strangulave-

500 3208 590 3275 rit,
615 3209 810 3263 nullam
843 3219 1016 3277 potest
1047 3209 1258 3265 veniam
1288 3209 1592 3274 admittere,
1620 3208 1944 3279 malignique
1972 3210 2085 3264 dte-

501 3298 674 3353 niouis
704 3306 786 3353 est
809 3314 959 3369 opus.
990 3299 1272 3372 Prteripuit
1297 3300 1440 3355 enim
1466 3315 1588 3355 eum
1605 3314 1638 3355 a
1660 3302 1992 3369 paenitentia,
2027 3311 2084 3357 ut

504 3391 709 3445 nullum
732 3406 798 3445 ex
827 3392 915 3445 illa
940 3390 1251 3459 pmnitentia
1272 3389 1500 3445 fructum
1523 3392 1781 3461 consequi
1801 3401 2001 3462 posset,
2027 3402 2083 3447 et

501 3480 806 3549 turpissima
835 3479 1188 3550 omnibusque
1214 3489 1337 3534 nota
1369 3489 1542 3535 morte
1565 3482 1818 3549 sustulit,
1851 3481 2083 3537 suadens

501 3571 573 3625 illi
607 3579 668 3627 ut
702 3571 937 3641 seipsum
984 3570 1337 3629 interimeret.
1366 3569 1445 3624 Tu
1476 3586 1602 3625 vero
1626 3562 1756 3625 mihi
1802 3573 2079 3628 veritatem

498 3664 805 3721 consideres
856 3664 1015 3719 velim
1060 3663 1294 3734 undique
1351 3662 1659 3734 fulgentem,
1710 3665 1868 3719 etiam
1911 3679 1974 3720 ex
2016 3664 2083 3719 iis

498 3758 679 3821 rebus,
736 3769 869 3825 qttas
918 3753 1211 3810 adversarii
1258 3754 1458 3810 faciunt
1504 3755 1588 3809 vel
1619 3755 1907 3827 patiuntur.
1949 3754 2080 3810 Nam

496 3848 609 3916 ipsa
630 3862 774 3902 mors
806 3846 1112 3916 proditoris,
1136 3847 1201 3902 iis
1218 3847 1307 3917 qui
1334 3846 1609 3903 Christum
1639 3844 1960 3901 damnarunt
1984 3862 2078 3901 ora

497 3940 726 3994 obstruit
752 3979 768 4007 ,
800 3953 974 4009 neque
1021 3938 1126 3993 illis
1155 3939 1396 3993 umbram
1451 3937 1776 3992 defensionis
1806 3937 2076 4010 relinquit.

496 4030 634 4097 Quid
659 4032 801 4086 enim
827 4029 1007 4085 dicere
1033 4039 1258 4100 possunt
1282 4030 1379 4097 illi,
1408 4028 1623 4098 quando
1657 4031 1817 4084 talem
1842 4029 2080 4098 proditor

497 4123 780 4177 adversum
812 4137 871 4176 se
897 4121 1181 4191 protulisse
1205 4121 1528 4176 sententiam
1557 4122 1845 4176 narratur?
1868 4120 1972 4176 Sed
2011 4122 2077 4175 il-

500 4217 671 4270 lorum
715 4215 875 4272 verba
918 4215 1216 4270 videamus.
1264 4215 1599 4284 Principibus
1629 4216 1967 4271 sacerdotum
1996 4231 2081 4268 ar-

500 4318 722 4380 genteos
748 4309 968 4373 retulit,
995 4319 1047 4363 et
1078 4309 1190 4364 ait:
1224 4308 1279 4363 4.
1311 4306 1525 4363 Peccavi
1554 4308 1758 4362 tradens
1783 4308 2078 4379 sanguinem

499 4402 708 4473 iustum.
740 4400 806 4455 At
831 4400 908 4455 illi
952 4398 1189 4454 dixerunt
1236 4415 1253 4452 :
1287 4398 1422 4466 Quid
1460 4402 1530 4452 ad
1573 4399 1705 4453 nos?
1752 4396 1832 4452 Tu
1874 4398 2078 4452 videris.

499 4494 553 4551 5.
580 4490 649 4547 Et
670 4492 907 4564 projectis
926 4495 1176 4564 argenteis
1206 4492 1256 4547 in
1281 4491 1489 4559 templo,
1524 4490 1745 4557 recessit,
1770 4500 1816 4543 et
1841 4488 2012 4544 abiens
2031 4506 2083 4543 se

499 4584 780 4652 suspendit.
811 4582 941 4637 Nam
988 4583 1331 4638 conscientiae
1369 4581 1615 4636 stimulos
1642 4596 1746 4636 non
1788 4581 1923 4635 tulit.
1947 4579 2081 4635 Per-

499 4676 673 4747 pende
695 4686 871 4731 autetn
897 4676 1025 4733 mihi
1047 4676 1260 4733 Jndteos
1287 4676 1415 4730 illud
1441 4677 1611 4746 ipsum
1644 4677 1917 4732 facientes.
1949 4674 2080 4730 Nam

498 4783 622 4824 cum
651 4768 719 4823 ab
750 4769 814 4823 iis
842 4785 960 4843 «pne
991 4770 1132 4838 passi
1175 4777 1331 4824 erant
1354 4768 1626 4824 emendari
1673 4768 1950 4835 deberent,
1976 4784 2081 4821 non

505 4860 650 4927 prius
686 4862 909 4929 gradum
953 4860 1189 4924 sistunt,
1218 4876 1375 4930 quam
1422 4868 1697 4929 peccatum
1734 4858 2078 4929 perfecerint.

505 4950 711 5004 Etenim
760 4949 914 5017 lmjus
961 4961 1255 5020 peccatum,
1305 4950 1446 5020 quod
1509 4948 1734 5019 proditio
1786 4958 1922 5015 erat,
1974 4951 2084 5018 jam

504 5050 865 5110 perpetratum
890 5043 1088 5108 fuerat;
1135 5042 1345 5097 illorum
1384 5057 1513 5097 vero
1545 5052 1819 5112 peccatum
1849 5041 2081 5096 nondum

502 5131 828 5203 completum
853 5142 988 5189 erat.
1005 5133 1137 5188 Cum
1162 5143 1338 5189 autem
1367 5134 1442 5189 illi
1473 5136 1647 5190 scelus
1674 5133 2011 5202 perfecerunt
2032 5143 2086 5188 et

501 5223 883 5280 cruciftserunt
910 5240 1053 5290 eum,
1086 5234 1210 5280 tunc
1248 5235 1302 5281 et
1347 5226 1449 5296 ipsi
1488 5226 1769 5282 turbantur
1789 5269 1805 5293 ,
1833 5243 1973 5283 nunc
2001 5228 2086 5283 di-

499 5327 687 5374 centes
730 5335 743 5370 :
793 5315 921 5371 Noli
966 5318 1180 5373 scribere
1225 5319 1355 5374 hunc
1408 5335 1515 5374 esse
1578 5337 1745 5391 regem
1787 5318 2089 5376 Judaaorum

508 5407 687 5475 (Joan.
722 5406 811 5463 19.
857 5407 919 5463 2|
951 5408 991 5479 ).
1025 5410 1180 5480 Atqui
1209 5409 1330 5479 quid
1361 5408 1556 5463 timetis
1578 5450 1594 5475 ,
1626 5410 1753 5481 quid
1780 5410 2084 5476 turbamini,

505 5507 714 5551 mortuo
745 5499 855 5567 jam
889 5514 1112 5569 corpore
1160 5501 1211 5554 in
1262 5516 1422 5556 cruce
1450 5502 1757 5570 pendente?
1781 5500 1933 5557 Nunc
1960 5519 2088 5558 vero

494 5587 817 5663 custodiunt
850 5590 978 5645 illud
1022 5598 1076 5644 ct
1124 5590 1348 5646 dicunt:
1403 5589 1488 5645 Ne
1537 5595 1668 5662 forte
1704 5593 1937 5662 furentur
1971 5611 2086 5649 eum

508 5678 742 5744 discipuli
794 5682 934 5751 ejus;
972 5693 1017 5736 et
1060 5685 1248 5752 popqu
1287 5683 1478 5751 dicant,
1507 5684 1675 5753 ipsum
1717 5689 2086 5753 resurrexisse;

1175 265 1230 318 s.
1270 259 1552 319 mimus
1587 247 2087 319 cnnrsos'ronl.
2132 256 2450 314 ARCHIEP.
2489 256 3021 314 consummet).
3426 266 3429 269 ν
3677 264 3761 323 760

2199 381 2248 425 et
2272 370 2366 424 erit
2386 371 2684 425 novissimus
2709 387 2849 425 error
2878 373 3021 442 peior
3061 371 3230 442 priore
3269 374 3286 443 (
3312 362 3497 428 Matth.
3531 374 3618 430 27.
3651 375 3762 448 64).

2193 458 2429 520 Atcerte
2457 464 2503 519 si
2534 464 2583 519 id
2615 463 2866 531 dixerint,
2900 465 3000 519 nisi
3033 480 3119 520 res
3147 481 3268 520 vera
3302 465 3481 530 fuerit,
3509 467 3662 526 facile
3688 487 3762 527 rc-

2194 557 2486 628 da‘rguitur.
2533 556 2639 613 Sed
2682 557 2950 628 quomodo
2994 556 3312 614 furabuntnr
3357 561 3451 630 qui
3499 560 3591 616 illo
3633 577 3765 619 com-

2195 646 2459 716 prehenso
2498 663 2566 704 ne
2586 658 2740 705 stare
2764 648 2980 717 quidem
3008 651 3122 704 ausi
3179 661 3323 718 sunt,
3371 654 3587 724 quando
3628 668 3767 728 cory-

2182 738 2380 807 ‘phtcus
2408 747 2490 793 ter
2512 739 2662 795 illum
2686 740 2919 810 negavit,
2960 741 3151 812 puellae
3175 744 3643 800 comminationem
3675 762 3765 802 non

2182 827 2415 885 "ferens?
2441 829 2569 895 Sed,
2599 840 2656 885 ut
2679 830 2812 896 dixi,
2840 830 3056 887 demum
3075 832 3453 892 turbabantur.
3473 836 3624 903 Quod
3639 839 3767 894 enim

2185 920 2393 976 scirent
2412 937 2523 976 rem
2548 935 2668 978 esse
2692 932 2993 991 peceatum,
3020 931 3168 992 patet
3195 939 3263 978 ex
3289 924 3354 983 iis
3373 941 3493 996 qua:
3514 926 3764 997 dicebant,

2194 1002 2273 1063 Tu
2298 1010 2503 1064 videris.

2264 1100 2442 1156 Avaris
2481 1100 2648 1158 ludas
2689 1104 2742 1158 in
2767 1104 3051 1177 exemplum
3081 1105 3409 1177 praponitur.
3443 1139 3514 1151 —
3541 1111 3726 1168 Audite
3750 1156 3765 1179 ,

2188 1193 2356 1256 avari,
2382 1192 2611 1263 cogitate
2635 1205 2753 1263 qua:
2775 1195 2863 1250 ille
2888 1210 3076 1264 passus
3100 1196 3207 1264 sit;
3238 1201 3508 1268 quomodo
3534 1205 3769 1273 pecunias

2193 1284 2435 1338 amiserit
2456 1325 2472 1350 ,
2498 1294 2553 1339 et
2581 1285 2763 1341 scelus
2787 1290 3217 1358 perpetraverit;
3250 1291 3522 1359 quomodo
3548 1296 3768 1348 avaritia:

2195 1373 2418 1427 fructum
2442 1390 2547 1428 non
2577 1375 2796 1440 tulerit,
2839 1385 2894 1431 et
2922 1378 3155 1433 animam
3184 1379 3497 1449 perdiderit.
3532 1381 3676 1439 Talis
3698 1395 3771 1439 est

2195 1465 2435 1520 avaritia:
2467 1469 2707 1539 tyrannis
2738 1485 2751 1521 :
2776 1484 2877 1524 nec
2899 1479 3123 1541 argento
3145 1471 3339 1526 fruitur
3365 1514 3381 1539 ,
3412 1488 3511 1529 nec
3532 1477 3770 1544 prtnsemi

2194 1560 2297 1614 vita
2318 1603 2331 1624 ,
2365 1577 2463 1616 nec
2489 1560 2666 1617 futura
2703 1580 2717 1617 :
2749 1563 2847 1618 scd
2886 1565 3067 1619 omnia
3111 1564 3395 1620 confertim
3423 1568 3638 1635 amisit,
3666 1584 3771 1623 ma-

2194 1653 2404 1724 lamque
2433 1664 2620 1710 nactus
2646 1653 2785 1724 apud
2810 1656 2930 1711 illos
2962 1653 3179 1724 famam,
3198 1657 3389 1728 laqueo
3405 1659 3581 1730 gulam
3608 1658 3769 1731 fregit.

2194 1742 2299 1798 Sed
2320 1786 2335 1811 ,
2364 1754 2423 1799 ut
2448 1745 2555 1800 dixi
2583 1787 2598 1811 ,
2633 1755 2753 1815 post
2779 1762 2890 1802 rem
2922 1755 3192 1818 peractam
3218 1790 3232 1815 ,
3260 1748 3476 1817 quidam
3507 1765 3619 1805 rem
3646 1753 3776 1818 aspi-

2193 1836 2359 1892 ciunt.
2385 1836 2518 1892 Vide
2543 1838 2700 1907 igitur
2726 1848 2781 1894 et
2804 1838 2925 1894 illos
2948 1881 2964 1907 ,
2997 1848 3200 1894 tantum
3220 1838 3429 1895 facinus
3467 1840 3614 1897 clare
3654 1857 3768 1897 sen-

2196 1932 2295 1987 tire
2322 1932 2586 2001 nolentes,
2635 1933 2730 1990 sed
2774 1934 3034 2001 dicentes,
3084 1932 3163 1990 Tu
3185 1934 3390 1991 videris.
3417 1934 3548 2004 Quae
3576 1950 3666 1991 res
3691 1950 3777 1991 eo-

2195 2039 2311 2078 rum
2341 2023 2553 2094 culpam
2600 2035 2757 2097 anget
2789 2041 2951 2081 :nam
2997 2025 3113 2082 inec
3150 2026 3311 2082 verba
3340 2039 3462 2081 sunt
3492 2029 3777 2083 testiﬁcan-

2196 2116 2324 2169 tium
2368 2114 2572 2171 facinus
2622 2132 2743 2172 esse
2808 2117 3176 2181 horrendum,
3226 2119 3319 2174 sed
3367 2120 3530 2174 animi
3598 2119 3778 2176 morbo

2192 2204 2461 2259 ebriorum
2487 2248 2502 2271 ,
2534 2206 2623 2277 qui
2672 2206 2878 2261 nollent
2903 2222 2930 2259 a
2978 2217 3227 2276 suscepto
3268 2209 3505 2264 satanico
3550 2208 3778 2265 facinore

2192 2294 2466 2353 absistere
2491 2339 2506 2363 ,
2536 2297 2631 2352 sed
2679 2298 2817 2354 ﬁcta:
2864 2300 3175 2370 ignorantiae
3216 2300 3480 2355 velamine
3522 2317 3582 2357 se
3621 2302 3777 2357 stulte

2192 2386 2483 2453 operirent.
2516 2386 2649 2443 Nam
2676 2389 2721 2443 si
2761 2400 2883 2459 post
2927 2404 3138 2445 crucem
3174 2391 3287 2446 haec
3316 2390 3598 2457 dixissent,
3632 2403 3774 2461 post-

2192 2491 2349 2545 quam
2377 2475 2625 2533 Christus
2640 2478 2751 2549 jam
2775 2488 3022 2536 mortuus
3060 2490 3197 2547 erat,
3231 2496 3299 2536 ne
3322 2489 3454 2536 tunc
3482 2483 3695 2553 quidem
3724 2482 3779 2538 id

2192 2566 2577 2624 rationabiliter
2597 2568 2699 2624 dici
2722 2579 2966 2640 poterat;
2996 2570 3122 2628 licet
3152 2572 3203 2627 id
3230 2560 3336 2627 non
3365 2572 3501 2641 adeo
3522 2574 3781 2631 damnan-

2191 2656 2315 2712 dum
2339 2656 2527 2715 fuisset
2554 2675 2727 2717 :nunc
2752 2671 2928 2717 autem
2950 2661 3074 2717 dum
3096 2663 3271 2718 adhuc
3292 2663 3385 2719 ille
3400 2663 3540 2730 apud
3563 2678 3658 2719 vos
3675 2675 3775 2732 est,

2190 2757 2247 2803 et
2270 2748 2415 2804 illum
2435 2751 2655 2820 potestis
2677 2751 2968 2821 dimittere,
2990 2753 3261 2824 quomodo
3286 2753 3389 2809 hoc
3413 2754 3594 2811 dicere
3614 2755 3780 2812 aude-

2192 2836 2298 2891 tis?
2321 2837 2448 2894 Haec
2472 2841 2670 2912 quippe
2696 2840 2941 2897 defensio
2984 2844 3214 2899 maxima
3241 2853 3326 2899 est
3355 2846 3645 2900 accusatio.
3670 2845 3780 2902 Cur

2191 2938 2246 2985 et
2282 2946 2386 3001 qua
2432 2932 2500 2987 de
2533 2934 2733 2989 causa?
2759 2933 2894 3004 Quia
2940 2935 2991 2989 in
3044 2934 3372 3005 proditorem
3403 2944 3572 2991 totum
3602 2937 3779 2993 scelus

2190 3021 2411 3093 rejicitis
2435 3066 2450 3092 ,
2491 3024 2620 3080 illud
2646 3025 2884 3081 dicentes
2905 3068 2920 3093 ,
2962 3024 3045 3080 Tu
3074 3027 3259 3081 uideris
3282 3068 3298 3091 ,
3344 3042 3465 3083 cum
3508 3028 3726 3098 possitis
3748 3044 3779 3084 a

2188 3114 2390 3171 Christi
2434 3132 2564 3172 nece
2606 3118 2903 3184 desistere,
2943 3117 3200 3188 illumque
3240 3119 3514 3175 dimittere
3542 3134 3562 3175 :
3594 3136 3780 3176 verum

2190 3218 2495 3277 susceptum
2543 3208 2720 3263 scelus
2750 3208 3022 3278 perfecero
3048 3250 3061 3272 ,
3094 3209 3384 3280 proditioni
3436 3225 3650 3266 crucem
3682 3210 3781 3265 ad—

2190 3296 2398 3351 dentes.
2431 3297 2567 3366 Quid
2597 3302 2738 3354 enim
2780 3299 3052 3370 impedivit
3077 3341 3092 3366 ,
3120 3315 3241 3355 cum
3265 3301 3363 3371 ipsi
3388 3300 3631 3357 dicereut
3654 3346 3669 3368 ,
3700 3301 3783 3356 Tu

2189 3389 2393 3452 videris,
2424 3391 2709 3460 quominus
2748 3390 3067 3446 desisterent
3107 3405 3138 3444 a
3164 3391 3443 3448 facinore?
3471 3392 3623 3451 Nune
3649 3410 3784 3451 vero

2188 3481 2514 3536 contrarium
2547 3480 2769 3545 faciunt,
2799 3498 2985 3538 necem
3015 3482 3274 3553 adjiciunt
3306 3525 3320 3549 ,
3347 3499 3411 3539 ac
3435 3496 3544 3561 tum
3577 3487 3782 3553 verbis,

2192 3582 2302 3628 tum
2333 3571 2506 3638 factis,
2553 3589 2612 3630 se
2656 3574 3044 3630 inevitabilibus
3089 3576 3244 3631 malis
3302 3577 3596 3633 involvunt.
3645 3577 3784 3634 Nam

2192 3675 2373 3735 postea
2396 3706 2411 3732 ,
2445 3667 2788 3736 permittente
2817 3664 2988 3721 Pilato
3018 3707 3032 3730 ,
3070 3661 3341 3722 latronem
3368 3669 3668 3724 maluerunt
3693 3669 3783 3726 di-

2190 3757 2348 3826 mitti,
2372 3774 2529 3830 quam
2559 3757 2768 3822 Jesum,
2800 3768 2856 3813 et
2884 3757 3145 3814 latronem
3187 3758 3441 3829 quidem,
3464 3760 3785 3819 innumero-

2190 3870 2305 3909 rum
2328 3852 2593 3908 scelerum
2622 3851 2947 3916 convictum,
2973 3850 3313 3908 innocentem
3341 3852 3780 3921 declaraveram,

2189 3945 2455 3999 Christum
2486 3952 2661 3998 autem
2687 3983 2703 4005 ,
2732 3942 2823 4011 qui
2852 3941 2999 4012 ipsos
3032 3934 3161 3996 nihil
3188 3941 3422 3999 laeserat.
3451 3944 3559 3999 imo
3584 3944 3675 4014 qui
3704 3953 3788 4001 tot

2190 4039 2333 4108 ipsos
2356 4037 2627 4093 beneﬁciis
2661 4035 2932 4102 all'rcerat,
2958 4035 3284 4091 occiderunt.

2259 4129 2313 4183 5.
2389 4127 2652 4195 Principes
2725 4127 3045 4182 sacerdotum
3110 4143 3141 4178 a
3195 4126 3405 4195 propria
3471 4127 3786 4181 conscientia

2188 4221 2433 4273 damnati.
2490 4218 2824 4288 Eleemosyna
2879 4234 2943 4272 ea:
2999 4217 3194 4287 rapinis
3265 4220 3402 4289 facta
3450 4218 3790 4288 reprobatur.

2193 4310 2428 4365 Ecclesia:
2455 4309 2783 4363 Antiocheam
2823 4310 2952 4362 bona
3002 4319 3048 4365 et
3096 4309 3406 4380 pradia.——
3456 4308 3595 4379 Quid
3648 4324 3792 4380 ergo

2189 4401 2391 4456 ludas?
2426 4400 2493 4455 Ut
2531 4401 2661 4455 vidit
2687 4417 2745 4454 se
2776 4400 3032 4455 inutiliter
3071 4399 3347 4467 laborare,
3379 4400 3603 4469 illosque
3632 4401 3793 4455 nolle

2192 4495 2447 4562 recipere,
2484 4493 2705 4561 proiecit
2723 4504 3023 4564 argenteos,
3046 4490 3115 4546 Et
3154 4493 3324 4552 abiens
3358 4492 3542 4562 laqueo
3583 4508 3786 4549 sesus-

2191 4585 2385 4654 pendit.
2437 4582 2493 4638 6.
2541 4583 2807 4651 Principes
2831 4592 2997 4637 autem
3020 4583 3339 4639 sacerdotum
3363 4626 3379 4650 ,
3404 4598 3526 4639 cum
3546 4584 3793 4655 accepis-

2191 4690 2299 4731 sent
2328 4686 2612 4747 argenteos,
2641 4675 2879 4730 dixerunt
2912 4691 2930 4729 :
2957 4674 3080 4729 Non
3108 4676 3222 4732 licet
3242 4692 3325 4731 eos
3366 4677 3563 4731 mittere
3590 4678 3647 4731 in
3670 4693 3799 4733 cor-

2193 4769 2391 4829 bonam,
2424 4767 2542 4838 quia
2564 4767 2780 4836 pretium
2803 4766 3067 4835 sanguinis
3087 4776 3180 4820 est.
3213 4767 3266 4821 7.
3297 4765 3363 4820 Et
3383 4767 3597 4822 oonsilio
3626 4768 3795 4831 inito,

2191 4868 2418 4912 emerunt
2444 4872 2506 4910 ea:
2548 4856 2621 4911 eis
2649 4871 2830 4926 agrum
2879 4856 3024 4925 ﬁguli
3052 4856 3106 4908 in
3146 4856 3458 4925 sepulturam
3482 4858 3798 4928 peregrino—

2192 4965 2325 5001 rum.
2354 4949 2408 5003 8.
2434 4946 2560 5002 Ideo
2582 4956 2786 5001 vocatus
2810 4956 2883 5001 est
2907 4963 3029 5016 ager
3050 4945 3139 5000 ille
3164 4963 3288 5018 ager
3329 4948 3595 5018 sanguinis
3620 4965 3803 5019 usque

2193 5042 2261 5095 ad
2289 5041 2587 5095 hodiernum
2609 5040 2760 5093 diem.
2792 5038 2845 5094 9.
2880 5037 3025 5092 Tunc
3046 5039 3312 5109 impletum
3331 5049 3407 5093 est
3424 5040 3564 5111 quod
3588 5041 3805 5094 dictum

2194 5145 2267 5188 est
2296 5151 2384 5204 per
2401 5131 2675 5187 leremiam
2702 5131 2997 5201 prophetam
3017 5131 3262 5185 dicentem
3294 5146 3314 5186 :
3348 5129 3436 5188 10.
3465 5130 3534 5185 Et
3573 5147 3808 5199 accepe-

2193 5239 2311 5282 runt
2355 5228 2560 5300 triginta
2583 5239 2878 5298 argenteos,
2910 5227 3128 5296 pretium
3169 5228 3440 5298 appretiati
3469 5224 3658 5297 (lacn.
3695 5228 3803 5282 Η.

2201 5320 2324 5389 12),
2347 5321 2435 5375 Η.
2468 5328 2514 5373 et
2538 5318 2783 5372 dederunt
2812 5333 2896 5372 eos
2916 5317 2971 5372 in
2999 5333 3181 5389 agrum
3223 5318 3387 5389 ﬁguli.
3419 5319 3550 5372 sicut
3589 5317 3813 5372 consti-

2197 5414 2289 5465 luit
2316 5412 2441 5465 mihi
2483 5410 2752 5465 Dominus.
2785 5408 2977 5464 Viden’
3002 5422 3189 5465 rursus
3221 5423 3316 5465 eos
3342 5423 3372 5462 a
3413 5409 3628 5480 propria
3656 5422 3821 5463 con-

2199 5505 2418 5560 scientia
2454 5502 2738 5559 damnari?
2762 5500 2898 5570 Quia
2946 5500 3090 5557 enim
3142 5500 3405 5565 sciebant,
3447 5514 3507 5555 se
3549 5499 3826 5556 hominis

2195 5597 2392 5653 eodem
2436 5597 2729 5654 coemisse.
2789 5611 2894 5650 non
2932 5595 3181 5665 jeceront
3224 5595 3275 5648 in
3313 5594 3635 5661 corbonam,
3692 5592 3822 5649 sed

2200 5695 2441 5743 emerunt
2467 5702 2650 5758 agrum
2697 5686 2843 5757 ﬁguli
2886 5688 2939 5741 in
2968 5685 3299 5756 sepulturam
3346 5684 3827 5757 peregrinorum.
