4058 6144
476 256 580 311 ῚΜ

479 367 589 423 Hoc
614 379 744 420 vero
769 372 822 420 et
850 360 1210 417 testimonium
1240 368 1422 414 contra
1464 357 1608 420 illos,
1649 364 1702 409 et
1731 348 2058 424 proditionis

475 465 844 526 argumentum
889 454 1006 509 fuit.
1050 451 1253 506 Nomen
1299 451 1496 520 quippe
1539 447 1641 501 loci
1669 445 1874 500 clarius
1900 455 2059 512 quam

476 549 599 603 tuba
627 547 831 602 caedem
857 545 924 599 ab
951 544 1056 598 illis
1078 549 1434 612 perpetratam
1462 537 1711 593 omnibus
1736 534 2053 604 proclamat.

475 641 658 709 Neque
682 639 999 706 simpliciter
1033 635 1136 688 hoc
1165 632 1383 697 faciunt,
1411 630 1506 685 sed
1543 630 1674 684 inito
1706 625 1976 688 consilto,
2007 629 2062 677 et

476 734 554 786 sic
579 733 775 800 ubique
804 737 1000 800 agunt',
1031 738 1087 781 ιιι
1135 726 1312 779 nullus
1351 725 1420 778 ab
1450 723 1550 776 hoc
1582 720 1786 774 scelere
1813 718 1881 772 sit
1908 717 2056 770 inno-

475 839 626 890 cens,
654 823 748 878 sed
779 835 967 876 omnes
989 818 1152 873 noxii.
1179 816 1306 872 meo
1324 829 1449 870 vero
1471 827 1630 882 supra
1655 811 1811 864 allata
1835 807 2061 878 prophe-

476 921 548 973 tia
575 915 912 988 pramuntiat.
939 910 1128 966 Viden’
1166 907 1445 979 quomodo
1477 920 1580 960 non
1607 902 1838 973 apostoli
1873 898 2055 964 modo,

475 1009 570 1063 sed
597 1010 756 1062 etiam
788 1004 1058 1076 prophetae
1077 1001 1357 1072 cpprobria
1392 999 1476 1052 illa
1504 1009 1751 1053 accurate
1803 1001 2045 1057 narrent,

474 1111 536 1155 et-
574 1101 809 1168 undique
856 1096 1154 1166 passionem
1204 1091 1516 1163 prardicent,
1563 1097 1624 1143 et
1665 1084 2060 1156 prmnuntient?

478 1193 589 1246 lloc
616 1205 732 1244 non-
749 1189 1102 1257 intelligentes
1121 1184 1289 1240 Judaei
1317 1183 1367 1236 in
1386 1180 1576 1250 emptis
1601 1180 1904 1250 perstitere.
1924 1175 2056 1230 Nam

475 1284 518 1336 si
552 1282 603 1335 in
635 1281 922 1335 corbonam
972 1276 1366 1345 coniecissent,
1398 1287 1487 1327 res
1515 1286 1620 1325 non
1652 1271 1729 1324 sic
1774 1267 2055 1323 manifesta
2079 1313 2096 1324 .

474 1374 659 1428 fuisset
681 1370 840 1439 ;.ipsi.-
855 1384 984 1424 vero
1014 1381 1201 1438 agrum
1240 1374 1481 1419 ementes
1507 1360 1852 1429 sequentibus
1889 1373 2056 1429 gene-

475 1465 768 1520 rationibus
800 1472 973 1516 totum
1011 1460 1398 1531 patefecerunt.
1448 1455 1644 1511 Audite
1690 1461 1948 1522 quotquot
1990 1467 2056 1506 ex

472 1554 708 1609 cmdibus
745 1551 998 1606 videmini
1034 1547 1292 1605 beneﬁcia
1337 1557 1595 1618 prmstare
1617 1585 1634 1610 ,
1661 1555 1716 1599 et
1759 1545 2054 1599 animarum

473 1649 749 1703 hominum
772 1647 1000 1717 pretium
1029 1643 1290 1714 accipitis.
1339 1639 1575 1696 Iudaicae
1596 1645 1722 1692 sunt
1744 1633 2050 1705 huiusmodi

470 1742 847 1810 eleemosynte,
878 1739 986 1792 imo
1024 1736 1200 1806 potius
1225 1733 1498 1788 satanicze.
1541 1731 1678 1785 Sunt
1716 1729 1859 1784 enim
1885 1768 1900 1793 ,
1931 1734 2056 1780 sunt

472 1833 753 1902 hodieque,
785 1831 875 1901 qui
915 1829 1140 1898 direptis
1170 1826 1574 1881 innumerorum
1605 1821 1759 1875 bonis
1783 1860 1798 1884 ,
1830 1833 1890 1874 se
1915 1827 2054 1872 tctos

469 1933 751 1983 excusatus
779 1930 967 1992 putant
995 1963 1010 1984 ,
1042 1920 1085 1974 si
1121 1919 1207 1973 vel
1234 1917 1419 1972 decem
1463 1915 1548 1968 vel
1594 1922 1808 1968 centum
1857 1924 2053 1964 aureos

471 2027 712 2090 crogent.
745 2017 821 2072 De
864 2014 1056 2086 quibus
1084 2012 1341 2082 prepheta
1362 2009 1490 2064 dicit
1517 2024 1531 2061 :
1580 2004 1891 2078 Operiebatis
1919 2005 1946 2036 ι’
1971 2003 2052 2056 tu-

467 2113 655 2182 crymt’s
682 2110 845 2163 altare
868 2124 1033 2162 meum
1061 2104 1215 2177 (Mal.
1259 2104 1314 2158 2.
1347 2101 1477 2173 15).
1507 2100 1622 2155 Νοη
1671 2099 1784 2153 vult
1809 2097 2052 2152 Christus

465 2222 532 2260 ex
579 2205 762 2274 rapina
807 2199 1034 2266 nutriri,
1068 2214 1172 2252 non
1221 2193 1525 2265 huiusmodi
1575 2192 1749 2247 cibum
1801 2188 2044 2243 admittit.

465 2296 600 2364 Quid
629 2294 912 2350 Dominum
939 2288 1260 2346 contumelia
1290 2286 1480 2350 atticis,
1507 2284 1626 2337 dum
1661 2279 1930 2335 immunda
1974 2279 2047 2333 illi

463 2388 664 2444 effers?
711 2386 898 2441 Melius
941 2391 1084 2438 esset
1126 2381 1264 2434 fame
1314 2377 1674 2432 tabescentem
1705 2373 2041 2441 relinquere,

461 2495 622 2550 quam
654 2477 844 2532 talibus
882 2489 1099 2545 pascere
1141 2472 1318 2525 cibis:
1355 2467 1485 2523 illud
1530 2465 1766 2521 crudelis
1812 2462 2046 2517 hominis

460 2577 602 2623 esset
624 2609 639 2630 ,
669 2567 770 2622 hoc
798 2581 923 2621 vero
951 2575 1005 2619 et
1029 2561 1263 2617 crudelis
1311 2568 1366 2614 et
1410 2555 1801 2612 contumeliosi.
1859 2552 2046 2607 Melius

463 2670 548 2715 est
576 2659 705 2713 nihil
734 2658 883 2722 dare,
907 2672 1066 2726 quam
1087 2656 1262 2710 aliena
1290 2653 1408 2707 aliis
1437 2652 1584 2706 dare.
1610 2650 1704 2703 Dic
1727 2649 1867 2702 enim
1891 2646 2042 2713 mihi,

463 2756 509 2809 si
557 2755 693 2810 duos
729 2752 974 2807 homines
1003 2749 1210 2804 videres
1237 2761 1462 2818 quorum
1493 2745 1630 2799 alius
1659 2742 1833 2797 nudus
1871 2750 2038 2806 esset,

464 2847 600 2900 alius
626 2845 946 2899 vestimento
976 2842 1192 2896 indutus
1217 2882 1232 2907 ,
1270 2848 1324 2894 et
1374 2839 1521 2892 illum
1550 2837 1635 2907 qui
1666 2834 1878 2889 indutus
1904 2841 2043 2887 esset

458 2951 684 2991 cxueres
707 2978 722 3001 ,
755 2943 812 2988 ut
839 2933 1040 2988 nudum
1072 2933 1311 3002 operires
1332 2971 1346 2995 ,
1394 2943 1570 2982 annon
1598 2927 1778 2995 inique
1815 2925 2042 2996 ageres?

455 3026 685 3082 Maxime
713 3034 880 3079 certe.
909 3022 1059 3090 Quod
1090 3023 1136 3077 si
1161 3037 1272 3076 rem
1303 3029 1464 3073 totam
1483 3033 1639 3088 quam
1668 3016 1886 3087 rapuisti
1908 3015 2039 3070 dans

456 3118 630 3183 alteri,
659 3118 836 3186 inique
879 3116 995 3184 agis
1020 3155 1035 3179 ,
1068 3129 1168 3167 nec
1207 3111 1303 3166 das
1342 3110 1739 3180 elcemosynam
1769 3124 1784 3162 :
1825 3106 2038 3176 quando

457 3209 729 3262 minimam
762 3218 965 3276 partem
1005 3205 1098 3258 das
1129 3205 1264 3273 rapti
1315 3203 1531 3272 peculii,
1562 3209 1617 3254 et
1642 3199 1772 3254 illud
1799 3201 2038 3253 elcemo-

453 3315 642 3373 syuam
675 3313 856 3362 vocas,
890 3312 1022 3366 quas
1055 3311 1240 3364 pcenas
1287 3309 1394 3348 non
1423 3292 1612 3346 dabis?
1635 3289 1765 3347 Nam
1797 3290 1840 3344 si
1863 3289 1920 3355 ii,
1945 3288 2034 3358 qui

455 3391 638 3444 mutila
662 3388 908 3443 animalia
937 3386 1252 3446 offerebant,
1279 3385 1332 3438 in
1359 3383 1558 3438 crimen
1581 3380 1929 3445 vocabantur,
1955 3386 2032 3441 tu,

451 3483 549 3551 qui.
572 3482 754 3549 pejora
797 3479 926 3533 facis
948 3519 962 3542 ,
992 3492 1150 3548 quam
1179 3477 1388 3530 veniam
1415 3472 1794 3542 consequeris?
1821 3470 2030 3525 Etenim

451 3572 494 3626 si
525 3573 572 3626 ei
608 3571 693 3624 cui
743 3569 963 3623 abstulit
1007 3567 1092 3621 fur
1119 3567 1361 3621 restituat
1390 3564 1442 3619 id
1475 3572 1675 3618 tantum
1705 3563 1843 3632 quod
1886 3561 2030 3615 abri-

449 3666 584 3736 puit,
613 3664 798 3733 inique
824 3661 964 3732 agit,
1006 3670 1066 3716 et.
1090 3675 1258 3729 usque
1310 3657 1444 3711 adeo
1476 3664 1531 3708 ut
1558 3656 1835 3725 quadrupli
1883 3653 2031 3707 addi.

449 3757 592 3810 tione
616 3755 701 3808 vix
731 3765 1005 3824 peccatum
1030 3753 1163 3815 luat,
1189 3759 1242 3804 et
1281 3749 1395 3802 lucc
1425 3749 1475 3800 in
1507 3748 1673 3802 veleri
1717 3747 1834 3815 lege
1887 3764 1900 3798 :
1941 3745 2026 3814 qui

449 3863 553 3902 non
583 3847 753 3901 solum
777 3843 995 3909 furatur,
1027 3841 1118 3897 sed
1148 3841 1306 3896 etiam
1332 3839 1592 3893 violenter
1621 3837 1830 3906 abripit,
1858 3851 2029 3905 nequc

449 3939 520 3992 illi
549 3938 780 3992 restituit
825 3951 855 3989 a
895 3949 1002 4004 quo
1038 3931 1306 4000 abripuit,
1333 3929 1426 3984 sed
1455 3929 1605 3982 alteri
1630 3968 1648 3992 ,
1678 3941 1739 3980 ac
1768 3943 1872 3980 non
1900 3940 2028 3994 qua~

446 4029 689 4099 druplttm
715 4070 729 4094 ,
762 4027 870 4082 imo
911 4042 978 4080 ne
1003 4024 1280 4078 dimidium
1308 4021 1518 4091 quidem
1543 4061 1556 4083 ,
1593 4035 1691 4073 nec
1721 4018 1826 4088 iam
1865 4018 1915 4070 iu
1943 4033 2028 4071 ve-

447 4122 569 4184 teri,
603 4120 696 4174 sed
726 4120 776 4172 in
819 4133 953 4171 nova
981 4117 1117 4184 lege,
1145 4114 1317 4184 cogita
1347 4123 1598 4182 quantum
1650 4112 1822 4181 ignem
1857 4111 1906 4164 in
1938 4125 2026 4163 ca-

447 4221 537 4280 put
564 4225 716 4265 suum
741 4217 1011 4278 congerat.
1037 4207 1198 4275 Quod
1217 4207 1260 4260 si
1303 4205 1534 4259 nondum
1562 4220 1742 4272 pmnas
1763 4203 1872 4268 det,
1905 4202 2025 4256 ideo

447 4305 594 4358 illum
641 4303 846 4371 lugeas,
878 4300 1020 4371 quod
1063 4299 1160 4352 sibi
1193 4298 1449 4366 maiorem
1477 4297 1570 4349 irae
1601 4295 1906 4350 thesaurum
1939 4305 2023 4347 at-

448 4395 638 4458 trahat,
664 4393 761 4445 nisi
790 4390 1154 4459 pteuitcntiam
1177 4397 1314 4458 agat.
1347 4387 1645 4453 Qut'd‘ent'm
1671 4386 1970 4440 existimatis
2004 4427 2018 4451 ,

448 4487 632 4554 inquit,
665 4485 781 4537 illos
808 4482 942 4537 solos
970 4492 1255 4550 peccatores
1296 4481 1450 4551 fuisse
1470 4522 1484 4546 ,
1523 4497 1675 4550 super
1701 4497 1824 4549 quos
1866 4481 2022 4533 turris

445 4574 666 4628 cecidit?
695 4572 839 4637 Non,
865 4573 976 4624 dico
1001 4571 1156 4632 vobis,
1201 4570 1288 4623 sed
1311 4571 1406 4623 nisi
1435 4571 1784 4638 paenitentiam
1803 4570 2018 4640 egeritis,

446 4675 491 4716 et
531 4680 617 4718 vos
657 4663 808 4716 simul
856 4660 1074 4731 peribitis
1107 4659 1270 4731 (Luc.
1327 4660 1410 4714 15.
1439 4661 1495 4713 4.
1529 4660 1618 4730 ὅ).
1647 4659 2019 4714 Paenitentiam

444 4771 660 4826 agamus
692 4755 850 4824 igitur
870 4793 884 4815 ,
935 4760 990 4807 et
1019 4767 1047 4805 a
1082 4753 1263 4820 rapina
1295 4767 1476 4820 puram
1506 4751 1900 4821 eleemosynam
1927 4751 2023 4805 de-

446 4863 582 4910 mus,
639 4847 961 4915 largiterque
1011 4860 1312 4913 erogetnus.
1365 4844 1603 4914 Cogitate
1645 4844 1858 4898 Judzens
1895 4846 2018 4897 olim

441 4951 564 4995 octo
591 4941 734 4994 mille
761 4940 972 4993 Levitas
993 4939 1208 4999 aluisse,“
1241 4947 1294 4990 et
1322 4953 1443 4992 cum
1473 4937 1675 4992 Levitis
1701 4978 1715 4999 ,
1753 4937 1939 4989 viduas
1971 4946 2023 4988 ct

443 5033 688 5100 pupillos,
724 5047 785 5083 ac
814 5037 1072 5099 prteterea
1103 5029 1410 5082 ministeriis
1461 5029 1577 5082 aliis
1612 5028 1891 5094 obnoxios,
1925 5027 2022 5079 mi-

443 5125 565 5178 litia:
589 5139 798 5193 quoque
828 5137 1048 5190 operam
1088 5121 1300 5175 dedisse
1334 5139 1346 5171 :
1371 5135 1511 5174 nunc
1541 5135 1668 5173 vero
1695 5135 1849 5189 agros
1873 5161 1886 5182 ,
1936 5119 2004 5170 do

439 5230 577 5278 mos,
597 5217 891 5269 locationes
919 5202 1131 5276 aedium,
1163 5215 1403 5268 vehicula
1426 5253 1441 5277 ,
1468 5214 1749 5277 muliones,
1774 5214 1943 5266 mulos
1968 5224 2022 5266 et

451 5307 616 5360 multa
673 5307 776 5360 alia
826 5305 1126 5369 huiusmodi
1171 5305 1406 5376 possidet
1429 5305 1664 5359 Ecclesia
1693 5309 1762 5358 ob
1791 5313 2017 5359 vestram

442 5397 836 5450 crudelitatem.
871 5395 1153 5463 Oporterct
1202 5411 1368 5465 penes
1399 5413 1494 5450 vos
1524 5413 1644 5450 esse
1666 5397 1806 5450 hunc
1838 5397 2020 5451 Eccle-

446 5490 542 5541 si.e
599 5487 907 5540 thesaurum
935 5526 950 5551 ,
984 5496 1038 5540 et
1066 5499 1376 5555 proventum
1410 5489 1524 5555 eius
1563 5504 1626 5542 ex
1658 5500 1833 5542 vestro
1858 5491 2016 5544 animi

511 5618 524 5646 ¹
553 5618 626 5686 sic
666 5615 930 5686 legendum
977 5626 1070 5686 est,
1104 5622 1241 5686 juxta
1265 5621 1573 5686 Evangelium
1598 5623 1858 5686 Graecum;
1882 5625 2018 5686 iuxta

453 5690 565 5728 vero
589 5680 750 5727 Morel.
779 5685 828 5727 ct
851 5680 1076 5741 quosdam
1101 5688 1202 5730 Mss.
1229 5680 1490 5744 legendum
1517 5691 1669 5746 esset,
1701 5680 1989 5746 aperiebant.

1345 246 1410 302 ΙΝ
1453 237 1857 300 ΜΑΤἸἫΛΞῸΜ
1898 234 2124 292 HOMIL.
2169 235 2429 294 LXXXV.
2469 237 2543 292 al.
2583 239 2872 296 LXXXVI.

3647 249 3754 309 τω

2170 351 2345 403 studio
2377 352 2607 421 pendere
2635 371 2649 408 :
2679 370 2820 409 nunc
2844 363 3021 411 autem
3055 357 3160 412 duo
3231 359 3474 417 absurda
3497 362 3622 420 hinc
3659 380 3760 418 na—-

2166 452 2420 504 senatur;
2455 458 2574 496 nam
2603 453 2659 498 et
2684 447 2922 501 vossine
2947 446 3401 518 fructulntanetis,
3425 463 3480 507 et
3503 454 3754 509 sacerdo-

2167 538 2248 586 tes
2278 532 2366 587 Dei
2384 535 2482 590 sibi
2503 549 2607 589 non
2625 541 2980 606 competentia
3009 550 3256 597 tractant.
3273 544 3470 598 A-nnon
3495 553 3746 614 poterant

2164 625 2526 692 apostolorum
2551 636 2790 698 tempore
2808 629 2994 686 domus
3017 642 3067 687 et
3086 634 3199 704 agri
3210 650 3429 690 manere
3449 634 3470 688 ἲ
3487 635 3593 690 Gttr
3613 653 3742 706 ergo

2166 717 2254 772 illa
2286 719 2584 775 vendebant
2611 761 2626 784 ,
2656 732 2708 776 et
2733 725 2963 792 pretium
2987 725 3413 782 distribuebant?
3451 728 3582 796 Quia
3614 729 3740 782 illud

2165 811 2357 865 melius
2385 820 2520 865 erat.

2233 903 2285 956 4.
2316 902 2419 956 Sed
2451 919 2590 956 nunc
2614 913 2790 972 patres
2820 914 3029 961 vestros
3059 907 3216 962 timor
3252 909 3468 974 invasit,
3504 927 3570 965 ne
3594 910 3745 965 vobis

2163 992 2368 1048 furiosa
2391 1011 2567 1049 rerum
2596 997 2929 1050 smcularium
2957 999 3245 1068 cupiditate
3273 1003 3464 1071 captis;
3486 1004 3744 1072 colligen-

2164 1085 2439 1154 tibttsque,
2462 1102 2562 1141 nec
2588 1089 2989 1157 spargentibns,
3031 1090 3346 1160 viduarum,
3371 1095 3692 1165 pupillorum
3723 1097 3740 1129 ί

2163 1185 2217 1229 et
2245 1177 2503 1245 virginum
2534 1178 2694 1232 chori
2725 1179 2872 1234 fame
2896 1189 3116 1249 pereant
3148 1199 3163 1235 :
3193 1184 3312 1236 ideo
3355 1185 3468 1238 haec
3495 1186 3565 1239 ita
3591 1201 3740 1239 cotu-

2163 1281 2362 1336 ponere
2388 1269 2554 1322 coacti
2583 1277 2726 1323 sunt.
2756 1269 2940 1340 Neque
2964 1271 3110 1326 enim
3150 1272 3402 1328 volebant
3438 1275 3740 1344 huiusmodi

2161 1359 2392 1414 dedecus
2419 1360 2700 1417 admittere
2729 1403 2743 1425 ,
2770 1363 2864 1417 sed
2885 1362 3186 1433 cupiebant
3227 1365 3515 1419 voluntatis
3545 1379 3736 1421 vestra:

2162 1452 2490 1521 prepositum
2523 1451 2650 1520 ipsis
2698 1462 3013 1520 proventum
3059 1471 3181 1510 esse
3205 1495 3220 1520 ,
3253 1463 3309 1510 et
3339 1455 3462 1511 inde
3509 1457 3736 1512 tinctum

2159 1541 2470 1611 decerpere,
2525 1542 2650 1597 dum
2691 1543 2765 1598 illi
2810 1545 3052 1613 precibus
3085 1555 3286 1600 tantum
3343 1547 3735 1603 incumberent.

2158 1631 2311 1688 Nunc
2335 1643 2513 1688 autem
2543 1635 2663 1688 illos
2689 1637 2940 1706 coegistis
2970 1677 2986 1702 ,
3011 1646 3068 1692 ut
3093 1654 3186 1692 eos
3217 1641 3305 1708 qui
3338 1653 3424 1692 res
3456 1639 3740 1694 saeculares

2157 1733 2212 1779 et
2238 1725 2524 1779 familiares
2556 1736 2781 1781 tractant
2829 1728 3198 1792 imitarentur;
3241 1728 3381 1784 unde
3418 1731 3596 1784 omnia
3646 1746 3739 1785 sus

2157 1817 2330 1887 deque
2358 1833 2510 1873 versa
2533 1829 2674 1872 sunt.
2704 1819 2836 1873 Nam
2867 1836 2986 1874 cum
3009 1830 3189 1876 et‘vos
3217 1831 3283 1876 et-
3319 1822 3626 1876 nosiisdctn
3658 1824 3734 1877 si-

2157 1923 2277 1962 mus
2325 1910 2556 1979 negotiis
2605 1909 2828 1977 intenti,
2859 1911 2978 1981 quis
3022 1913 3187 1964 Deum
3221 1911 3486 1980 placabit?
3518 1911 3639 1967 Ideo
3671 1929 3732 1966 os

2157 2014 2262 2053 non
2289 1999 2546 2055 audemus
2571 2003 2802 2070 aperire,
2835 2003 2956 2072 quia
3002 2003 3236 2058 Ecclesia
3281 2003 3467 2058 nihil-a
3510 2006 3736 2058 saecula-

2157 2091 2300 2146 ribus
2349 2091 2650 2148 hominibus
2676 2093 2872 2148 diﬂ'ert.
2932 2093 3047 2148 Non
3078 2094 3302 2148 audistis
3329 2096 3602 2165 apostolos
3621 2135 3637 2160 ,
3671 2111 3738 2151 ne

2153 2184 2364 2253 quidem
2397 2186 2648 2254 pecunias
2684 2187 2802 2242 sine
2837 2186 3020 2242 labore
3061 2187 3316 2242 collectas
3343 2185 3737 2242 di5tribuendas

2153 2278 2491 2348 suscepisse?
2518 2278 2667 2332 Nunc
2693 2288 2872 2334 autem
2899 2281 3157 2347 episcopi,
3185 2288 3482 2342 curatores,
3515 2295 3733 2334 (Econo-

2152 2383 2268 2424 mos
2297 2378 2350 2423 et
2374 2383 2642 2439 caupones
2662 2370 2963 2440 huiusmodi
2989 2371 3343 2426 sollicitudine
3365 2381 3618 2440 superant
3648 2380 3736 2425 :et

2149 2476 2269 2516 cum
2289 2470 2560 2530 oporteret
2576 2463 2694 2516 illos
2707 2463 3005 2517 animarum
3021 2473 3314 2517 vestrarum
3331 2477 3512 2516 curam
3525 2477 3730 2532 gerere,

2149 2551 2334 2606 eadem
2359 2567 2478 2622 qua:
2507 2562 2820 2622 exceptores
2841 2596 2856 2618 ,
2884 2563 3200 2624 quaestores,
3231 2553 3503 2608 rationarii
3534 2563 3592 2608 et
3631 2569 3731 2624 pe-

2148 2644 2370 2699 cuniarii
2397 2659 2584 2700 curare
2622 2655 2887 2717 coguntur
2919 2664 2932 2700 :
2963 2647 3030 2702 de
3071 2648 3153 2702 his
3181 2649 3419 2718 quotidie
3463 2657 3586 2701 sunt
3625 2648 3732 2702 sol-

2147 2737 2297 2792 liciti.
2355 2737 2481 2792 Hrec
2529 2753 2636 2792 non
2687 2738 2883 2793 frustra
2938 2740 3199 2810 tleploro,
3236 2741 3333 2797 sed
3383 2753 3438 2795 ιιι
3485 2741 3726 2812 qua-dam

2145 2829 2447 2884 emendatio
2497 2838 2553 2884 et
2595 2832 2818 2885 mutatio
2877 2840 3171 2901 sequatur,
3231 2843 3290 2887 ut
3341 2850 3438 2888 nos
3478 2835 3565 2904 qui
3626 2834 3726 2889 hac

2143 2925 2290 2993 gravi
2317 2923 2572 2976 servitute
2613 2923 2934 2992 premimur,
2964 2924 3387 2979 misericordiam
3432 2940 3728 2994 consequa-

2145 3033 2265 3071 nmr
2285 3059 2300 3083 ,
2330 3026 2385 3069 ut
2410 3031 2502 3070 vos
2528 3015 2645 3071 sitis
2663 3015 2918 3072 Ecclesiae
2942 3025 3004 3071 et
3028 3025 3318 3086 proventus
3338 3026 3392 3070 et
3419 2997 3720 3077 thesaurus;

2143 3111 2235 3166 Sin
2263 3110 2441 3163 nolitis
2464 3111 2508 3176 ',
2537 3123 2661 3164 ecce
2696 3124 2962 3179 pauperes
2989 3123 3170 3163 coram
3199 3109 3348 3162 vobis
3373 3117 3495 3163 sunt
3527 3125 3540 3162 :
3563 3117 3719 3178 quot-

2139 3212 2269 3273 quot
2292 3203 2604 3272 poterimus,
2629 3202 2866 3266 alentus;
2901 3217 3035 3271 quos
3083 3218 3188 3256 non
3222 3203 3534 3272 poterimus,
3566 3201 3717 3255 vobis

2138 3296 2358 3349 alendus
2383 3295 2746 3362 retinquemns
2769 3335 2785 3360 ,
2817 3309 2883 3348 ne
2915 3294 2966 3347 in
3012 3295 3099 3349 die
3122 3291 3406 3350 tremenda
3430 3294 3588 3348 verba
3620 3293 3708 3347 illa

2137 3388 2382 3452 audiatis,
2416 3387 2921 3443 immisericordibus
2947 3397 3000 3442 et
3032 3388 3335 3442 inhumanis
3358 3387 3498 3442 dicta
3531 3407 3544 3442 :
3576 3387 3717 3441 Esu-

2135 3482 2344 3536 rientem
2370 3498 2449 3534 me
2469 3481 2681 3547 vidistis,
2705 3490 2750 3536 et
2772 3497 2873 3535 non
2903 3482 3121 3535 aluistis.
3151 3481 3276 3536 Haec
3299 3490 3444 3536 certe
3474 3482 3720 3536 inhuma-

2137 3574 2271 3626 nitas
2301 3581 2355 3626 et
2385 3586 2475 3626 vos
2499 3579 2552 3626 et
2572 3587 2669 3626 nos
2699 3571 2951 3626 ridiculos
2971 3572 3154 3636 cilicit,
3183 3573 3304 3640 quia
3333 3574 3595 3638 oratione,
3620 3572 3717 3625 do-

2134 3664 2325 3730 ctrina,
2355 3665 2666 3733 caeterisque
2691 3664 2888 3717 sanctis
2911 3663 3183 3717 exercitiis
3214 3663 3434 3726 relictis,
3467 3663 3555 3717 alii
3579 3663 3710 3728 vini,

2133 3755 2219 3807 alii
2251 3755 2524 3818 frumenti,
2573 3753 2661 3807 alii
2705 3755 2930 3808 aliarum
2970 3769 3145 3807 rerum
3196 3753 3565 3807 venditoribus
3611 3754 3716 3808 liti-

2131 3844 2305 3913 gaudo
2333 3845 2619 3897 miscemur
2648 3845 2791 3896 omni
2843 3854 3100 3913 tempore.
3144 3844 3279 3898 Hinc
3309 3845 3463 3911 rixae,
3493 3853 3712 3898 conten-

2134 3937 2323 4001 tiones,
2369 3944 2425 3990 et
2473 3935 2776 4005 quotidiana
2802 3937 3039 3991 convicia
3067 3952 3090 3995 ;Δ
3115 3937 3440 4007 singulisque
3465 3937 3713 3991 sacerdo«

2133 4026 2271 4080 tibus
2295 4026 2508 4080 nomina
2553 4027 2793 4096 qua-dam
2833 4028 3197 4097 imponuntur,
3225 4044 3344 4096 quae
3382 4027 3711 4082 sccularihus

2129 4117 2330 4171 azdibus
2361 4119 2527 4188 magis
2553 4125 2953 4187 competercnt;
2981 4133 3099 4173 cum
3130 4128 3404 4188 oporteret
3451 4119 3572 4174 aliis
3613 4136 3711 4173 no-

2130 4211 2358 4264 minibus
2379 4211 2574 4274 vocari,
2609 4227 2729 4280 qua:
2770 4220 3070 4266 statuerunt
3093 4212 3338 4281 apostoli,
3368 4213 3434 4267 ab
3456 4214 3709 4267 alimento

2130 4303 2449 4372 pauperibus
2465 4303 2609 4366 dato,
2628 4319 2654 4356 a
2679 4303 2972 4371 patrocinio
2993 4303 3133 4357 laesis
3153 4319 3431 4370 concesso,
3445 4305 3510 4358 ab
3531 4305 3710 4374 hospi-

2127 4395 2350 4456 talitate,
2378 4411 2406 4448 a
2444 4396 2680 4465 pra-stilo
2702 4397 2973 4465 oppressis
3001 4398 3200 4451 auxilio
3225 4439 3239 4462 ,
3273 4414 3302 4452 a
3331 4414 3454 4452 cura
3483 4399 3711 4468 pupillo-

2127 4503 2265 4553 rum,
2299 4503 2326 4540 a
2379 4487 2688 4542 defensione
2715 4489 3009 4548 viduarum.
3040 4506 3068 4542 a
3109 4493 3438 4559 protectionc
3484 4492 3705 4562 virgini-

2128 4584 2224 4638 bus
2253 4583 2395 4646 data,
2427 4592 2480 4636 ct
2503 4582 2614 4635 haec
2637 4584 2930 4637 ministeria
2953 4585 3319 4638 sacerdotibus
3349 4585 3502 4648 tradi,
3531 4587 3705 4654 potius

2125 4688 2279 4742 quam
2301 4687 2547 4740 agrorum
2570 4672 2888 4741 mdiumque.
2905 4671 3028 4726 Haec
3051 4673 3190 4726 enim
3214 4672 3464 4727 Ecclesiae
3485 4684 3608 4728 sunt
3631 4676 3706 4729 ci-

2125 4764 2280 4818 melia
2305 4782 2318 4818 :
2344 4763 2395 4816 hi
2422 4763 2653 4818 thesauri
2677 4765 2774 4833 ipsi
2802 4773 3186 4832 competentes,
3207 4780 3324 4834 qua:
3355 4766 3576 4820 multam
3602 4781 3705 4820 no-

2126 4859 2206 4912 his
2235 4857 2563 4922 facilitatem,
2582 4856 2837 4926 vobisque
2869 4857 3165 4921 utilitatem,
3195 4858 3300 4910 imo
3327 4858 3486 4912 etiam
3531 4856 3703 4912 facili-

2126 4963 2284 5006 tatem
2311 4961 2584 5020 praestent.
2607 4951 2738 5007 Nam
2765 4969 2856 5022 per
2885 4953 3215 5022 Deigratiam
3241 4965 3367 5023 puto
3395 4970 3484 5010 eos
3504 4955 3592 5026 qui
3619 4955 3708 5011 hic

2124 5054 2517 5116 t-ougregantur
2545 5046 2612 5100 ad
2640 5055 2854 5100 centum
2882 5047 3026 5102 mille
3056 5048 3358 5118 pertingere
3383 5065 3398 5112 ;
3431 5055 3487 5102 ct
3514 5049 3559 5102 si
3589 5048 3707 5104 sin.-

2123 5140 2228 5204 guli
2252 5139 2473 5208 singulis
2497 5140 2814 5209 pauperibus
2837 5141 3071 5210 singulos
3106 5157 3268 5208 panes
3291 5141 3496 5201 darent,
3515 5157 3705 5196 omnes

2127 5233 2175 5281 in
2201 5248 2376 5285 rerum
2405 5231 2726 5287 abundantia
2773 5242 2953 5287 essent
2981 5253 2993 5286 :
3021 5234 3062 5286 si
3095 5235 3285 5302 singuli
3319 5249 3479 5286 nnmn
3513 5234 3705 5288 darent

2125 5325 2360 5386 oholum,
2391 5341 2457 5380 ne
2502 5341 2639 5381 unus
2683 5325 2896 5393 quidem
2951 5339 3152 5392 pauper
3189 5333 3352 5388 esset,
3405 5339 3577 5393 neque
3628 5335 3704 5380 tot

2126 5419 2340 5472 dicteria
2370 5428 2422 5472 ct
2454 5419 2645 5486 probra
2675 5418 3062 5472 sustineremus
3107 5418 3175 5471 ob
3204 5417 3700 5486 pr:rdiornm.solli-

2125 5509 2433 5565 citudinem.
2455 5509 2584 5563 Nam
2615 5509 2757 5572 illud,
2790 5506 2956 5560 Vende
2973 5510 3202 5561 universa
3223 5525 3337 5577 quae
3362 5509 3530 5573 Italia,
3557 5520 3604 5564 et
3633 5512 3708 5563 da.

2189 5629 2202 5656 ι
2239 5625 2365 5679 Vox,
2393 5622 2871 5687 pttpi“0_lf1t_m,tlc(‘8t
2897 5623 2943 5672 in
2970 5623 3130 5687 \torel‘.

2195 5690 2212 5718 ⁹
2250 5695 2373 5747 Ila-c,
2393 5684 2482 5736 'sin
2506 5684 2682 5749 nolitis,
2705 5684 2884 5738 desunt
2902 5686 2950 5734 in
2975 5684 3136 5735 Morel.
