4058 6144
347 250 449 305 τω

348 361 676 432 pauperibus,
715 368 762 412 et
786 359 917 426 uni,
949 372 1152 428 sequere
1176 374 1254 410 me
1274 354 1486 425 (Matth.
1512 346 1599 409 l9.
1621 354 1737 423 21),
1767 352 1929 407 etiam

344 453 412 508 ad
469 452 728 507 Ecclesia:
782 449 1039 519 prmities
1083 448 1151 504 de
1195 447 1449 501 Ecclesia:
1503 445 1932 515 possessionibus

346 554 648 612 opportune
687 540 917 596 dicatur.
948 538 1069 593 Alio
1106 537 1250 593 enim
1281 537 1442 591 modo
1484 553 1593 591 non
1642 550 1931 605 possumus

351 644 408 685 ut
435 640 649 702 oportet
676 630 848 701 sequi,
877 628 980 684 nisi
1013 628 1159 682 omni
1184 626 1543 682 sollicitiuline
1584 626 1848 682 crassiore
1876 634 1934 680 et

352 723 541 777 viliore
588 721 755 776 simus
803 719 977 776 vacui.
1030 718 1183 775 Nunc
1244 729 1424 773 autem
1478 716 1574 773 Dei
1627 717 1934 772 sacerdotes

350 812 651 877 vindemiae,
698 812 900 878 messi,
943 810 1235 870 venditioni
1264 820 1317 864 et
1356 808 1613 878 emptioni
1666 808 1933 863 fructuum

351 906 481 964 dent
506 921 725 974 operam
749 921 763 970 ;
794 914 849 959 et
870 904 961 967 alii
981 904 1197 973 quidem
1232 904 1439 963 umbrae
1465 904 1763 959 servientes
1790 944 1805 968 ,
1839 904 1934 958 ho-

352 1015 470 1053 rutn
495 999 733 1053 omnium
761 999 1025 1059 immunes
1067 1008 1240 1065 erant,
1270 1001 1372 1052 etsi
1399 998 1663 1068 corporali
1691 999 1935 1055 ministe-

356 1092 440 1149 rio
468 1091 705 1160 deputati
731 1109 745 1157 ;
770 1107 869 1146 nos
894 1101 1073 1146 autem
1104 1090 1193 1159 qui
1217 1090 1287 1148 ad
1315 1090 1427 1159 ipsa
1456 1090 1747 1160 penetralia
1772 1091 1935 1147 caelo-

353 1199 473 1239 rum
489 1197 800 1251 evocantur,
822 1182 945 1239 etin
970 1197 1099 1238 vera
1118 1193 1301 1237 saneta
1320 1192 1626 1241 sanctorum
1652 1183 1935 1246 intramus.

356 1283 713 1329 mercatorum
766 1281 821 1329 et
868 1288 1170 1341 cauponem
1213 1288 1371 1328 curas
1411 1273 1751 1342 suscipimus.
1802 1275 1940 1330 Hinc

356 1366 648 1433 Scriptum
685 1364 975 1419 admodum
1001 1364 1361 1435 negliguntur,
1392 1365 1726 1434 precationes
1753 1368 1936 1437 segni-

357 1494 424 1512 .-

1093 244 1147 297 S.
1175 240 1454 298 JOANNIS
1489 232 1950 295 CIIRYSOSTOMI
1991 233 2301 289 AllCl‘HEP.
2341 231 2870 290 CONSTANTINOP.

3515 232 3617 284 7le

2039 361 2120 406 ter
2142 353 2514 420 persolvuntur
2541 394 2557 418 ,
2587 354 2797 421 aliaque
2825 354 3005 407 omnia
3036 357 3468 406 contemnuntur.
3499 347 3616 401 Non

2037 444 2179 498 enim
2208 443 2321 498 fieri
2365 455 2571 513 potest,
2619 455 2674 499 ut
2700 445 2766 499 ad
2798 445 2911 499 llaec
2941 445 3099 497 ambo
3123 459 3243 497 cum
3292 442 3469 497 studio
3492 442 3618 495 dili-

2036 534 2178 605 genti
2204 534 2532 590 scirnlamur.
2564 535 2741 603 Quare
2765 537 2994 592 obsecro
3038 546 3090 591 et
3119 550 3233 600 oro,
3267 544 3324 588 ut
3350 534 3501 588 multi
3532 550 3623 588 uo-

2039 628 2120 682 bis
2146 627 2374 699 undique
2399 629 2573 685 fontes
2602 629 2915 695 scaturiant,
2968 637 3131 699 utque
3152 642 3275 682 area
3321 636 3498 682 vestra
3524 638 3579 681 et
3600 628 3617 657 ¹

2040 719 2270 773 torcular
2299 728 2536 775 vestrum
2561 721 2631 775 sit
2672 721 2826 774 nobis
2854 720 2904 773 in
2956 719 3249 773 stimulum.
3296 717 3369 783 [ta
3397 718 3538 771 enim
3566 728 3622 771 et

2041 824 2301 879 pauperes
2330 809 2534 864 facilius
2558 810 2791 873 alentur,
2817 810 2961 865 Deus
2982 808 3389 880 gloi-ilicabitur,
3421 822 3621 876 vosque

2040 900 2109 955 ad
2132 902 2332 970 majora
2356 901 2701 956 humanitatis
2721 917 2884 972 opera
2914 901 3205 971 progressi.
3226 899 3447 954 aeternis
3473 896 3621 953 frue—

2043 995 2173 1049 mini
2198 996 2388 1051 bonis:
2425 1011 2547 1063 quae
2577 1009 2676 1049 nos
2719 1009 2906 1049 omnes
2932 994 3147 1061 assequi
3178 994 3474 1061 contingat,
3499 1007 3622 1060 gra-

2043 1088 2113 1141 tia
2143 1097 2197 1141 et
2216 1084 2541 1156 benignitate
2561 1086 2768 1141 Domini
2796 1085 2964 1141 nostri
3002 1084 3129 1141 Jesu
3156 1083 3380 1149 Christi,
3412 1083 3496 1155 cui
3521 1083 3625 1152 glo-

2044 1180 2122 1234 ria
2147 1179 2200 1233 in
2230 1178 2424 1234 saecula
2454 1178 2796 1234 saeculorum.
2821 1179 3015 1232 Amen.

2109 1352 2124 1382 ¹
2163 1350 2298 1410 Haec,
2320 1362 2438 1400 area
2458 1356 2615 1401 vestra
2635 1355 2699 1411 et,
2724 1350 2906 1400 desunt
2926 1350 2976 1398 in
2994 1348 3162 1398 Morel.

1390 1571 1734 1633 HOMILIA
1776 1572 2130 1637 LXXXVI.
2174 1574 2260 1639 al.
2305 1573 2688 1637 LXXXVII.

360 1716 490 1780 CAP.
531 1717 620 1772 27.
652 1734 702 1772 v.
740 1717 827 1772 11.
864 1715 1016 1770 Iesus
1068 1726 1237 1769 autem
1283 1716 1417 1769 stetit
1467 1726 1585 1769 ante
1636 1716 1899 1785 praesidem
1925 1757 1941 1782 ,

428 1818 474 1861 et
500 1808 821 1877 interrogavit
845 1824 958 1861 eum
984 1822 1187 1877 prietes,
1218 1807 1387 1861 dicens
1408 1824 1426 1861 :
1456 1807 1533 1861 Tu
1558 1824 1608 1861 es
1634 1824 1724 1862 rea:
1741 1807 1946 1862 Judae-

428 1898 582 1951 runt?
607 1896 759 1952 Jesus
783 1907 951 1951 autem
978 1898 1105 1951 dixit
1133 1913 1151 1951 :
1174 1897 1254 1951 Tu
1282 1898 1429 1953 dicis.
1459 1896 1546 1953 12.
1578 1898 1644 1951 Et
1669 1914 1780 1952 cum
1803 1914 1946 1952 accu-

426 1999 625 2049 saretur
643 2006 675 2042 a
696 1990 1009 2059 principibus
1031 1989 1349 2044 sacerdotum
1377 2000 1424 2043 et
1443 1989 1723 2044 maioribus
1746 1991 1941 2060 pepuli,

432 2080 561 2133 nihil
590 2081 868 2150 respondit.

431 2172 483 2224 1.
523 2169 824 2225 Judtsorunt
848 2180 1201 2226 accusatorum
1237 2169 1423 2225 Christi
1454 2172 1589 2226 mala
1617 2172 1763 2240 ﬁdes.
1793 2172 1947 2227 Citri-

359 2271 465 2319 stus
488 2278 585 2330 quo
601 2279 749 2323 sensu
771 2279 825 2317 se
849 2280 1013 2334 regem
1039 2262 1444 2318 dicit.—Viden’
1461 2264 1549 2320 hic
1571 2266 1796 2333 primum
1822 2281 1946 2321 exa-

363 2352 553 2413 minari
602 2351 727 2406 illud
761 2353 902 2422 quod
946 2352 1116 2408 Judaei
1169 2352 1597 2425 frequentissime
1627 2356 1947 2411 versabant?

362 2443 495 2511 Quia
523 2444 666 2497 enim
696 2444 948 2499 videbant
977 2444 1203 2498 Pilatum
1271 2443 1414 2501 nihil
1478 2445 1669 2515 legalis
1736 2461 1945 2515 curare,

361 2535 431 2598 ad
455 2535 663 2604 publica
684 2536 906 2602 crimina
928 2545 1225 2595 vertuntur.
1246 2537 1338 2593 Sic
1362 2548 1416 2592 et
1433 2553 1559 2606 erga
1578 2540 1849 2607 apostolos
1864 2540 1948 2596 fa-

363 2624 596 2693 ciebant,
610 2625 727 2681 htec
750 2641 962 2697 semper
976 2626 1310 2696 objicientes,
1334 2628 1478 2697 ipsos
1498 2643 1690 2698 nempe
1713 2630 1947 2685 circum-

363 2716 443 2771 ire
494 2716 844 2785 pradicantes
886 2732 1069 2786 regem
1116 2717 1398 2787 quemdam
1454 2718 1658 2786 Jesum,
1701 2722 1853 2790 quasi
1882 2721 1950 2778 de

363 2806 506 2863 nudo
528 2807 742 2871 homine
760 2808 873 2863 haec
896 2808 1305 2872 diccreut,etad
1329 2810 1686 2878 suspicionem
1709 2813 1949 2883 tyranni-

362 2900 446 2955 dis
471 2900 803 2965 inducentes.
835 2901 987 2959 Unde
1013 2902 1185 2972 palam
1215 2912 1297 2957 est
1318 2942 1333 2967 ,
1365 2904 1676 2959 scissionem
1720 2906 1943 2974 tunicae,

362 3002 419 3047 et
451 3004 725 3062 stuporem
757 2994 1020 3064 pontificis
1043 2996 1289 3050 simulata
1331 2994 1513 3052 fuisse.
1540 2996 1730 3053 Omnia
1754 3000 1951 3071 quippe

364 3087 650 3140 movebant
692 3097 747 3141 et
792 3088 1117 3152 versabant,
1152 3097 1207 3141 ut
1252 3097 1477 3142 mortem
1527 3089 1625 3157 ipsi
1670 3089 1947 3145 inferrent.

365 3176 477 3239 lloc
514 3178 688 3248 itaque
714 3178 913 3233 Pilatus
941 3189 1066 3234 tunc
1092 3180 1455 3251 interrogavit.
1486 3183 1620 3250 Quid
1646 3198 1773 3252 ergo
1800 3183 1951 3239 Chri-

365 3269 520 3324 stus?
551 3269 628 3322 Tu
666 3269 861 3324 dixisti.
903 3270 1191 3326 Confessus
1229 3283 1311 3326 est
1350 3289 1410 3328 se
1446 3289 1625 3343 regem
1662 3290 1782 3331 esse
1805 3317 1819 3340 ,
1856 3277 1951 3332 sed

365 3359 637 3416 caelestem
665 3376 846 3429 regem
878 3362 894 3394 ί
925 3377 938 3414 :
968 3361 1108 3432 quod
1151 3363 1276 3418 alibi
1305 3364 1500 3417 clarius
1529 3363 1699 3418 Pilato
1728 3381 1949 3435 respon-

368 3451 503 3504 dens
523 3451 661 3504 dixit
681 3468 695 3504 :
715 3450 946 3520 Regnum
963 3470 1129 3505 meum
1150 3470 1249 3506 non
1272 3464 1343 3507 est
1364 3456 1426 3507 de
1448 3454 1542 3507 hoc
1562 3456 1750 3509 mundo
1770 3456 1949 3526 (Joau.

368 3543 458 3596 18.
486 3542 603 3613 56),
626 3552 685 3596 ut
710 3558 882 3613 neque
905 3545 976 3607 hi,
1006 3560 1178 3615 neque
1206 3545 1279 3598 illi
1314 3545 1439 3600 talia
1472 3557 1788 3603 accusantes
1808 3592 1823 3617 ,
1855 3552 1953 3603 ali-

368 3648 529 3701 quam
557 3634 952 3689 excusationem
984 3635 1276 3699 haberent;
1305 3635 1662 3707 invictamque
1694 3639 1950 3694 rationem

367 3722 559 3779 aﬂerl:
585 3723 646 3779 Si
669 3740 731 3779 ea:
760 3724 853 3778 hoc
879 3724 1068 3778 mundo
1092 3741 1269 3792 essem,
1300 3727 1399 3778 mei
1422 3726 1592 3797 utique
1620 3728 1949 3798 decertarent,

367 3835 430 3873 ue
456 3819 699 3874 traderer.
734 3818 931 3875 Idcirco
963 3830 1019 3873 ut
1055 3818 1193 3874 hanc
1218 3821 1575 3889 suspicionem
1611 3832 1950 3890 removeret,

365 3920 420 3965 et
463 3911 715 3965 tributum
763 3912 962 3978 solvit,
1003 3923 1058 3967 et
1098 3912 1234 3968 alios
1272 3914 1480 3968 solvere
1512 3913 1702 3984 jussit;
1741 3926 1795 3970 et
1833 3931 1953 3971 cum

369 4001 569 4055 vellent
608 4017 728 4067 eum
773 4018 951 4072 regem
983 4002 1157 4058 facere
1181 4044 1196 4067 ,
1234 4003 1453 4073 aufugit.
1486 4002 1593 4057 Cur
1626 4013 1839 4072 autem,
1868 4006 1953 4060 in-

365 4094 538 4161 quies,
567 4094 682 4149 haac
705 4110 813 4154 non
839 4094 891 4149 in
918 4094 1151 4150 medium
1177 4095 1417 4164 protulit,
1441 4110 1560 4147 cum
1583 4095 1649 4149 de
1672 4097 1952 4166 tyrannide

364 4184 740 4245 accusaretur?
782 4183 915 4251 Quia
961 4200 1083 4238 cum
1125 4192 1403 4239 sescentas
1450 4184 1708 4240 haberent
1754 4203 1821 4242 ex
1862 4204 1951 4242 re-

366 4274 466 4335 bus
492 4273 621 4343 ipsis
639 4276 659 4304 ³
688 4273 1170 4329 demonstrationes
1198 4274 1266 4329 de
1294 4282 1574 4343 potestate,
1603 4275 1672 4332 de
1700 4292 1949 4332 mansue-

367 4362 590 4429 tudine,
639 4363 708 4418 de
754 4364 1054 4430 modestia,
1103 4363 1330 4418 libentes
1376 4364 1761 4429 czecutiebant,
1814 4367 1951 4421 mala

366 4455 806 4512 machinabantur
825 4496 844 4523 ,
872 4465 927 4511 et
951 4466 1256 4525 corruptum
1284 4466 1400 4512 erat
1423 4457 1701 4526 judicium.
1735 4458 1859 4514 Ideo
1884 4460 1950 4513 ad

363 4547 495 4603 nihil
540 4547 865 4617 respondet,
897 4546 992 4603 sed
1034 4556 1213 4613 tacet,
1243 4558 1296 4603 et
1326 4548 1637 4603 brevissime
1665 4550 1951 4619 aliquando

364 4639 595 4708 loquitur
613 4681 626 4701 ,
656 4654 724 4694 ne
753 4654 819 4694 ex
851 4649 1107 4710 perpetuo
1131 4639 1345 4699 silentio
1368 4641 1682 4711 arrogantia:
1711 4642 1810 4697 sibi
1838 4644 1951 4701 exi-

363 4731 721 4787 stimationem
749 4738 958 4800 pareret
980 4771 996 4797 ,
1026 4746 1217 4799 nempe
1242 4746 1361 4785 cum
1388 4730 1651 4799 adjutavit
1675 4733 1905 4802 pontifex
1928 4776 1944 4802 ,

360 4837 484 4879 cum
529 4820 876 4893 interrogavit
919 4836 1152 4890 praeses;
1197 4821 1262 4877 ad
1293 4820 1500 4891 objecta
1528 4838 1655 4876 vero
1683 4821 1902 4878 crimina
1928 4868 1941 4892 ,

360 4913 483 4979 quia
523 4927 581 4966 se
615 4913 831 4972 minime
872 4928 1249 4984 persuasurum
1277 4928 1397 4967 esse
1426 4913 1627 4967 sciebat
1649 4954 1664 4977 ,
1697 4914 1827 4967 nihil
1858 4930 1946 4968 re-

361 5003 596 5072 spondit.
626 5003 775 5081 Quod
802 5015 854 5059 et
876 4986 1136 5075 ‘pmpheta
1161 5002 1390 5074 idipsum
1420 5004 1778 5074 prwnunitians
1800 5004 1942 5060 dice-

361 5097 451 5151 bat
496 5113 510 5148 :
555 5095 621 5153 In
660 5096 937 5152 humilitate
978 5100 1089 5168 ejus
1125 5096 1382 5166 judicium
1422 5098 1530 5160 eius
1574 5096 1825 5155 sublatum
1873 5108 1946 5152 est

361 5187 527 5257 (Isai.
554 5188 642 5245 53.
672 5189 766 5258 8).
798 5188 874 5253 De
902 5188 984 5249 his
1007 5188 1301 5247 mirabatur
1327 5202 1525 5258 praeses
1556 5205 1568 5241 :
1597 5189 1946 5244 admiratione

363 5281 557 5351 quippe
583 5278 803 5349 dignum
831 5291 945 5335 erat
968 5320 983 5343 ,
1015 5288 1215 5334 tantam
1244 5278 1558 5342 modestiam
1585 5288 1639 5333 et
1668 5279 1942 5337 taciturni-

362 5377 524 5425 tatem
571 5370 824 5425 exhibere
868 5385 989 5425 eum
1033 5370 1125 5438 qui
1171 5369 1446 5423 innumera
1490 5368 1671 5423 dicere
1716 5377 1941 5437 poterat.

368 5461 546 5533 Neque
583 5463 727 5527 enim
758 5460 900 5532 quod
936 5460 1135 5531 aliquid
1178 5462 1233 5517 in
1262 5476 1328 5517 eo
1356 5459 1480 5519 mali
1510 5468 1757 5529 putarent
1786 5476 1903 5515 esse
1928 5500 1944 5527 ,

390 5599 409 5661 ιν
431 5595 525 5661 ᾼΙίἰ
550 5595 747 5661 habent.
772 5602 817 5661 et
831 5608 989 5658 regem
1010 5593 1265 5661 ricleslem,
1280 5593 1407 5661 quod
1423 5595 1652 5661 majorem
1672 5595 1765 5661 vim
1777 5594 1945 5644 habet.

398 5660 419 5695 s
436 5657 491 5713 ιη
514 5655 675 5713 Morel.
703 5654 902 5720 legitur;
918 5668 944 5705 ε
965 5654 1239 5725 scripturis,
1258 5654 1361 5727 pro,
1387 5666 1450 5705 ex
1464 5654 1603 5707 rebus
1624 5654 1759 5718 ipsis.

2050 1717 2198 1772 illum
2229 1718 2582 1781 accusabant,
2610 1718 2705 1774 sed
2735 1718 2900 1773 livore
2926 1723 3127 1772 tantum
3157 1726 3210 1772 et
3242 1716 3435 1771 invidia
3464 1717 3627 1771 ducti.

2049 1808 2179 1863 Nam
2208 1824 2328 1863 cum
2359 1809 2521 1866 falsos
2549 1818 2711 1865 testes
2739 1810 3097 1879 induxerunt,
3124 1823 3220 1862 cur
3245 1823 3365 1863 cum
3393 1808 3520 1862 nihil
3548 1807 3631 1860 di-

2049 1898 2274 1953 cendum
2324 1899 2622 1967 haberent,
2668 1899 2842 1955 adhuc
2888 1897 3186 1954 accusando
3245 1897 3637 1968 perstiterunt?

2050 2005 2149 2044 cur
2182 1989 2369 2045 ludam
2402 1991 2757 2061 exspirantem
2796 1990 3037 2046 videntes
3060 2031 3075 2054 ,
3107 1999 3159 2045 et
3191 1988 3415 2044 Pilatum
3446 2004 3636 2043 manus

2052 2082 2348 2148 lavantem,
2381 2099 2487 2137 non
2516 2083 2818 2153 compuncti
2844 2081 3006 2136 sunt?
3030 2081 3161 2136 Nam
3194 2079 3359 2135 multa
3385 2080 3475 2135 illo
3503 2088 3636 2134 tem-

2052 2189 2183 2245 pore
2221 2174 2345 2229 fecit
2368 2215 2384 2241 ,
2424 2189 2544 2245 qua:
2581 2172 2649 2230 ad
2694 2172 3112 2243 resipiscendum
3152 2170 3499 2234 inducerent;
3540 2170 3634 2224 sed

2051 2264 2303 2319 meliores
2329 2280 2435 2319 non
2461 2263 2636 2319 eﬂ‘ecti
2663 2274 2804 2319 sunt.
2831 2262 2965 2334 Quid
2993 2278 3121 2333 ergo
3147 2262 3368 2317 Pilatus.
3394 2263 3482 2316 15.
3505 2259 3635 2315 Non

2053 2358 2202 2412 audis
2220 2369 2409 2427 quanta
2427 2358 2511 2411 isti
2529 2358 2767 2412 adversus
2787 2367 2834 2411 te
2853 2356 3226 2426 testiﬁcantur?
3246 2354 3471 2412 Volebat
3490 2354 3635 2410 enim

2053 2450 2201 2505 illum
2228 2465 2287 2506 se
2311 2450 2685 2506 defendentem
2718 2450 2951 2504 liberare
2977 2491 2991 2514 ,
3023 2449 3246 2518 ideoque
3274 2448 3353 2502 sic
3378 2447 3635 2517 loqueba-

2055 2548 2172 2605 tur;
2220 2556 2341 2595 cum
2385 2551 2565 2596 autem
2601 2541 2731 2595 nihil
2768 2540 3117 2610 responderet
3139 2582 3153 2606 ,
3186 2540 3327 2594 aliud
3362 2538 3635 2606 quidpiam

2054 2631 2406 2686 machinatur.
2437 2632 2715 2698 Quodnam
2742 2632 2867 2685 illud
2891 2632 2914 2685 ?
2949 2631 3061 2685 Mos
3085 2642 3201 2686 erat
3224 2630 3494 2685 dimittere
3532 2630 3636 2683 illis

2055 2737 2216 2776 unum
2248 2738 2315 2777 ex
2343 2724 2516 2777 noxiis
2535 2765 2552 2788 ,
2583 2733 2637 2778 et
2661 2723 2759 2777 hac
2784 2725 2865 2777 via
2898 2722 3045 2779 illum
3071 2723 3280 2791 eripere
3308 2721 3546 2777 tentavit.
3577 2718 3636 2775 Si

2057 2828 2160 2865 non
2190 2813 2379 2879 vultis,
2412 2815 2612 2884 inquit,
2648 2825 2704 2868 ut
2731 2819 2993 2869 insontem
3020 2815 3315 2877 dimittere,
3346 2821 3403 2867 ut
3427 2822 3635 2869 sontem

2055 2906 2242 2959 saltem
2281 2905 2335 2959 in
2366 2906 2701 2960 solemnitate
2731 2906 2940 2959 solvite.
2975 2904 3160 2959 Viden‘
3197 2906 3465 2959 inversum
3492 2905 3638 2961 ordi-

2057 2992 2218 3049 nem?
2242 2996 2299 3050 ln
2326 3012 2476 3051 more
2502 3006 2619 3051 erat
2644 3006 2700 3049 ut
2723 3012 2816 3065 pro
2845 2995 3107 3050 damnatis
3135 2997 3360 3066 p0pulus
3390 3004 3594 3065 peteret
3620 3038 3635 3061 ,

2058 3101 2255 3154 praises
2282 3102 2409 3142 vero
2431 3086 2750 3142 concederet
2779 3104 2792 3140 :
2822 3102 2960 3141 nunc
2986 3102 3147 3158 porro
3171 3088 3497 3140 contrarium
3522 3086 3638 3140 efli-

2054 3176 2233 3241 citur;
2265 3191 2464 3247 praeses
2504 3177 2556 3231 id
2584 3193 2615 3231 a
2646 3177 2841 3247 pepulo
2874 3177 3041 3245 petit,
3078 3192 3254 3247 neque
3278 3177 3355 3231 sic
3385 3177 3462 3231 illi
3491 3176 3637 3230 miti-

2054 3277 2284 3337 gantur,
2334 3269 2441 3321 imo
2486 3268 2653 3338 magis
2700 3267 3005 3333 ferociunt,
3053 3282 3346 3337 vocemque
3388 3267 3639 3321 emittunt

2057 3358 2268 3412 invidia:
2308 3359 2494 3414 morbo
2530 3359 2792 3415 furentes.
2836 3358 3018 3430 Neque
3054 3360 3195 3414 enim
3238 3359 3435 3430 aliquid
3481 3374 3661 3422 aecus

2056 3450 2227 3505 sando
2258 3452 2493 3519 objicere
2521 3461 2798 3520 poterant,
2826 3440 3031 3507 etiamsi
3061 3452 3146 3505 ille
3176 3462 3405 3513 taceret,
3436 3453 3529 3507 sed
3560 3452 3638 3507 sic

2057 3548 2233 3594 tamen
2258 3540 2685 3609 confutabautur,
2713 3557 2780 3597 eo
2805 3541 2945 3612 quod
2979 3553 3084 3595 tam
3112 3541 3276 3596 multa
3309 3553 3490 3597 essent
3517 3560 3638 3613 qua:

2055 3628 2202 3683 illum
2227 3630 2425 3699 justum
2452 3646 2573 3687 esse
2598 3631 2929 3687 declararent
2958 3650 2972 3687 :
3004 3644 3182 3686 tacens
3210 3632 3451 3689 vincebat
3479 3633 3598 3686 illus
3618 3675 3635 3695 ,

2058 3719 2334 3775 innumera
2358 3721 2594 3777 dicentes
2619 3734 2673 3777 et
2696 3725 2950 3777 furentes.
2983 3723 3069 3778 19.
3097 3722 3317 3778 Sedente
3338 3735 3503 3777 autem
3524 3726 3637 3793 ipso

2059 3826 2151 3879 pro
2182 3811 2441 3877 tribunali,
2470 3814 2602 3867 misit
2629 3814 2697 3866 ad
2718 3831 2828 3867 eum
2857 3830 2983 3867 uxor
3006 3816 3113 3882 ejus
3140 3816 3307 3868 dicens
3331 3831 3348 3869 :
3372 3814 3520 3869 Nihil
3549 3817 3638 3871 tibi

2058 3911 2105 3954 et
2141 3904 2282 3973 justo
2312 3903 2427 3957 huic
2464 3920 2483 3957 .'
2512 3906 2671 3958 multa
2697 3905 2831 3959 enim
2857 3921 3006 3974 passa
3032 3922 3145 3959 sum
3173 3906 3324 3959 hodie
3359 3924 3449 3976 per
3476 3909 3637 3963 visunt

2059 4005 2260 4065 propter
2284 3997 2470 4067 ipsum.
2503 3995 2662 4051 Vides
2689 4012 2873 4051 rursus
2900 4011 3012 4051 rem
3034 4012 3153 4067 qua:
3176 3999 3436 4067 potuisset
3460 3999 3580 4053 illos
3604 4016 3635 4053 a

2057 4088 2328 4155 prOjiosito
2357 4102 2629 4143 revocare.
2680 4087 2809 4142 Post
2843 4086 3354 4143 demonstrationem
3392 4089 3534 4143 enim
3568 4106 3636 4144 ex

2056 4195 2233 4233 rerum
2271 4182 2600 4248 experientia
2640 4189 2843 4250 partam
2868 4222 2885 4247 ,
2916 4196 3021 4235 non
3053 4182 3199 4250 parvi
3240 4186 3494 4235 momenti
3522 4193 3637 4235 erat

2055 4272 2318 4323 somnium
2362 4271 2511 4325 illud.
2556 4270 2623 4324 Et
2655 4287 2753 4325 cur
2790 4286 2894 4326 non
2933 4272 3046 4341 ipse
3086 4270 3286 4326 Pilatus
3324 4270 3497 4326 vidit?
3539 4271 3630 4327 Vel

2054 4364 2175 4432 quia
2202 4363 2289 4417 illa
2318 4363 2528 4434 dignior
2553 4373 2667 4419 erat
2693 4381 2708 4422 ;
2732 4364 2813 4418 vel
2843 4364 2965 4435 quia
2990 4364 3033 4419 si
3063 4364 3173 4435 ipse
3195 4365 3434 4431 vidisset,
3458 4364 3630 4421 credi-

2057 4466 2164 4509 tum
2192 4456 2291 4525 ipsi
2322 4473 2428 4510 non
2454 4457 2661 4523 fuisset,
2683 4468 2773 4511 aut
2796 4474 2900 4511 non
2928 4467 2983 4511 ut
3003 4458 3175 4512 visum
3198 4458 3366 4512 fuerat
3387 4458 3629 4513 dixisset.

2053 4547 2255 4601 Idcirco
2277 4548 2580 4616 providetur
2601 4559 2656 4601 ut
2681 4563 2818 4601 uxor
2839 4548 3032 4613 videat,
3056 4564 3162 4619 quo
3182 4564 3269 4603 res
3291 4549 3359 4602 sit
3380 4549 3631 4604 omnibus

2052 4650 2196 4695 nota.
2228 4638 2338 4693 Nec
2365 4639 2522 4694 modo
2559 4640 2735 4705 videt,
2781 4640 2876 4694 sed
2915 4641 3075 4695 etiam
3118 4641 3281 4695 multa
3323 4642 3541 4711 patitur.
3575 4653 3634 4696 ut

2050 4731 2204 4787 uxori
2224 4731 2513 4787 condolens
2542 4732 2656 4800 ipse
2682 4729 2881 4786 tardior
2904 4730 2969 4785 ad
2994 4731 3195 4786 caedem
3216 4732 3443 4786 veniret.
3471 4733 3634 4787 Tent-

2052 4842 2149 4897 pus
2177 4841 2303 4879 vero
2332 4840 2435 4881 μου
2467 4841 2649 4894 parum
2680 4824 2745 4878 ad
2777 4824 2827 4878 id
2856 4823 3195 4889 conferebat;
3228 4840 3350 4879 nam
3397 4826 3482 4880 illa
3515 4826 3629 4897 ipsa

2051 4927 2206 4973 nocte
2227 4916 2449 4972 viderat.
2477 4916 2670 4970 Verum
2697 4930 2799 4969 non
2825 4925 2936 4969 tuto
2957 4924 3167 4984 poterat
3185 4915 3481 4983 dimittere,
3506 4917 3629 4986 quia

2049 5003 2320 5065 dixerant,
2351 5001 2587 5069 Seipsum
2612 5016 2774 5069 regem
2805 5000 2944 5070 facit.
2972 4999 3258 5067 Oportebat
3284 5015 3410 5069 ergo
3439 5002 3629 5071 proba-

2051 5097 2222 5150 tiones
2251 5104 2305 5149 et
2330 5102 2658 5164 argumenta.
2685 5102 2843 5161 atque
2871 5090 3129 5147 affectata:
3155 5092 3447 5162 tyrannidis
3476 5093 3627 5161 signa

2048 5202 2318 5256 quaerere;
2366 5195 2487 5255 puta
2509 5225 2525 5250 ,
2554 5201 2677 5239 num
2708 5184 2997 5237 exercitum
3029 5182 3435 5251 conscripsisset
3454 5224 3469 5249 ,
3500 5199 3624 5237 num

2051 5280 2300 5349 pecunias
2343 5278 2643 5347 collegisset
2674 5278 2688 5308 ¹
2717 5317 2732 5341 ,
2764 5292 2887 5329 num
2928 5291 3076 5329 arma
3124 5276 3408 5330 fabricatus
3446 5286 3625 5342 esset,

2051 5389 2173 5426 num
2204 5372 2326 5442 quid
2356 5370 2531 5424 simile
2557 5376 2833 5425 tentasset.
2867 5367 2960 5422 Ille
2985 5382 3113 5422 vero
3141 5368 3257 5422 sine
3281 5383 3439 5421 causa
3467 5368 3534 5420 ab
3561 5368 3625 5420 iis

2048 5480 2108 5521 Sc
2130 5464 2321 5520 attrahi
2355 5464 2584 5533 patitur;
2614 5461 2840 5531 ideoque
2865 5476 2974 5516 non
2996 5461 3149 5529 culpa
3175 5470 3447 5529 expertem
3477 5458 3621 5512 illum

2047 5574 2165 5613 csse
2206 5556 2465 5626 significat
2500 5553 2741 5608 Christus
2781 5552 2967 5607 dicens
2993 5569 3008 5607 ε
3039 5550 3139 5616 Qui
3175 5568 3253 5604 me
3292 5549 3499 5603 tradidit
3537 5550 3631 5606 tibi

2116 5656 2136 5686 ³
2166 5658 2292 5709 llznr,
2319 5661 2431 5698 num
2455 5646 2681 5710 pecunias
2703 5644 2985 5709 collegisset,
3007 5643 3185 5692 desunt
3209 5644 3256 5690 in
3283 5638 3443 5690 Morel.
