  <div class='ocr_page' id='page_1' title='image "/cluster/home/n/w/nwhite01/storage/ocr_20150623/58/mdp.39015008622634/308.png"; bbox 0 0 4058 6144; ppageno 0'>
   <div class='ocr_carea' id='block_1_1' title="bbox 446 213 548 270">
    <p class='ocr_par' dir='ltr' id='par_1_1' title="bbox 446 213 548 270">
     <span class='ocr_line' id='line_1_1' title="bbox 446 213 548 270; baseline 0 0"><span class='ocrx_word' id='word_1_1' title='bbox 446 213 548 270; x_wconf 78' lang='grc'><strong>765</strong></span> 
     </span>
    </p>
   </div>
   <div class='ocr_carea' id='block_1_2' title="bbox 442 325 2020 401">
    <p class='ocr_par' dir='ltr' id='par_1_2' title="bbox 442 325 2020 401">
     <span class='ocr_line' id='line_1_2' title="bbox 442 325 2020 401; baseline 0.001 -21"><span class='ocrx_word' id='word_1_2' title='bbox 442 329 610 396; x_wconf 81' lang='lat' dir='ltr'><strong>majus</strong></span> <span class='ocrx_word' id='word_1_3' title='bbox 651 336 906 397; x_wconf 83' lang='lat' dir='ltr'><strong>peccatum</strong></span> <span class='ocrx_word' id='word_1_4' title='bbox 935 325 1078 382; x_wconf 78' lang='lat' dir='ltr'><strong>habet</strong></span> <span class='ocrx_word' id='word_1_5' title='bbox 1105 330 1124 399; x_wconf 91' lang='lat'><strong>(</strong></span> <span class='ocrx_word' id='word_1_6' title='bbox 1155 325 1308 383; x_wconf 86' lang='lat' dir='ltr'><strong>Joan.</strong></span> <span class='ocrx_word' id='word_1_7' title='bbox 1338 328 1426 385; x_wconf 81' lang='grc'><strong>18.</strong></span> <span class='ocrx_word' id='word_1_8' title='bbox 1461 329 1529 385; x_wconf 74' lang='lat'><strong>36</strong></span> <span class='ocrx_word' id='word_1_9' title='bbox 1558 329 1600 401; x_wconf 88' lang='lat'><strong>).</strong></span> <span class='ocrx_word' id='word_1_10' title='bbox 1643 329 1760 384; x_wconf 71' lang='lat' dir='ltr'><strong>Prm</strong></span> <span class='ocrx_word' id='word_1_11' title='bbox 1799 327 2020 383; x_wconf 80' lang='lat' dir='ltr'><strong>mollitie</strong></span> 
     </span>
    </p>
   </div>
   <div class='ocr_carea' id='block_1_3' title="bbox 443 418 2024 492">
    <p class='ocr_par' dir='ltr' id='par_1_3' title="bbox 443 418 2024 492">
     <span class='ocr_line' id='line_1_3' title="bbox 443 418 2024 492; baseline 0.002 -20"><span class='ocrx_word' id='word_1_12' title='bbox 443 419 602 488; x_wconf 89' lang='lat' dir='ltr'><strong>igitur</strong></span> <span class='ocrx_word' id='word_1_13' title='bbox 622 419 803 483; x_wconf 88' lang='lat' dir='ltr'><strong>cessit,</strong></span> <span class='ocrx_word' id='word_1_14' title='bbox 824 428 879 474; x_wconf 88' lang='lat' dir='ltr'><strong>et</strong></span> <span class='ocrx_word' id='word_1_15' title='bbox 900 418 1210 474; x_wconf 89' lang='lat' dir='ltr'><strong>verberibus</strong></span> <span class='ocrx_word' id='word_1_16' title='bbox 1233 421 1382 475; x_wconf 92' lang='lat' dir='ltr'><strong>illum</strong></span> <span class='ocrx_word' id='word_1_17' title='bbox 1408 422 1636 492; x_wconf 76' lang='lat' dir='ltr'><strong>excepit.</strong></span> <span class='ocrx_word' id='word_1_18' title='bbox 1667 421 1837 476; x_wconf 84' lang='lat' dir='ltr'><strong>Mollis</strong></span> <span class='ocrx_word' id='word_1_19' title='bbox 1864 422 2024 490; x_wconf 88' lang='lat' dir='ltr'><strong>igitur</strong></span> 
     </span>
    </p>
   </div>
   <div class='ocr_carea' id='block_1_4' title="bbox 442 511 2024 583">
    <p class='ocr_par' dir='ltr' id='par_1_4' title="bbox 442 511 2024 583">
     <span class='ocr_line' id='line_1_4' title="bbox 442 511 2024 583; baseline 0.001 -17"><span class='ocrx_word' id='word_1_20' title='bbox 442 521 496 566; x_wconf 88' lang='lat' dir='ltr'><strong>et</strong></span> <span class='ocrx_word' id='word_1_21' title='bbox 521 513 664 566; x_wconf 88' lang='lat' dir='ltr'><strong>iners</strong></span> <span class='ocrx_word' id='word_1_22' title='bbox 690 520 805 568; x_wconf 90' lang='lat' dir='ltr'><strong>erat</strong></span> <span class='ocrx_word' id='word_1_23' title='bbox 833 530 846 565; x_wconf 89' lang='lat'><strong>:</strong></span> <span class='ocrx_word' id='word_1_24' title='bbox 873 511 1140 583; x_wconf 80' lang='lat' dir='ltr'><strong>principes</strong></span> <span class='ocrx_word' id='word_1_25' title='bbox 1163 523 1341 569; x_wconf 88' lang='lat' dir='ltr'><strong>autem</strong></span> <span class='ocrx_word' id='word_1_26' title='bbox 1369 514 1704 569; x_wconf 74' lang='lat' dir='ltr'><strong>sacerdotum</strong></span> <span class='ocrx_word' id='word_1_27' title='bbox 1730 513 1944 583; x_wconf 81' lang='lat' dir='ltr'><strong>maligni</strong></span> <span class='ocrx_word' id='word_1_28' title='bbox 1970 521 2024 568; x_wconf 87' lang='lat' dir='ltr'><strong>et</strong></span> 
     </span>
    </p>
   </div>
   <div class='ocr_carea' id='block_1_5' title="bbox 439 603 2023 674">
    <p class='ocr_par' dir='ltr' id='par_1_5' title="bbox 439 603 2023 674">
     <span class='ocr_line' id='line_1_5' title="bbox 439 603 2023 674; baseline 0 -16"><span class='ocrx_word' id='word_1_29' title='bbox 439 604 660 659; x_wconf 80' lang='lat' dir='ltr'><strong>versuti.</strong></span> <span class='ocrx_word' id='word_1_30' title='bbox 692 603 824 672; x_wconf 88' lang='lat' dir='ltr'><strong>Quia</strong></span> <span class='ocrx_word' id='word_1_31' title='bbox 852 606 994 660; x_wconf 90' lang='lat' dir='ltr'><strong>enim</strong></span> <span class='ocrx_word' id='word_1_32' title='bbox 1025 605 1115 660; x_wconf 92' lang='lat' dir='ltr'><strong>ille</strong></span> <span class='ocrx_word' id='word_1_33' title='bbox 1142 604 1358 660; x_wconf 91' lang='lat' dir='ltr'><strong>modum</strong></span> <span class='ocrx_word' id='word_1_34' title='bbox 1387 605 1798 674; x_wconf 78' lang='lat' dir='ltr'><strong>excogitaverat,</strong></span> <span class='ocrx_word' id='word_1_35' title='bbox 1829 619 2023 674; x_wconf 81' lang='lat' dir='ltr'><strong>nempe</strong></span> 
     </span>
    </p>
   </div>
   <div class='ocr_carea' id='block_1_6' title="bbox 439 695 2019 767">
    <p class='ocr_par' dir='ltr' id='par_1_6' title="bbox 439 695 2019 767">
     <span class='ocr_line' id='line_1_6' title="bbox 439 695 2019 767; baseline 0.002 -17"><span class='ocrx_word' id='word_1_36' title='bbox 439 695 792 750; x_wconf 84' lang='lat' dir='ltr'><strong>solemnitatis</strong></span> <span class='ocrx_word' id='word_1_37' title='bbox 819 697 1009 767; x_wconf 90' lang='lat' dir='ltr'><strong>legem,</strong></span> <span class='ocrx_word' id='word_1_38' title='bbox 1031 713 1149 767; x_wconf 70' lang='lat' dir='ltr'><strong>qua:</strong></span> <span class='ocrx_word' id='word_1_39' title='bbox 1167 697 1388 766; x_wconf 87' lang='lat' dir='ltr'><strong>jubebat</strong></span> <span class='ocrx_word' id='word_1_40' title='bbox 1410 698 1716 752; x_wconf 89' lang='lat' dir='ltr'><strong>damnatum</strong></span> <span class='ocrx_word' id='word_1_41' title='bbox 1738 698 2019 767; x_wconf 80' lang='lat' dir='ltr'><strong>quemdam</strong></span> 
     </span>
    </p>
   </div>
   <div class='ocr_carea' id='block_1_7' title="bbox 438 785 2018 859">
    <p class='ocr_par' dir='ltr' id='par_1_7' title="bbox 438 785 2018 859">
     <span class='ocr_line' id='line_1_7' title="bbox 438 785 2018 859; baseline 0.001 -17"><span class='ocrx_word' id='word_1_42' title='bbox 438 788 653 853; x_wconf 84' lang='lat' dir='ltr'><strong>dimitti,</strong></span> <span class='ocrx_word' id='word_1_43' title='bbox 685 789 810 859; x_wconf 90' lang='lat' dir='ltr'><strong>quid</strong></span> <span class='ocrx_word' id='word_1_44' title='bbox 842 790 926 844; x_wconf 92' lang='lat' dir='ltr'><strong>hic</strong></span> <span class='ocrx_word' id='word_1_45' title='bbox 954 789 1362 844; x_wconf 82' lang='lat' dir='ltr'><strong>machinantur?</strong></span> <span class='ocrx_word' id='word_1_46' title='bbox 1390 785 1575 845; x_wconf 66' lang='lat' dir='ltr'><strong>Turba:</strong></span> <span class='ocrx_word' id='word_1_47' title='bbox 1601 800 1866 844; x_wconf 82' lang='lat' dir='ltr'><strong>suaserunt</strong></span> <span class='ocrx_word' id='word_1_48' title='bbox 1885 831 1900 856; x_wconf 89' lang='lat'><strong>,</strong></span> <span class='ocrx_word' id='word_1_49' title='bbox 1935 791 2018 845; x_wconf 85' lang='lat' dir='ltr'><strong>iii-</strong></span> 
     </span>
    </p>
   </div>
   <div class='ocr_carea' id='block_1_8' title="bbox 439 863 1494 950">
    <p class='ocr_par' dir='ltr' id='par_1_8' title="bbox 439 863 1494 950">
     <span class='ocr_line' id='line_1_8' title="bbox 439 863 1494 950; baseline 0.004 -18"><span class='ocrx_word' id='word_1_50' title='bbox 439 881 572 950; x_wconf 82' lang='lat' dir='ltr'><strong>quit,</strong></span> <span class='ocrx_word' id='word_1_51' title='bbox 600 890 655 933; x_wconf 88' lang='lat' dir='ltr'><strong>ttt</strong></span> <span class='ocrx_word' id='word_1_52' title='bbox 684 879 967 934; x_wconf 82' lang='lat' dir='ltr'><strong>Barabbam</strong></span> <span class='ocrx_word' id='word_1_53' title='bbox 994 891 1232 950; x_wconf 83' lang='lat' dir='ltr'><strong>peterent.</strong></span> <span class='ocrx_word' id='word_1_54' title='bbox 1481 863 1494 878; x_wconf 53' lang='grc'><strong>’</strong></span> 
     </span>
    </p>
   </div>
   <div class='ocr_carea' id='block_1_9' title="bbox 507 969 2022 1043">
    <p class='ocr_par' dir='ltr' id='par_1_9' title="bbox 507 969 2022 1043">
     <span class='ocr_line' id='line_1_9' title="bbox 507 969 2022 1043; baseline 0.002 -19"><span class='ocrx_word' id='word_1_55' title='bbox 507 971 564 1024; x_wconf 84' lang='grc'><strong>2.</strong></span> <span class='ocrx_word' id='word_1_56' title='bbox 594 969 783 1026; x_wconf 77' lang='lat' dir='ltr'><strong>Viden’</strong></span> <span class='ocrx_word' id='word_1_57' title='bbox 807 980 1000 1041; x_wconf 87' lang='lat' dir='ltr'><strong>quanta</strong></span> <span class='ocrx_word' id='word_1_58' title='bbox 1030 971 1116 1025; x_wconf 88' lang='lat' dir='ltr'><strong>ille</strong></span> <span class='ocrx_word' id='word_1_59' title='bbox 1140 970 1468 1041; x_wconf 84' lang='lat' dir='ltr'><strong>providentia</strong></span> <span class='ocrx_word' id='word_1_60' title='bbox 1492 980 1644 1027; x_wconf 90' lang='lat' dir='ltr'><strong>curet</strong></span> <span class='ocrx_word' id='word_1_61' title='bbox 1667 971 1789 1028; x_wconf 84' lang='lat' dir='ltr'><strong>illos</strong></span> <span class='ocrx_word' id='word_1_62' title='bbox 1810 987 1838 1025; x_wconf 90' lang='lat' dir='ltr'><strong>a</strong></span> <span class='ocrx_word' id='word_1_63' title='bbox 1865 973 2022 1043; x_wconf 85' lang='lat' dir='ltr'><strong>culpa</strong></span> 
     </span>
    </p>
   </div>
   <div class='ocr_carea' id='block_1_10' title="bbox 438 1061 2018 1133">
    <p class='ocr_par' dir='ltr' id='par_1_10' title="bbox 438 1061 2018 1133">
     <span class='ocr_line' id='line_1_10' title="bbox 438 1061 2018 1133; baseline 0.003 -17"><span class='ocrx_word' id='word_1_64' title='bbox 438 1061 688 1128; x_wconf 90' lang='lat' dir='ltr'><strong>liberare,</strong></span> <span class='ocrx_word' id='word_1_65' title='bbox 717 1071 771 1118; x_wconf 93' lang='lat' dir='ltr'><strong>et</strong></span> <span class='ocrx_word' id='word_1_66' title='bbox 796 1072 997 1133; x_wconf 88' lang='lat' dir='ltr'><strong>quanto</strong></span> <span class='ocrx_word' id='word_1_67' title='bbox 1027 1062 1100 1116; x_wconf 91' lang='lat' dir='ltr'><strong>illi</strong></span> <span class='ocrx_word' id='word_1_68' title='bbox 1127 1063 1304 1117; x_wconf 91' lang='lat' dir='ltr'><strong>studio</strong></span> <span class='ocrx_word' id='word_1_69' title='bbox 1331 1072 1592 1133; x_wconf 87' lang='lat' dir='ltr'><strong>satagaot,</strong></span> <span class='ocrx_word' id='word_1_70' title='bbox 1613 1074 1671 1118; x_wconf 92' lang='lat' dir='ltr'><strong>ut</strong></span> <span class='ocrx_word' id='word_1_71' title='bbox 1706 1079 1802 1120; x_wconf 89' lang='lat' dir='ltr'><strong>nec</strong></span> <span class='ocrx_word' id='word_1_72' title='bbox 1831 1064 2018 1120; x_wconf 88' lang='lat' dir='ltr'><strong>umbra</strong></span> 
     </span>
    </p>
   </div>
   <div class='ocr_carea' id='block_1_11' title="bbox 437 1153 2022 1226">
    <p class='ocr_par' dir='ltr' id='par_1_11' title="bbox 437 1153 2022 1226">
     <span class='ocr_line' id='line_1_11' title="bbox 437 1153 2022 1226; baseline 0.002 -18"><span class='ocrx_word' id='word_1_73' title='bbox 437 1153 544 1208; x_wconf 89' lang='lat' dir='ltr'><strong>illis</strong></span> <span class='ocrx_word' id='word_1_74' title='bbox 576 1155 934 1210; x_wconf 83' lang='lat' dir='ltr'><strong>excusationis</strong></span> <span class='ocrx_word' id='word_1_75' title='bbox 959 1155 1327 1224; x_wconf 86' lang='lat' dir='ltr'><strong>relinquatur?</strong></span> <span class='ocrx_word' id='word_1_76' title='bbox 1354 1155 1490 1224; x_wconf 87' lang='lat' dir='ltr'><strong>Quid</strong></span> <span class='ocrx_word' id='word_1_77' title='bbox 1527 1155 1668 1210; x_wconf 85' lang='lat' dir='ltr'><strong>enim</strong></span> <span class='ocrx_word' id='word_1_78' title='bbox 1702 1157 1975 1226; x_wconf 81' lang='lat' dir='ltr'><strong>oportebat</strong></span> <span class='ocrx_word' id='word_1_79' title='bbox 1995 1158 2022 1211; x_wconf 66' lang='grc' dir='ltr'><em>ἲ</em></span> 
     </span>
    </p>
   </div>
   <div class='ocr_carea' id='block_1_12' title="bbox 435 1243 2014 1315">
    <p class='ocr_par' dir='ltr' id='par_1_12' title="bbox 435 1243 2014 1315">
     <span class='ocr_line' id='line_1_12' title="bbox 435 1243 2014 1315; baseline 0.004 -19"><span class='ocrx_word' id='word_1_80' title='bbox 435 1259 501 1297; x_wconf 90' lang='lat' dir='ltr'><strong>an</strong></span> <span class='ocrx_word' id='word_1_81' title='bbox 525 1243 635 1312; x_wconf 87' lang='lat' dir='ltr'><strong>jam</strong></span> <span class='ocrx_word' id='word_1_82' title='bbox 666 1244 996 1308; x_wconf 90' lang='lat' dir='ltr'><strong>convictum,</strong></span> <span class='ocrx_word' id='word_1_83' title='bbox 1024 1260 1090 1297; x_wconf 92' lang='lat' dir='ltr'><strong>an</strong></span> <span class='ocrx_word' id='word_1_84' title='bbox 1122 1261 1242 1298; x_wconf 89' lang='lat' dir='ltr'><strong>eum</strong></span> <span class='ocrx_word' id='word_1_85' title='bbox 1264 1287 1279 1309; x_wconf 93' lang='lat'><strong>,</strong></span> <span class='ocrx_word' id='word_1_86' title='bbox 1309 1245 1378 1300; x_wconf 86' lang='lat' dir='ltr'><strong>de</strong></span> <span class='ocrx_word' id='word_1_87' title='bbox 1402 1259 1508 1315; x_wconf 90' lang='lat' dir='ltr'><strong>quo</strong></span> <span class='ocrx_word' id='word_1_88' title='bbox 1535 1245 1903 1311; x_wconf 85' lang='lat' dir='ltr'><strong>dubitabatur,</strong></span> <span class='ocrx_word' id='word_1_89' title='bbox 1933 1247 2014 1302; x_wconf 83' lang='lat' dir='ltr'><strong>di-</strong></span> 
     </span>
    </p>
   </div>
   <div class='ocr_carea' id='block_1_13' title="bbox 435 1334 2018 1408">
    <p class='ocr_par' dir='ltr' id='par_1_13' title="bbox 435 1334 2018 1408">
     <span class='ocr_line' id='line_1_13' title="bbox 435 1334 2018 1408; baseline 0.003 -20"><span class='ocrx_word' id='word_1_90' title='bbox 435 1334 690 1389; x_wconf 82' lang='lat' dir='ltr'><strong>mittere?</strong></span> <span class='ocrx_word' id='word_1_91' title='bbox 719 1334 846 1388; x_wconf 79' lang='lat' dir='ltr'><strong>Nam</strong></span> <span class='ocrx_word' id='word_1_92' title='bbox 874 1335 918 1388; x_wconf 91' lang='lat' dir='ltr'><strong>si</strong></span> <span class='ocrx_word' id='word_1_93' title='bbox 953 1351 1017 1390; x_wconf 88' lang='lat' dir='ltr'><strong>ex</strong></span> <span class='ocrx_word' id='word_1_94' title='bbox 1045 1336 1287 1391; x_wconf 85' lang='lat' dir='ltr'><strong>sontibus</strong></span> <span class='ocrx_word' id='word_1_95' title='bbox 1316 1336 1581 1391; x_wconf 82' lang='lat' dir='ltr'><strong>dimittere</strong></span> <span class='ocrx_word' id='word_1_96' title='bbox 1605 1353 1768 1392; x_wconf 90' lang='lat' dir='ltr'><strong>unum</strong></span> <span class='ocrx_word' id='word_1_97' title='bbox 1798 1347 2018 1408; x_wconf 89' lang='lat' dir='ltr'><strong>oporte-</strong></span> 
     </span>
    </p>
   </div>
   <div class='ocr_carea' id='block_1_14' title="bbox 435 1425 2014 1498">
    <p class='ocr_par' dir='ltr' id='par_1_14' title="bbox 435 1425 2014 1498">
     <span class='ocr_line' id='line_1_14' title="bbox 435 1425 2014 1498; baseline 0.004 -20"><span class='ocrx_word' id='word_1_98' title='bbox 435 1425 563 1489; x_wconf 89' lang='lat' dir='ltr'><strong>hat,</strong></span> <span class='ocrx_word' id='word_1_99' title='bbox 593 1427 762 1480; x_wconf 91' lang='lat' dir='ltr'><strong>multo</strong></span> <span class='ocrx_word' id='word_1_100' title='bbox 791 1426 958 1497; x_wconf 82' lang='lat' dir='ltr'><strong>magis</strong></span> <span class='ocrx_word' id='word_1_101' title='bbox 983 1428 1026 1480; x_wconf 91' lang='lat' dir='ltr'><strong>si</strong></span> <span class='ocrx_word' id='word_1_102' title='bbox 1058 1428 1350 1497; x_wconf 84' lang='lat' dir='ltr'><strong>cujuspiam</strong></span> <span class='ocrx_word' id='word_1_103' title='bbox 1376 1427 1530 1498; x_wconf 87' lang='lat' dir='ltr'><strong>culpa</strong></span> <span class='ocrx_word' id='word_1_104' title='bbox 1563 1443 1668 1482; x_wconf 91' lang='lat' dir='ltr'><strong>non</strong></span> <span class='ocrx_word' id='word_1_105' title='bbox 1695 1438 1817 1484; x_wconf 89' lang='lat' dir='ltr'><strong>nota</strong></span> <span class='ocrx_word' id='word_1_106' title='bbox 1849 1440 2014 1485; x_wconf 90' lang='lat' dir='ltr'><strong>esset.</strong></span> 
     </span>
    </p>
   </div>
   <div class='ocr_carea' id='block_1_15' title="bbox 435 1518 2019 1592">
    <p class='ocr_par' dir='ltr' id='par_1_15' title="bbox 435 1518 2019 1592">
     <span class='ocr_line' id='line_1_15' title="bbox 435 1518 2019 1592; baseline 0.003 -18"><span class='ocrx_word' id='word_1_107' title='bbox 435 1518 614 1590; x_wconf 82' lang='lat' dir='ltr'><strong>Neque</strong></span> <span class='ocrx_word' id='word_1_108' title='bbox 637 1521 778 1575; x_wconf 92' lang='lat' dir='ltr'><strong>enim</strong></span> <span class='ocrx_word' id='word_1_109' title='bbox 802 1521 930 1589; x_wconf 84' lang='lat' dir='ltr'><strong>ipsis</strong></span> <span class='ocrx_word' id='word_1_110' title='bbox 950 1520 1245 1576; x_wconf 78' lang='lat' dir='ltr'><strong>manifestis</strong></span> <span class='ocrx_word' id='word_1_111' title='bbox 1266 1520 1548 1576; x_wconf 89' lang='lat' dir='ltr'><strong>homicidis</strong></span> <span class='ocrx_word' id='word_1_112' title='bbox 1569 1522 1719 1592; x_wconf 84' lang='lat' dir='ltr'><strong>pejor</strong></span> <span class='ocrx_word' id='word_1_113' title='bbox 1739 1523 1842 1577; x_wconf 89' lang='lat' dir='ltr'><strong>illis</strong></span> <span class='ocrx_word' id='word_1_114' title='bbox 1860 1522 2019 1578; x_wconf 86' lang='lat' dir='ltr'><strong>Jesus</strong></span> 
     </span>
    </p>
   </div>
   <div class='ocr_carea' id='block_1_16' title="bbox 433 1609 2017 1680">
    <p class='ocr_par' dir='ltr' id='par_1_16' title="bbox 433 1609 2017 1680">
     <span class='ocr_line' id='line_1_16' title="bbox 433 1609 2017 1680; baseline 0.003 -16"><span class='ocrx_word' id='word_1_115' title='bbox 433 1609 709 1665; x_wconf 79' lang='lat' dir='ltr'><strong>videbatur</strong></span> <span class='ocrx_word' id='word_1_116' title='bbox 748 1625 887 1666; x_wconf 89' lang='lat' dir='ltr'><strong>esse.</strong></span> <span class='ocrx_word' id='word_1_117' title='bbox 934 1609 1138 1667; x_wconf 91' lang='lat' dir='ltr'><strong>Idcirco</strong></span> <span class='ocrx_word' id='word_1_118' title='bbox 1182 1626 1287 1666; x_wconf 91' lang='lat' dir='ltr'><strong>non</strong></span> <span class='ocrx_word' id='word_1_119' title='bbox 1330 1613 1501 1667; x_wconf 83' lang='lat' dir='ltr'><strong>solum</strong></span> <span class='ocrx_word' id='word_1_120' title='bbox 1533 1612 1698 1680; x_wconf 81' lang='lat' dir='ltr'><strong>dixit,</strong></span> <span class='ocrx_word' id='word_1_121' title='bbox 1739 1613 2017 1670; x_wconf 80' lang='lat' dir='ltr'><strong>Habebam</strong></span> 
     </span>
    </p>
   </div>
   <div class='ocr_carea' id='block_1_17' title="bbox 433 1702 2011 1776">
    <p class='ocr_par' dir='ltr' id='par_1_17' title="bbox 433 1702 2011 1776">
     <span class='ocr_line' id='line_1_17' title="bbox 433 1702 2011 1776; baseline 0.003 -20"><span class='ocrx_word' id='word_1_122' title='bbox 433 1702 713 1768; x_wconf 83' lang='lat' dir='ltr'><strong>latronem,</strong></span> <span class='ocrx_word' id='word_1_123' title='bbox 738 1704 853 1766; x_wconf 91' lang='lat' dir='ltr'><strong>sed,</strong></span> <span class='ocrx_word' id='word_1_124' title='bbox 877 1702 1138 1775; x_wconf 86' lang='lat' dir='ltr'><strong>Insignem</strong></span> <span class='ocrx_word' id='word_1_125' title='bbox 1164 1704 1444 1770; x_wconf 89' lang='lat' dir='ltr'><strong>latronem,</strong></span> <span class='ocrx_word' id='word_1_126' title='bbox 1470 1705 1703 1776; x_wconf 85' lang='lat' dir='ltr'><strong>nequitia</strong></span> <span class='ocrx_word' id='word_1_127' title='bbox 1724 1706 2011 1773; x_wconf 87' lang='lat' dir='ltr'><strong>celebrem,</strong></span> 
     </span>
    </p>
   </div>
   <div class='ocr_carea' id='block_1_18' title="bbox 431 1794 2016 1864">
    <p class='ocr_par' dir='ltr' id='par_1_18' title="bbox 431 1794 2016 1864">
     <span class='ocr_line' id='line_1_18' title="bbox 431 1794 2016 1864; baseline 0.004 -18"><span class='ocrx_word' id='word_1_128' title='bbox 431 1795 520 1863; x_wconf 89' lang='lat' dir='ltr'><strong>qui</strong></span> <span class='ocrx_word' id='word_1_129' title='bbox 551 1794 694 1848; x_wconf 88' lang='lat' dir='ltr'><strong>mille</strong></span> <span class='ocrx_word' id='word_1_130' title='bbox 721 1794 897 1848; x_wconf 73' lang='lat' dir='ltr'><strong>cmdes</strong></span> <span class='ocrx_word' id='word_1_131' title='bbox 937 1804 1354 1864; x_wconf 88' lang='lat' dir='ltr'><strong>perpetraverat.</strong></span> <span class='ocrx_word' id='word_1_132' title='bbox 1398 1796 1643 1850; x_wconf 83' lang='lat' dir='ltr'><strong>Attamen</strong></span> <span class='ocrx_word' id='word_1_133' title='bbox 1686 1796 1833 1850; x_wconf 92' lang='lat' dir='ltr'><strong>illum</strong></span> <span class='ocrx_word' id='word_1_134' title='bbox 1867 1796 2016 1853; x_wconf 87' lang='lat' dir='ltr'><strong>orbis</strong></span> 
     </span>
    </p>
   </div>
   <div class='ocr_carea' id='block_1_19' title="bbox 431 1885 2012 1957">
    <p class='ocr_par' dir='ltr' id='par_1_19' title="bbox 431 1885 2012 1957">
     <span class='ocr_line' id='line_1_19' title="bbox 431 1885 2012 1957; baseline 0.001 -17"><span class='ocrx_word' id='word_1_135' title='bbox 431 1885 700 1940; x_wconf 84' lang='lat' dir='ltr'><strong>Scrvatori</strong></span> <span class='ocrx_word' id='word_1_136' title='bbox 729 1886 1100 1954; x_wconf 61' lang='lat' dir='ltr'><strong>praetulerunt.</strong></span> <span class='ocrx_word' id='word_1_137' title='bbox 1131 1901 1300 1956; x_wconf 85' lang='lat' dir='ltr'><strong>neque</strong></span> <span class='ocrx_word' id='word_1_138' title='bbox 1326 1901 1535 1941; x_wconf 90' lang='lat' dir='ltr'><strong>sacrum</strong></span> <span class='ocrx_word' id='word_1_139' title='bbox 1561 1896 1773 1957; x_wconf 87' lang='lat' dir='ltr'><strong>tempus</strong></span> <span class='ocrx_word' id='word_1_140' title='bbox 1799 1886 2012 1943; x_wconf 83' lang='lat' dir='ltr'><strong>reveriti</strong></span> 
     </span>
    </p>
   </div>
   <div class='ocr_carea' id='block_1_20' title="bbox 431 1976 2009 2049">
    <p class='ocr_par' dir='ltr' id='par_1_20' title="bbox 431 1976 2009 2049">
     <span class='ocr_line' id='line_1_20' title="bbox 431 1976 2009 2049; baseline 0.003 -19"><span class='ocrx_word' id='word_1_141' title='bbox 431 1986 555 2031; x_wconf 90' lang='lat' dir='ltr'><strong>sunt</strong></span> <span class='ocrx_word' id='word_1_142' title='bbox 576 2018 591 2038; x_wconf 91' lang='lat'><strong><em>.</em></strong></span> <span class='ocrx_word' id='word_1_143' title='bbox 623 1994 726 2030; x_wconf 92' lang='lat' dir='ltr'><strong>non</strong></span> <span class='ocrx_word' id='word_1_144' title='bbox 771 1976 1113 2031; x_wconf 83' lang='lat' dir='ltr'><strong>humanitatis</strong></span> <span class='ocrx_word' id='word_1_145' title='bbox 1149 1977 1294 2047; x_wconf 89' lang='lat' dir='ltr'><strong>leges</strong></span> <span class='ocrx_word' id='word_1_146' title='bbox 1317 2018 1331 2042; x_wconf 92' lang='lat'><strong>,</strong></span> <span class='ocrx_word' id='word_1_147' title='bbox 1378 1992 1476 2032; x_wconf 88' lang='lat' dir='ltr'><strong>nec</strong></span> <span class='ocrx_word' id='word_1_148' title='bbox 1500 1978 1768 2049; x_wconf 82' lang='lat' dir='ltr'><strong>quidpiam</strong></span> <span class='ocrx_word' id='word_1_149' title='bbox 1799 1979 2009 2035; x_wconf 89' lang='lat' dir='ltr'><strong>simile:</strong></span> 
     </span>
    </p>
   </div>
   <div class='ocr_carea' id='block_1_21' title="bbox 430 2068 2008 2143">
    <p class='ocr_par' dir='ltr' id='par_1_21' title="bbox 430 2068 2008 2143">
     <span class='ocr_line' id='line_1_21' title="bbox 430 2068 2008 2143; baseline 0.004 -21"><span class='ocrx_word' id='word_1_150' title='bbox 430 2068 523 2124; x_wconf 79' lang='lat' dir='ltr'><strong>scd</strong></span> <span class='ocrx_word' id='word_1_151' title='bbox 551 2069 667 2124; x_wconf 92' lang='lat' dir='ltr'><strong>illos</strong></span> <span class='ocrx_word' id='word_1_152' title='bbox 693 2069 883 2124; x_wconf 85' lang='lat' dir='ltr'><strong>invidia</strong></span> <span class='ocrx_word' id='word_1_153' title='bbox 907 2071 1226 2125; x_wconf 81' lang='lat' dir='ltr'><strong>exczccavit:</strong></span> <span class='ocrx_word' id='word_1_154' title='bbox 1251 2085 1349 2126; x_wconf 92' lang='lat' dir='ltr'><strong>nec</strong></span> <span class='ocrx_word' id='word_1_155' title='bbox 1375 2085 1466 2124; x_wconf 91' lang='lat' dir='ltr'><strong>sua</strong></span> <span class='ocrx_word' id='word_1_156' title='bbox 1493 2073 1725 2126; x_wconf 87' lang='lat' dir='ltr'><strong>contenti</strong></span> <span class='ocrx_word' id='word_1_157' title='bbox 1753 2073 2008 2143; x_wconf 84' lang='lat' dir='ltr'><strong>nequitia,</strong></span> 
     </span>
    </p>
   </div>
   <div class='ocr_carea' id='block_1_22' title="bbox 431 2162 2008 2231">
    <p class='ocr_par' dir='ltr' id='par_1_22' title="bbox 431 2162 2008 2231">
     <span class='ocr_line' id='line_1_22' title="bbox 431 2162 2008 2231; baseline 0.004 -18"><span class='ocrx_word' id='word_1_158' title='bbox 431 2162 680 2231; x_wconf 88' lang='lat' dir='ltr'><strong>populum</strong></span> <span class='ocrx_word' id='word_1_159' title='bbox 711 2163 872 2216; x_wconf 89' lang='lat' dir='ltr'><strong>etiam</strong></span> <span class='ocrx_word' id='word_1_160' title='bbox 903 2171 1282 2231; x_wconf 88' lang='lat' dir='ltr'><strong>corrumpunt,</strong></span> <span class='ocrx_word' id='word_1_161' title='bbox 1314 2171 1369 2216; x_wconf 92' lang='lat' dir='ltr'><strong>ut</strong></span> <span class='ocrx_word' id='word_1_162' title='bbox 1396 2162 1465 2218; x_wconf 90' lang='lat' dir='ltr'><strong>ob</strong></span> <span class='ocrx_word' id='word_1_163' title='bbox 1495 2162 1631 2218; x_wconf 87' lang='lat' dir='ltr'><strong>hanc</strong></span> <span class='ocrx_word' id='word_1_164' title='bbox 1658 2164 1817 2218; x_wconf 89' lang='lat' dir='ltr'><strong>etiam</strong></span> <span class='ocrx_word' id='word_1_165' title='bbox 1855 2165 2008 2220; x_wconf 84' lang='lat' dir='ltr'><strong>falla-</strong></span> 
     </span>
    </p>
   </div>
   <div class='ocr_carea' id='block_1_23' title="bbox 426 2253 2009 2328">
    <p class='ocr_par' dir='ltr' id='par_1_23' title="bbox 426 2253 2009 2328">
     <span class='ocr_line' id='line_1_23' title="bbox 426 2253 2009 2328; baseline 0.003 -20"><span class='ocrx_word' id='word_1_166' title='bbox 426 2255 561 2308; x_wconf 83' lang='lat' dir='ltr'><strong>ciam</strong></span> <span class='ocrx_word' id='word_1_167' title='bbox 590 2264 857 2309; x_wconf 75' lang='lat' dir='ltr'><strong>cxtremas</strong></span> <span class='ocrx_word' id='word_1_168' title='bbox 903 2253 1050 2309; x_wconf 92' lang='lat' dir='ltr'><strong>luant</strong></span> <span class='ocrx_word' id='word_1_169' title='bbox 1079 2269 1286 2326; x_wconf 65' lang='lat' dir='ltr'><strong>pinnas.</strong></span> <span class='ocrx_word' id='word_1_170' title='bbox 1329 2254 1458 2311; x_wconf 91' lang='lat' dir='ltr'><strong>Cum</strong></span> <span class='ocrx_word' id='word_1_171' title='bbox 1489 2272 1616 2327; x_wconf 87' lang='lat' dir='ltr'><strong>ergo</strong></span> <span class='ocrx_word' id='word_1_172' title='bbox 1646 2257 1791 2312; x_wconf 89' lang='lat' dir='ltr'><strong>illum</strong></span> <span class='ocrx_word' id='word_1_173' title='bbox 1823 2259 2009 2328; x_wconf 87' lang='lat' dir='ltr'><strong>petiis-</strong></span> 
     </span>
    </p>
   </div>
   <div class='ocr_carea' id='block_1_24' title="bbox 427 2346 2011 2420">
    <p class='ocr_par' dir='ltr' id='par_1_24' title="bbox 427 2346 2011 2420">
     <span class='ocr_line' id='line_1_24' title="bbox 427 2346 2011 2420; baseline 0.004 -21"><span class='ocrx_word' id='word_1_174' title='bbox 427 2354 576 2409; x_wconf 81' lang='lat' dir='ltr'><strong>scnt,</strong></span> <span class='ocrx_word' id='word_1_175' title='bbox 608 2347 681 2400; x_wconf 88' lang='lat' dir='ltr'><strong>ait</strong></span> <span class='ocrx_word' id='word_1_176' title='bbox 714 2364 727 2400; x_wconf 89' lang='lat'>:</span> <span class='ocrx_word' id='word_1_177' title='bbox 767 2346 856 2401; x_wconf 90' lang='grc'><strong>22.</strong></span> <span class='ocrx_word' id='word_1_178' title='bbox 903 2347 1038 2414; x_wconf 84' lang='lat' dir='ltr'><strong>Quid</strong></span> <span class='ocrx_word' id='word_1_179' title='bbox 1065 2363 1182 2418; x_wconf 84' lang='lat' dir='ltr'><strong>ergo</strong></span> <span class='ocrx_word' id='word_1_180' title='bbox 1212 2348 1395 2416; x_wconf 83' lang='lat' dir='ltr'><strong>faciam</strong></span> <span class='ocrx_word' id='word_1_181' title='bbox 1425 2348 1487 2402; x_wconf 85' lang='lat' dir='ltr'><strong>de</strong></span> <span class='ocrx_word' id='word_1_182' title='bbox 1513 2348 1638 2402; x_wconf 85' lang='lat' dir='ltr'><strong>Jcstt</strong></span> <span class='ocrx_word' id='word_1_183' title='bbox 1658 2390 1674 2415; x_wconf 90' lang='lat'><strong>,</strong></span> <span class='ocrx_word' id='word_1_184' title='bbox 1714 2351 1798 2420; x_wconf 83' lang='lat' dir='ltr'><strong>qui</strong></span> <span class='ocrx_word' id='word_1_185' title='bbox 1827 2352 2011 2406; x_wconf 87' lang='lat' dir='ltr'><strong>dicitur</strong></span> 
     </span>
    </p>
   </div>
   <div class='ocr_carea' id='block_1_25' title="bbox 427 2437 2006 2510">
    <p class='ocr_par' dir='ltr' id='par_1_25' title="bbox 427 2437 2006 2510">
     <span class='ocr_line' id='line_1_25' title="bbox 427 2437 2006 2510; baseline 0.004 -17"><span class='ocrx_word' id='word_1_186' title='bbox 427 2437 659 2493; x_wconf 75' lang='lat' dir='ltr'><strong>Christus</strong></span> <span class='ocrx_word' id='word_1_187' title='bbox 687 2439 745 2493; x_wconf 74' lang='lat'><strong>&#39;?</strong></span> <span class='ocrx_word' id='word_1_188' title='bbox 790 2440 900 2494; x_wconf 87' lang='lat' dir='ltr'><strong>lloc</strong></span> <span class='ocrx_word' id='word_1_189' title='bbox 939 2449 1092 2509; x_wconf 90' lang='lat' dir='ltr'><strong>pacto</strong></span> <span class='ocrx_word' id='word_1_190' title='bbox 1120 2455 1329 2494; x_wconf 88' lang='lat' dir='ltr'><strong>rursum</strong></span> <span class='ocrx_word' id='word_1_191' title='bbox 1363 2441 1482 2496; x_wconf 88' lang='lat' dir='ltr'><strong>illos</strong></span> <span class='ocrx_word' id='word_1_192' title='bbox 1511 2441 1724 2498; x_wconf 85' lang='lat' dir='ltr'><strong>ﬂectere</strong></span> <span class='ocrx_word' id='word_1_193' title='bbox 1755 2444 1964 2500; x_wconf 84' lang='lat' dir='ltr'><strong>volebat</strong></span> <span class='ocrx_word' id='word_1_194' title='bbox 1989 2487 2006 2510; x_wconf 94' lang='lat'><strong>,</strong></span> 
     </span>
    </p>
   </div>
   <div class='ocr_carea' id='block_1_26' title="bbox 428 2530 2006 2602">
    <p class='ocr_par' dir='ltr' id='par_1_26' title="bbox 428 2530 2006 2602">
     <span class='ocr_line' id='line_1_26' title="bbox 428 2530 2006 2602; baseline 0.005 -20"><span class='ocrx_word' id='word_1_195' title='bbox 428 2530 477 2584; x_wconf 93' lang='lat' dir='ltr'><strong>id</strong></span> <span class='ocrx_word' id='word_1_196' title='bbox 519 2545 702 2584; x_wconf 88' lang='lat' dir='ltr'><strong>eorum</strong></span> <span class='ocrx_word' id='word_1_197' title='bbox 745 2531 966 2585; x_wconf 89' lang='lat' dir='ltr'><strong>arbitrio</strong></span> <span class='ocrx_word' id='word_1_198' title='bbox 995 2531 1304 2600; x_wconf 83' lang='lat' dir='ltr'><strong>permittens</strong></span> <span class='ocrx_word' id='word_1_199' title='bbox 1329 2573 1342 2594; x_wconf 92' lang='lat'><strong>,</strong></span> <span class='ocrx_word' id='word_1_200' title='bbox 1374 2540 1431 2586; x_wconf 93' lang='lat' dir='ltr'><strong>ut</strong></span> <span class='ocrx_word' id='word_1_201' title='bbox 1460 2547 1568 2602; x_wconf 49' lang='lat' dir='ltr'><strong>prae</strong></span> <span class='ocrx_word' id='word_1_202' title='bbox 1599 2533 1801 2602; x_wconf 91' lang='lat' dir='ltr'><strong>pudore</strong></span> <span class='ocrx_word' id='word_1_203' title='bbox 1824 2534 2006 2590; x_wconf 84' lang='lat' dir='ltr'><strong>Jesum</strong></span> 
     </span>
    </p>
   </div>
   <div class='ocr_carea' id='block_1_27' title="bbox 426 2623 2002 2696">
    <p class='ocr_par' dir='ltr' id='par_1_27' title="bbox 426 2623 2002 2696">
     <span class='ocr_line' id='line_1_27' title="bbox 426 2623 2002 2696; baseline 0.006 -22"><span class='ocrx_word' id='word_1_204' title='bbox 426 2631 708 2688; x_wconf 84' lang='lat' dir='ltr'><strong>peterent,</strong></span> <span class='ocrx_word' id='word_1_205' title='bbox 750 2631 800 2677; x_wconf 92' lang='lat' dir='ltr'><strong>et</strong></span> <span class='ocrx_word' id='word_1_206' title='bbox 841 2639 906 2677; x_wconf 81' lang='lat' dir='ltr'><strong>ex</strong></span> <span class='ocrx_word' id='word_1_207' title='bbox 944 2637 1130 2677; x_wconf 88' lang='lat' dir='ltr'><strong>eorum</strong></span> <span class='ocrx_word' id='word_1_208' title='bbox 1170 2623 1482 2679; x_wconf 70' lang='lat' dir='ltr'><strong>Iiberalﬂate</strong></span> <span class='ocrx_word' id='word_1_209' title='bbox 1521 2633 1688 2680; x_wconf 92' lang='lat' dir='ltr'><strong>totum</strong></span> <span class='ocrx_word' id='word_1_210' title='bbox 1730 2627 2002 2696; x_wconf 90' lang='lat' dir='ltr'><strong>penderet.</strong></span> 
     </span>
    </p>
   </div>
   <div class='ocr_carea' id='block_1_28' title="bbox 423 2710 2005 2784">
    <p class='ocr_par' dir='ltr' id='par_1_28' title="bbox 423 2710 2005 2784">
     <span class='ocr_line' id='line_1_28' title="bbox 423 2710 2005 2784; baseline 0.006 -19"><span class='ocrx_word' id='word_1_211' title='bbox 423 2710 553 2766; x_wconf 79' lang='lat' dir='ltr'><strong>Nam</strong></span> <span class='ocrx_word' id='word_1_212' title='bbox 579 2713 621 2768; x_wconf 89' lang='lat' dir='ltr'><strong>si</strong></span> <span class='ocrx_word' id='word_1_213' title='bbox 649 2713 888 2778; x_wconf 78' lang='lat' dir='ltr'><strong>dixisset,</strong></span> <span class='ocrx_word' id='word_1_214' title='bbox 913 2713 1026 2770; x_wconf 88' lang='lat' dir='ltr'><strong>Non</strong></span> <span class='ocrx_word' id='word_1_215' title='bbox 1055 2716 1312 2784; x_wconf 87' lang='lat' dir='ltr'><strong>peccavit.</strong></span> <span class='ocrx_word' id='word_1_216' title='bbox 1335 2717 1777 2774; x_wconf 72' lang='lat' dir='ltr'><strong>contentiosiores</strong></span> <span class='ocrx_word' id='word_1_217' title='bbox 1799 2719 2005 2775; x_wconf 82' lang='lat' dir='ltr'><strong>ell&#39;ecis-</strong></span> 
     </span>
    </p>
   </div>
   <div class='ocr_carea' id='block_1_29' title="bbox 422 2800 2006 2872">
    <p class='ocr_par' dir='ltr' id='par_1_29' title="bbox 422 2800 2006 2872">
     <span class='ocr_line' id='line_1_29' title="bbox 422 2800 2006 2872; baseline 0.007 -23"><span class='ocrx_word' id='word_1_218' title='bbox 422 2805 504 2850; x_wconf 90' lang='lat' dir='ltr'><strong>set</strong></span> <span class='ocrx_word' id='word_1_219' title='bbox 531 2815 545 2850; x_wconf 85' lang='lat'><strong>:</strong></span> <span class='ocrx_word' id='word_1_220' title='bbox 575 2805 633 2850; x_wconf 90' lang='lat' dir='ltr'><strong>ut</strong></span> <span class='ocrx_word' id='word_1_221' title='bbox 660 2807 836 2852; x_wconf 85' lang='lat' dir='ltr'><strong>autem</strong></span> <span class='ocrx_word' id='word_1_222' title='bbox 864 2814 929 2853; x_wconf 87' lang='lat' dir='ltr'><strong>ex</strong></span> <span class='ocrx_word' id='word_1_223' title='bbox 959 2800 1284 2855; x_wconf 83' lang='lat' dir='ltr'><strong>humanitate</strong></span> <span class='ocrx_word' id='word_1_224' title='bbox 1327 2812 1634 2857; x_wconf 85' lang='lat' dir='ltr'><strong>servaretur</strong></span> <span class='ocrx_word' id='word_1_225' title='bbox 1657 2844 1672 2868; x_wconf 93' lang='lat'><strong>,</strong></span> <span class='ocrx_word' id='word_1_226' title='bbox 1716 2804 2006 2872; x_wconf 84' lang='lat' dir='ltr'><strong>probabilis</strong></span> 
     </span>
    </p>
   </div>
   <div class='ocr_carea' id='block_1_30' title="bbox 422 2889 2004 2966">
    <p class='ocr_par' dir='ltr' id='par_1_30' title="bbox 422 2889 2004 2966">
     <span class='ocr_line' id='line_1_30' title="bbox 422 2889 2004 2966; baseline 0.006 -25"><span class='ocrx_word' id='word_1_227' title='bbox 422 2901 540 2941; x_wconf 86' lang='lat' dir='ltr'><strong>esse</strong></span> <span class='ocrx_word' id='word_1_228' title='bbox 570 2889 752 2957; x_wconf 88' lang='lat' dir='ltr'><strong>petitio</strong></span> <span class='ocrx_word' id='word_1_229' title='bbox 783 2889 1080 2944; x_wconf 82' lang='lat' dir='ltr'><strong>videbatur.</strong></span> <span class='ocrx_word' id='word_1_230' title='bbox 1111 2889 1188 2945; x_wconf 92' lang='lat' dir='ltr'><strong>Illi</strong></span> <span class='ocrx_word' id='word_1_231' title='bbox 1217 2905 1342 2945; x_wconf 86' lang='lat' dir='ltr'><strong>vero</strong></span> <span class='ocrx_word' id='word_1_232' title='bbox 1370 2892 1440 2947; x_wconf 92' lang='lat' dir='ltr'><strong>ita</strong></span> <span class='ocrx_word' id='word_1_233' title='bbox 1468 2892 1717 2949; x_wconf 86' lang='lat' dir='ltr'><strong>dixerunt</strong></span> <span class='ocrx_word' id='word_1_234' title='bbox 1746 2913 1760 2950; x_wconf 89' lang='lat'><strong>:</strong></span> <span class='ocrx_word' id='word_1_235' title='bbox 1789 2895 2004 2966; x_wconf 73' lang='lat' dir='ltr'><strong>Cruci/i-</strong></span> 
     </span>
    </p>
   </div>
   <div class='ocr_carea' id='block_1_31' title="bbox 420 2981 2004 3053">
    <p class='ocr_par' dir='ltr' id='par_1_31' title="bbox 420 2981 2004 3053">
     <span class='ocr_line' id='line_1_31' title="bbox 420 2981 2004 3053; baseline 0.006 -20"><span class='ocrx_word' id='word_1_236' title='bbox 420 2998 483 3052; x_wconf 82' lang='lat' dir='ltr'><strong>ge</strong></span> <span class='ocrx_word' id='word_1_237' title='bbox 503 3021 519 3046; x_wconf 91' lang='lat'><strong>,</strong></span> <span class='ocrx_word' id='word_1_238' title='bbox 547 2982 784 3053; x_wconf 77' lang='lat' dir='ltr'><strong>cruci/iga</strong></span> <span class='ocrx_word' id='word_1_239' title='bbox 811 2999 943 3036; x_wconf 84' lang='lat' dir='ltr'><strong>eum.</strong></span> <span class='ocrx_word' id='word_1_240' title='bbox 974 2983 1066 3039; x_wconf 80' lang='grc'><strong>25.</strong></span> <span class='ocrx_word' id='word_1_241' title='bbox 1096 2981 1198 3038; x_wconf 84' lang='lat' dir='ltr'><strong>Ille</strong></span> <span class='ocrx_word' id='word_1_242' title='bbox 1221 2999 1336 3038; x_wconf 83' lang='lat' dir='ltr'><strong>vero</strong></span> <span class='ocrx_word' id='word_1_243' title='bbox 1365 2984 1492 3038; x_wconf 73' lang='lat' dir='ltr'><strong>dixit</strong></span> <span class='ocrx_word' id='word_1_244' title='bbox 1519 3000 1538 3039; x_wconf 91' lang='lat'><strong><em>:</em></strong></span> <span class='ocrx_word' id='word_1_245' title='bbox 1561 2985 1699 3053; x_wconf 83' lang='lat' dir='ltr'><strong>Quid</strong></span> <span class='ocrx_word' id='word_1_246' title='bbox 1726 2989 1855 3041; x_wconf 85' lang='lat' dir='ltr'><strong>enim</strong></span> <span class='ocrx_word' id='word_1_247' title='bbox 1879 2989 2004 3043; x_wconf 87' lang='lat' dir='ltr'><strong>mali</strong></span> 
     </span>
    </p>
   </div>
   <div class='ocr_carea' id='block_1_32' title="bbox 421 3071 1998 3146">
    <p class='ocr_par' dir='ltr' id='par_1_32' title="bbox 421 3071 1998 3146">
     <span class='ocr_line' id='line_1_32' title="bbox 421 3071 1998 3146; baseline 0.007 -21"><span class='ocrx_word' id='word_1_248' title='bbox 421 3071 578 3140; x_wconf 75' lang='lat' dir='ltr'><strong>fecit?</strong></span> <span class='ocrx_word' id='word_1_249' title='bbox 604 3072 669 3126; x_wconf 80' lang='lat' dir='ltr'><strong>At</strong></span> <span class='ocrx_word' id='word_1_250' title='bbox 697 3073 779 3127; x_wconf 83' lang='lat' dir='ltr'><strong>illi</strong></span> <span class='ocrx_word' id='word_1_251' title='bbox 807 3073 966 3128; x_wconf 83' lang='lat' dir='ltr'><strong>multo</strong></span> <span class='ocrx_word' id='word_1_252' title='bbox 994 3075 1153 3146; x_wconf 84' lang='lat' dir='ltr'><strong>magis</strong></span> <span class='ocrx_word' id='word_1_253' title='bbox 1182 3073 1496 3140; x_wconf 84' lang='lat' dir='ltr'><strong>clamabant,</strong></span> <span class='ocrx_word' id='word_1_254' title='bbox 1525 3075 1882 3146; x_wconf 77' lang='lat' dir='ltr'><strong>Cruciﬁgatur.</strong></span> <span class='ocrx_word' id='word_1_255' title='bbox 1908 3079 1998 3135; x_wconf 71' lang='grc'><strong>24.</strong></span> 
     </span>
    </p>
   </div>
   <div class='ocr_carea' id='block_1_33' title="bbox 428 3161 1998 3236">
    <p class='ocr_par' dir='ltr' id='par_1_33' title="bbox 428 3161 1998 3236">
     <span class='ocr_line' id='line_1_33' title="bbox 428 3161 1998 3236; baseline 0.004 -20"><span class='ocrx_word' id='word_1_256' title='bbox 428 3161 618 3218; x_wconf 78' lang='lat' dir='ltr'><strong>Videris</strong></span> <span class='ocrx_word' id='word_1_257' title='bbox 667 3173 833 3219; x_wconf 79' lang='lat' dir='ltr'><strong>autent</strong></span> <span class='ocrx_word' id='word_1_258' title='bbox 872 3164 1073 3220; x_wconf 85' lang='lat' dir='ltr'><strong>Pilatus</strong></span> <span class='ocrx_word' id='word_1_259' title='bbox 1095 3182 1148 3220; x_wconf 88' lang='lat' dir='ltr'><strong>se</strong></span> <span class='ocrx_word' id='word_1_260' title='bbox 1173 3166 1306 3220; x_wconf 84' lang='lat' dir='ltr'><strong>nihil</strong></span> <span class='ocrx_word' id='word_1_261' title='bbox 1325 3167 1570 3236; x_wconf 80' lang='lat' dir='ltr'><strong>proﬁcere</strong></span> <span class='ocrx_word' id='word_1_262' title='bbox 1590 3209 1606 3232; x_wconf 92' lang='lat'><strong>,</strong></span> <span class='ocrx_word' id='word_1_263' title='bbox 1640 3167 1760 3221; x_wconf 83' lang='lat' dir='ltr'><strong>lavit</strong></span> <span class='ocrx_word' id='word_1_264' title='bbox 1786 3185 1963 3222; x_wconf 87' lang='lat' dir='ltr'><strong>manus</strong></span> <span class='ocrx_word' id='word_1_265' title='bbox 1983 3211 1998 3236; x_wconf 91' lang='lat'><strong>,</strong></span> 
     </span>
    </p>
   </div>
   <div class='ocr_carea' id='block_1_34' title="bbox 419 3253 2001 3327">
    <p class='ocr_par' dir='ltr' id='par_1_34' title="bbox 419 3253 2001 3327">
     <span class='ocr_line' id='line_1_34' title="bbox 419 3253 2001 3327; baseline 0.005 -21"><span class='ocrx_word' id='word_1_266' title='bbox 419 3254 588 3309; x_wconf 85' lang='lat' dir='ltr'><strong>dicens</strong></span> <span class='ocrx_word' id='word_1_267' title='bbox 611 3270 630 3308; x_wconf 89' lang='lat'><strong><em>:</em></strong></span> <span class='ocrx_word' id='word_1_268' title='bbox 653 3253 903 3310; x_wconf 84' lang='lat' dir='ltr'><strong>Innocens</strong></span> <span class='ocrx_word' id='word_1_269' title='bbox 935 3273 1025 3327; x_wconf 85' lang='lat' dir='ltr'><strong>ego</strong></span> <span class='ocrx_word' id='word_1_270' title='bbox 1051 3273 1180 3310; x_wconf 84' lang='lat' dir='ltr'><strong>sum.</strong></span> <span class='ocrx_word' id='word_1_271' title='bbox 1212 3257 1320 3311; x_wconf 84' lang='lat' dir='ltr'><strong>Cur</strong></span> <span class='ocrx_word' id='word_1_272' title='bbox 1344 3273 1470 3327; x_wconf 86' lang='lat' dir='ltr'><strong>ergo</strong></span> <span class='ocrx_word' id='word_1_273' title='bbox 1500 3257 1647 3311; x_wconf 90' lang='lat' dir='ltr'><strong>illum</strong></span> <span class='ocrx_word' id='word_1_274' title='bbox 1676 3258 1876 3313; x_wconf 86' lang='lat' dir='ltr'><strong>tradis?</strong></span> <span class='ocrx_word' id='word_1_275' title='bbox 1905 3276 2001 3315; x_wconf 88' lang='lat' dir='ltr'><strong>cur</strong></span> 
     </span>
    </p>
   </div>
   <div class='ocr_carea' id='block_1_35' title="bbox 421 3348 2000 3417">
    <p class='ocr_par' dir='ltr' id='par_1_35' title="bbox 421 3348 2000 3417">
     <span class='ocr_line' id='line_1_35' title="bbox 421 3348 2000 3417; baseline 0.006 -18"><span class='ocrx_word' id='word_1_276' title='bbox 421 3364 522 3399; x_wconf 91' lang='lat' dir='ltr'><strong>non</strong></span> <span class='ocrx_word' id='word_1_277' title='bbox 554 3348 817 3416; x_wconf 88' lang='lat' dir='ltr'><strong>eripuisti,</strong></span> <span class='ocrx_word' id='word_1_278' title='bbox 844 3349 979 3402; x_wconf 90' lang='lat' dir='ltr'><strong>sicut</strong></span> <span class='ocrx_word' id='word_1_279' title='bbox 1006 3348 1223 3403; x_wconf 86' lang='lat' dir='ltr'><strong>Paulum</strong></span> <span class='ocrx_word' id='word_1_280' title='bbox 1252 3349 1530 3404; x_wconf 86' lang='lat' dir='ltr'><strong>tribunus?</strong></span> <span class='ocrx_word' id='word_1_281' title='bbox 1556 3349 1654 3417; x_wconf 87' lang='lat' dir='ltr'><strong>Qui</strong></span> <span class='ocrx_word' id='word_1_282' title='bbox 1682 3351 1842 3404; x_wconf 87' lang='lat' dir='ltr'><strong>etiam</strong></span> <span class='ocrx_word' id='word_1_283' title='bbox 1873 3353 2000 3408; x_wconf 81' lang='lat' dir='ltr'><strong>scie-</strong></span> 
     </span>
    </p>
   </div>
   <div class='ocr_carea' id='block_1_36' title="bbox 419 3431 2000 3504">
    <p class='ocr_par' dir='ltr' id='par_1_36' title="bbox 419 3431 2000 3504">
     <span class='ocr_line' id='line_1_36' title="bbox 419 3431 2000 3504; baseline 0.001 -19"><span class='ocrx_word' id='word_1_284' title='bbox 419 3431 507 3485; x_wconf 92' lang='lat' dir='ltr'><strong>bat</strong></span> <span class='ocrx_word' id='word_1_285' title='bbox 535 3445 592 3485; x_wconf 89' lang='lat' dir='ltr'><strong>se</strong></span> <span class='ocrx_word' id='word_1_286' title='bbox 621 3441 827 3502; x_wconf 88' lang='lat' dir='ltr'><strong>gratmn</strong></span> <span class='ocrx_word' id='word_1_287' title='bbox 877 3432 992 3486; x_wconf 81' lang='lat' dir='ltr'><strong>fore</strong></span> <span class='ocrx_word' id='word_1_288' title='bbox 1015 3431 1248 3497; x_wconf 77' lang='lat' dir='ltr'><strong>Iudaeis;</strong></span> <span class='ocrx_word' id='word_1_289' title='bbox 1282 3434 1474 3488; x_wconf 87' lang='lat' dir='ltr'><strong>seditio</strong></span> <span class='ocrx_word' id='word_1_290' title='bbox 1497 3436 1692 3504; x_wconf 85' lang='lat' dir='ltr'><strong>quippe</strong></span> <span class='ocrx_word' id='word_1_291' title='bbox 1720 3436 2000 3489; x_wconf 88' lang='lat' dir='ltr'><strong>tumultus-</strong></span> 
     </span>
    </p>
   </div>
   <div class='ocr_carea' id='block_1_37' title="bbox 417 3523 1998 3592">
    <p class='ocr_par' dir='ltr' id='par_1_37' title="bbox 417 3523 1998 3592">
     <span class='ocr_line' id='line_1_37' title="bbox 417 3523 1998 3592; baseline 0.004 -19"><span class='ocrx_word' id='word_1_292' title='bbox 417 3537 520 3590; x_wconf 85' lang='lat' dir='ltr'><strong>que</strong></span> <span class='ocrx_word' id='word_1_293' title='bbox 562 3530 778 3592; x_wconf 88' lang='lat' dir='ltr'><strong>propter</strong></span> <span class='ocrx_word' id='word_1_294' title='bbox 822 3523 994 3592; x_wconf 93' lang='lat' dir='ltr'><strong>ipsum</strong></span> <span class='ocrx_word' id='word_1_295' title='bbox 1039 3523 1209 3578; x_wconf 80' lang='lat' dir='ltr'><strong>factus</strong></span> <span class='ocrx_word' id='word_1_296' title='bbox 1251 3533 1334 3578; x_wconf 90' lang='lat' dir='ltr'><strong>est</strong></span> <span class='ocrx_word' id='word_1_297' title='bbox 1361 3543 1371 3576; x_wconf 97' lang='lat'>:</span> <span class='ocrx_word' id='word_1_298' title='bbox 1401 3534 1635 3580; x_wconf 87' lang='lat' dir='ltr'><strong>attamen</strong></span> <span class='ocrx_word' id='word_1_299' title='bbox 1668 3526 1862 3579; x_wconf 91' lang='lat' dir='ltr'><strong>restitit</strong></span> <span class='ocrx_word' id='word_1_300' title='bbox 1906 3525 1998 3580; x_wconf 93' lang='lat' dir='ltr'><strong>ille</strong></span> 
     </span>
    </p>
   </div>
   <div class='ocr_carea' id='block_1_38' title="bbox 416 3611 1998 3686">
    <p class='ocr_par' dir='ltr' id='par_1_38' title="bbox 416 3611 1998 3686">
     <span class='ocr_line' id='line_1_38' title="bbox 416 3611 1998 3686; baseline 0.004 -20"><span class='ocrx_word' id='word_1_301' title='bbox 416 3611 642 3668; x_wconf 77' lang='lat' dir='ltr'><strong>fortiter.</strong></span> <span class='ocrx_word' id='word_1_302' title='bbox 683 3615 752 3667; x_wconf 83' lang='lat' dir='ltr'><strong>At</strong></span> <span class='ocrx_word' id='word_1_303' title='bbox 790 3629 897 3668; x_wconf 91' lang='lat' dir='ltr'><strong>non</strong></span> <span class='ocrx_word' id='word_1_304' title='bbox 937 3614 1014 3668; x_wconf 89' lang='lat' dir='ltr'><strong>sic</strong></span> <span class='ocrx_word' id='word_1_305' title='bbox 1054 3614 1154 3668; x_wconf 89' lang='lat' dir='ltr'><strong>iste</strong></span> <span class='ocrx_word' id='word_1_306' title='bbox 1179 3633 1193 3668; x_wconf 89' lang='lat'><strong>:</strong></span> <span class='ocrx_word' id='word_1_307' title='bbox 1220 3614 1313 3670; x_wconf 90' lang='lat' dir='ltr'><strong>sed</strong></span> <span class='ocrx_word' id='word_1_308' title='bbox 1357 3615 1542 3685; x_wconf 77' lang='lat' dir='ltr'><strong>ignave</strong></span> <span class='ocrx_word' id='word_1_309' title='bbox 1579 3615 1914 3686; x_wconf 90' lang='lat' dir='ltr'><strong>molliterque</strong></span> <span class='ocrx_word' id='word_1_310' title='bbox 1938 3632 1998 3673; x_wconf 89' lang='lat' dir='ltr'><strong>se</strong></span> 
     </span>
    </p>
   </div>
   <div class='ocr_carea' id='block_1_39' title="bbox 415 3697 1992 3770">
    <p class='ocr_par' dir='ltr' id='par_1_39' title="bbox 415 3697 1992 3770">
     <span class='ocr_line' id='line_1_39' title="bbox 415 3697 1992 3770; baseline 0.003 -21"><span class='ocrx_word' id='word_1_311' title='bbox 415 3698 579 3765; x_wconf 77' lang='lat' dir='ltr'><strong>gessit</strong></span> <span class='ocrx_word' id='word_1_312' title='bbox 607 3715 620 3749; x_wconf 90' lang='lat'><strong>:</strong></span> <span class='ocrx_word' id='word_1_313' title='bbox 648 3712 708 3750; x_wconf 89' lang='lat' dir='ltr'><strong>ac</strong></span> <span class='ocrx_word' id='word_1_314' title='bbox 735 3697 888 3751; x_wconf 88' lang='lat' dir='ltr'><strong>simul</strong></span> <span class='ocrx_word' id='word_1_315' title='bbox 915 3713 1103 3754; x_wconf 91' lang='lat' dir='ltr'><strong>omnes</strong></span> <span class='ocrx_word' id='word_1_316' title='bbox 1127 3699 1358 3767; x_wconf 90' lang='lat' dir='ltr'><strong>corrupti</strong></span> <span class='ocrx_word' id='word_1_317' title='bbox 1387 3699 1618 3753; x_wconf 82' lang='lat' dir='ltr'><strong>fuerunt.</strong></span> <span class='ocrx_word' id='word_1_318' title='bbox 1647 3699 1828 3770; x_wconf 86' lang='lat' dir='ltr'><strong>Neque</strong></span> <span class='ocrx_word' id='word_1_319' title='bbox 1853 3701 1992 3754; x_wconf 85' lang='lat' dir='ltr'><strong>enim</strong></span> 
     </span>
    </p>
   </div>
   <div class='ocr_carea' id='block_1_40' title="bbox 416 3787 1994 3861">
    <p class='ocr_par' dir='ltr' id='par_1_40' title="bbox 416 3787 1994 3861">
     <span class='ocr_line' id='line_1_40' title="bbox 416 3787 1994 3861; baseline 0.004 -20"><span class='ocrx_word' id='word_1_320' title='bbox 416 3787 502 3842; x_wconf 92' lang='lat' dir='ltr'><strong>hic</strong></span> <span class='ocrx_word' id='word_1_321' title='bbox 528 3788 689 3857; x_wconf 87' lang='lat' dir='ltr'><strong>plebi,</strong></span> <span class='ocrx_word' id='word_1_322' title='bbox 718 3805 889 3858; x_wconf 83' lang='lat' dir='ltr'><strong>neque</strong></span> <span class='ocrx_word' id='word_1_323' title='bbox 915 3789 1195 3843; x_wconf 90' lang='lat' dir='ltr'><strong>multitudo</strong></span> <span class='ocrx_word' id='word_1_324' title='bbox 1219 3789 1416 3843; x_wconf 60' lang='lat' dir='ltr'><strong>ludatis</strong></span> <span class='ocrx_word' id='word_1_325' title='bbox 1444 3791 1635 3844; x_wconf 91' lang='lat' dir='ltr'><strong>restitit</strong></span> <span class='ocrx_word' id='word_1_326' title='bbox 1656 3793 1712 3854; x_wconf 76' lang='grc' dir='ltr'><strong>’ς</strong></span> <span class='ocrx_word' id='word_1_327' title='bbox 1747 3791 1994 3861; x_wconf 83' lang='lat' dir='ltr'><strong>nullaque</strong></span> 
     </span>
    </p>
   </div>
   <div class='ocr_carea' id='block_1_41' title="bbox 416 3880 1990 3950">
    <p class='ocr_par' dir='ltr' id='par_1_41' title="bbox 416 3880 1990 3950">
     <span class='ocr_line' id='line_1_41' title="bbox 416 3880 1990 3950; baseline 0 -17"><span class='ocrx_word' id='word_1_328' title='bbox 416 3880 519 3934; x_wconf 76' lang='lat' dir='ltr'><strong>illis</strong></span> <span class='ocrx_word' id='word_1_329' title='bbox 545 3882 816 3938; x_wconf 80' lang='lat' dir='ltr'><strong>excusatio</strong></span> <span class='ocrx_word' id='word_1_330' title='bbox 845 3891 1140 3950; x_wconf 89' lang='lat' dir='ltr'><strong>supererat.</strong></span> <span class='ocrx_word' id='word_1_331' title='bbox 1172 3881 1304 3935; x_wconf 87' lang='lat' dir='ltr'><strong>Nam</strong></span> <span class='ocrx_word' id='word_1_332' title='bbox 1336 3880 1658 3950; x_wconf 73' lang='lat' dir='ltr'><strong>Supervacua</strong></span> <span class='ocrx_word' id='word_1_333' title='bbox 1684 3881 1990 3949; x_wconf 79' lang='lat' dir='ltr'><strong>clamabant,</strong></span> 
     </span>
    </p>
   </div>
   <div class='ocr_carea' id='block_1_42' title="bbox 417 3971 1994 4042">
    <p class='ocr_par' dir='ltr' id='par_1_42' title="bbox 417 3971 1994 4042">
     <span class='ocr_line' id='line_1_42' title="bbox 417 3971 1994 4042; baseline 0.003 -19"><span class='ocrx_word' id='word_1_334' title='bbox 417 3971 517 4026; x_wconf 85' lang='lat' dir='ltr'><strong>hoc</strong></span> <span class='ocrx_word' id='word_1_335' title='bbox 544 3981 645 4038; x_wconf 86' lang='lat' dir='ltr'><strong>est,</strong></span> <span class='ocrx_word' id='word_1_336' title='bbox 679 3971 844 4042; x_wconf 90' lang='lat' dir='ltr'><strong>magis</strong></span> <span class='ocrx_word' id='word_1_337' title='bbox 870 3987 932 4026; x_wconf 86' lang='lat' dir='ltr'><strong>ac</strong></span> <span class='ocrx_word' id='word_1_338' title='bbox 961 3972 1129 4042; x_wconf 85' lang='lat' dir='ltr'><strong>magis</strong></span> <span class='ocrx_word' id='word_1_339' title='bbox 1155 3971 1474 4038; x_wconf 89' lang='lat' dir='ltr'><strong>clamabant,</strong></span> <span class='ocrx_word' id='word_1_340' title='bbox 1503 3971 1862 4042; x_wconf 79' lang='lat' dir='ltr'><strong>Cruciﬁgatttr.</strong></span> <span class='ocrx_word' id='word_1_341' title='bbox 1889 3971 1994 4027; x_wconf 91' lang='lat' dir='ltr'><strong>Ne-</strong></span> 
     </span>
    </p>
   </div>
   <div class='ocr_carea' id='block_1_43' title="bbox 420 4057 1986 4128">
    <p class='ocr_par' dir='ltr' id='par_1_43' title="bbox 420 4057 1986 4128">
     <span class='ocr_line' id='line_1_43' title="bbox 420 4057 1986 4128; baseline 0.003 -18"><span class='ocrx_word' id='word_1_342' title='bbox 420 4073 524 4125; x_wconf 86' lang='lat' dir='ltr'><strong>que</strong></span> <span class='ocrx_word' id='word_1_343' title='bbox 544 4058 686 4112; x_wconf 81' lang='lat' dir='ltr'><strong>enim</strong></span> <span class='ocrx_word' id='word_1_344' title='bbox 709 4059 883 4113; x_wconf 90' lang='lat' dir='ltr'><strong>solum</strong></span> <span class='ocrx_word' id='word_1_345' title='bbox 904 4060 1154 4114; x_wconf 91' lang='lat' dir='ltr'><strong>occidere</strong></span> <span class='ocrx_word' id='word_1_346' title='bbox 1176 4059 1448 4120; x_wconf 90' lang='lat' dir='ltr'><strong>volebant,</strong></span> <span class='ocrx_word' id='word_1_347' title='bbox 1464 4057 1556 4112; x_wconf 86' lang='lat' dir='ltr'><strong>sed</strong></span> <span class='ocrx_word' id='word_1_348' title='bbox 1577 4059 1733 4127; x_wconf 89' lang='lat' dir='ltr'><strong>quasi</strong></span> <span class='ocrx_word' id='word_1_349' title='bbox 1755 4073 1852 4128; x_wconf 89' lang='lat' dir='ltr'><strong>pro</strong></span> <span class='ocrx_word' id='word_1_350' title='bbox 1875 4074 1986 4115; x_wconf 88' lang='lat' dir='ltr'><strong>sce-</strong></span> 
     </span>
    </p>
   </div>
   <div class='ocr_carea' id='block_1_44' title="bbox 422 4147 1994 4220">
    <p class='ocr_par' dir='ltr' id='par_1_44' title="bbox 422 4147 1994 4220">
     <span class='ocr_line' id='line_1_44' title="bbox 422 4147 1994 4220; baseline 0.001 -20"><span class='ocrx_word' id='word_1_351' title='bbox 422 4147 551 4211; x_wconf 87' lang='lat' dir='ltr'><strong>lere,</strong></span> <span class='ocrx_word' id='word_1_352' title='bbox 563 4157 616 4202; x_wconf 89' lang='lat' dir='ltr'><strong>et</strong></span> <span class='ocrx_word' id='word_1_353' title='bbox 627 4150 808 4215; x_wconf 86' lang='lat' dir='ltr'><strong>judice</strong></span> <span class='ocrx_word' id='word_1_354' title='bbox 825 4158 1157 4220; x_wconf 78' lang='lat' dir='ltr'><strong>repugnante</strong></span> <span class='ocrx_word' id='word_1_355' title='bbox 1173 4149 1359 4204; x_wconf 90' lang='lat' dir='ltr'><strong>eadem</strong></span> <span class='ocrx_word' id='word_1_356' title='bbox 1375 4148 1662 4203; x_wconf 88' lang='lat' dir='ltr'><strong>clamando</strong></span> <span class='ocrx_word' id='word_1_357' title='bbox 1685 4163 1994 4218; x_wconf 88' lang='lat' dir='ltr'><strong>persevera-</strong></span> 
     </span>
    </p>
   </div>
   <div class='ocr_carea' id='block_1_45' title="bbox 423 4242 1989 4313">
    <p class='ocr_par' dir='ltr' id='par_1_45' title="bbox 423 4242 1989 4313">
     <span class='ocr_line' id='line_1_45' title="bbox 423 4242 1989 4313; baseline -0.001 -16"><span class='ocrx_word' id='word_1_358' title='bbox 423 4244 572 4297; x_wconf 90' lang='lat' dir='ltr'><strong>bant.</strong></span> <span class='ocrx_word' id='word_1_359' title='bbox 593 4243 782 4298; x_wconf 82' lang='lat' dir='ltr'><strong>Viden‘</strong></span> <span class='ocrx_word' id='word_1_360' title='bbox 806 4252 1008 4313; x_wconf 88' lang='lat' dir='ltr'><strong>quanta</strong></span> <span class='ocrx_word' id='word_1_361' title='bbox 1034 4243 1159 4299; x_wconf 80' lang='lat' dir='ltr'><strong>fecit</strong></span> <span class='ocrx_word' id='word_1_362' title='bbox 1187 4244 1438 4297; x_wconf 86' lang='lat' dir='ltr'><strong>Christus</strong></span> <span class='ocrx_word' id='word_1_363' title='bbox 1471 4252 1528 4296; x_wconf 92' lang='lat' dir='ltr'><strong>ut</strong></span> <span class='ocrx_word' id='word_1_364' title='bbox 1561 4242 1682 4295; x_wconf 88' lang='lat' dir='ltr'><strong>illos</strong></span> <span class='ocrx_word' id='word_1_365' title='bbox 1706 4242 1770 4296; x_wconf 86' lang='lat' dir='ltr'><strong>ad</strong></span> <span class='ocrx_word' id='word_1_366' title='bbox 1794 4242 1989 4312; x_wconf 87' lang='lat' dir='ltr'><strong>resipi-</strong></span> 
     </span>
    </p>
   </div>
   <div class='ocr_carea' id='block_1_46' title="bbox 421 4334 1990 4403">
    <p class='ocr_par' dir='ltr' id='par_1_46' title="bbox 421 4334 1990 4403">
     <span class='ocr_line' id='line_1_46' title="bbox 421 4334 1990 4403; baseline -0.004 -12"><span class='ocrx_word' id='word_1_367' title='bbox 421 4337 680 4391; x_wconf 84' lang='lat' dir='ltr'><strong>scendum</strong></span> <span class='ocrx_word' id='word_1_368' title='bbox 701 4336 1177 4391; x_wconf 87' lang='lat' dir='ltr'><strong>induceret?Sicut</strong></span> <span class='ocrx_word' id='word_1_369' title='bbox 1192 4334 1538 4389; x_wconf 87' lang='lat' dir='ltr'><strong>enimJudam</strong></span> <span class='ocrx_word' id='word_1_370' title='bbox 1559 4349 1700 4403; x_wconf 66' lang='lat' dir='ltr'><strong>stupe</strong></span> <span class='ocrx_word' id='word_1_371' title='bbox 1711 4335 1990 4402; x_wconf 89' lang='lat' dir='ltr'><strong>repressit,</strong></span> 
     </span>
    </p>
   </div>
   <div class='ocr_carea' id='block_1_47' title="bbox 424 4426 1988 4498">
    <p class='ocr_par' dir='ltr' id='par_1_47' title="bbox 424 4426 1988 4498">
     <span class='ocr_line' id='line_1_47' title="bbox 424 4426 1988 4498; baseline -0.002 -17"><span class='ocrx_word' id='word_1_372' title='bbox 424 4430 501 4481; x_wconf 86' lang='lat' dir='ltr'><strong>sic</strong></span> <span class='ocrx_word' id='word_1_373' title='bbox 519 4437 572 4483; x_wconf 93' lang='lat' dir='ltr'><strong>et</strong></span> <span class='ocrx_word' id='word_1_374' title='bbox 587 4431 797 4492; x_wconf 87' lang='lat' dir='ltr'><strong>istos,et</strong></span> <span class='ocrx_word' id='word_1_375' title='bbox 816 4429 866 4481; x_wconf 94' lang='lat' dir='ltr'><strong>in</strong></span> <span class='ocrx_word' id='word_1_376' title='bbox 881 4435 996 4481; x_wconf 92' lang='lat' dir='ltr'><strong>toto</strong></span> <span class='ocrx_word' id='word_1_377' title='bbox 1010 4427 1310 4498; x_wconf 88' lang='lat' dir='ltr'><strong>evangelio,</strong></span> <span class='ocrx_word' id='word_1_378' title='bbox 1325 4436 1377 4480; x_wconf 86' lang='lat' dir='ltr'><strong>et</strong></span> <span class='ocrx_word' id='word_1_379' title='bbox 1391 4426 1710 4495; x_wconf 89' lang='lat' dir='ltr'><strong>ipsojudicii</strong></span> <span class='ocrx_word' id='word_1_380' title='bbox 1725 4434 1988 4494; x_wconf 85' lang='lat' dir='ltr'><strong>tempore.</strong></span> 
     </span>
    </p>
   </div>
   <div class='ocr_carea' id='block_1_48' title="bbox 426 4518 1990 4589">
    <p class='ocr_par' dir='ltr' id='par_1_48' title="bbox 426 4518 1990 4589">
     <span class='ocr_line' id='line_1_48' title="bbox 426 4518 1990 4589; baseline -0.002 -18"><span class='ocrx_word' id='word_1_381' title='bbox 426 4518 560 4574; x_wconf 83' lang='lat' dir='ltr'><strong>Nam</strong></span> <span class='ocrx_word' id='word_1_382' title='bbox 579 4521 796 4589; x_wconf 83' lang='lat' dir='ltr'><strong>quando</strong></span> <span class='ocrx_word' id='word_1_383' title='bbox 819 4520 1100 4589; x_wconf 72' lang='lat' dir='ltr'><strong>praesidem</strong></span> <span class='ocrx_word' id='word_1_384' title='bbox 1119 4528 1170 4573; x_wconf 90' lang='lat' dir='ltr'><strong>et</strong></span> <span class='ocrx_word' id='word_1_385' title='bbox 1187 4519 1425 4587; x_wconf 78' lang='lat' dir='ltr'><strong>judicent</strong></span> <span class='ocrx_word' id='word_1_386' title='bbox 1448 4518 1702 4571; x_wconf 86' lang='lat' dir='ltr'><strong>videbant</strong></span> <span class='ocrx_word' id='word_1_387' title='bbox 1721 4518 1990 4569; x_wconf 87' lang='lat' dir='ltr'><strong>lavantem</strong></span> 
     </span>
    </p>
   </div>
   <div class='ocr_carea' id='block_1_49' title="bbox 426 4607 1991 4677">
    <p class='ocr_par' dir='ltr' id='par_1_49' title="bbox 426 4607 1991 4677">
     <span class='ocr_line' id='line_1_49' title="bbox 426 4607 1991 4677; baseline -0.002 -15"><span class='ocrx_word' id='word_1_388' title='bbox 426 4625 619 4666; x_wconf 90' lang='lat' dir='ltr'><strong>manus</strong></span> <span class='ocrx_word' id='word_1_389' title='bbox 640 4619 692 4664; x_wconf 86' lang='lat' dir='ltr'><strong>et</strong></span> <span class='ocrx_word' id='word_1_390' title='bbox 712 4611 978 4665; x_wconf 90' lang='lat' dir='ltr'><strong>dicentem</strong></span> <span class='ocrx_word' id='word_1_391' title='bbox 997 4651 1012 4675; x_wconf 95' lang='lat'><strong>,</strong></span> <span class='ocrx_word' id='word_1_392' title='bbox 1051 4611 1311 4663; x_wconf 85' lang='lat' dir='ltr'><strong>lmtocens</strong></span> <span class='ocrx_word' id='word_1_393' title='bbox 1339 4626 1456 4663; x_wconf 86' lang='lat' dir='ltr'><strong>sum</strong></span> <span class='ocrx_word' id='word_1_394' title='bbox 1487 4625 1520 4660; x_wconf 89' lang='lat' dir='ltr'><strong>a</strong></span> <span class='ocrx_word' id='word_1_395' title='bbox 1539 4610 1793 4677; x_wconf 82' lang='lat' dir='ltr'><strong>sanguine</strong></span> <span class='ocrx_word' id='word_1_396' title='bbox 1813 4607 1991 4676; x_wconf 84' lang='lat' dir='ltr'><strong>hujus,</strong></span> 
     </span>
    </p>
   </div>
   <div class='ocr_carea' id='block_1_50' title="bbox 424 4697 1993 4772">
    <p class='ocr_par' dir='ltr' id='par_1_50' title="bbox 424 4697 1993 4772">
     <span class='ocr_line' id='line_1_50' title="bbox 424 4697 1993 4772; baseline -0.003 -18"><span class='ocrx_word' id='word_1_397' title='bbox 424 4703 709 4772; x_wconf 80' lang='lat' dir='ltr'><strong>compungi</strong></span> <span class='ocrx_word' id='word_1_398' title='bbox 732 4703 1016 4771; x_wconf 77' lang='lat' dir='ltr'><strong>Oportebat</strong></span> <span class='ocrx_word' id='word_1_399' title='bbox 1035 4709 1088 4756; x_wconf 92' lang='lat' dir='ltr'><strong>et</strong></span> <span class='ocrx_word' id='word_1_400' title='bbox 1109 4701 1284 4755; x_wconf 87' lang='lat' dir='ltr'><strong>verbis</strong></span> <span class='ocrx_word' id='word_1_401' title='bbox 1312 4709 1365 4754; x_wconf 90' lang='lat' dir='ltr'><strong>et</strong></span> <span class='ocrx_word' id='word_1_402' title='bbox 1391 4699 1585 4766; x_wconf 89' lang='lat' dir='ltr'><strong>rebus;</strong></span> <span class='ocrx_word' id='word_1_403' title='bbox 1624 4706 1681 4751; x_wconf 91' lang='lat' dir='ltr'><strong>ut</strong></span> <span class='ocrx_word' id='word_1_404' title='bbox 1704 4706 1757 4752; x_wconf 92' lang='lat' dir='ltr'><strong>et</strong></span> <span class='ocrx_word' id='word_1_405' title='bbox 1775 4697 1993 4766; x_wconf 88' lang='lat' dir='ltr'><strong>quando</strong></span> 
     </span>
    </p>
   </div>
   <div class='ocr_carea' id='block_1_51' title="bbox 423 4788 1991 4862">
    <p class='ocr_par' dir='ltr' id='par_1_51' title="bbox 423 4788 1991 4862">
     <span class='ocr_line' id='line_1_51' title="bbox 423 4788 1991 4862; baseline -0.004 -16"><span class='ocrx_word' id='word_1_406' title='bbox 423 4792 616 4848; x_wconf 84' lang='lat' dir='ltr'><strong>Judam</strong></span> <span class='ocrx_word' id='word_1_407' title='bbox 640 4795 888 4848; x_wconf 85' lang='lat' dir='ltr'><strong>viderunt</strong></span> <span class='ocrx_word' id='word_1_408' title='bbox 908 4794 1101 4862; x_wconf 91' lang='lat' dir='ltr'><strong>laqueo</strong></span> <span class='ocrx_word' id='word_1_409' title='bbox 1127 4797 1542 4860; x_wconf 89' lang='lat' dir='ltr'><strong>suspensum,et</strong></span> <span class='ocrx_word' id='word_1_410' title='bbox 1562 4790 1736 4860; x_wconf 90' lang='lat' dir='ltr'><strong>ipsum</strong></span> <span class='ocrx_word' id='word_1_411' title='bbox 1758 4788 1991 4842; x_wconf 83' lang='lat' dir='ltr'><strong>Pilatum</strong></span> 
     </span>
    </p>
   </div>
   <div class='ocr_carea' id='block_1_52' title="bbox 425 4880 1984 4955">
    <p class='ocr_par' dir='ltr' id='par_1_52' title="bbox 425 4880 1984 4955">
     <span class='ocr_line' id='line_1_52' title="bbox 425 4880 1984 4955; baseline -0.003 -16"><span class='ocrx_word' id='word_1_412' title='bbox 425 4893 724 4955; x_wconf 81' lang='lat' dir='ltr'><strong>rogantem,</strong></span> <span class='ocrx_word' id='word_1_413' title='bbox 749 4895 805 4939; x_wconf 90' lang='lat' dir='ltr'><strong>ut</strong></span> <span class='ocrx_word' id='word_1_414' title='bbox 827 4887 990 4939; x_wconf 88' lang='lat' dir='ltr'><strong>alium</strong></span> <span class='ocrx_word' id='word_1_415' title='bbox 1016 4900 1113 4954; x_wconf 87' lang='lat' dir='ltr'><strong>pro</strong></span> <span class='ocrx_word' id='word_1_416' title='bbox 1136 4885 1226 4938; x_wconf 91' lang='lat' dir='ltr'><strong>illo</strong></span> <span class='ocrx_word' id='word_1_417' title='bbox 1250 4885 1580 4952; x_wconf 87' lang='lat' dir='ltr'><strong>acciperent.</strong></span> <span class='ocrx_word' id='word_1_418' title='bbox 1602 4880 1736 4934; x_wconf 82' lang='lat' dir='ltr'><strong>Nam</strong></span> <span class='ocrx_word' id='word_1_419' title='bbox 1756 4897 1877 4935; x_wconf 90' lang='lat' dir='ltr'><strong>cum</strong></span> <span class='ocrx_word' id='word_1_420' title='bbox 1900 4895 1984 4935; x_wconf 84' lang='lat' dir='ltr'><strong>ac-</strong></span> 
     </span>
    </p>
   </div>
   <div class='ocr_carea' id='block_1_53' title="bbox 425 4972 1997 5044">
    <p class='ocr_par' dir='ltr' id='par_1_53' title="bbox 425 4972 1997 5044">
     <span class='ocr_line' id='line_1_53' title="bbox 425 4972 1997 5044; baseline -0.003 -15"><span class='ocrx_word' id='word_1_421' title='bbox 425 4985 710 5030; x_wconf 74' lang='lat' dir='ltr'><strong>cusatori-t</strong></span> <span class='ocrx_word' id='word_1_422' title='bbox 723 4978 966 5044; x_wconf 89' lang='lat' dir='ltr'><strong>proditor</strong></span> <span class='ocrx_word' id='word_1_423' title='bbox 982 4977 1056 5029; x_wconf 88' lang='lat' dir='ltr'><strong>sei</strong></span> <span class='ocrx_word' id='word_1_424' title='bbox 1068 4991 1220 5044; x_wconf 82' lang='lat' dir='ltr'><strong>psttm</strong></span> <span class='ocrx_word' id='word_1_425' title='bbox 1239 4973 1740 5042; x_wconf 84' lang='lat' dir='ltr'><strong>condcmnet,etqui</strong></span> <span class='ocrx_word' id='word_1_426' title='bbox 1763 4972 1865 5027; x_wconf 87' lang='lat' dir='ltr'><strong>l&#39;ert</strong></span> <span class='ocrx_word' id='word_1_427' title='bbox 1878 4988 1997 5026; x_wconf 87' lang='lat' dir='ltr'><strong>sen-</strong></span> 
     </span>
    </p>
   </div>
   <div class='ocr_carea' id='block_1_54' title="bbox 424 5062 1990 5138">
    <p class='ocr_par' dir='ltr' id='par_1_54' title="bbox 424 5062 1990 5138">
     <span class='ocr_line' id='line_1_54' title="bbox 424 5062 1990 5138; baseline -0.004 -18"><span class='ocrx_word' id='word_1_428' title='bbox 424 5069 646 5121; x_wconf 91' lang='lat' dir='ltr'><strong>tentiam</strong></span> <span class='ocrx_word' id='word_1_429' title='bbox 679 5069 890 5138; x_wconf 89' lang='lat' dir='ltr'><strong>culpam</strong></span> <span class='ocrx_word' id='word_1_430' title='bbox 913 5086 942 5122; x_wconf 92' lang='lat' dir='ltr'><strong>a</strong></span> <span class='ocrx_word' id='word_1_431' title='bbox 973 5085 1032 5124; x_wconf 87' lang='lat' dir='ltr'><strong>se</strong></span> <span class='ocrx_word' id='word_1_432' title='bbox 1061 5068 1376 5132; x_wconf 88' lang='lat' dir='ltr'><strong>amoliatur,</strong></span> <span class='ocrx_word' id='word_1_433' title='bbox 1400 5081 1462 5119; x_wconf 88' lang='lat' dir='ltr'><strong>ac</strong></span> <span class='ocrx_word' id='word_1_434' title='bbox 1485 5066 1658 5119; x_wconf 89' lang='lat' dir='ltr'><strong>visum</strong></span> <span class='ocrx_word' id='word_1_435' title='bbox 1683 5065 1788 5116; x_wconf 84' lang='lat' dir='ltr'><strong>tale</strong></span> <span class='ocrx_word' id='word_1_436' title='bbox 1807 5062 1990 5117; x_wconf 84' lang='lat' dir='ltr'><strong>eadem</strong></span> 
     </span>
    </p>
   </div>
   <div class='ocr_carea' id='block_1_55' title="bbox 423 5154 1990 5230">
    <p class='ocr_par' dir='ltr' id='par_1_55' title="bbox 423 5154 1990 5230">
     <span class='ocr_line' id='line_1_55' title="bbox 423 5154 1990 5230; baseline -0.001 -19"><span class='ocrx_word' id='word_1_437' title='bbox 423 5168 581 5213; x_wconf 88' lang='lat' dir='ltr'><strong>nocte</strong></span> <span class='ocrx_word' id='word_1_438' title='bbox 600 5170 875 5228; x_wconf 84' lang='lat' dir='ltr'><strong>appareat,</strong></span> <span class='ocrx_word' id='word_1_439' title='bbox 895 5170 947 5214; x_wconf 84' lang='lat' dir='ltr'><strong>et</strong></span> <span class='ocrx_word' id='word_1_440' title='bbox 964 5161 1119 5230; x_wconf 84' lang='lat' dir='ltr'><strong>quasi</strong></span> <span class='ocrx_word' id='word_1_441' title='bbox 1141 5161 1556 5213; x_wconf 89' lang='lat' dir='ltr'><strong>condemnatum</strong></span> <span class='ocrx_word' id='word_1_442' title='bbox 1579 5157 1756 5227; x_wconf 90' lang='lat' dir='ltr'><strong>ipsum</strong></span> <span class='ocrx_word' id='word_1_443' title='bbox 1778 5154 1990 5210; x_wconf 82' lang='lat' dir='ltr'><strong>Pilatus</strong></span> 
     </span>
    </p>
   </div>
   <div class='ocr_carea' id='block_1_56' title="bbox 471 5283 1428 5349">
    <p class='ocr_par' dir='ltr' id='par_1_56' title="bbox 471 5283 1428 5349">
     <span class='ocr_line' id='line_1_56' title="bbox 471 5283 1428 5349; baseline 0.006 -17"><span class='ocrx_word' id='word_1_444' title='bbox 471 5289 489 5349; x_wconf 54' lang='grc' dir='ltr'>ξ</span> <span class='ocrx_word' id='word_1_445' title='bbox 525 5283 642 5343; x_wconf 77' lang='lat' dir='ltr'><strong>Alii,</strong></span> <span class='ocrx_word' id='word_1_446' title='bbox 666 5284 783 5349; x_wconf 85' lang='lat' dir='ltr'><strong>quid</strong></span> <span class='ocrx_word' id='word_1_447' title='bbox 806 5298 921 5349; x_wconf 83' lang='lat' dir='ltr'><strong>ergo</strong></span> <span class='ocrx_word' id='word_1_448' title='bbox 941 5285 1117 5349; x_wconf 85' lang='lat' dir='ltr'><strong>faciam</strong></span> <span class='ocrx_word' id='word_1_449' title='bbox 1139 5289 1200 5339; x_wconf 86' lang='lat' dir='ltr'><strong>de</strong></span> <span class='ocrx_word' id='word_1_450' title='bbox 1222 5287 1428 5340; x_wconf 85' lang='lat' dir='ltr'><strong>Christo.</strong></span> 
     </span>
    </p>
   </div>
   <div class='ocr_carea' id='block_1_57' title="bbox 469 5339 1985 5413">
    <p class='ocr_par' dir='ltr' id='par_1_57' title="bbox 469 5339 1985 5413">
     <span class='ocr_line' id='line_1_57' title="bbox 469 5339 1985 5413; baseline 0.007 -22"><span class='ocrx_word' id='word_1_451' title='bbox 469 5348 491 5376; x_wconf 80' lang='grc'>²</span> <span class='ocrx_word' id='word_1_452' title='bbox 509 5339 831 5396; x_wconf 69' lang='grc' dir='ltr'>ιιωοόιίιιιὶῐιο</span> <span class='ocrx_word' id='word_1_453' title='bbox 848 5339 1016 5398; x_wconf 64' lang='grc' dir='ltr'><strong>(ξι-τέω</strong></span> <span class='ocrx_word' id='word_1_454' title='bbox 1039 5352 1195 5400; x_wconf 87' lang='lat' dir='ltr'><strong>textui</strong></span> <span class='ocrx_word' id='word_1_455' title='bbox 1220 5339 1497 5408; x_wconf 87' lang='lat' dir='ltr'><strong>consonant,</strong></span> <span class='ocrx_word' id='word_1_456' title='bbox 1512 5353 1560 5400; x_wconf 90' lang='lat' dir='ltr'><strong>in</strong></span> <span class='ocrx_word' id='word_1_457' title='bbox 1584 5365 1680 5413; x_wconf 86' lang='lat' dir='ltr'><strong>quo</strong></span> <span class='ocrx_word' id='word_1_458' title='bbox 1700 5351 1881 5412; x_wconf 82' lang='lat' dir='ltr'><strong>legitur</strong></span> <span class='ocrx_word' id='word_1_459' title='bbox 1903 5360 1985 5402; x_wconf 68' lang='grc' dir='ltr'><strong>οὔτι</strong></span> 
     </span>
    </p>
   </div>
   <div class='ocr_carea' id='block_1_58' title="bbox 408 5413 1982 5516">
    <p class='ocr_par' dir='ltr' id='par_1_58' title="bbox 408 5413 1982 5516">
     <span class='ocr_line' id='line_1_58' title="bbox 408 5413 1982 5516; baseline 0.003 -61"><span class='ocrx_word' id='word_1_460' title='bbox 408 5418 451 5456; x_wconf 71' lang='grc' dir='ltr'><strong>τὸ</strong></span> <span class='ocrx_word' id='word_1_461' title='bbox 470 5417 604 5465; x_wconf 69' lang='grc' dir='ltr'><strong>πλῆθος</strong></span> <span class='ocrx_word' id='word_1_462' title='bbox 624 5420 711 5516; x_wconf 54' lang='grc' dir='ltr'><strong>τδὸς</strong></span> <span class='ocrx_word' id='word_1_463' title='bbox 731 5421 816 5465; x_wconf 71' lang='grc' dir='ltr'><strong>τοὺς</strong></span> <span class='ocrx_word' id='word_1_464' title='bbox 839 5417 1034 5465; x_wconf 69' lang='grc' dir='ltr'><strong>Ἰουδαίους</strong></span> <span class='ocrx_word' id='word_1_465' title='bbox 1057 5413 1203 5470; x_wconf 70' lang='grc' dir='ltr'><strong>(ιο-ιη).</strong></span> <span class='ocrx_word' id='word_1_466' title='bbox 1229 5413 1473 5470; x_wconf 86' lang='lat' dir='ltr'><strong>Quomodo</strong></span> <span class='ocrx_word' id='word_1_467' title='bbox 1495 5421 1655 5462; x_wconf 85' lang='lat' dir='ltr'><strong>autem</strong></span> <span class='ocrx_word' id='word_1_468' title='bbox 1684 5415 1836 5475; x_wconf 78' lang='lat' dir='ltr'><strong>potuit</strong></span> <span class='ocrx_word' id='word_1_469' title='bbox 1858 5413 1982 5461; x_wconf 90' lang='lat' dir='ltr'><strong>mul-</strong></span> 
     </span>
     <span class='ocr_line' id='line_1_59' title="bbox 408 5467 1982 5516; baseline 0 0"><span class='ocrx_word' id='word_1_470' title='bbox 408 5467 565 5516; x_wconf 83' lang='lat' dir='ltr'><strong>titudo</strong></span> <span class='ocrx_word' id='word_1_471' title='bbox 587 5475 641 5514; x_wconf 87' lang='lat' dir='ltr'><strong>Ju</strong></span> <span class='ocrx_word' id='word_1_472' title='bbox 677 5483 858 5516; x_wconf 70' lang='lat' dir='ltr'><strong>tuorum</strong></span> <span class='ocrx_word' id='word_1_473' title='bbox 879 5470 1057 5516; x_wconf 69' lang='lat' dir='ltr'><strong>Judteis</strong></span> <span class='ocrx_word' id='word_1_474' title='bbox 1078 5473 1330 5516; x_wconf 70' lang='lat' dir='ltr'><strong>resistere-</strong></span> <span class='ocrx_word' id='word_1_475' title='bbox 1357 5481 1410 5516; x_wconf 75' lang='lat' dir='ltr'><strong>et.</strong></span> <span class='ocrx_word' id='word_1_476' title='bbox 1430 5475 1544 5516; x_wconf 83' lang='lat' dir='ltr'><strong>nnid</strong></span> <span class='ocrx_word' id='word_1_477' title='bbox 1570 5483 1648 5516; x_wconf 72' lang='lat' dir='ltr'><strong>est</strong></span> <span class='ocrx_word' id='word_1_478' title='bbox 1669 5475 1797 5516; x_wconf 82' lang='lat' dir='ltr'><strong>aliud</strong></span> <span class='ocrx_word' id='word_1_479' title='bbox 1821 5473 1982 5516; x_wconf 86' lang='lat' dir='ltr'><strong>multi-</strong></span> 
     </span>
    </p>
   </div>
   <div class='ocr_carea' id='block_1_59' title="bbox 408 5467 1982 5537">
    <p class='ocr_par' dir='ltr' id='par_1_59' title="bbox 408 5467 1982 5537">
     <span class='ocr_line' id='line_1_60' title="bbox 408 5467 1982 5537; baseline 0.003 -21"><span class='ocrx_word' id='word_1_480' title='bbox 408 5467 565 5537; x_wconf 77' lang='lat' dir='ltr'><strong>titudo</strong></span> <span class='ocrx_word' id='word_1_481' title='bbox 587 5467 858 5537; x_wconf 74' lang='lat' dir='ltr'><strong>Judtcorum</strong></span> <span class='ocrx_word' id='word_1_482' title='bbox 879 5467 1410 5537; x_wconf 13' lang='lat' dir='ltr'><strong>Judteis‘res‘istere,get</strong></span> <span class='ocrx_word' id='word_1_483' title='bbox 1430 5475 1544 5537; x_wconf 87' lang='lat' dir='ltr'><strong>quid</strong></span> <span class='ocrx_word' id='word_1_484' title='bbox 1570 5483 1648 5524; x_wconf 88' lang='lat' dir='ltr'><strong>est</strong></span> <span class='ocrx_word' id='word_1_485' title='bbox 1669 5467 1807 5537; x_wconf 14' lang='lat' dir='ltr'><strong>aliud,</strong></span> <span class='ocrx_word' id='word_1_486' title='bbox 1821 5473 1982 5524; x_wconf 87' lang='lat' dir='ltr'><strong>multi-</strong></span> 
     </span>
    </p>
   </div>
   <div class='ocr_carea' id='block_1_60' title="bbox 407 5528 1981 5601">
    <p class='ocr_par' dir='ltr' id='par_1_60' title="bbox 407 5528 1981 5601">
     <span class='ocr_line' id='line_1_61' title="bbox 407 5528 1981 5601; baseline 0.004 -24"><span class='ocrx_word' id='word_1_487' title='bbox 407 5528 815 5601; x_wconf 40' lang='lat' dir='ltr'><strong>tudooiud-zeorum</strong></span> <span class='ocrx_word' id='word_1_488' title='bbox 839 5566 854 5601; x_wconf 70' lang='lat'><strong>,</strong></span> <span class='ocrx_word' id='word_1_489' title='bbox 877 5543 1020 5601; x_wconf 72' lang='lat' dir='ltr'><strong>quam</strong></span> <span class='ocrx_word' id='word_1_490' title='bbox 1043 5533 1186 5601; x_wconf 61' lang='lat' dir='ltr'><strong>tudagi</strong></span> <span class='ocrx_word' id='word_1_491' title='bbox 1234 5528 1356 5601; x_wconf 70' lang='lat' dir='ltr'><strong>ipsi?</strong></span> <span class='ocrx_word' id='word_1_492' title='bbox 1402 5528 1645 5598; x_wconf 71' lang='lat' dir='ltr'><strong>Interpres</strong></span> <span class='ocrx_word' id='word_1_493' title='bbox 1688 5536 1872 5601; x_wconf 84' lang='lat' dir='ltr'><strong>vertit,</strong></span> <span class='ocrx_word' id='word_1_494' title='bbox 1894 5549 1981 5586; x_wconf 81' lang='lat' dir='ltr'><strong>nec</strong></span> 
     </span>
    </p>
   </div>
   <div class='ocr_carea' id='block_1_61' title="bbox 408 5587 1980 5660">
    <p class='ocr_par' dir='ltr' id='par_1_61' title="bbox 408 5587 1980 5660">
     <span class='ocr_line' id='line_1_62' title="bbox 408 5587 1980 5660; baseline 0.006 -22"><span class='ocrx_word' id='word_1_495' title='bbox 408 5587 662 5660; x_wconf 73' lang='lat' dir='ltr'><strong>multitudo</strong></span> <span class='ocrx_word' id='word_1_496' title='bbox 675 5587 1017 5660; x_wconf 66' lang='lat' dir='ltr'><strong>sacerdotibus,</strong></span> <span class='ocrx_word' id='word_1_497' title='bbox 1029 5605 1084 5641; x_wconf 91' lang='lat' dir='ltr'><strong>ac</strong></span> <span class='ocrx_word' id='word_1_498' title='bbox 1100 5595 1136 5641; x_wconf 90' lang='lat' dir='ltr'><strong>si</strong></span> <span class='ocrx_word' id='word_1_499' title='bbox 1155 5587 1333 5660; x_wconf 80' lang='lat' dir='ltr'><strong>legerit</strong></span> <span class='ocrx_word' id='word_1_500' title='bbox 1351 5610 1437 5660; x_wconf 61' lang='grc' dir='ltr'><strong>τφὸς</strong></span> <span class='ocrx_word' id='word_1_501' title='bbox 1461 5587 1544 5656; x_wconf 59' lang='grc' dir='ltr'>τθῖιξ</span> <span class='ocrx_word' id='word_1_502' title='bbox 1567 5609 1694 5660; x_wconf 45' lang='lat' dir='ltr'><strong>tot“,</strong></span> <span class='ocrx_word' id='word_1_503' title='bbox 1706 5598 1792 5646; x_wconf 88' lang='lat' dir='ltr'><strong>sed</strong></span> <span class='ocrx_word' id='word_1_504' title='bbox 1809 5587 1980 5647; x_wconf 83' lang='lat' dir='ltr'><strong>omnes</strong></span> 
     </span>
    </p>
   </div>
   <div class='ocr_carea' id='block_1_62' title="bbox 407 5653 1398 5715">
    <p class='ocr_par' dir='ltr' id='par_1_62' title="bbox 407 5653 1398 5715">
     <span class='ocr_line' id='line_1_63' title="bbox 407 5653 1398 5715; baseline 0.01 -20"><span class='ocrx_word' id='word_1_505' title='bbox 407 5657 512 5699; x_wconf 74' lang='lat' dir='ltr'><strong>uss.</strong></span> <span class='ocrx_word' id='word_1_506' title='bbox 538 5660 588 5701; x_wconf 87' lang='lat' dir='ltr'><strong>et</strong></span> <span class='ocrx_word' id='word_1_507' title='bbox 625 5653 743 5703; x_wconf 82' lang='lat' dir='ltr'><strong>Editi</strong></span> <span class='ocrx_word' id='word_1_508' title='bbox 769 5653 969 5712; x_wconf 85' lang='lat' dir='ltr'><strong>habent,</strong></span> <span class='ocrx_word' id='word_1_509' title='bbox 989 5665 1074 5713; x_wconf 64' lang='grc' dir='ltr'><strong>πρὸς</strong></span> <span class='ocrx_word' id='word_1_510' title='bbox 1097 5665 1179 5711; x_wconf 62' lang='grc' dir='ltr'><strong>τοὺς</strong></span> <span class='ocrx_word' id='word_1_511' title='bbox 1203 5653 1398 5715; x_wconf 47' lang='lat' dir='ltr'><strong>images»;</strong></span> 
     </span>
    </p>
   </div>
   <div class='ocr_carea' id='block_1_63' title="bbox 1277 211 2846 285">
    <p class='ocr_par' dir='ltr' id='par_1_63' title="bbox 1277 211 2846 285">
     <span class='ocr_line' id='line_1_64' title="bbox 1277 211 2846 285; baseline 0.009 -15"><span class='ocrx_word' id='word_1_512' title='bbox 1277 211 1343 272; x_wconf 77' lang='lat' dir='ltr'><strong>IN</strong></span> <span class='ocrx_word' id='word_1_513' title='bbox 1377 214 1783 274; x_wconf 70' lang='lat' dir='ltr'><strong>MATTILEUM</strong></span> <span class='ocrx_word' id='word_1_514' title='bbox 1824 215 2055 274; x_wconf 73' lang='lat' dir='ltr'><strong>IIOMIL.</strong></span> <span class='ocrx_word' id='word_1_515' title='bbox 2098 216 2381 278; x_wconf 71' lang='lat' dir='ltr'><strong>LXXXVI.</strong></span> <span class='ocrx_word' id='word_1_516' title='bbox 2423 223 2493 279; x_wconf 87' lang='lat' dir='ltr'><strong>aI.</strong></span> <span class='ocrx_word' id='word_1_517' title='bbox 2536 223 2846 285; x_wconf 76' lang='lat' dir='ltr'><strong>LXXXVII.</strong></span> 
     </span>
    </p>
   </div>
   <div class='ocr_carea' id='block_1_64' title="bbox 3610 233 3715 290">
    <p class='ocr_par' dir='ltr' id='par_1_64' title="bbox 3610 233 3715 290">
     <span class='ocr_line' id='line_1_65' title="bbox 3610 233 3715 290; baseline 0 -1"><span class='ocrx_word' id='word_1_518' title='bbox 3610 233 3715 290; x_wconf 75' lang='grc'><strong>766</strong></span> 
     </span>
    </p>
   </div>
   <div class='ocr_carea' id='block_1_65' title="bbox 2137 341 3709 406">
    <p class='ocr_par' dir='ltr' id='par_1_65' title="bbox 2137 341 3709 406">
     <span class='ocr_line' id='line_1_66' title="bbox 2137 341 3709 406; baseline 0.013 -22"><span class='ocrx_word' id='word_1_519' title='bbox 2137 343 2276 400; x_wconf 90' lang='lat' dir='ltr'><strong>pctat</strong></span> <span class='ocrx_word' id='word_1_520' title='bbox 2295 376 2312 400; x_wconf 93' lang='lat'><strong>,</strong></span> <span class='ocrx_word' id='word_1_521' title='bbox 2345 351 2502 404; x_wconf 85' lang='lat' dir='ltr'><strong>quam</strong></span> <span class='ocrx_word' id='word_1_522' title='bbox 2537 349 2783 406; x_wconf 86' lang='lat' dir='ltr'><strong>poterunt</strong></span> <span class='ocrx_word' id='word_1_523' title='bbox 2812 341 3206 397; x_wconf 76' lang='lat' dir='ltr'><strong>excusationem</strong></span> <span class='ocrx_word' id='word_1_524' title='bbox 3237 343 3478 401; x_wconf 79' lang='lat' dir='ltr'><strong>habere?</strong></span> <span class='ocrx_word' id='word_1_525' title='bbox 3503 347 3635 404; x_wconf 86' lang='lat' dir='ltr'><strong>Nam</strong></span> <span class='ocrx_word' id='word_1_526' title='bbox 3662 351 3709 404; x_wconf 85' lang='lat' dir='ltr'><strong>si</strong></span> 
     </span>
    </p>
   </div>
   <div class='ocr_carea' id='block_1_66' title="bbox 2130 425 3710 498">
    <p class='ocr_par' dir='ltr' id='par_1_66' title="bbox 2130 425 3710 498">
     <span class='ocr_line' id='line_1_67' title="bbox 2130 425 3710 498; baseline 0.013 -22"><span class='ocrx_word' id='word_1_527' title='bbox 2130 425 2380 480; x_wconf 89' lang='lat' dir='ltr'><strong>nolebant</strong></span> <span class='ocrx_word' id='word_1_528' title='bbox 2409 443 2530 482; x_wconf 90' lang='lat' dir='ltr'><strong>eum</strong></span> <span class='ocrx_word' id='word_1_529' title='bbox 2564 431 2898 486; x_wconf 84' lang='lat' dir='ltr'><strong>innocentem</strong></span> <span class='ocrx_word' id='word_1_530' title='bbox 2926 447 3046 488; x_wconf 90' lang='lat' dir='ltr'><strong>esse</strong></span> <span class='ocrx_word' id='word_1_531' title='bbox 3069 475 3085 498; x_wconf 88' lang='lat'><strong>,</strong></span> <span class='ocrx_word' id='word_1_532' title='bbox 3116 444 3261 490; x_wconf 88' lang='lat' dir='ltr'><strong>certe</strong></span> <span class='ocrx_word' id='word_1_533' title='bbox 3301 451 3406 492; x_wconf 91' lang='lat' dir='ltr'><strong>non</strong></span> <span class='ocrx_word' id='word_1_534' title='bbox 3449 437 3710 497; x_wconf 88' lang='lat' dir='ltr'><strong>latronem</strong></span> 
     </span>
    </p>
   </div>
   <div class='ocr_carea' id='block_1_67' title="bbox 2130 515 3708 600">
    <p class='ocr_par' dir='ltr' id='par_1_67' title="bbox 2130 515 3708 600">
     <span class='ocr_line' id='line_1_68' title="bbox 2130 515 3708 600; baseline 0.01 -31"><span class='ocrx_word' id='word_1_535' title='bbox 2130 515 2227 585; x_wconf 75' lang='lat' dir='ltr'><strong>ipsi</strong></span> <span class='ocrx_word' id='word_1_536' title='bbox 2251 519 2484 587; x_wconf 61' lang='lat' dir='ltr'><strong>praeponi</strong></span> <span class='ocrx_word' id='word_1_537' title='bbox 2509 522 2824 589; x_wconf 87' lang='lat' dir='ltr'><strong>oportebat;</strong></span> <span class='ocrx_word' id='word_1_538' title='bbox 2854 524 3132 590; x_wconf 90' lang='lat' dir='ltr'><strong>latronem,</strong></span> <span class='ocrx_word' id='word_1_539' title='bbox 3158 527 3390 597; x_wconf 86' lang='lat' dir='ltr'><strong>inquam,</strong></span> <span class='ocrx_word' id='word_1_540' title='bbox 3414 528 3708 600; x_wconf 87' lang='lat' dir='ltr'><strong>insignem,</strong></span> 
     </span>
    </p>
   </div>
   <div class='ocr_carea' id='block_1_68' title="bbox 2127 611 3712 693">
    <p class='ocr_par' dir='ltr' id='par_1_68' title="bbox 2127 611 3712 693">
     <span class='ocr_line' id='line_1_69' title="bbox 2127 611 3712 693; baseline 0.013 -33"><span class='ocrx_word' id='word_1_541' title='bbox 2127 624 2285 678; x_wconf 90' lang='lat' dir='ltr'><strong>quem</strong></span> <span class='ocrx_word' id='word_1_542' title='bbox 2327 611 2484 665; x_wconf 85' lang='lat' dir='ltr'><strong>talem</strong></span> <span class='ocrx_word' id='word_1_543' title='bbox 2523 628 2643 669; x_wconf 89' lang='lat' dir='ltr'><strong>esse</strong></span> <span class='ocrx_word' id='word_1_544' title='bbox 2683 614 2736 668; x_wconf 91' lang='lat' dir='ltr'><strong>in</strong></span> <span class='ocrx_word' id='word_1_545' title='bbox 2775 615 3022 673; x_wconf 82' lang='lat' dir='ltr'><strong>confesso</strong></span> <span class='ocrx_word' id='word_1_546' title='bbox 3050 628 3183 674; x_wconf 85' lang='lat' dir='ltr'><strong>erat.</strong></span> <span class='ocrx_word' id='word_1_547' title='bbox 3225 620 3363 689; x_wconf 87' lang='lat' dir='ltr'><strong>Quid</strong></span> <span class='ocrx_word' id='word_1_548' title='bbox 3408 623 3566 693; x_wconf 81' lang='lat' dir='ltr'><strong>igitur</strong></span> <span class='ocrx_word' id='word_1_549' title='bbox 3593 626 3712 680; x_wconf 76' lang='lat' dir='ltr'><strong>illi?</strong></span> 
     </span>
    </p>
   </div>
   <div class='ocr_carea' id='block_1_69' title="bbox 2127 697 3706 781">
    <p class='ocr_par' dir='ltr' id='par_1_69' title="bbox 2127 697 3706 781">
     <span class='ocr_line' id='line_1_70' title="bbox 2127 697 3706 781; baseline 0.011 -28"><span class='ocrx_word' id='word_1_550' title='bbox 2127 697 2258 754; x_wconf 88' lang='lat' dir='ltr'><strong>Cmn</strong></span> <span class='ocrx_word' id='word_1_551' title='bbox 2291 701 2529 757; x_wconf 89' lang='lat' dir='ltr'><strong>viderent</strong></span> <span class='ocrx_word' id='word_1_552' title='bbox 2550 704 2782 771; x_wconf 75' lang='lat' dir='ltr'><strong>iudicem</strong></span> <span class='ocrx_word' id='word_1_553' title='bbox 2814 724 3000 762; x_wconf 90' lang='lat' dir='ltr'><strong>manus</strong></span> <span class='ocrx_word' id='word_1_554' title='bbox 3031 710 3291 766; x_wconf 84' lang='lat' dir='ltr'><strong>lavantem</strong></span> <span class='ocrx_word' id='word_1_555' title='bbox 3320 729 3381 768; x_wconf 93' lang='lat' dir='ltr'><strong>ac</strong></span> <span class='ocrx_word' id='word_1_556' title='bbox 3403 714 3668 770; x_wconf 84' lang='lat' dir='ltr'><strong>dicentem</strong></span> <span class='ocrx_word' id='word_1_557' title='bbox 3688 761 3706 781; x_wconf 88' lang='lat'><strong>,</strong></span> 
     </span>
    </p>
   </div>
   <div class='ocr_carea' id='block_1_70' title="bbox 2126 789 3708 876">
    <p class='ocr_par' dir='ltr' id='par_1_70' title="bbox 2126 789 3708 876">
     <span class='ocr_line' id='line_1_71' title="bbox 2126 789 3708 876; baseline 0.013 -34"><span class='ocrx_word' id='word_1_558' title='bbox 2126 789 2378 845; x_wconf 86' lang='lat' dir='ltr'><strong>Imtocens</strong></span> <span class='ocrx_word' id='word_1_559' title='bbox 2403 811 2534 854; x_wconf 87' lang='lat' dir='ltr'><strong>sum,</strong></span> <span class='ocrx_word' id='word_1_560' title='bbox 2559 795 2863 850; x_wconf 89' lang='lat' dir='ltr'><strong>clamabant</strong></span> <span class='ocrx_word' id='word_1_561' title='bbox 2895 816 2908 852; x_wconf 91' lang='lat'><strong>:</strong></span> <span class='ocrx_word' id='word_1_562' title='bbox 2933 799 3023 855; x_wconf 79' lang='grc'><strong>25.</strong></span> <span class='ocrx_word' id='word_1_563' title='bbox 3053 801 3278 870; x_wconf 86' lang='lat' dir='ltr'><strong>Sanguis</strong></span> <span class='ocrx_word' id='word_1_564' title='bbox 3299 804 3406 876; x_wconf 83' lang='lat' dir='ltr'><strong>ejus</strong></span> <span class='ocrx_word' id='word_1_565' title='bbox 3425 822 3576 875; x_wconf 87' lang='lat' dir='ltr'><strong>super</strong></span> <span class='ocrx_word' id='word_1_566' title='bbox 3595 825 3708 872; x_wconf 87' lang='lat' dir='ltr'><strong>nos.</strong></span> 
     </span>
    </p>
   </div>
   <div class='ocr_carea' id='block_1_71' title="bbox 2126 887 3708 965">
    <p class='ocr_par' dir='ltr' id='par_1_71' title="bbox 2126 887 3708 965">
     <span class='ocr_line' id='line_1_72' title="bbox 2126 887 3708 965; baseline 0.013 -29"><span class='ocrx_word' id='word_1_567' title='bbox 2126 893 2173 936; x_wconf 88' lang='lat' dir='ltr'><strong>cl</strong></span> <span class='ocrx_word' id='word_1_568' title='bbox 2203 901 2352 953; x_wconf 85' lang='lat' dir='ltr'><strong>super</strong></span> <span class='ocrx_word' id='word_1_569' title='bbox 2378 887 2513 954; x_wconf 83' lang='lat' dir='ltr'><strong>ﬁlios</strong></span> <span class='ocrx_word' id='word_1_570' title='bbox 2544 899 2762 942; x_wconf 86' lang='lat' dir='ltr'><strong>nostros.</strong></span> <span class='ocrx_word' id='word_1_571' title='bbox 2791 889 2940 945; x_wconf 87' lang='lat' dir='ltr'><strong>Tunc</strong></span> <span class='ocrx_word' id='word_1_572' title='bbox 2965 892 3210 958; x_wconf 89' lang='lat' dir='ltr'><strong>demum,</strong></span> <span class='ocrx_word' id='word_1_573' title='bbox 3243 897 3362 965; x_wconf 87' lang='lat' dir='ltr'><strong>quia</strong></span> <span class='ocrx_word' id='word_1_574' title='bbox 3391 902 3708 956; x_wconf 84' lang='lat' dir='ltr'><strong>sententiam</strong></span> 
     </span>
    </p>
   </div>
   <div class='ocr_carea' id='block_1_72' title="bbox 2124 981 3710 1050">
    <p class='ocr_par' dir='ltr' id='par_1_72' title="bbox 2124 981 3710 1050">
     <span class='ocr_line' id='line_1_73' title="bbox 2124 981 3710 1050; baseline 0.011 -18"><span class='ocrx_word' id='word_1_575' title='bbox 2124 989 2308 1034; x_wconf 88' lang='lat' dir='ltr'><strong>contra</strong></span> <span class='ocrx_word' id='word_1_576' title='bbox 2339 994 2398 1034; x_wconf 89' lang='lat' dir='ltr'><strong>se</strong></span> <span class='ocrx_word' id='word_1_577' title='bbox 2438 981 2672 1035; x_wconf 76' lang='lat' dir='ltr'><strong>tulerunt</strong></span> <span class='ocrx_word' id='word_1_578' title='bbox 2695 1023 2710 1049; x_wconf 87' lang='lat'><strong>,</strong></span> <span class='ocrx_word' id='word_1_579' title='bbox 2743 985 2920 1038; x_wconf 89' lang='lat' dir='ltr'><strong>omnia</strong></span> <span class='ocrx_word' id='word_1_580' title='bbox 2950 989 3216 1042; x_wconf 88' lang='lat' dir='ltr'><strong>concessit</strong></span> <span class='ocrx_word' id='word_1_581' title='bbox 3253 989 3378 1044; x_wconf 89' lang='lat' dir='ltr'><strong>illis.</strong></span> <span class='ocrx_word' id='word_1_582' title='bbox 3411 991 3488 1046; x_wconf 90' lang='lat' dir='ltr'><strong>Tu</strong></span> <span class='ocrx_word' id='word_1_583' title='bbox 3529 1004 3710 1050; x_wconf 89' lang='lat' dir='ltr'><strong>autem</strong></span> 
     </span>
    </p>
   </div>
   <div class='ocr_carea' id='block_1_73' title="bbox 2125 1069 3709 1147">
    <p class='ocr_par' dir='ltr' id='par_1_73' title="bbox 2125 1069 3709 1147">
     <span class='ocr_line' id='line_1_74' title="bbox 2125 1069 3709 1147; baseline 0.011 -22"><span class='ocrx_word' id='word_1_584' title='bbox 2125 1069 2227 1126; x_wconf 86' lang='lat' dir='ltr'><strong>hoc</strong></span> <span class='ocrx_word' id='word_1_585' title='bbox 2249 1071 2369 1127; x_wconf 91' lang='lat' dir='ltr'><strong>loco</strong></span> <span class='ocrx_word' id='word_1_586' title='bbox 2388 1073 2666 1128; x_wconf 89' lang='lat' dir='ltr'><strong>considera</strong></span> <span class='ocrx_word' id='word_1_587' title='bbox 2691 1091 2934 1146; x_wconf 88' lang='lat' dir='ltr'><strong>magnam</strong></span> <span class='ocrx_word' id='word_1_588' title='bbox 2959 1078 3194 1147; x_wconf 88' lang='lat' dir='ltr'><strong>ipsorum</strong></span> <span class='ocrx_word' id='word_1_589' title='bbox 3215 1083 3532 1140; x_wconf 88' lang='lat' dir='ltr'><strong>vecordiam.</strong></span> <span class='ocrx_word' id='word_1_590' title='bbox 3564 1087 3709 1143; x_wconf 86' lang='lat' dir='ltr'><strong>Talis</strong></span> 
     </span>
    </p>
   </div>
   <div class='ocr_carea' id='block_1_74' title="bbox 2124 1162 3706 1245">
    <p class='ocr_par' dir='ltr' id='par_1_74' title="bbox 2124 1162 3706 1245">
     <span class='ocr_line' id='line_1_75' title="bbox 2124 1162 3706 1245; baseline 0.01 -30"><span class='ocrx_word' id='word_1_591' title='bbox 2124 1162 2266 1215; x_wconf 90' lang='lat' dir='ltr'><strong>enim</strong></span> <span class='ocrx_word' id='word_1_592' title='bbox 2294 1171 2378 1217; x_wconf 90' lang='lat' dir='ltr'><strong>est</strong></span> <span class='ocrx_word' id='word_1_593' title='bbox 2408 1165 2722 1218; x_wconf 89' lang='lat' dir='ltr'><strong>temerarius</strong></span> <span class='ocrx_word' id='word_1_594' title='bbox 2766 1166 2994 1236; x_wconf 89' lang='lat' dir='ltr'><strong>impetus</strong></span> <span class='ocrx_word' id='word_1_595' title='bbox 3017 1209 3030 1231; x_wconf 91' lang='lat'><strong>,</strong></span> <span class='ocrx_word' id='word_1_596' title='bbox 3065 1169 3182 1225; x_wconf 89' lang='lat' dir='ltr'><strong>talis</strong></span> <span class='ocrx_word' id='word_1_597' title='bbox 3219 1186 3376 1240; x_wconf 88' lang='lat' dir='ltr'><strong>prava</strong></span> <span class='ocrx_word' id='word_1_598' title='bbox 3405 1175 3706 1245; x_wconf 85' lang='lat' dir='ltr'><strong>cupiditas;</strong></span> 
     </span>
    </p>
   </div>
   <div class='ocr_carea' id='block_1_75' title="bbox 2125 1252 3710 1336">
    <p class='ocr_par' dir='ltr' id='par_1_75' title="bbox 2125 1252 3710 1336">
     <span class='ocr_line' id='line_1_76' title="bbox 2125 1252 3710 1336; baseline 0.014 -34"><span class='ocrx_word' id='word_1_599' title='bbox 2125 1265 2228 1304; x_wconf 89' lang='lat' dir='ltr'><strong>non</strong></span> <span class='ocrx_word' id='word_1_600' title='bbox 2251 1252 2378 1306; x_wconf 90' lang='lat' dir='ltr'><strong>sinit</strong></span> <span class='ocrx_word' id='word_1_601' title='bbox 2404 1253 2524 1307; x_wconf 91' lang='lat' dir='ltr'><strong>honi</strong></span> <span class='ocrx_word' id='word_1_602' title='bbox 2548 1255 2816 1323; x_wconf 86' lang='lat' dir='ltr'><strong>quidpiam</strong></span> <span class='ocrx_word' id='word_1_603' title='bbox 2840 1257 3036 1312; x_wconf 89' lang='lat' dir='ltr'><strong>videre.</strong></span> <span class='ocrx_word' id='word_1_604' title='bbox 3065 1259 3196 1314; x_wconf 85' lang='lat' dir='ltr'><strong>Esto</strong></span> <span class='ocrx_word' id='word_1_605' title='bbox 3216 1264 3379 1328; x_wconf 87' lang='lat' dir='ltr'><strong>enim,</strong></span> <span class='ocrx_word' id='word_1_606' title='bbox 3403 1267 3554 1321; x_wconf 90' lang='lat' dir='ltr'><strong>vobis</strong></span> <span class='ocrx_word' id='word_1_607' title='bbox 3577 1269 3710 1336; x_wconf 85' lang='lat' dir='ltr'><strong>ipsis</strong></span> 
     </span>
    </p>
   </div>
   <div class='ocr_carea' id='block_1_76' title="bbox 2124 1342 3707 1412">
    <p class='ocr_par' dir='ltr' id='par_1_76' title="bbox 2124 1342 3707 1412">
     <span class='ocr_line' id='line_1_77' title="bbox 2124 1342 3707 1412; baseline 0.011 -17"><span class='ocrx_word' id='word_1_608' title='bbox 2124 1342 2537 1411; x_wconf 85' lang='lat' dir='ltr'><strong>maledixeritis;</strong></span> <span class='ocrx_word' id='word_1_609' title='bbox 2569 1360 2665 1400; x_wconf 92' lang='lat' dir='ltr'><strong>cur</strong></span> <span class='ocrx_word' id='word_1_610' title='bbox 2691 1347 3119 1405; x_wconf 82' lang='lat' dir='ltr'><strong>maledictionem</strong></span> <span class='ocrx_word' id='word_1_611' title='bbox 3151 1351 3201 1406; x_wconf 94' lang='lat' dir='ltr'><strong>in</strong></span> <span class='ocrx_word' id='word_1_612' title='bbox 3235 1352 3372 1408; x_wconf 82' lang='lat' dir='ltr'><strong>ﬁlios</strong></span> <span class='ocrx_word' id='word_1_613' title='bbox 3401 1368 3605 1412; x_wconf 85' lang='lat' dir='ltr'><strong>vestros</strong></span> <span class='ocrx_word' id='word_1_614' title='bbox 3627 1369 3707 1412; x_wconf 84' lang='lat' dir='ltr'><strong>at-</strong></span> 
     </span>
    </p>
   </div>
   <div class='ocr_carea' id='block_1_77' title="bbox 2124 1435 3709 1512">
    <p class='ocr_par' dir='ltr' id='par_1_77' title="bbox 2124 1435 3709 1512">
     <span class='ocr_line' id='line_1_78' title="bbox 2124 1435 3709 1512; baseline 0.01 -23"><span class='ocrx_word' id='word_1_615' title='bbox 2124 1435 2371 1491; x_wconf 88' lang='lat' dir='ltr'><strong>trahitis?</strong></span> <span class='ocrx_word' id='word_1_616' title='bbox 2411 1439 2657 1494; x_wconf 85' lang='lat' dir='ltr'><strong>Attamen</strong></span> <span class='ocrx_word' id='word_1_617' title='bbox 2688 1440 2949 1512; x_wconf 87' lang='lat' dir='ltr'><strong>benignus</strong></span> <span class='ocrx_word' id='word_1_618' title='bbox 2979 1444 3231 1500; x_wconf 91' lang='lat' dir='ltr'><strong>Dominus</strong></span> <span class='ocrx_word' id='word_1_619' title='bbox 3256 1487 3270 1510; x_wconf 91' lang='lat'><strong>,</strong></span> <span class='ocrx_word' id='word_1_620' title='bbox 3303 1462 3422 1502; x_wconf 90' lang='lat' dir='ltr'><strong>cum</strong></span> <span class='ocrx_word' id='word_1_621' title='bbox 3452 1449 3529 1504; x_wconf 91' lang='lat' dir='ltr'><strong>illi</strong></span> <span class='ocrx_word' id='word_1_622' title='bbox 3559 1463 3709 1506; x_wconf 87' lang='lat' dir='ltr'><strong>tanto</strong></span> 
     </span>
    </p>
   </div>
   <div class='ocr_carea' id='block_1_78' title="bbox 2121 1525 3706 1604">
    <p class='ocr_par' dir='ltr' id='par_1_78' title="bbox 2121 1525 3706 1604">
     <span class='ocr_line' id='line_1_79' title="bbox 2121 1525 3706 1604; baseline 0.013 -26"><span class='ocrx_word' id='word_1_623' title='bbox 2121 1525 2300 1581; x_wconf 81' lang='lat' dir='ltr'><strong>furore</strong></span> <span class='ocrx_word' id='word_1_624' title='bbox 2339 1529 2634 1584; x_wconf 90' lang='lat' dir='ltr'><strong>insanirent</strong></span> <span class='ocrx_word' id='word_1_625' title='bbox 2675 1543 2728 1586; x_wconf 91' lang='lat' dir='ltr'><strong>et</strong></span> <span class='ocrx_word' id='word_1_626' title='bbox 2769 1545 2953 1587; x_wconf 86' lang='lat' dir='ltr'><strong>contra</strong></span> <span class='ocrx_word' id='word_1_627' title='bbox 2996 1537 3202 1604; x_wconf 88' lang='lat' dir='ltr'><strong>seipsos</strong></span> <span class='ocrx_word' id='word_1_628' title='bbox 3242 1546 3299 1593; x_wconf 87' lang='lat' dir='ltr'><strong>et</strong></span> <span class='ocrx_word' id='word_1_629' title='bbox 3337 1551 3520 1595; x_wconf 91' lang='lat' dir='ltr'><strong>contra</strong></span> <span class='ocrx_word' id='word_1_630' title='bbox 3567 1543 3706 1598; x_wconf 90' lang='lat' dir='ltr'><strong>lilios</strong></span> 
     </span>
    </p>
   </div>
   <div class='ocr_carea' id='block_1_79' title="bbox 2119 1618 3705 1694">
    <p class='ocr_par' dir='ltr' id='par_1_79' title="bbox 2119 1618 3705 1694">
     <span class='ocr_line' id='line_1_80' title="bbox 2119 1618 3705 1694; baseline 0.009 -24"><span class='ocrx_word' id='word_1_631' title='bbox 2119 1633 2267 1684; x_wconf 91' lang='lat' dir='ltr'><strong>suos,</strong></span> <span class='ocrx_word' id='word_1_632' title='bbox 2301 1618 2459 1675; x_wconf 88' lang='lat' dir='ltr'><strong>latam</strong></span> <span class='ocrx_word' id='word_1_633' title='bbox 2490 1637 2594 1675; x_wconf 92' lang='lat' dir='ltr'><strong>non</strong></span> <span class='ocrx_word' id='word_1_634' title='bbox 2622 1623 2780 1677; x_wconf 92' lang='lat' dir='ltr'><strong>modo</strong></span> <span class='ocrx_word' id='word_1_635' title='bbox 2811 1623 2860 1678; x_wconf 92' lang='lat' dir='ltr'><strong>in</strong></span> <span class='ocrx_word' id='word_1_636' title='bbox 2892 1624 3029 1680; x_wconf 83' lang='lat' dir='ltr'><strong>ﬁlios</strong></span> <span class='ocrx_word' id='word_1_637' title='bbox 3057 1642 3202 1694; x_wconf 90' lang='lat' dir='ltr'><strong>suos,</strong></span> <span class='ocrx_word' id='word_1_638' title='bbox 3227 1629 3321 1684; x_wconf 90' lang='lat' dir='ltr'><strong>sed</strong></span> <span class='ocrx_word' id='word_1_639' title='bbox 3347 1631 3506 1686; x_wconf 90' lang='lat' dir='ltr'><strong>etiam</strong></span> <span class='ocrx_word' id='word_1_640' title='bbox 3539 1633 3590 1686; x_wconf 94' lang='lat' dir='ltr'><strong>in</strong></span> <span class='ocrx_word' id='word_1_641' title='bbox 3619 1649 3705 1688; x_wconf 75' lang='grc' dir='ltr'><strong>ευ-</strong></span> 
     </span>
    </p>
   </div>
   <div class='ocr_carea' id='block_1_80' title="bbox 2121 1711 3705 1795">
    <p class='ocr_par' dir='ltr' id='par_1_80' title="bbox 2121 1711 3705 1795">
     <span class='ocr_line' id='line_1_81' title="bbox 2121 1711 3705 1795; baseline 0.01 -31"><span class='ocrx_word' id='word_1_642' title='bbox 2121 1711 2266 1781; x_wconf 90' lang='lat' dir='ltr'><strong>ipsos</strong></span> <span class='ocrx_word' id='word_1_643' title='bbox 2294 1715 2615 1768; x_wconf 90' lang='lat' dir='ltr'><strong>sententiam</strong></span> <span class='ocrx_word' id='word_1_644' title='bbox 2642 1731 2748 1770; x_wconf 90' lang='lat' dir='ltr'><strong>non</strong></span> <span class='ocrx_word' id='word_1_645' title='bbox 2773 1717 3129 1786; x_wconf 84' lang='lat' dir='ltr'><strong>conﬁrmavit;</strong></span> <span class='ocrx_word' id='word_1_646' title='bbox 3159 1723 3282 1790; x_wconf 92' lang='lat' dir='ltr'><strong>quin</strong></span> <span class='ocrx_word' id='word_1_647' title='bbox 3304 1724 3464 1779; x_wconf 89' lang='lat' dir='ltr'><strong>etiam</strong></span> <span class='ocrx_word' id='word_1_648' title='bbox 3486 1741 3549 1779; x_wconf 89' lang='lat' dir='ltr'><strong>ex</strong></span> <span class='ocrx_word' id='word_1_649' title='bbox 3576 1726 3705 1795; x_wconf 90' lang='lat' dir='ltr'><strong>ipsis</strong></span> 
     </span>
    </p>
   </div>
   <div class='ocr_carea' id='block_1_81' title="bbox 2124 1805 3704 1881">
    <p class='ocr_par' dir='ltr' id='par_1_81' title="bbox 2124 1805 3704 1881">
     <span class='ocr_line' id='line_1_82' title="bbox 2124 1805 3704 1881; baseline 0.009 -24"><span class='ocrx_word' id='word_1_650' title='bbox 2124 1821 2220 1858; x_wconf 86' lang='lat' dir='ltr'><strong>eos</strong></span> <span class='ocrx_word' id='word_1_651' title='bbox 2249 1805 2337 1875; x_wconf 88' lang='lat' dir='ltr'><strong>qui</strong></span> <span class='ocrx_word' id='word_1_652' title='bbox 2370 1807 2735 1874; x_wconf 67' lang='lat' dir='ltr'><strong>paenitentiam</strong></span> <span class='ocrx_word' id='word_1_653' title='bbox 2766 1820 2989 1880; x_wconf 85' lang='lat' dir='ltr'><strong>egerunt</strong></span> <span class='ocrx_word' id='word_1_654' title='bbox 3018 1814 3255 1881; x_wconf 88' lang='lat' dir='ltr'><strong>recepit,</strong></span> <span class='ocrx_word' id='word_1_655' title='bbox 3293 1825 3348 1869; x_wconf 91' lang='lat' dir='ltr'><strong>et</strong></span> <span class='ocrx_word' id='word_1_656' title='bbox 3377 1816 3520 1870; x_wconf 91' lang='lat' dir='ltr'><strong>mille</strong></span> <span class='ocrx_word' id='word_1_657' title='bbox 3551 1817 3704 1872; x_wconf 79' lang='lat' dir='ltr'><strong>bonis</strong></span> 
     </span>
    </p>
   </div>
   <div class='ocr_carea' id='block_1_82' title="bbox 2117 1895 3699 1975">
    <p class='ocr_par' dir='ltr' id='par_1_82' title="bbox 2117 1895 3699 1975">
     <span class='ocr_line' id='line_1_83' title="bbox 2117 1895 3699 1975; baseline 0.01 -26"><span class='ocrx_word' id='word_1_658' title='bbox 2117 1895 2362 1966; x_wconf 85' lang='lat' dir='ltr'><strong>dignatus</strong></span> <span class='ocrx_word' id='word_1_659' title='bbox 2389 1907 2490 1952; x_wconf 92' lang='lat' dir='ltr'><strong>est.</strong></span> <span class='ocrx_word' id='word_1_660' title='bbox 2522 1898 2655 1954; x_wconf 87' lang='lat' dir='ltr'><strong>Nam</strong></span> <span class='ocrx_word' id='word_1_661' title='bbox 2689 1909 2742 1954; x_wconf 89' lang='lat' dir='ltr'><strong>et</strong></span> <span class='ocrx_word' id='word_1_662' title='bbox 2769 1901 2961 1956; x_wconf 80' lang='lat' dir='ltr'><strong>Paulus</strong></span> <span class='ocrx_word' id='word_1_663' title='bbox 2985 1918 3050 1958; x_wconf 83' lang='lat' dir='ltr'><strong>ex</strong></span> <span class='ocrx_word' id='word_1_664' title='bbox 3079 1905 3287 1960; x_wconf 90' lang='lat' dir='ltr'><strong>illorum</strong></span> <span class='ocrx_word' id='word_1_665' title='bbox 3317 1923 3536 1963; x_wconf 67' lang='lat' dir='ltr'><strong>numero</strong></span> <span class='ocrx_word' id='word_1_666' title='bbox 3561 1919 3699 1975; x_wconf 91' lang='lat' dir='ltr'><strong>erat,</strong></span> 
     </span>
    </p>
   </div>
   <div class='ocr_carea' id='block_1_83' title="bbox 2121 1991 3703 2056">
    <p class='ocr_par' dir='ltr' id='par_1_83' title="bbox 2121 1991 3703 2056">
     <span class='ocr_line' id='line_1_84' title="bbox 2121 1991 3703 2056; baseline 0.006 -11"><span class='ocrx_word' id='word_1_667' title='bbox 2121 1999 2176 2045; x_wconf 86' lang='lat' dir='ltr'><strong>et</strong></span> <span class='ocrx_word' id='word_1_668' title='bbox 2217 1991 2383 2045; x_wconf 90' lang='lat' dir='ltr'><strong>multa</strong></span> <span class='ocrx_word' id='word_1_669' title='bbox 2426 1991 2754 2047; x_wconf 88' lang='lat' dir='ltr'><strong>credentium</strong></span> <span class='ocrx_word' id='word_1_670' title='bbox 2800 1995 2960 2048; x_wconf 87' lang='lat' dir='ltr'><strong>millia</strong></span> <span class='ocrx_word' id='word_1_671' title='bbox 3009 1997 3059 2050; x_wconf 91' lang='lat' dir='ltr'><strong>in</strong></span> <span class='ocrx_word' id='word_1_672' title='bbox 3100 1997 3436 2054; x_wconf 85' lang='lat' dir='ltr'><strong>Jerusalem:</strong></span> <span class='ocrx_word' id='word_1_673' title='bbox 3473 1999 3703 2056; x_wconf 75' lang='lat' dir='ltr'><strong>Iacobus</strong></span> 
     </span>
    </p>
   </div>
   <div class='ocr_carea' id='block_1_84' title="bbox 2117 2081 3700 2156">
    <p class='ocr_par' dir='ltr' id='par_1_84' title="bbox 2117 2081 3700 2156">
     <span class='ocr_line' id='line_1_85' title="bbox 2117 2081 3700 2156; baseline 0.007 -20"><span class='ocrx_word' id='word_1_674' title='bbox 2117 2081 2259 2136; x_wconf 89' lang='lat' dir='ltr'><strong>enim</strong></span> <span class='ocrx_word' id='word_1_675' title='bbox 2291 2081 2369 2136; x_wconf 85' lang='lat' dir='ltr'><strong>ait</strong></span> <span class='ocrx_word' id='word_1_676' title='bbox 2398 2099 2412 2136; x_wconf 89' lang='lat'><strong><em>:</em></strong></span> <span class='ocrx_word' id='word_1_677' title='bbox 2453 2081 2623 2150; x_wconf 84' lang='lat' dir='ltr'><strong>Vides,</strong></span> <span class='ocrx_word' id='word_1_678' title='bbox 2650 2088 2825 2156; x_wconf 80' lang='lat' dir='ltr'><strong>frater,</strong></span> <span class='ocrx_word' id='word_1_679' title='bbox 2853 2097 2970 2156; x_wconf 84' lang='lat' dir='ltr'><strong>quot</strong></span> <span class='ocrx_word' id='word_1_680' title='bbox 2993 2088 3154 2142; x_wconf 88' lang='lat' dir='ltr'><strong>millia</strong></span> <span class='ocrx_word' id='word_1_681' title='bbox 3175 2087 3470 2145; x_wconf 79' lang='lat' dir='ltr'><strong>Judcorum</strong></span> <span class='ocrx_word' id='word_1_682' title='bbox 3495 2093 3700 2147; x_wconf 88' lang='lat' dir='ltr'><strong>creden-</strong></span> 
     </span>
    </p>
   </div>
   <div class='ocr_carea' id='block_1_85' title="bbox 2117 2173 3699 2252">
    <p class='ocr_par' dir='ltr' id='par_1_85' title="bbox 2117 2173 3699 2252">
     <span class='ocr_line' id='line_1_86' title="bbox 2117 2173 3699 2252; baseline 0.008 -27"><span class='ocrx_word' id='word_1_683' title='bbox 2117 2173 2242 2227; x_wconf 86' lang='lat' dir='ltr'><strong>tium</strong></span> <span class='ocrx_word' id='word_1_684' title='bbox 2260 2185 2376 2228; x_wconf 86' lang='lat' dir='ltr'><strong>sunt</strong></span> <span class='ocrx_word' id='word_1_685' title='bbox 2395 2174 2531 2247; x_wconf 82' lang='lat' dir='ltr'><strong>(Act.</strong></span> <span class='ocrx_word' id='word_1_686' title='bbox 2550 2175 2639 2231; x_wconf 84' lang='grc'><strong>21.</strong></span> <span class='ocrx_word' id='word_1_687' title='bbox 2657 2176 2769 2247; x_wconf 78' lang='grc'><strong>20).</strong></span> <span class='ocrx_word' id='word_1_688' title='bbox 2795 2177 2849 2234; x_wconf 91' lang='lat' dir='ltr'><strong>Si</strong></span> <span class='ocrx_word' id='word_1_689' title='bbox 2873 2188 3050 2234; x_wconf 89' lang='lat' dir='ltr'><strong>autem</strong></span> <span class='ocrx_word' id='word_1_690' title='bbox 3071 2180 3284 2251; x_wconf 87' lang='lat' dir='ltr'><strong>quidam</strong></span> <span class='ocrx_word' id='word_1_691' title='bbox 3309 2193 3699 2252; x_wconf 88' lang='lat' dir='ltr'><strong>remanserunt,</strong></span> 
     </span>
    </p>
   </div>
   <div class='ocr_carea' id='block_1_86' title="bbox 2112 2266 3697 2340">
    <p class='ocr_par' dir='ltr' id='par_1_86' title="bbox 2112 2266 3697 2340">
     <span class='ocr_line' id='line_1_87' title="bbox 2112 2266 3697 2340; baseline 0.007 -21"><span class='ocrx_word' id='word_1_692' title='bbox 2112 2266 2212 2320; x_wconf 86' lang='lat' dir='ltr'><strong>sibi</strong></span> <span class='ocrx_word' id='word_1_693' title='bbox 2253 2268 2382 2336; x_wconf 91' lang='lat' dir='ltr'><strong>ipsis</strong></span> <span class='ocrx_word' id='word_1_694' title='bbox 2421 2268 2736 2338; x_wconf 88' lang='lat' dir='ltr'><strong>supplicium</strong></span> <span class='ocrx_word' id='word_1_695' title='bbox 2769 2270 3049 2340; x_wconf 88' lang='lat' dir='ltr'><strong>imputent.</strong></span> <span class='ocrx_word' id='word_1_696' title='bbox 3077 2271 3170 2328; x_wconf 87' lang='grc'><strong>26.</strong></span> <span class='ocrx_word' id='word_1_697' title='bbox 3205 2271 3344 2326; x_wconf 84' lang='lat' dir='ltr'><strong>Tunc</strong></span> <span class='ocrx_word' id='word_1_698' title='bbox 3381 2274 3568 2328; x_wconf 84' lang='lat' dir='ltr'><strong>dimisit</strong></span> <span class='ocrx_word' id='word_1_699' title='bbox 3597 2275 3697 2330; x_wconf 87' lang='lat' dir='ltr'><strong>illis</strong></span> 
     </span>
    </p>
   </div>
   <div class='ocr_carea' id='block_1_87' title="bbox 2111 2355 3696 2433">
    <p class='ocr_par' dir='ltr' id='par_1_87' title="bbox 2111 2355 3696 2433">
     <span class='ocr_line' id='line_1_88' title="bbox 2111 2355 3696 2433; baseline 0.008 -23"><span class='ocrx_word' id='word_1_700' title='bbox 2111 2355 2396 2411; x_wconf 81' lang='lat' dir='ltr'><strong>Barabbam</strong></span> <span class='ocrx_word' id='word_1_701' title='bbox 2420 2400 2436 2424; x_wconf 95' lang='lat'><strong>,</strong></span> <span class='ocrx_word' id='word_1_702' title='bbox 2466 2358 2643 2414; x_wconf 72' lang='lat' dir='ltr'><strong>Iesum</strong></span> <span class='ocrx_word' id='word_1_703' title='bbox 2688 2371 2855 2414; x_wconf 84' lang='lat' dir='ltr'><strong>autent</strong></span> <span class='ocrx_word' id='word_1_704' title='bbox 2902 2363 3213 2433; x_wconf 75' lang='lat' dir='ltr'><strong>ﬂagellatam</strong></span> <span class='ocrx_word' id='word_1_705' title='bbox 3248 2365 3456 2419; x_wconf 82' lang='lat' dir='ltr'><strong>tradidit</strong></span> <span class='ocrx_word' id='word_1_706' title='bbox 3495 2367 3565 2421; x_wconf 88' lang='lat' dir='ltr'><strong>eis</strong></span> <span class='ocrx_word' id='word_1_707' title='bbox 3589 2407 3603 2432; x_wconf 86' lang='lat'><strong>,</strong></span> <span class='ocrx_word' id='word_1_708' title='bbox 3643 2377 3696 2422; x_wconf 88' lang='lat' dir='ltr'><strong>ut</strong></span> 
     </span>
    </p>
   </div>
   <div class='ocr_carea' id='block_1_88' title="bbox 2111 2450 3694 2525">
    <p class='ocr_par' dir='ltr' id='par_1_88' title="bbox 2111 2450 3694 2525">
     <span class='ocr_line' id='line_1_89' title="bbox 2111 2450 3694 2525; baseline 0.006 -22"><span class='ocrx_word' id='word_1_709' title='bbox 2111 2451 2507 2518; x_wconf 79' lang='lat' dir='ltr'><strong>cruciﬁgeretur.</strong></span> <span class='ocrx_word' id='word_1_710' title='bbox 2548 2451 2656 2506; x_wconf 86' lang='lat' dir='ltr'><strong>Cur</strong></span> <span class='ocrx_word' id='word_1_711' title='bbox 2680 2450 3002 2522; x_wconf 83' lang='lat' dir='ltr'><strong>ﬂagellavit?</strong></span> <span class='ocrx_word' id='word_1_712' title='bbox 3033 2456 3137 2508; x_wconf 88' lang='lat' dir='ltr'><strong>Aut</strong></span> <span class='ocrx_word' id='word_1_713' title='bbox 3166 2456 3316 2525; x_wconf 86' lang='lat' dir='ltr'><strong>quasi</strong></span> <span class='ocrx_word' id='word_1_714' title='bbox 3345 2456 3652 2512; x_wconf 86' lang='lat' dir='ltr'><strong>damnatum</strong></span> <span class='ocrx_word' id='word_1_715' title='bbox 3677 2500 3694 2524; x_wconf 96' lang='lat'><strong>,</strong></span> 
     </span>
    </p>
   </div>
   <div class='ocr_carea' id='block_1_89' title="bbox 2109 2543 3695 2616">
    <p class='ocr_par' dir='ltr' id='par_1_89' title="bbox 2109 2543 3695 2616">
     <span class='ocr_line' id='line_1_90' title="bbox 2109 2543 3695 2616; baseline 0.006 -20"><span class='ocrx_word' id='word_1_716' title='bbox 2109 2550 2203 2596; x_wconf 88' lang='lat' dir='ltr'><strong>aut</strong></span> <span class='ocrx_word' id='word_1_717' title='bbox 2238 2553 2298 2596; x_wconf 90' lang='lat' dir='ltr'><strong>ut</strong></span> <span class='ocrx_word' id='word_1_718' title='bbox 2328 2543 2552 2599; x_wconf 78' lang='lat' dir='ltr'><strong>formam</strong></span> <span class='ocrx_word' id='word_1_719' title='bbox 2578 2546 2864 2615; x_wconf 88' lang='lat' dir='ltr'><strong>quamdam</strong></span> <span class='ocrx_word' id='word_1_720' title='bbox 2890 2546 3089 2616; x_wconf 87' lang='lat' dir='ltr'><strong>judicio</strong></span> <span class='ocrx_word' id='word_1_721' title='bbox 3118 2547 3333 2604; x_wconf 79' lang='lat' dir='ltr'><strong>afferret</strong></span> <span class='ocrx_word' id='word_1_722' title='bbox 3360 2591 3375 2615; x_wconf 92' lang='lat'><strong>,</strong></span> <span class='ocrx_word' id='word_1_723' title='bbox 3405 2550 3487 2605; x_wconf 91' lang='lat' dir='ltr'><strong>vel</strong></span> <span class='ocrx_word' id='word_1_724' title='bbox 3517 2562 3572 2604; x_wconf 93' lang='lat' dir='ltr'><strong>ut</strong></span> <span class='ocrx_word' id='word_1_725' title='bbox 3596 2551 3695 2606; x_wconf 84' lang='lat' dir='ltr'><strong>Ju-</strong></span> 
     </span>
    </p>
   </div>
   <div class='ocr_carea' id='block_1_90' title="bbox 2109 2635 3693 2714">
    <p class='ocr_par' dir='ltr' id='par_1_90' title="bbox 2109 2635 3693 2714">
     <span class='ocr_line' id='line_1_91' title="bbox 2109 2635 3693 2714; baseline 0.008 -25"><span class='ocrx_word' id='word_1_726' title='bbox 2109 2635 2239 2690; x_wconf 70' lang='lat' dir='ltr'><strong>dteis</strong></span> <span class='ocrx_word' id='word_1_727' title='bbox 2276 2652 2388 2692; x_wconf 90' lang='lat' dir='ltr'><strong>rem</strong></span> <span class='ocrx_word' id='word_1_728' title='bbox 2417 2648 2621 2708; x_wconf 79' lang='lat' dir='ltr'><strong>gratam</strong></span> <span class='ocrx_word' id='word_1_729' title='bbox 2658 2639 2876 2695; x_wconf 85' lang='lat' dir='ltr'><strong>faceret.</strong></span> <span class='ocrx_word' id='word_1_730' title='bbox 2926 2639 2994 2695; x_wconf 85' lang='lat' dir='ltr'><strong>Et</strong></span> <span class='ocrx_word' id='word_1_731' title='bbox 3021 2653 3166 2697; x_wconf 90' lang='lat' dir='ltr'><strong>certe</strong></span> <span class='ocrx_word' id='word_1_732' title='bbox 3197 2645 3447 2700; x_wconf 89' lang='lat' dir='ltr'><strong>resistere</strong></span> <span class='ocrx_word' id='word_1_733' title='bbox 3476 2655 3693 2714; x_wconf 85' lang='lat' dir='ltr'><strong>Oporte-</strong></span> 
     </span>
    </p>
   </div>
   <div class='ocr_carea' id='block_1_91' title="bbox 2110 2725 3691 2801">
    <p class='ocr_par' dir='ltr' id='par_1_91' title="bbox 2110 2725 3691 2801">
     <span class='ocr_line' id='line_1_92' title="bbox 2110 2725 3691 2801; baseline 0.008 -22"><span class='ocrx_word' id='word_1_734' title='bbox 2110 2725 2218 2780; x_wconf 90' lang='lat' dir='ltr'><strong>bat.</strong></span> <span class='ocrx_word' id='word_1_735' title='bbox 2239 2727 2367 2781; x_wconf 83' lang='lat' dir='ltr'><strong>Nam</strong></span> <span class='ocrx_word' id='word_1_736' title='bbox 2385 2738 2540 2784; x_wconf 86' lang='lat' dir='ltr'><strong>antea</strong></span> <span class='ocrx_word' id='word_1_737' title='bbox 2565 2729 2810 2784; x_wconf 79' lang='lat' dir='ltr'><strong>dixerat:</strong></span> <span class='ocrx_word' id='word_1_738' title='bbox 2837 2731 3059 2801; x_wconf 82' lang='lat' dir='ltr'><strong>Accipite</strong></span> <span class='ocrx_word' id='word_1_739' title='bbox 3083 2750 3193 2786; x_wconf 87' lang='lat' dir='ltr'><strong>eum</strong></span> <span class='ocrx_word' id='word_1_740' title='bbox 3217 2749 3321 2800; x_wconf 81' lang='lat' dir='ltr'><strong>vos,</strong></span> <span class='ocrx_word' id='word_1_741' title='bbox 3349 2747 3396 2788; x_wconf 86' lang='lat' dir='ltr'><strong>et</strong></span> <span class='ocrx_word' id='word_1_742' title='bbox 3416 2737 3691 2792; x_wconf 83' lang='lat' dir='ltr'><strong>secundum</strong></span> 
     </span>
    </p>
   </div>
   <div class='ocr_carea' id='block_1_92' title="bbox 2108 2817 3692 2898">
    <p class='ocr_par' dir='ltr' id='par_1_92' title="bbox 2108 2817 3692 2898">
     <span class='ocr_line' id='line_1_93' title="bbox 2108 2817 3692 2898; baseline 0.009 -28"><span class='ocrx_word' id='word_1_743' title='bbox 2108 2817 2264 2886; x_wconf 81' lang='lat' dir='ltr'><strong>legent</strong></span> <span class='ocrx_word' id='word_1_744' title='bbox 2293 2827 2507 2872; x_wconf 85' lang='lat' dir='ltr'><strong>vestram</strong></span> <span class='ocrx_word' id='word_1_745' title='bbox 2527 2820 2760 2888; x_wconf 87' lang='lat' dir='ltr'><strong>judicate</strong></span> <span class='ocrx_word' id='word_1_746' title='bbox 2787 2822 2930 2876; x_wconf 85' lang='lat' dir='ltr'><strong>illum</strong></span> <span class='ocrx_word' id='word_1_747' title='bbox 2957 2823 3132 2894; x_wconf 82' lang='lat' dir='ltr'><strong>(Joan.</strong></span> <span class='ocrx_word' id='word_1_748' title='bbox 3165 2825 3251 2880; x_wconf 78' lang='grc'><strong>18.</strong></span> <span class='ocrx_word' id='word_1_749' title='bbox 3285 2825 3398 2898; x_wconf 78' lang='grc'><strong>51).</strong></span> <span class='ocrx_word' id='word_1_750' title='bbox 3427 2826 3692 2898; x_wconf 80' lang='lat' dir='ltr'><strong>Multaque</strong></span> 
     </span>
    </p>
   </div>
   <div class='ocr_carea' id='block_1_93' title="bbox 2107 2913 3690 2979">
    <p class='ocr_par' dir='ltr' id='par_1_93' title="bbox 2107 2913 3690 2979">
     <span class='ocr_line' id='line_1_94' title="bbox 2107 2913 3690 2979; baseline 0.007 -16"><span class='ocrx_word' id='word_1_751' title='bbox 2107 2917 2259 2963; x_wconf 89' lang='lat' dir='ltr'><strong>erant</strong></span> <span class='ocrx_word' id='word_1_752' title='bbox 2284 2924 2403 2979; x_wconf 70' lang='lat' dir='ltr'><strong>qum</strong></span> <span class='ocrx_word' id='word_1_753' title='bbox 2442 2920 2685 2979; x_wconf 87' lang='lat' dir='ltr'><strong>poterant</strong></span> <span class='ocrx_word' id='word_1_754' title='bbox 2720 2922 2774 2967; x_wconf 90' lang='lat' dir='ltr'><strong>et</strong></span> <span class='ocrx_word' id='word_1_755' title='bbox 2803 2913 3029 2968; x_wconf 84' lang='lat' dir='ltr'><strong>Pilatum</strong></span> <span class='ocrx_word' id='word_1_756' title='bbox 3060 2924 3114 2970; x_wconf 92' lang='lat' dir='ltr'><strong>ct</strong></span> <span class='ocrx_word' id='word_1_757' title='bbox 3154 2914 3368 2972; x_wconf 71' lang='lat' dir='ltr'><strong>Iudaeos</strong></span> <span class='ocrx_word' id='word_1_758' title='bbox 3394 2933 3423 2971; x_wconf 88' lang='lat' dir='ltr'><strong>a</strong></span> <span class='ocrx_word' id='word_1_759' title='bbox 3454 2919 3690 2974; x_wconf 80' lang='lat' dir='ltr'><strong>facinore</strong></span> 
     </span>
    </p>
   </div>
   <div class='ocr_carea' id='block_1_94' title="bbox 2108 3006 3689 3083">
    <p class='ocr_par' dir='ltr' id='par_1_94' title="bbox 2108 3006 3689 3083">
     <span class='ocr_line' id='line_1_95' title="bbox 2108 3006 3689 3083; baseline 0.009 -29"><span class='ocrx_word' id='word_1_760' title='bbox 2108 3009 2256 3056; x_wconf 89' lang='lat' dir='ltr'><strong>tanto</strong></span> <span class='ocrx_word' id='word_1_761' title='bbox 2283 3014 2546 3070; x_wconf 85' lang='lat' dir='ltr'><strong>avertere,</strong></span> <span class='ocrx_word' id='word_1_762' title='bbox 2577 3006 2746 3075; x_wconf 88' lang='lat' dir='ltr'><strong>signa,</strong></span> <span class='ocrx_word' id='word_1_763' title='bbox 2776 3007 3027 3062; x_wconf 87' lang='lat' dir='ltr'><strong>miracula</strong></span> <span class='ocrx_word' id='word_1_764' title='bbox 3047 3049 3062 3071; x_wconf 89' lang='lat'><strong>,</strong></span> <span class='ocrx_word' id='word_1_765' title='bbox 3094 3009 3279 3078; x_wconf 88' lang='lat' dir='ltr'><strong>ingens</strong></span> <span class='ocrx_word' id='word_1_766' title='bbox 3309 3010 3448 3065; x_wconf 87' lang='lat' dir='ltr'><strong>illius</strong></span> <span class='ocrx_word' id='word_1_767' title='bbox 3471 3013 3562 3082; x_wconf 91' lang='lat' dir='ltr'><strong>qui</strong></span> <span class='ocrx_word' id='word_1_768' title='bbox 3596 3028 3689 3083; x_wconf 85' lang='lat' dir='ltr'><strong>pa-</strong></span> 
     </span>
    </p>
   </div>
   <div class='ocr_carea' id='block_1_95' title="bbox 2107 3091 3684 3164">
    <p class='ocr_par' dir='ltr' id='par_1_95' title="bbox 2107 3091 3684 3164">
     <span class='ocr_line' id='line_1_96' title="bbox 2107 3091 3684 3164; baseline 0.008 -20"><span class='ocrx_word' id='word_1_769' title='bbox 2107 3091 2334 3147; x_wconf 87' lang='lat' dir='ltr'><strong>tiebatur</strong></span> <span class='ocrx_word' id='word_1_770' title='bbox 2361 3095 2734 3161; x_wconf 87' lang='lat' dir='ltr'><strong>mansuetudo,</strong></span> <span class='ocrx_word' id='word_1_771' title='bbox 2763 3096 2949 3164; x_wconf 78' lang='lat' dir='ltr'><strong>ingens</strong></span> <span class='ocrx_word' id='word_1_772' title='bbox 2971 3097 3098 3152; x_wconf 89' lang='lat' dir='ltr'><strong>illud</strong></span> <span class='ocrx_word' id='word_1_773' title='bbox 3126 3098 3416 3154; x_wconf 90' lang='lat' dir='ltr'><strong>silentium.</strong></span> <span class='ocrx_word' id='word_1_774' title='bbox 3452 3101 3520 3156; x_wconf 88' lang='lat' dir='ltr'><strong>Ut</strong></span> <span class='ocrx_word' id='word_1_775' title='bbox 3543 3103 3684 3157; x_wconf 89' lang='lat' dir='ltr'><strong>enim</strong></span> 
     </span>
    </p>
   </div>
   <div class='ocr_carea' id='block_1_96' title="bbox 2104 3186 3687 3261">
    <p class='ocr_par' dir='ltr' id='par_1_96' title="bbox 2104 3186 3687 3261">
     <span class='ocr_line' id='line_1_97' title="bbox 2104 3186 3687 3261; baseline 0.004 -24"><span class='ocrx_word' id='word_1_776' title='bbox 2104 3195 2158 3238; x_wconf 84' lang='lat' dir='ltr'><strong>et</strong></span> <span class='ocrx_word' id='word_1_777' title='bbox 2191 3200 2284 3252; x_wconf 86' lang='lat' dir='ltr'><strong>per</strong></span> <span class='ocrx_word' id='word_1_778' title='bbox 2309 3199 2393 3249; x_wconf 89' lang='lat' dir='ltr'><strong>ea,</strong></span> <span class='ocrx_word' id='word_1_779' title='bbox 2421 3202 2541 3255; x_wconf 71' lang='lat' dir='ltr'><strong>qua:</strong></span> <span class='ocrx_word' id='word_1_780' title='bbox 2569 3186 2634 3240; x_wconf 90' lang='lat' dir='ltr'><strong>ad</strong></span> <span class='ocrx_word' id='word_1_781' title='bbox 2661 3187 3020 3242; x_wconf 77' lang='lat' dir='ltr'><strong>defensionem</strong></span> <span class='ocrx_word' id='word_1_782' title='bbox 3051 3187 3184 3243; x_wconf 87' lang='lat' dir='ltr'><strong>dixit</strong></span> <span class='ocrx_word' id='word_1_783' title='bbox 3215 3199 3270 3244; x_wconf 93' lang='lat' dir='ltr'><strong>ct</strong></span> <span class='ocrx_word' id='word_1_784' title='bbox 3301 3206 3393 3261; x_wconf 89' lang='lat' dir='ltr'><strong>per</strong></span> <span class='ocrx_word' id='word_1_785' title='bbox 3422 3194 3687 3260; x_wconf 82' lang='lat' dir='ltr'><strong>preCatio-</strong></span> 
     </span>
    </p>
   </div>
   <div class='ocr_carea' id='block_1_97' title="bbox 2105 3276 3684 3336">
    <p class='ocr_par' dir='ltr' id='par_1_97' title="bbox 2105 3276 3684 3336">
     <span class='ocr_line' id='line_1_98' title="bbox 2105 3276 3684 3336; baseline 0.006 -10"><span class='ocrx_word' id='word_1_786' title='bbox 2105 3288 2200 3328; x_wconf 90' lang='lat' dir='ltr'><strong>nes</strong></span> <span class='ocrx_word' id='word_1_787' title='bbox 2229 3289 2351 3330; x_wconf 88' lang='lat' dir='ltr'><strong>suas</strong></span> <span class='ocrx_word' id='word_1_788' title='bbox 2377 3291 2435 3328; x_wconf 87' lang='lat' dir='ltr'><strong>se</strong></span> <span class='ocrx_word' id='word_1_789' title='bbox 2457 3276 2724 3331; x_wconf 91' lang='lat' dir='ltr'><strong>hominem</strong></span> <span class='ocrx_word' id='word_1_790' title='bbox 2752 3292 2872 3332; x_wconf 89' lang='lat' dir='ltr'><strong>esse</strong></span> <span class='ocrx_word' id='word_1_791' title='bbox 2899 3278 3129 3332; x_wconf 84' lang='lat' dir='ltr'><strong>ostendit</strong></span> <span class='ocrx_word' id='word_1_792' title='bbox 3160 3297 3173 3333; x_wconf 89' lang='lat'>:</span> <span class='ocrx_word' id='word_1_793' title='bbox 3202 3279 3271 3335; x_wconf 88' lang='lat' dir='ltr'><strong>ita</strong></span> <span class='ocrx_word' id='word_1_794' title='bbox 3303 3281 3684 3336; x_wconf 85' lang='lat' dir='ltr'><strong>sublimitatem</strong></span> 
     </span>
    </p>
   </div>
   <div class='ocr_carea' id='block_1_98' title="bbox 2104 3365 3686 3441">
    <p class='ocr_par' dir='ltr' id='par_1_98' title="bbox 2104 3365 3686 3441">
     <span class='ocr_line' id='line_1_99' title="bbox 2104 3365 3686 3441; baseline 0.006 -25"><span class='ocrx_word' id='word_1_795' title='bbox 2104 3365 2696 3436; x_wconf 85' lang='lat' dir='ltr'><strong>magnanimitalemque</strong></span> <span class='ocrx_word' id='word_1_796' title='bbox 2743 3382 2893 3421; x_wconf 85' lang='lat' dir='ltr'><strong>suam</strong></span> <span class='ocrx_word' id='word_1_797' title='bbox 2945 3377 3000 3422; x_wconf 94' lang='lat' dir='ltr'><strong>et</strong></span> <span class='ocrx_word' id='word_1_798' title='bbox 3039 3384 3135 3438; x_wconf 86' lang='lat' dir='ltr'><strong>per</strong></span> <span class='ocrx_word' id='word_1_799' title='bbox 3182 3370 3451 3424; x_wconf 88' lang='lat' dir='ltr'><strong>silentium</strong></span> <span class='ocrx_word' id='word_1_800' title='bbox 3496 3381 3549 3424; x_wconf 91' lang='lat' dir='ltr'><strong>et</strong></span> <span class='ocrx_word' id='word_1_801' title='bbox 3590 3387 3686 3441; x_wconf 82' lang='lat' dir='ltr'><strong>per</strong></span> 
     </span>
    </p>
   </div>
   <div class='ocr_carea' id='block_1_99' title="bbox 2100 3460 3682 3528">
    <p class='ocr_par' dir='ltr' id='par_1_99' title="bbox 2100 3460 3682 3528">
     <span class='ocr_line' id='line_1_100' title="bbox 2100 3460 3682 3528; baseline 0.003 -18"><span class='ocrx_word' id='word_1_802' title='bbox 2100 3468 2462 3528; x_wconf 71' lang='lat' dir='ltr'><strong>contempttnn</strong></span> <span class='ocrx_word' id='word_1_803' title='bbox 2487 3473 2671 3512; x_wconf 88' lang='lat' dir='ltr'><strong>eorum</strong></span> <span class='ocrx_word' id='word_1_804' title='bbox 2695 3475 2812 3528; x_wconf 76' lang='lat' dir='ltr'><strong>qua:</strong></span> <span class='ocrx_word' id='word_1_805' title='bbox 2831 3469 3016 3512; x_wconf 83' lang='lat' dir='ltr'><strong>contra</strong></span> <span class='ocrx_word' id='word_1_806' title='bbox 3045 3474 3104 3514; x_wconf 92' lang='lat' dir='ltr'><strong>se</strong></span> <span class='ocrx_word' id='word_1_807' title='bbox 3128 3460 3440 3514; x_wconf 87' lang='lat' dir='ltr'><strong>dicebautur</strong></span> <span class='ocrx_word' id='word_1_808' title='bbox 3459 3461 3682 3516; x_wconf 83' lang='lat' dir='ltr'><strong>demon-</strong></span> 
     </span>
    </p>
   </div>
   <div class='ocr_carea' id='block_1_100' title="bbox 2100 3551 3683 3620">
    <p class='ocr_par' dir='ltr' id='par_1_100' title="bbox 2100 3551 3683 3620">
     <span class='ocr_line' id='line_1_101' title="bbox 2100 3551 3683 3620; baseline 0.003 -16"><span class='ocrx_word' id='word_1_809' title='bbox 2100 3552 2286 3604; x_wconf 90' lang='lat' dir='ltr'><strong>stravit</strong></span> <span class='ocrx_word' id='word_1_810' title='bbox 2309 3591 2321 3611; x_wconf 83' lang='lat'><strong>,</strong></span> <span class='ocrx_word' id='word_1_811' title='bbox 2353 3565 2447 3620; x_wconf 91' lang='lat' dir='ltr'><strong>per</strong></span> <span class='ocrx_word' id='word_1_812' title='bbox 2485 3552 2660 3604; x_wconf 89' lang='lat' dir='ltr'><strong>omnia</strong></span> <span class='ocrx_word' id='word_1_813' title='bbox 2694 3551 2838 3618; x_wconf 89' lang='lat' dir='ltr'><strong>ipsos</strong></span> <span class='ocrx_word' id='word_1_814' title='bbox 2868 3551 2933 3605; x_wconf 91' lang='lat' dir='ltr'><strong>ad</strong></span> <span class='ocrx_word' id='word_1_815' title='bbox 2969 3551 3048 3605; x_wconf 89' lang='lat' dir='ltr'><strong>sui</strong></span> <span class='ocrx_word' id='word_1_816' title='bbox 3081 3551 3486 3607; x_wconf 88' lang='lat' dir='ltr'><strong>admirationem</strong></span> <span class='ocrx_word' id='word_1_817' title='bbox 3529 3554 3683 3608; x_wconf 88' lang='lat' dir='ltr'><strong>indu-</strong></span> 
     </span>
    </p>
   </div>
   <div class='ocr_carea' id='block_1_101' title="bbox 2098 3641 3304 3704">
    <p class='ocr_par' dir='ltr' id='par_1_101' title="bbox 2098 3641 3304 3704">
     <span class='ocr_line' id='line_1_102' title="bbox 2098 3641 3304 3704; baseline 0.003 -10"><span class='ocrx_word' id='word_1_818' title='bbox 2098 3656 2258 3704; x_wconf 89' lang='lat' dir='ltr'><strong>cens;</strong></span> <span class='ocrx_word' id='word_1_819' title='bbox 2291 3641 2384 3694; x_wconf 83' lang='lat' dir='ltr'><strong>sed</strong></span> <span class='ocrx_word' id='word_1_820' title='bbox 2417 3643 2540 3694; x_wconf 91' lang='lat' dir='ltr'><strong>nulli</strong></span> <span class='ocrx_word' id='word_1_821' title='bbox 2569 3641 2756 3695; x_wconf 90' lang='lat' dir='ltr'><strong>horum</strong></span> <span class='ocrx_word' id='word_1_822' title='bbox 2783 3643 2976 3698; x_wconf 83' lang='lat' dir='ltr'><strong>cedere</strong></span> <span class='ocrx_word' id='word_1_823' title='bbox 3007 3643 3304 3698; x_wconf 89' lang='lat' dir='ltr'><strong>voluerunt.</strong></span> 
     </span>
    </p>
   </div>
   <div class='ocr_carea' id='block_1_102' title="bbox 2168 3729 3679 3791">
    <p class='ocr_par' dir='ltr' id='par_1_102' title="bbox 2168 3729 3679 3791">
     <span class='ocr_line' id='line_1_103' title="bbox 2168 3729 3679 3791; baseline 0.003 -5"><span class='ocrx_word' id='word_1_824' title='bbox 2168 3733 2221 3786; x_wconf 79' lang='grc'><strong>5.</strong></span> <span class='ocrx_word' id='word_1_825' title='bbox 2267 3729 2408 3784; x_wconf 72' lang='grc' dir='ltr'><strong>ι”ἱιίἱδ</strong></span> <span class='ocrx_word' id='word_1_826' title='bbox 2434 3733 2599 3784; x_wconf 83' lang='lat' dir='ltr'><strong>aditus</strong></span> <span class='ocrx_word' id='word_1_827' title='bbox 2638 3732 2780 3784; x_wconf 87' lang='lat' dir='ltr'><strong>initio</strong></span> <span class='ocrx_word' id='word_1_828' title='bbox 2810 3733 3236 3787; x_wconf 80' lang='lat' dir='ltr'><strong>intercludendos.</strong></span> <span class='ocrx_word' id='word_1_829' title='bbox 3268 3733 3472 3788; x_wconf 78' lang='lat' dir='ltr'><strong>Diabolt&#39;</strong></span> <span class='ocrx_word' id='word_1_830' title='bbox 3506 3751 3679 3791; x_wconf 82' lang='lat' dir='ltr'><strong>versu-</strong></span> 
     </span>
    </p>
   </div>
   <div class='ocr_carea' id='block_1_103' title="bbox 2098 3823 3677 3896">
    <p class='ocr_par' dir='ltr' id='par_1_103' title="bbox 2098 3823 3677 3896">
     <span class='ocr_line' id='line_1_104' title="bbox 2098 3823 3677 3896; baseline 0.004 -21"><span class='ocrx_word' id='word_1_831' title='bbox 2098 3823 2167 3875; x_wconf 88' lang='lat' dir='ltr'><strong>tia</strong></span> <span class='ocrx_word' id='word_1_832' title='bbox 2191 3824 2241 3875; x_wconf 85' lang='lat' dir='ltr'><strong>in</strong></span> <span class='ocrx_word' id='word_1_833' title='bbox 2272 3823 2523 3876; x_wconf 85' lang='lat' dir='ltr'><strong>tentandis</strong></span> <span class='ocrx_word' id='word_1_834' title='bbox 2565 3823 3108 3876; x_wconf 51' lang='lat' dir='ltr'><strong>hominibus—Cum</strong></span> <span class='ocrx_word' id='word_1_835' title='bbox 3144 3823 3283 3878; x_wconf 89' lang='lat' dir='ltr'><strong>enim</strong></span> <span class='ocrx_word' id='word_1_836' title='bbox 3323 3827 3489 3880; x_wconf 89' lang='lat' dir='ltr'><strong>semel</strong></span> <span class='ocrx_word' id='word_1_837' title='bbox 3530 3829 3677 3896; x_wconf 90' lang='lat' dir='ltr'><strong>quasi</strong></span> 
     </span>
    </p>
   </div>
   <div class='ocr_carea' id='block_1_104' title="bbox 2095 3910 3680 3982">
    <p class='ocr_par' dir='ltr' id='par_1_104' title="bbox 2095 3910 3680 3982">
     <span class='ocr_line' id='line_1_105' title="bbox 2095 3910 3680 3982; baseline 0.004 -17"><span class='ocrx_word' id='word_1_838' title='bbox 2095 3913 2352 3966; x_wconf 83' lang='lat' dir='ltr'><strong>ebrietate</strong></span> <span class='ocrx_word' id='word_1_839' title='bbox 2398 3923 2451 3967; x_wconf 92' lang='lat' dir='ltr'><strong>et</strong></span> <span class='ocrx_word' id='word_1_840' title='bbox 2495 3910 2674 3966; x_wconf 83' lang='lat' dir='ltr'><strong>furore</strong></span> <span class='ocrx_word' id='word_1_841' title='bbox 2705 3914 2839 3965; x_wconf 89' lang='lat' dir='ltr'><strong>ratio</strong></span> <span class='ocrx_word' id='word_1_842' title='bbox 2870 3915 3156 3982; x_wconf 84' lang='lat' dir='ltr'><strong>intercepta</strong></span> <span class='ocrx_word' id='word_1_843' title='bbox 3201 3922 3312 3979; x_wconf 89' lang='lat' dir='ltr'><strong>est,</strong></span> <span class='ocrx_word' id='word_1_844' title='bbox 3354 3914 3568 3970; x_wconf 87' lang='lat' dir='ltr'><strong>dillicile</strong></span> <span class='ocrx_word' id='word_1_845' title='bbox 3596 3927 3680 3972; x_wconf 87' lang='lat' dir='ltr'><strong>est</strong></span> 
     </span>
    </p>
   </div>
   <div class='ocr_carea' id='block_1_105' title="bbox 2096 4003 3675 4076">
    <p class='ocr_par' dir='ltr' id='par_1_105' title="bbox 2096 4003 3675 4076">
     <span class='ocr_line' id='line_1_106' title="bbox 2096 4003 3675 4076; baseline 0.003 -18"><span class='ocrx_word' id='word_1_846' title='bbox 2096 4004 2298 4072; x_wconf 84' lang='lat' dir='ltr'><strong>lapsum</strong></span> <span class='ocrx_word' id='word_1_847' title='bbox 2332 4003 2673 4071; x_wconf 89' lang='lat' dir='ltr'><strong>resipiscere;</strong></span> <span class='ocrx_word' id='word_1_848' title='bbox 2704 4004 2803 4057; x_wconf 91' lang='lat' dir='ltr'><strong>nisi</strong></span> <span class='ocrx_word' id='word_1_849' title='bbox 2834 4003 2952 4056; x_wconf 82' lang='lat' dir='ltr'><strong>forti</strong></span> <span class='ocrx_word' id='word_1_850' title='bbox 2980 4005 3098 4073; x_wconf 91' lang='lat' dir='ltr'><strong>quis</strong></span> <span class='ocrx_word' id='word_1_851' title='bbox 3126 4013 3179 4058; x_wconf 90' lang='lat' dir='ltr'><strong>et</strong></span> <span class='ocrx_word' id='word_1_852' title='bbox 3206 4019 3468 4076; x_wconf 55' lang='lat' dir='ltr'><strong>generoso</strong></span> <span class='ocrx_word' id='word_1_853' title='bbox 3495 4010 3675 4062; x_wconf 88' lang='lat' dir='ltr'><strong>animo</strong></span> 
     </span>
    </p>
   </div>
   <div class='ocr_carea' id='block_1_106' title="bbox 2094 4094 3678 4169">
    <p class='ocr_par' dir='ltr' id='par_1_106' title="bbox 2094 4094 3678 4169">
     <span class='ocr_line' id='line_1_107' title="bbox 2094 4094 3678 4169; baseline 0.005 -21"><span class='ocrx_word' id='word_1_854' title='bbox 2094 4096 2162 4149; x_wconf 90' lang='lat' dir='ltr'><strong>sit</strong></span> <span class='ocrx_word' id='word_1_855' title='bbox 2194 4095 2462 4164; x_wconf 76' lang='lat' dir='ltr'><strong>prteditus.</strong></span> <span class='ocrx_word' id='word_1_856' title='bbox 2501 4094 2692 4149; x_wconf 85' lang='lat' dir='ltr'><strong>Gravis</strong></span> <span class='ocrx_word' id='word_1_857' title='bbox 2721 4104 2900 4159; x_wconf 86' lang='lat' dir='ltr'><strong>certe,</strong></span> <span class='ocrx_word' id='word_1_858' title='bbox 2939 4098 3116 4164; x_wconf 88' lang='lat' dir='ltr'><strong>gravis</strong></span> <span class='ocrx_word' id='word_1_859' title='bbox 3150 4112 3236 4151; x_wconf 89' lang='lat' dir='ltr'><strong>res</strong></span> <span class='ocrx_word' id='word_1_860' title='bbox 3265 4108 3346 4153; x_wconf 84' lang='lat' dir='ltr'><strong>est</strong></span> <span class='ocrx_word' id='word_1_861' title='bbox 3377 4101 3550 4169; x_wconf 81' lang='lat' dir='ltr'><strong>pravis</strong></span> <span class='ocrx_word' id='word_1_862' title='bbox 3581 4102 3678 4156; x_wconf 92' lang='lat' dir='ltr'><strong>hu-</strong></span> 
     </span>
    </p>
   </div>
   <div class='ocr_carea' id='block_1_107' title="bbox 2090 4187 3673 4259">
    <p class='ocr_par' dir='ltr' id='par_1_107' title="bbox 2090 4187 3673 4259">
     <span class='ocr_line' id='line_1_108' title="bbox 2090 4187 3673 4259; baseline 0.006 -19"><span class='ocrx_word' id='word_1_863' title='bbox 2090 4187 2319 4256; x_wconf 87' lang='lat' dir='ltr'><strong>jusmodi</strong></span> <span class='ocrx_word' id='word_1_864' title='bbox 2349 4187 2679 4254; x_wconf 86' lang='lat' dir='ltr'><strong>passionibus</strong></span> <span class='ocrx_word' id='word_1_865' title='bbox 2707 4187 2835 4241; x_wconf 89' lang='lat' dir='ltr'><strong>dare</strong></span> <span class='ocrx_word' id='word_1_866' title='bbox 2864 4189 3037 4242; x_wconf 89' lang='lat' dir='ltr'><strong>locum</strong></span> <span class='ocrx_word' id='word_1_867' title='bbox 3072 4207 3085 4242; x_wconf 86' lang='lat'>:</span> <span class='ocrx_word' id='word_1_868' title='bbox 3114 4203 3434 4259; x_wconf 84' lang='lat' dir='ltr'><strong>quaprOpter</strong></span> <span class='ocrx_word' id='word_1_869' title='bbox 3469 4194 3673 4249; x_wconf 88' lang='lat' dir='ltr'><strong>aditum</strong></span> 
     </span>
    </p>
   </div>
   <div class='ocr_carea' id='block_1_108' title="bbox 2093 4279 3674 4348">
    <p class='ocr_par' dir='ltr' id='par_1_108' title="bbox 2093 4279 3674 4348">
     <span class='ocr_line' id='line_1_109' title="bbox 2093 4279 3674 4348; baseline 0.006 -15"><span class='ocrx_word' id='word_1_870' title='bbox 2093 4280 2195 4334; x_wconf 91' lang='lat' dir='ltr'><strong>illis</strong></span> <span class='ocrx_word' id='word_1_871' title='bbox 2235 4279 2452 4333; x_wconf 91' lang='lat' dir='ltr'><strong>omnino</strong></span> <span class='ocrx_word' id='word_1_872' title='bbox 2493 4279 2845 4334; x_wconf 85' lang='lat' dir='ltr'><strong>intercludere</strong></span> <span class='ocrx_word' id='word_1_873' title='bbox 2890 4295 2984 4348; x_wconf 86' lang='lat' dir='ltr'><strong>par</strong></span> <span class='ocrx_word' id='word_1_874' title='bbox 3023 4291 3124 4335; x_wconf 87' lang='lat' dir='ltr'><strong>est.</strong></span> <span class='ocrx_word' id='word_1_875' title='bbox 3155 4281 3285 4335; x_wconf 90' lang='lat' dir='ltr'><strong>Cum</strong></span> <span class='ocrx_word' id='word_1_876' title='bbox 3325 4282 3468 4337; x_wconf 91' lang='lat' dir='ltr'><strong>enim</strong></span> <span class='ocrx_word' id='word_1_877' title='bbox 3507 4287 3674 4343; x_wconf 87' lang='lat' dir='ltr'><strong>semel</strong></span> 
     </span>
    </p>
   </div>
   <div class='ocr_carea' id='block_1_109' title="bbox 2090 4373 3672 4448">
    <p class='ocr_par' dir='ltr' id='par_1_109' title="bbox 2090 4373 3672 4448">
     <span class='ocr_line' id='line_1_110' title="bbox 2090 4373 3672 4448; baseline 0.005 -22"><span class='ocrx_word' id='word_1_878' title='bbox 2090 4374 2320 4427; x_wconf 88' lang='lat' dir='ltr'><strong>animam</strong></span> <span class='ocrx_word' id='word_1_879' title='bbox 2355 4373 2643 4426; x_wconf 82' lang='lat' dir='ltr'><strong>invaserint</strong></span> <span class='ocrx_word' id='word_1_880' title='bbox 2672 4382 2722 4425; x_wconf 90' lang='lat' dir='ltr'><strong>et</strong></span> <span class='ocrx_word' id='word_1_881' title='bbox 2746 4374 3086 4442; x_wconf 90' lang='lat' dir='ltr'><strong>occuparint,</strong></span> <span class='ocrx_word' id='word_1_882' title='bbox 3114 4375 3262 4443; x_wconf 88' lang='lat' dir='ltr'><strong>quasi</strong></span> <span class='ocrx_word' id='word_1_883' title='bbox 3289 4375 3423 4444; x_wconf 86' lang='lat' dir='ltr'><strong>ignis</strong></span> <span class='ocrx_word' id='word_1_884' title='bbox 3453 4379 3503 4430; x_wconf 90' lang='lat' dir='ltr'><strong>in</strong></span> <span class='ocrx_word' id='word_1_885' title='bbox 3533 4378 3672 4448; x_wconf 84' lang='lat' dir='ltr'><strong>ligna</strong></span> 
     </span>
    </p>
   </div>
   <div class='ocr_carea' id='block_1_110' title="bbox 2090 4464 3673 4533">
    <p class='ocr_par' dir='ltr' id='par_1_110' title="bbox 2090 4464 3673 4533">
     <span class='ocr_line' id='line_1_111' title="bbox 2090 4464 3673 4533; baseline 0.005 -16"><span class='ocrx_word' id='word_1_886' title='bbox 2090 4464 2372 4533; x_wconf 84' lang='lat' dir='ltr'><strong>delapsus,</strong></span> <span class='ocrx_word' id='word_1_887' title='bbox 2419 4465 2495 4517; x_wconf 86' lang='lat' dir='ltr'><strong>sic</strong></span> <span class='ocrx_word' id='word_1_888' title='bbox 2538 4465 2710 4517; x_wconf 83' lang='lat' dir='ltr'><strong>solent</strong></span> <span class='ocrx_word' id='word_1_889' title='bbox 2751 4466 3032 4518; x_wconf 76' lang='lat' dir='ltr'><strong>tiiaximam</strong></span> <span class='ocrx_word' id='word_1_890' title='bbox 3061 4466 3352 4521; x_wconf 85' lang='lat' dir='ltr'><strong>accendere</strong></span> <span class='ocrx_word' id='word_1_891' title='bbox 3383 4467 3673 4527; x_wconf 82' lang='lat' dir='ltr'><strong>ﬂainmam.</strong></span> 
     </span>
    </p>
   </div>
   <div class='ocr_carea' id='block_1_111' title="bbox 2090 4556 3671 4626">
    <p class='ocr_par' dir='ltr' id='par_1_111' title="bbox 2090 4556 3671 4626">
     <span class='ocr_line' id='line_1_112' title="bbox 2090 4556 3671 4626; baseline 0.006 -16"><span class='ocrx_word' id='word_1_892' title='bbox 2090 4557 2444 4624; x_wconf 85' lang='lat' dir='ltr'><strong>Quamobrem</strong></span> <span class='ocrx_word' id='word_1_893' title='bbox 2477 4571 2627 4626; x_wconf 87' lang='lat' dir='ltr'><strong>rogo,</strong></span> <span class='ocrx_word' id='word_1_894' title='bbox 2658 4556 2784 4609; x_wconf 91' lang='lat' dir='ltr'><strong>nihil</strong></span> <span class='ocrx_word' id='word_1_895' title='bbox 2814 4572 2917 4609; x_wconf 90' lang='lat' dir='ltr'><strong>non</strong></span> <span class='ocrx_word' id='word_1_896' title='bbox 2947 4556 3218 4617; x_wconf 77' lang='lat' dir='ltr'><strong>iaciamus.</strong></span> <span class='ocrx_word' id='word_1_897' title='bbox 3254 4568 3308 4611; x_wconf 94' lang='lat' dir='ltr'><strong>nt</strong></span> <span class='ocrx_word' id='word_1_898' title='bbox 3347 4560 3449 4614; x_wconf 88' lang='lat' dir='ltr'><strong>illis</strong></span> <span class='ocrx_word' id='word_1_899' title='bbox 3471 4562 3671 4618; x_wconf 87' lang='lat' dir='ltr'><strong>aditum</strong></span> 
     </span>
    </p>
   </div>
   <div class='ocr_carea' id='block_1_112' title="bbox 2092 4645 3674 4720">
    <p class='ocr_par' dir='ltr' id='par_1_112' title="bbox 2092 4645 3674 4720">
     <span class='ocr_line' id='line_1_113' title="bbox 2092 4645 3674 4720; baseline 0.004 -20"><span class='ocrx_word' id='word_1_900' title='bbox 2092 4647 2506 4704; x_wconf 90' lang='lat' dir='ltr'><strong>intercludamus</strong></span> <span class='ocrx_word' id='word_1_901' title='bbox 2534 4663 2547 4698; x_wconf 92' lang='lat'><strong>:</strong></span> <span class='ocrx_word' id='word_1_902' title='bbox 2577 4660 2748 4714; x_wconf 91' lang='lat' dir='ltr'><strong>neque</strong></span> <span class='ocrx_word' id='word_1_903' title='bbox 2821 4645 2925 4703; x_wconf 91' lang='lat' dir='ltr'><strong>hoc</strong></span> <span class='ocrx_word' id='word_1_904' title='bbox 2962 4648 3160 4720; x_wconf 83' lang='lat' dir='ltr'><strong>frigido</strong></span> <span class='ocrx_word' id='word_1_905' title='bbox 3231 4649 3546 4704; x_wconf 70' lang='lat' dir='ltr'><strong>ratiocinio‘</strong></span> <span class='ocrx_word' id='word_1_906' title='bbox 3577 4669 3674 4707; x_wconf 91' lang='lat' dir='ltr'><strong>nos</strong></span> 
     </span>
    </p>
   </div>
   <div class='ocr_carea' id='block_1_113' title="bbox 2090 4735 3668 4808">
    <p class='ocr_par' dir='ltr' id='par_1_113' title="bbox 2090 4735 3668 4808">
     <span class='ocr_line' id='line_1_114' title="bbox 2090 4735 3668 4808; baseline 0.001 -14"><span class='ocrx_word' id='word_1_907' title='bbox 2090 4740 2448 4802; x_wconf 85' lang='lat' dir='ltr'><strong>consolantes,</strong></span> <span class='ocrx_word' id='word_1_908' title='bbox 2468 4751 2682 4792; x_wconf 91' lang='lat' dir='ltr'><strong>omnem</strong></span> <span class='ocrx_word' id='word_1_909' title='bbox 2702 4735 3095 4789; x_wconf 88' lang='lat' dir='ltr'><strong>introducamus</strong></span> <span class='ocrx_word' id='word_1_910' title='bbox 3109 4738 3391 4805; x_wconf 78' lang='lat' dir='ltr'><strong>nequitiam</strong></span> <span class='ocrx_word' id='word_1_911' title='bbox 3414 4742 3668 4808; x_wconf 78' lang='lat' dir='ltr'><strong>dicentes,</strong></span> 
     </span>
    </p>
   </div>
   <div class='ocr_carea' id='block_1_114' title="bbox 2090 4825 3671 4899">
    <p class='ocr_par' dir='ltr' id='par_1_114' title="bbox 2090 4825 3671 4899">
     <span class='ocr_line' id='line_1_115' title="bbox 2090 4825 3671 4899; baseline 0.003 -14"><span class='ocrx_word' id='word_1_912' title='bbox 2090 4831 2225 4899; x_wconf 86' lang='lat' dir='ltr'><strong>Quid</strong></span> <span class='ocrx_word' id='word_1_913' title='bbox 2258 4830 2360 4886; x_wconf 91' lang='lat' dir='ltr'><strong>hoc</strong></span> <span class='ocrx_word' id='word_1_914' title='bbox 2384 4839 2504 4894; x_wconf 88' lang='lat' dir='ltr'><strong>est,</strong></span> <span class='ocrx_word' id='word_1_915' title='bbox 2532 4837 2586 4882; x_wconf 89' lang='lat' dir='ltr'><strong>et</strong></span> <span class='ocrx_word' id='word_1_916' title='bbox 2613 4826 2737 4896; x_wconf 92' lang='lat' dir='ltr'><strong>quid</strong></span> <span class='ocrx_word' id='word_1_917' title='bbox 2767 4825 2932 4881; x_wconf 87' lang='lat' dir='ltr'><strong>illud?</strong></span> <span class='ocrx_word' id='word_1_918' title='bbox 2969 4843 3090 4881; x_wconf 90' lang='lat' dir='ltr'><strong>nam</strong></span> <span class='ocrx_word' id='word_1_919' title='bbox 3128 4829 3331 4882; x_wconf 82' lang='lat' dir='ltr'><strong>inﬁnita</strong></span> <span class='ocrx_word' id='word_1_920' title='bbox 3367 4833 3506 4886; x_wconf 90' lang='lat' dir='ltr'><strong>mala</strong></span> <span class='ocrx_word' id='word_1_921' title='bbox 3549 4835 3671 4890; x_wconf 88' lang='lat' dir='ltr'><strong>hinc</strong></span> 
     </span>
    </p>
   </div>
   <div class='ocr_carea' id='block_1_115' title="bbox 2089 4918 3675 4985">
    <p class='ocr_par' dir='ltr' id='par_1_115' title="bbox 2089 4918 3675 4985">
     <span class='ocr_line' id='line_1_116' title="bbox 2089 4918 3675 4985; baseline 0.003 -9"><span class='ocrx_word' id='word_1_922' title='bbox 2089 4923 2405 4977; x_wconf 84' lang='lat' dir='ltr'><strong>scaturiunt.</strong></span> <span class='ocrx_word' id='word_1_923' title='bbox 2453 4920 2702 4974; x_wconf 86' lang='lat' dir='ltr'><strong>Diabolus</strong></span> <span class='ocrx_word' id='word_1_924' title='bbox 2740 4919 2880 4971; x_wconf 86' lang='lat' dir='ltr'><strong>enim</strong></span> <span class='ocrx_word' id='word_1_925' title='bbox 2911 4918 3167 4974; x_wconf 88' lang='lat' dir='ltr'><strong>scelestus</strong></span> <span class='ocrx_word' id='word_1_926' title='bbox 3194 4935 3313 4974; x_wconf 91' lang='lat' dir='ltr'><strong>cum</strong></span> <span class='ocrx_word' id='word_1_927' title='bbox 3355 4925 3461 4985; x_wconf 81' lang='lat' dir='ltr'><strong>sit,</strong></span> <span class='ocrx_word' id='word_1_928' title='bbox 3505 4925 3675 4980; x_wconf 86' lang='lat' dir='ltr'><strong>multa</strong></span> 
     </span>
    </p>
   </div>
   <div class='ocr_carea' id='block_1_116' title="bbox 2091 5009 3669 5080">
    <p class='ocr_par' dir='ltr' id='par_1_116' title="bbox 2091 5009 3669 5080">
     <span class='ocr_line' id='line_1_117' title="bbox 2091 5009 3669 5080; baseline 0.003 -16"><span class='ocrx_word' id='word_1_929' title='bbox 2091 5015 2253 5066; x_wconf 89' lang='lat' dir='ltr'><strong>utitur</strong></span> <span class='ocrx_word' id='word_1_930' title='bbox 2279 5011 2536 5075; x_wconf 86' lang='lat' dir='ltr'><strong>versutia,</strong></span> <span class='ocrx_word' id='word_1_931' title='bbox 2569 5009 2957 5080; x_wconf 80' lang='lat' dir='ltr'><strong>perseverantia</strong></span> <span class='ocrx_word' id='word_1_932' title='bbox 2993 5018 3048 5064; x_wconf 91' lang='lat' dir='ltr'><strong>et</strong></span> <span class='ocrx_word' id='word_1_933' title='bbox 3091 5013 3534 5079; x_wconf 87' lang='lat' dir='ltr'><strong>attemperatione</strong></span> <span class='ocrx_word' id='word_1_934' title='bbox 3557 5017 3573 5044; x_wconf 77' lang='lat'>&#39;</span> <span class='ocrx_word' id='word_1_935' title='bbox 3601 5016 3669 5068; x_wconf 88' lang='lat' dir='ltr'><strong>ad</strong></span> 
     </span>
    </p>
   </div>
   <div class='ocr_carea' id='block_1_117' title="bbox 2090 5101 3669 5174">
    <p class='ocr_par' dir='ltr' id='par_1_117' title="bbox 2090 5101 3669 5174">
     <span class='ocr_line' id='line_1_118' title="bbox 2090 5101 3669 5174; baseline 0.001 -18"><span class='ocrx_word' id='word_1_936' title='bbox 2090 5105 2360 5158; x_wconf 90' lang='lat' dir='ltr'><strong>hominum</strong></span> <span class='ocrx_word' id='word_1_937' title='bbox 2392 5103 2711 5171; x_wconf 86' lang='lat' dir='ltr'><strong>perniciem,</strong></span> <span class='ocrx_word' id='word_1_938' title='bbox 2754 5111 2808 5158; x_wconf 91' lang='lat' dir='ltr'><strong>et</strong></span> <span class='ocrx_word' id='word_1_939' title='bbox 2835 5117 2864 5155; x_wconf 91' lang='lat' dir='ltr'><strong>a</strong></span> <span class='ocrx_word' id='word_1_940' title='bbox 2894 5101 3126 5156; x_wconf 76' lang='lat' dir='ltr'><strong>minimis</strong></span> <span class='ocrx_word' id='word_1_941' title='bbox 3168 5104 3346 5157; x_wconf 91' lang='lat' dir='ltr'><strong>statim</strong></span> <span class='ocrx_word' id='word_1_942' title='bbox 3386 5107 3669 5174; x_wconf 79' lang='lat' dir='ltr'><strong>congredi-</strong></span> 
     </span>
    </p>
   </div>
   <div class='ocr_carea' id='block_1_118' title="bbox 2090 5193 3669 5266">
    <p class='ocr_par' dir='ltr' id='par_1_118' title="bbox 2090 5193 3669 5266">
     <span class='ocr_line' id='line_1_119' title="bbox 2090 5193 3669 5266; baseline 0.001 -17"><span class='ocrx_word' id='word_1_943' title='bbox 2090 5206 2193 5249; x_wconf 89' lang='lat' dir='ltr'><strong>tur.</strong></span> <span class='ocrx_word' id='word_1_944' title='bbox 2221 5195 2469 5249; x_wconf 82' lang='lat' dir='ltr'><strong>Animum</strong></span> <span class='ocrx_word' id='word_1_945' title='bbox 2496 5195 2710 5249; x_wconf 85' lang='lat' dir='ltr'><strong>adverte</strong></span> <span class='ocrx_word' id='word_1_946' title='bbox 2732 5235 2748 5260; x_wconf 88' lang='lat'><strong>,</strong></span> <span class='ocrx_word' id='word_1_947' title='bbox 2779 5208 2980 5262; x_wconf 61' lang='lat' dir='ltr'><strong>quasso.</strong></span> <span class='ocrx_word' id='word_1_948' title='bbox 3011 5193 3231 5248; x_wconf 71' lang='lat' dir='ltr'><strong>Volebat</strong></span> <span class='ocrx_word' id='word_1_949' title='bbox 3255 5194 3464 5249; x_wconf 78' lang='lat' dir='ltr'><strong>Saiilcm</strong></span> <span class='ocrx_word' id='word_1_950' title='bbox 3499 5196 3548 5248; x_wconf 91' lang='lat' dir='ltr'><strong>in</strong></span> <span class='ocrx_word' id='word_1_951' title='bbox 3575 5196 3669 5266; x_wconf 76' lang='lat' dir='ltr'><strong>Py—</strong></span> 
     </span>
    </p>
   </div>
   <div class='ocr_carea' id='block_1_119' title="bbox 2091 5284 3667 5355">
    <p class='ocr_par' dir='ltr' id='par_1_119' title="bbox 2091 5284 3667 5355">
     <span class='ocr_line' id='line_1_120' title="bbox 2091 5284 3667 5355; baseline 0.003 -17"><span class='ocrx_word' id='word_1_952' title='bbox 2091 5287 2340 5340; x_wconf 72' lang='lat' dir='ltr'><strong>thonissa:</strong></span> <span class='ocrx_word' id='word_1_953' title='bbox 2365 5301 2529 5355; x_wconf 84' lang='lat' dir='ltr'><strong>nugas</strong></span> <span class='ocrx_word' id='word_1_954' title='bbox 2557 5296 2610 5340; x_wconf 92' lang='lat' dir='ltr'><strong>et</strong></span> <span class='ocrx_word' id='word_1_955' title='bbox 2638 5286 2980 5341; x_wconf 87' lang='lat' dir='ltr'><strong>deliramenta</strong></span> <span class='ocrx_word' id='word_1_956' title='bbox 3009 5285 3279 5338; x_wconf 85' lang='lat' dir='ltr'><strong>inducere.</strong></span> <span class='ocrx_word' id='word_1_957' title='bbox 3311 5284 3416 5339; x_wconf 87' lang='lat' dir='ltr'><strong>Sed</strong></span> <span class='ocrx_word' id='word_1_958' title='bbox 3454 5285 3497 5338; x_wconf 91' lang='lat' dir='ltr'><strong>si</strong></span> <span class='ocrx_word' id='word_1_959' title='bbox 3541 5287 3667 5342; x_wconf 89' lang='lat' dir='ltr'><strong>illud</strong></span> 
     </span>
    </p>
   </div>
   <div class='ocr_carea' id='block_1_120' title="bbox 2087 5374 3666 5446">
    <p class='ocr_par' dir='ltr' id='par_1_120' title="bbox 2087 5374 3666 5446">
     <span class='ocr_line' id='line_1_121' title="bbox 2087 5374 3666 5446; baseline 0.001 -17"><span class='ocrx_word' id='word_1_960' title='bbox 2087 5376 2236 5430; x_wconf 90' lang='lat' dir='ltr'><strong>initio</strong></span> <span class='ocrx_word' id='word_1_961' title='bbox 2275 5377 2667 5446; x_wconf 73' lang='lat' dir='ltr'><strong>proposuisset,</strong></span> <span class='ocrx_word' id='word_1_962' title='bbox 2711 5392 2814 5429; x_wconf 89' lang='lat' dir='ltr'><strong>non</strong></span> <span class='ocrx_word' id='word_1_963' title='bbox 2851 5383 2996 5428; x_wconf 88' lang='lat' dir='ltr'><strong>certe</strong></span> <span class='ocrx_word' id='word_1_964' title='bbox 3033 5374 3344 5428; x_wconf 62' lang='lat' dir='ltr'><strong>attendisset</strong></span> <span class='ocrx_word' id='word_1_965' title='bbox 3383 5374 3489 5429; x_wconf 92' lang='lat' dir='ltr'><strong>ille.</strong></span> <span class='ocrx_word' id='word_1_966' title='bbox 3520 5376 3666 5441; x_wconf 81' lang='lat' dir='ltr'><strong>Quo-</strong></span> 
     </span>
    </p>
   </div>
   <div class='ocr_carea' id='block_1_121' title="bbox 2151 5520 3458 5600">
    <p class='ocr_par' dir='ltr' id='par_1_121' title="bbox 2151 5520 3458 5600">
     <span class='ocr_line' id='line_1_122' title="bbox 2151 5520 3458 5600; baseline -0.007 -24"><span class='ocrx_word' id='word_1_967' title='bbox 2151 5535 2167 5565; x_wconf 80' lang='grc' dir='ltr'><strong>ι</strong></span> <span class='ocrx_word' id='word_1_968' title='bbox 2203 5532 2399 5600; x_wconf 77' lang='lat' dir='ltr'><strong>Quidam</strong></span> <span class='ocrx_word' id='word_1_969' title='bbox 2422 5533 2625 5600; x_wconf 71' lang='lat' dir='ltr'><strong>habent,</strong></span> <span class='ocrx_word' id='word_1_970' title='bbox 2662 5523 2933 5600; x_wconf 76' lang='lat' dir='ltr'><strong>pernicioso</strong></span> <span class='ocrx_word' id='word_1_971' title='bbox 2963 5520 3236 5600; x_wconf 79' lang='lat' dir='ltr'><strong>ratiocinio.</strong></span> <span class='ocrx_word' id='word_1_972' title='bbox 3373 5588 3383 5597; x_wconf 36' lang='grc' dir='ltr'><strong>ο</strong></span> <span class='ocrx_word' id='word_1_973' title='bbox 3448 5588 3458 5600; x_wconf 31' lang='grc' dir='ltr'><strong>Ω</strong></span> 
     </span>
    </p>
   </div>
   <div class='ocr_carea' id='block_1_122' title="bbox 2150 5591 3664 5654">
    <p class='ocr_par' dir='ltr' id='par_1_122' title="bbox 2150 5591 3664 5654">
     <span class='ocr_line' id='line_1_123' title="bbox 2150 5591 3664 5654; baseline -0.001 -13"><span class='ocrx_word' id='word_1_974' title='bbox 2150 5597 2170 5626; x_wconf 78' lang='grc'>²</span> <span class='ocrx_word' id='word_1_975' title='bbox 2203 5594 2387 5652; x_wconf 83' lang='lat' dir='ltr'><strong>Morel.,</strong></span> <span class='ocrx_word' id='word_1_976' title='bbox 2422 5592 2572 5642; x_wconf 87' lang='lat' dir='ltr'><strong>multa</strong></span> <span class='ocrx_word' id='word_1_977' title='bbox 2604 5594 2752 5641; x_wconf 83' lang='lat' dir='ltr'><strong>utttttr</strong></span> <span class='ocrx_word' id='word_1_978' title='bbox 2775 5591 3162 5651; x_wconf 71' lang='lat' dir='ltr'><strong>attemprrutt’onc</strong></span> <span class='ocrx_word' id='word_1_979' title='bbox 3181 5623 3195 5646; x_wconf 86' lang='lat'><strong>.</strong></span> <span class='ocrx_word' id='word_1_980' title='bbox 3221 5591 3414 5639; x_wconf 76' lang='lat' dir='ltr'><strong>omissis</strong></span> <span class='ocrx_word' id='word_1_981' title='bbox 3448 5591 3664 5654; x_wconf 68' lang='lat' dir='ltr'><strong>interm-</strong></span> 
     </span>
    </p>
   </div>
   <div class='ocr_carea' id='block_1_123' title="bbox 2087 5657 2212 5706">
    <p class='ocr_par' dir='ltr' id='par_1_123' title="bbox 2087 5657 2212 5706">
     <span class='ocr_line' id='line_1_124' title="bbox 2087 5657 2212 5706; baseline -0.016 0"><span class='ocrx_word' id='word_1_982' title='bbox 2087 5657 2212 5706; x_wconf 84' lang='lat' dir='ltr'><strong>sitis.</strong></span> 
     </span>
    </p>
   </div>
  </div>
