4058 6144
358 166 457 222 767

355 274 516 328 modo
547 272 599 328 id
627 272 869 338 tulisset,
912 270 1001 341 qui
1042 269 1159 325 illas
1196 269 1508 338 expulerat?
1537 268 1659 322 Ideo
1688 264 1940 336 paulatim

357 364 504 418 illum
532 364 597 418 ad
621 363 671 418 id
698 362 918 417 inducit.
942 361 1072 427 Quia
1093 361 1236 415 enim
1263 375 1367 413 non
1390 357 1662 412 ohedierat
1688 353 1943 421 Samueli,

357 465 414 510 et
444 454 750 509 holocausta
781 453 872 507 illo
899 451 1119 505 absente
1143 448 1336 505 offerre
1356 464 1518 503 ausus
1542 458 1643 510 est,
1669 454 1947 500 accusatus

357 547 520 613 dicit,
563 544 943 600 Necessitatem
981 540 1241 596 adventus
1290 539 1516 592 hostium
1562 536 1817 606 majorem
1860 533 1945 588 in-

355 638 506 692 duxit
534 637 622 705 (1.
657 633 782 705 Reg.
810 630 900 688 28.
931 631 1073 704 15);
1113 641 1168 687 et
1210 646 1331 686 cum
1376 630 1558 698 lugere
1585 626 1943 695 oportuisset,

355 728 505 796 quasi
535 725 666 779 nihil
693 722 906 780 fecisset
934 721 1155 777 affectus
1175 730 1311 776 erat.
1335 720 1564 775 Rursum
1591 717 1789 773 bellum
1814 732 1947 770 con-

358 831 438 874 tra
464 819 783 874 Amaleeitas
800 817 959 887 jussit
986 814 1161 871 Deus:
1193 814 1283 885 ille
1313 828 1439 868 vero
1465 812 1555 867 hic
1581 810 1741 867 etiam
1771 819 1947 864 trans-

358 925 572 980 gressus
618 917 720 965 est.
765 908 856 962 His
904 914 1279 961 successerunt
1314 904 1431 973 ejus
1467 910 1653 958 contra
1693 897 1945 954 Davidem

358 1003 591 1058 facinora
614 1042 629 1066 ,
660 1012 713 1063 et
744 1002 821 1055 sic
845 1000 1046 1056 sensim
1079 1009 1131 1052 ct
1158 998 1410 1067 paulatim
1441 997 1505 1050 ad
1533 996 1752 1050 exitium
1780 990 1943 1047 decli-

358 1110 492 1149 nans
521 1109 622 1147 non
647 1092 813 1156 stetit,
838 1092 1010 1146 donec
1037 1092 1088 1144 in
1116 1090 1366 1160 perniciei
1393 1087 1708 1160 profundum
1737 1101 1797 1141 se
1820 1099 1950 1139 con-

278 1183 287 1189 ’
353 1188 497 1258 jecit.
536 1184 623 1241 Sic
652 1196 707 1240 et
746 1186 796 1239 in
827 1185 992 1240 Caino
1020 1184 1195 1239 evenit
1236 1201 1248 1237 :
1282 1197 1385 1236 non
1424 1181 1603 1235 statim
1642 1178 1710 1233 ad
1745 1177 1945 1233 caedem

364 1277 539 1330 fratris
582 1274 754 1345 ipsum
793 1274 1051 1342 compulit
1086 1270 1328 1326 diabolus
1378 1289 1390 1323 :
1441 1270 1495 1324 id
1536 1269 1679 1324 enim
1722 1281 1827 1322 non
1873 1266 1947 1320 illi

363 1366 650 1428 suasisset;
692 1363 787 1418 sed
825 1364 1030 1418 minora
1072 1362 1298 1433 primum
1341 1360 1439 1430 ipsi
1489 1359 1682 1415 obtulit
1717 1358 1945 1414 dicens:

366 1456 419 1512 lu
448 1457 549 1513 hoc
574 1459 776 1513 nullum
804 1468 886 1513 est
918 1468 1228 1529 peccatum;
1260 1456 1519 1521 secundo,
1561 1456 1779 1510 livorem
1811 1455 1947 1509 invi.

362 1548 612 1619 diamque
641 1550 910 1617 incendit,
950 1549 1083 1603 nihil
1127 1549 1252 1602 mali
1290 1549 1440 1619 sequi
1478 1548 1738 1612 suadens;
1769 1547 1946 1611 tertio,

362 1639 564 1693 caedem
592 1638 667 1692 illi
698 1639 865 1694 suasit
893 1649 947 1694 et
968 1640 1302 1709 negationem
1334 1638 1600 1692 homicidii
1624 1655 1637 1701 ;
1681 1652 1780 1691 nec
1807 1638 1951 1706 prius

361 1729 639 1793 abscessit.
661 1746 821 1800 quam
843 1728 1195 1798 colophoncm
1223 1731 1480 1783 malorum
1508 1728 1811 1797 adjecisset.
1840 1727 1949 1781 Re-

363 1823 606 1891 pellenda
636 1838 762 1892 ergo
790 1823 935 1877 initia
966 1831 1124 1888 sunt;
1155 1838 1276 1877 cum
1304 1822 1536 1876 maxime
1560 1861 1574 1885 ,
1615 1819 1823 1876 etiamsi
1861 1819 1950 1872 illa

364 1913 535 1983 pruna
580 1924 793 1983 peccata
841 1928 946 1967 non
991 1912 1128 1966 ultra
1170 1912 1638 1982 progrederentur,
1685 1926 1789 1964 non
1830 1909 1951 1964 ideo

365 2013 541 2058 tamen
571 2004 869 2073 Spernenda
896 2004 985 2059 illa
1009 2012 1190 2058 essent
1216 2021 1229 2056 :
1259 2019 1398 2057 nunc
1423 2013 1602 2064 autem
1642 2001 1710 2056 ad
1750 2001 1950 2070 majora

363 2094 691 2161 ascendunt,
721 2094 765 2147 si
796 2094 1146 2165 negligentior
1173 2094 1239 2147 sit
1270 2093 1500 2148 animus.
1533 2090 1658 2147 Ideo
1688 2091 1815 2146 nihil
1847 2107 1951 2145 non

363 2185 628 2256 agendum
672 2193 786 2249 est,
832 2195 889 2240 ut
931 2185 1187 2254 principia
1231 2183 1605 2255 praecidantur.
1645 2182 1722 2237 Ne
1755 2182 1952 2251 peccati

366 2285 608 2331 naturam
637 2284 694 2330 ut
724 2292 938 2347 parvam
967 2277 1302 2340 consideres,
1343 2274 1434 2329 sed
1472 2272 1740 2344 perpende
1779 2272 1952 2341 ipsum

320 2417 326 2424 .
367 2369 587 2437 majoris
610 2383 732 2423 esse
756 2368 985 2423 radicem
1010 2368 1054 2422 si
1084 2366 1381 2439 negligatur
1402 2371 1444 2418 ι.
1475 2364 1604 2421 Nam
1629 2365 1675 2420 si
1702 2363 1829 2434 quid
1856 2361 1952 2417 ad-

369 2457 670 2513 mirandum
709 2457 891 2514 dicere
930 2467 1202 2528 Oporteat,
1241 2472 1347 2512 non
1387 2464 1587 2511 tantam
1625 2453 1952 2526 diligentiam

369 2552 648 2621 requirunt
688 2551 887 2621 majora
936 2552 1024 2605 illa
1069 2562 1324 2621 peccata,
1368 2565 1526 2621 quam
1577 2549 1813 2604 minima.
1865 2545 1954 2600 illa

369 2659 599 2713 namque
630 2643 739 2713 ipsa
769 2642 971 2713 peccati
999 2654 1187 2697 natura
1216 2651 1272 2695 ut
1300 2656 1608 2696 aversetnur
1631 2638 1829 2704 efﬁcit;
1856 2636 1954 2691 mi-

370 2752 500 2791 nora
527 2753 652 2792 vero
678 2738 759 2791 vel
791 2734 933 2807 quod
964 2736 1170 2789 minora
1195 2734 1303 2788 sint
1332 2733 1384 2788 in
1426 2730 1795 2801 negligentiam
1824 2745 1957 2785 con-

369 2827 593 2897 iieiunt,
636 2842 809 2897 neque
846 2826 1024 2881 sinunt
1063 2825 1272 2880 fortiter
1308 2824 1373 2879 ad
1413 2824 1523 2893 ipsa
1567 2821 1797 2877 tollenda
1840 2836 1957 2875 sur-

369 2932 497 2990 gere
520 2935 534 2984 ;
575 2919 697 2974 ideo
727 2918 881 2973 nobis
907 2917 1297 2973 dormientibus
1320 2917 1428 2970 cito
1450 2929 1636 2984 magna
1666 2913 1817 2968 ﬁunt.
1843 2911 1957 2969 Hoc

371 3012 544 3084 ipsmn
584 3011 638 3066 in
667 3011 980 3080 corporibus
1007 3024 1218 3080 quoque
1255 3007 1496 3063 accidere
1534 3005 1733 3061 videas.
1776 3004 1864 3061 Sic
1902 3005 1955 3058 in

370 3100 507 3156 Juda
547 3117 795 3170 magnum
837 3099 1151 3169 proditionis
1188 3099 1387 3153 malum
1425 3106 1667 3152 exortum
1702 3105 1803 3151 est.
1843 3094 1953 3149 Nisi

372 3193 513 3246 enim
544 3200 780 3260 putasset
804 3204 1024 3260 parvum
1053 3203 1172 3244 esse
1201 3188 1451 3258 pecunias
1475 3202 1766 3259 pauperum
1793 3185 1959 3240 δυσυ-

377 3282 527 3348 rari,
574 3296 860 3349 numquam
908 3280 960 3334 in
1012 3278 1367 3350 proditionem
1417 3278 1707 3333 incidisset.
1760 3275 1958 3332 Judteis

377 3388 589 3445 quoque
617 3372 715 3426 nisi
746 3387 967 3442 parvum
993 3372 1164 3427 visum
1191 3371 1377 3425 [uisset
1402 3386 1432 3423 a
1463 3381 1594 3422 vana
1623 3368 1789 3439 gloria
1818 3368 1956 3436 capi,

376 3478 666 3533 numquam
710 3462 776 3516 ad
815 3460 1012 3515 Christi
1043 3461 1241 3516 caedem
1281 3459 1635 3515 devertissent.
1666 3457 1962 3526 Omniaque

379 3553 519 3607 mala
549 3553 671 3607 hinc
695 3551 926 3620 profecta
949 3551 1149 3607 videas.
1170 3550 1336 3605 Nemo
1355 3551 1499 3605 enim
1518 3549 1625 3605 cito
1649 3563 1712 3604 ac
1741 3557 1962 3618 repente

381 3635 436 3690 in
457 3634 756 3705 nequitiam
777 3633 986 3689 incidit.
1011 3632 1181 3690 Habet
1198 3645 1364 3705 certe,
1388 3637 1550 3693 habet
1565 3639 1745 3692 anima
1770 3654 1964 3709 quem-

384 3729 511 3782 dam
546 3725 704 3781 nobis
735 3725 962 3780 insitum
993 3726 1121 3781 mali
1150 3728 1409 3795 pudorem
1441 3729 1678 3799 bonique
1702 3745 1968 3785 verecun-

382 3820 556 3884 diam,
595 3833 697 3874 nec
734 3818 855 3874 lieri
891 3827 1072 3889 potest
1106 3827 1183 3888 ut,
1220 3820 1287 3875 ad
1323 3820 1716 3891 impudentiam
1750 3833 1970 3893 repente

384 3912 698 3977 declinans,
730 3911 918 3966 omnia
952 3912 1406 3983 simulabjiciat;
1456 3914 1548 3968 sed
1594 3916 1801 3970 sensim
1847 3930 1971 3970 cor-

387 4005 685 4074 rumpitur,
699 4003 1042 4073 negligendo.
1058 4001 1151 4059 Sic
1167 4004 1468 4060 idololatria
1493 4006 1737 4076 ingressa
1747 4018 1829 4061 est
1843 4022 1909 4063 cu
1918 4023 1970 4061 nt

388 4094 642 4150 homines
669 4109 835 4164 supra
879 4096 1103 4149 modum
1129 4094 1547 4157 honorarentur.
1578 4098 1968 4163 siveviventes,

389 4186 504 4242 sive
527 4186 837 4253 mortui;sic
853 4186 1127 4255 sculptilia
1142 4186 1289 4240 culta
1308 4185 1564 4252 fuere;sie
1582 4188 1873 4242 fornicatio
1886 4188 1973 4242 in-

390 4274 803 4343 valuit,aliaque
818 4273 1085 4327 mala.Hic
1107 4274 1350 4326 animum
1362 4273 1727 4328 adhibeJ’tisit
1747 4274 1869 4343 quis
1889 4273 1975 4327 in-

392 4365 876 4434 tempestive,alius
897 4364 1261 4433 reprehendit;
1284 4364 1428 4418 alius
1446 4371 1653 4417 metum
1672 4364 1869 4433 repulit
1886 4362 1973 4419 di-

379 4467 510 4508 cens
539 4468 553 4504 :
580 4450 721 4507 Nihil
748 4451 849 4507 hoc
873 4462 971 4507 est.
1001 4452 1139 4521 Quid
1167 4454 1309 4508 enim
1337 4463 1421 4510 est
1447 4454 1660 4511 ridere?
1688 4456 1811 4525 quid
1837 4455 1962 4511 hinc

382 4546 506 4600 mali
551 4544 789 4600 oriatur?
825 4544 961 4601 Hinc
1003 4546 1296 4602 scurrilitas
1334 4548 1523 4613 oritur,
1568 4548 1690 4604 inde
1727 4548 1959 4620 turpilo—

382 4637 593 4706 quium,
625 4646 682 4690 et
707 4636 848 4691 actio
878 4637 1065 4708 turpis.
1097 4636 1327 4693 Rursum
1356 4639 1492 4693 alius
1521 4638 1790 4695 incusatus
1818 4641 1957 4711 quod

381 4728 679 4798 proximum
717 4728 1087 4796 calumnietur,
1139 4730 1281 4801 quod
1323 4731 1649 4787 convicietur
1691 4733 1775 4799 ei,
1819 4733 1960 4804 quod

380 4819 695 4885 maledicat,
743 4820 797 4875 id
828 4821 1095 4892 neglexit,
1135 4822 1373 4893 dixitque
1412 4838 1426 4877 :
1472 4821 1788 4879 Maledicere
1830 4823 1959 4879 nihil

377 4918 481 4967 est.
528 4911 662 4967 Hinc
690 4911 869 4967 odium
899 4923 1105 4983 partum
1133 4923 1217 4969 est
1243 4913 1466 4985 ingens,
1506 4914 1780 4970 inimicitia
1823 4914 1958 4970 irre-

378 5003 749 5071 eonciliabilis,
770 5004 1006 5060 convicia
1034 5004 1270 5072 inﬁnita;
1295 5022 1360 5061 ex
1387 5006 1640 5062 conviciis
1661 5007 1862 5078 plagae;
1895 5022 1960 5062 ex

377 5095 548 5167 plagis
570 5110 713 5166 saepe
740 5097 935 5152 caedes.

448 5187 502 5241 4.
544 5188 588 5241 Α
619 5188 797 5257 parvis
829 5187 1004 5258 itaque
1030 5188 1109 5242 sic
1139 5202 1328 5258 magna
1357 5184 1559 5243 inducit
1583 5189 1843 5260 malignus
1871 5188 1962 5246 ille

378 5275 623 5343 dtemon;
652 5293 682 5332 a
712 5280 916 5349 magnis
954 5279 1377 5347 deSperationem
1399 5320 1415 5343 ,
1455 5278 1611 5332 aliam
1652 5280 1960 5334 methodum

382 5383 487 5422 non
519 5370 691 5423 minus
721 5371 899 5439 priore
929 5369 1281 5440 perniciosam
1321 5368 1620 5424 inveniens.
1661 5369 1781 5425 Non
1819 5369 1961 5425 enim

383 5467 492 5512 tam
541 5456 712 5526 perdit
766 5472 1079 5529 peccatum,
1123 5475 1282 5531 quam
1326 5459 1648 5529 desperatio.
1695 5460 1828 5516 Nam
1870 5461 1962 5532 qui

446 5566 467 5599 ⁹
500 5573 635 5626 iter,
658 5567 700 5617 si
723 5570 1006 5634 negligatur,
1031 5572 1212 5623 desunt
1233 5572 1281 5620 in
1302 5567 1466 5619 Morel.

1076 160 1132 217 S.
1172 158 1448 216 JOANNIS
1482 151 1951 214 CHRYSOSTOMI
1989 149 2303 207 ARCHIEP.
2341 150 2869 212 CONS'I‘ANTINOP.

3531 162 3641 221 768

2056 263 2331 332 peccavit,
2384 262 2426 316 si
2473 264 2691 333 vigilet,
2735 267 2853 321 cito.
2892 281 2985 337 per
3029 269 3394 338 pautitentiotn
3439 270 3634 330 factum

2051 369 2204 410 suum
2234 355 2484 424 corrigit;
2511 356 2598 425 qui
2629 371 2757 413 vero
2785 358 3034 426 desperat
3061 376 3161 416 nec
3185 362 3488 431 corrigitur,
3515 364 3636 420 ideo

2050 445 2250 500 excidit
2276 445 2344 497 ab
2374 446 2787 514 emenda-tione,
2838 450 2978 520 quod
3030 452 3356 520 paenitentia:
3402 456 3634 511 remedia

2051 551 2155 589 non
2186 546 2435 605 apponat.
2477 537 2644 592 llabet
2683 555 2894 610 quoque
2931 543 3090 596 tertio
3115 544 3459 613 gravissimas
3501 548 3634 603 insi-

2050 626 2164 681 dias
2187 668 2203 691 ,
2252 636 2309 681 ut
2334 642 2456 682 cum
2494 629 2704 698 pietatis
2733 632 2965 700 speciem
3007 642 3225 702 peccato
3260 635 3634 708 circumponit.

2050 715 2122 771 Et
2148 716 2360 773 ubinam
2382 759 2399 785 ,
2428 719 2626 788 inquis,
2659 736 2826 791 usque
2852 721 3234 778 adeoinvaluit
3259 725 3535 794 diabolus,
3579 737 3639 783 ut

2051 816 2255 862 tantum
2283 808 2595 879 deciperet?
2614 812 2767 877 Audi,
2789 821 2844 868 et
2861 828 2990 869 cave
3012 815 3103 869 tibi
3126 815 3195 870 ab
3217 817 3353 871 illius
3383 818 3637 875 versutia.

2050 896 2313 968 Prmcepit
2365 915 2460 969 per
2488 899 2709 956 Paulum
2756 900 2850 975 (1.
2881 902 3001 957 Cor.
3035 904 3067 956 7
3094 905 3112 974 )
3141 904 3386 961 Christus
3415 923 3637 964 uxorem

2050 1004 2082 1044 a
2120 991 2238 1045 viro
2281 1006 2386 1046 non
2416 1007 2682 1062 separari;
2714 1010 2813 1050 nee
2850 997 3156 1052 seinvicem
3185 997 3430 1055 fraudare
3475 1017 3639 1071 Opor-

2052 1090 2165 1137 tere
2210 1083 2363 1150 dixit,
2411 1086 2511 1138 nisi
2542 1101 2609 1141 ex
2662 1101 2925 1145 consensu
2971 1091 3108 1144 :scd
3150 1093 3419 1146 nonnullte
3455 1110 3639 1149 arnore

2051 1176 2428 1232 continentize‘
2455 1192 2485 1231 a
2513 1178 2639 1233 viris
2670 1191 2948 1250 separatw,
2981 1196 3044 1237 ac
3073 1183 3118 1236 si
3152 1185 3294 1252 pium
3327 1185 3451 1252 quid
3495 1185 3637 1240 face—

2053 1278 2209 1335 rent,
2252 1269 2458 1338 seipsas
2494 1270 2559 1324 ad
2608 1271 2927 1326 adulterium
2962 1274 3246 1329 dederunt.
3289 1277 3469 1344 Cogita
3512 1292 3641 1346 ergo

2051 1372 2209 1426 quam
2242 1362 2436 1412 malum
2469 1360 2707 1415 laborem
2738 1377 3002 1432 perpessa:
3025 1404 3040 1426 ,
3069 1365 3218 1434 quasi
3244 1380 3364 1434 quae
3392 1380 3640 1434 magnam

2051 1446 2303 1503 damnum
2331 1450 2603 1505 intulerint
2627 1492 2642 1516 ,
2673 1467 2940 1506 extremas
2964 1454 3073 1513 sint
3099 1456 3308 1510 luiturte
3330 1471 3518 1526 ptenas
3545 1499 3557 1517 .
3587 1467 3645 1512 et

2053 1540 2104 1595 in
2137 1543 2385 1610 perniciei
2419 1543 2732 1598 barathrum
2772 1546 2992 1600 maritos
3021 1561 3147 1600 suos
3173 1547 3481 1617 conjiciunt.
3532 1548 3637 1603 Alii

2053 1647 2240 1687 rursus
2270 1649 2333 1688 ex
2362 1632 2549 1703 jejunii
2579 1644 2848 1706 praecepto
2876 1637 3203 1692 abstinentes
3242 1653 3272 1691 a
3315 1639 3468 1703 cibis,
3513 1655 3643 1708 pau—

2026 1723 2200 1780 latim
2231 1724 2297 1780 ad
2325 1727 2776 1783 abominationem
2809 1729 3049 1785 ciborum
3084 1730 3449 1795 devenerunt;
3501 1731 3643 1801 quod

2054 1816 2227 1886 ipsum
2261 1831 2512 1886 magnum
2540 1816 2695 1873 affert
2721 1819 3057 1891 supplicium.
3103 1820 3227 1875 lltee
3267 1836 3430 1893 porro
3471 1820 3651 1888 ﬁunt,

2052 1906 2270 1978 quando
2309 1907 2684 1978 prtcjttdicatas
2714 1925 2838 1964 snas
2866 1912 3148 1979 opiniones
3177 1922 3368 1981 prtetcr
3400 1911 3643 1980 Scriptu-

2054 2012 2233 2052 rarutn
2263 2008 2494 2053 utentem
2525 2000 2858 2055 conﬁrmant.
2887 2002 3148 2056 Putarunt
3174 2002 3319 2072 apud
3339 2005 3646 2059 Corinthios

2056 2087 2220 2158 aliqui
2248 2088 2755 2159 perfectionisesse,
2780 2092 3144 2148 inditl'erenter
3168 2095 3348 2149 omnia
3388 2106 3602 2165 gustare
3626 2136 3649 2161 ,

2054 2178 2322 2250 etiamque
2349 2180 2612 2251 prohibita
2636 2180 2796 2256 (Ibid.
2822 2198 2870 2237 υ.
2904 2183 2983 2255 8);
3005 2192 3062 2239 at
3091 2184 3193 2239 hoc
3221 2199 3329 2239 non
3358 2185 3645 2255 perfectio-

2057 2271 2175 2336 nis,
2206 2270 2302 2327 sed
2330 2282 2586 2329 extrema:
2611 2274 2904 2344 iniquitatis
2932 2287 3049 2330 erat
3084 2294 3099 2328 :
3143 2276 3264 2333 ideo
3304 2277 3653 2335 vehementee

2058 2362 2178 2418 illos
2226 2361 2424 2419 Paulus
2461 2364 2722 2434 increpat,
2767 2374 3111 2437 extremoque
3152 2367 3344 2438 dignos
3386 2368 3647 2440 supplicio

2057 2452 2248 2508 dicit'.
2297 2453 2400 2510 Alii
2440 2470 2656 2510 rursum
2694 2454 2763 2510 ad
2810 2456 3062 2526 pietatem
3104 2459 3375 2527 pertinere
3408 2468 3645 2529 putant,

2056 2560 2264 2600 comam
2303 2546 2493 2618 capitis
2520 2547 2791 2604 excolere.
2837 2547 2973 2605 Illud
3009 2565 3173 2621 porro
3212 2552 3535 2621 prohibitum
3564 2562 3655 2608 est

2057 2651 2122 2690 ac
2146 2636 2299 2691 multi
2326 2637 2628 2693 dedecoris.
2652 2639 2757 2694 Alii
2780 2640 2973 2694 iterum
3000 2640 3150 2696 lucro
3172 2642 3275 2697 sibi
3300 2640 3416 2697 fore
3438 2651 3645 2711 putant,

2056 2726 2103 2781 si
2134 2725 2201 2781 de
2228 2729 2456 2796 peccatis
2483 2729 2594 2782 suis
2624 2728 2972 2785 immoderate
3010 2729 3257 2797 doleant;
3288 2729 3383 2787 sed
3425 2731 3551 2787 illud
3579 2733 3660 2787 ad.

2058 2814 2333 2872 Val'rietem
2357 2819 2583 2886 pertth
2603 2817 2936 2882 diabolicam,
2962 2829 3017 2874 ut
3036 2820 3326 2875 declaravit
3349 2820 3658 2890 Judas,,qui-

2060 2907 2180 2962 ideo
2200 2922 2259 2962 se
2280 2907 2470 2976 laqueo
2481 2906 2778 2978 suspendit.
2802 2906 3003 2964 Idcirco
3019 2911 3213 2964 Paulus
3235 2911 3473 2974 timebat,
3491 2925 3557 2965 ne
3578 2910 3658 2976 is,

2060 2998 2150 3068 qui
2177 2998 2462 3053 fornicatus
2486 3009 2619 3063 erat,
2648 2999 2772 3069 quid
2792 2997 2968 3054 simile
2989 3010 3277 3070 pateretur,
3302 3002 3653 3073 hortaturque

2059 3090 2365 3145 Corinthios
2396 3100 2452 3145 ut
2478 3091 2636 3145 citius
2676 3091 2823 3145 illum
2862 3090 2984 3146 inde
3012 3092 3326 3159 extraltant‘,
3373 3094 3456 3146 Ne
3491 3095 3648 3148 nimia

2061 3183 2264 3238 tristitia
2291 3182 2616 3237 absorbeatur
2644 3183 2937 3250 Imjusmodi
2967 3182 3057 3256 (2.
3089 3181 3205 3239 Cor.
3237 3182 3292 3237 2.
3325 3185 3403 3253 ’7).
3445 3185 3646 3240 Deinde

2061 3275 2351 3330 ostendens
2380 3275 2430 3330 id
2462 3292 2528 3329 ex
2555 3275 2672 3346 ejus
2700 3275 2906 3328 insidiis
2937 3276 3245 3344 provenire,
3276 3277 3352 3331 ait
3391 3294 3404 3329 :
3437 3274 3506 3331 Ut
3545 3293 3650 3329 non

2062 3368 2510 3422 circumveniantur
2537 3384 2568 3419 α
2597 3377 2776 3420 satana
2818 3382 2838 3420 :
2877 3382 2977 3420 non
3015 3367 3148 3420 enim
3186 3368 3296 3438 ejus
3323 3369 3659 3439 cogitationes,

2061 3460 2353 3530 ignoramus
2380 3456 2539 3531 (Ibid.
2584 3474 2627 3510 ιν.
2662 3454 2802 3528 11),
2833 3455 2973 3526 quod
3015 3471 3136 3511 cum
3167 3457 3333 3510 multo
3358 3457 3483 3513 dolo
3510 3472 3645 3510 con-

2061 3549 2354 3621 gredietur,
2387 3550 2575 3620 inquit.
2607 3550 2738 3604 Nam
2777 3550 2821 3603 si
2868 3548 3037 3618 palam
3077 3550 3442 3619 impugnaret,
3480 3549 3648 3604 facilis

2061 3651 2203 3697 esset
2230 3641 2449 3695 victoria
2474 3655 2488 3704 ;
2538 3640 2643 3694 into
2668 3640 2828 3694 etiam
2859 3654 3031 3701 nunc,
3062 3639 3105 3693 si
3134 3639 3412 3709 vigilemus
3433 3680 3451 3702 ,
3478 3639 3647 3694 facilis

2062 3735 2182 3789 erit.
2206 3733 2337 3789 Nam
2363 3732 2428 3787 ad
2457 3733 2690 3803 singulas
2711 3732 2871 3787 hasce
2893 3733 3004 3787 vias
3026 3733 3252 3787 armavit
3272 3746 3369 3787 nos
3396 3734 3550 3788 Deus.
3580 3731 3653 3787 Ut

2063 3825 2284 3881 suadeat
2307 3826 2450 3880 enim
2481 3841 2549 3880 ne
2576 3840 2734 3895 parva
2747 3834 3189 3890 contemnamus,
3218 3823 3340 3879 audi
3375 3824 3645 3894 quomodo

2064 3914 2306 3970 hortetur
2346 3932 2360 3969 :
2406 3914 2508 3981 Qui
2533 3914 2715 3967 dixerit
2748 3914 2897 3983 fratri
2923 3930 3034 3979 suo,
3065 3918 3237 3986 fatue,
3274 3930 3388 3968 reus
3421 3916 3514 3967 erit
3553 3929 3635 3983 ge-

2065 4006 2244 4061 hennw
2267 4006 2399 4077 ignis
2426 4006 2443 4073 (
2466 4003 2652 4059 Matth.
2682 4006 2736 4061 5.
2774 4005 2917 4075 22);
2948 4017 2995 4060 et
3020 4047 3035 4065 ,
3079 4006 3181 4071 Qui
3224 4006 3433 4061 lascivis
3475 4007 3653 4061 oculis.

2064 4097 2270 4166 aspicit,
2301 4096 2541 4151 tntechus
2569 4105 2653 4152 est
2680 4097 2965 4167 perfectus.
2996 4097 3251 4153 Bidentes
3292 4114 3502 4168 quoque
3542 4098 3640 4150 mi-

2064 4201 2216 4245 seros
2241 4187 2533 4257 praedicat;
2563 4197 2618 4245 et
2645 4189 2842 4259 ubique
2871 4191 3125 4259 principia
3152 4199 3204 4245 et
3241 4191 3441 4245 semina
3472 4191 3647 4244 maloa

2063 4290 2184 4330 rum
2209 4277 2417 4345 evellit,
2453 4293 2519 4333 ac
2557 4277 2626 4334 de
2653 4284 2826 4334 otioso
2852 4280 3020 4350 verbo
3061 4281 3135 4334 ait
3172 4280 3493 4337 reddendam
3523 4295 3641 4334 esse

2065 4370 2346 4426 rationem.
2375 4370 2605 4442 Ideoque
2633 4380 2689 4426 et
2715 4371 2819 4427 Job
2845 4387 2951 4428 non
2976 4381 3092 4428 acta
3125 4375 3301 4437 modo,
3333 4373 3427 4429 sed
3453 4382 3506 4427 et
3544 4387 3640 4430 (ιο-ι

2063 4463 2347 4533 gitationes
2372 4464 2598 4518 ﬁliorum
2630 4464 2886 4534 purgabat
2913 4464 3053 4536 (Job.
3086 4466 3138 4519 1.
3165 4464 3258 4535 5).
3294 4466 3367 4519 De
3389 4465 3639 4534 despera-

2066 4554 2212 4610 tione
2239 4565 2417 4610 autem
2446 4557 2521 4610 ait
2551 4572 2565 4609 :
2592 4555 2671 4609 An
2699 4556 2785 4626 qui
2810 4557 3016 4621 cecidit,
3044 4573 3147 4612 non
3169 4558 3433 4629 resurget?
3456 4574 3524 4611 an
3560 4557 3644 4627 qui

2065 4645 2243 4698 avertit
2261 4687 2276 4711 ,
2305 4662 2405 4700 non
2432 4647 2736 4700 convertitur
2765 4645 2912 4716 (Jer.
2941 4648 2996 4702 8.
3022 4646 3131 4720 4)?
3158 4648 3224 4703 Et
3249 4662 3433 4703 rursus
3463 4663 3477 4701 :
3507 4646 3645 4703 Nolo

2067 4747 2278 4790 mortem
2302 4737 2574 4805 peccatoris
2594 4779 2607 4801 ,
2638 4737 2727 4792 sed
2768 4747 2818 4791 ut
2856 4748 3171 4795 convertatur
3195 4749 3241 4793 et
3267 4739 3398 4793 vivat
3428 4737 3643 4809 (Emit.

2068 4829 2156 4884 18.
2329 4829 2413 4894 Et,
2444 4827 2611 4882 Hodie
2633 4830 2678 4883 si
2704 4845 2871 4883 vocem
2905 4830 3016 4900 ejus
3044 4829 3304 4884 audieritis
3350 4829 3524 4898 (Psui.
3550 4830 3642 4889 94.

2067 4920 2143 4987 8).
2165 4918 2240 4988 (α)
2256 4917 2347 4990 [Et
2375 4917 2877 4983 rursum,Gaudium
2903 4929 2976 4974 est
2999 4919 3053 4973 in
3080 4920 3219 4975 caelis
3239 4937 3503 4988 superuno
3530 4935 3649 4990 pec-

2065 5020 2234 5061 catore
2258 5009 2596 5079 penitentiam
2624 5021 2803 5081 agente
2823 5009 2970 5083 (Luc.
2997 5011 3087 5067 15.
3109 5010 3222 5084 7).]
3247 5010 3405 5066 Multa
3435 5026 3655 5082 quoque.

2066 5098 2172 5153 alia
2198 5100 2360 5154 verba
2387 5110 2442 5154 et
2466 5103 2708 5169 exempla
2740 5104 2793 5155 in
2821 5102 3096 5171 Scriptura
3132 5101 3415 5157 habentur.
3445 5102 3525 5156 Ne
3548 5116 3640 5155 au-

2069 5197 2176 5244 tem
2198 5189 2408 5258 pietatis
2431 5191 2608 5260 specie
2627 5206 2926 5260 pereamus,
2949 5193 3072 5247 audi
3096 5194 3316 5247 Paulum
3339 5194 3643 5249 dicentem:

2069 5279 2154 5335 Ne
2174 5281 2529 5337 abundantiori
2555 5282 2755 5338 tristitia
2771 5283 3095 5341 absorbeatur
3112 5283 3320 5357 (2.6M.
3344 5285 3398 5339 Ξ.
3419 5286 3497 5356 7).
3522 5286 3648 5342 Hac

2132 5390 2152 5423 ι
2186 5389 2303 5451 Alii,
2325 5404 2490 5442 amore
2508 5391 2715 5452 pietatis.

2127 5453 2152 5520 Ρ
2174 5452 2408 5523 μημιξτει
2432 5453 2761 5523 Ῑθείὲυτνίᾴερ
2782 5455 2961 5510 Paulus
2975 5456 3083 5509 tuos
3107 5466 3325 5510 extremo
3345 5456 3517 5523 dignos
3536 5470 3656 5521 sup.-

2068 5511 2213 5578 pticio
2228 5512 2362 5574 dicit,
2383 5511 2580 5564 caeteris
2599 5511 2810 5567 omissis.

2133 5583 2207 5643 (α)
2236 5593 2350 5638 uua:
2373 5579 2568 5630 uncinis
2587 5578 2876 5633 clauduntur
2904 5585 3083 5637 desunt
3108 5585 3162 5634 in
3185 5581 3346 5635 alorci.
