4058 6144
287 305 391 361 169

284 435 414 492 ergo
440 431 560 474 cum
589 415 840 479 sciamus,
874 410 1122 465 onniihus
1162 410 1296 474 viis,
1343 419 1460 475 quas
1493 403 1706 457 desides
1743 415 1870 469 pos-

285 521 412 570 sunt
447 510 784 568 subvertere,
824 503 1217 572 Scripturarum
1258 497 1592 568 prudentiam
1631 507 1868 563 appona-

287 603 636 671 mus.~Neque
663 601 808 653 dit-as
843 615 855 649 :
888 596 1024 665 Quid
1055 597 1098 648 si
1137 593 1425 647 formosam
1465 586 1740 642 mulierem
1771 601 1868 637 cu-

285 701 427 755 riose
454 694 750 764 aspexero?
789 691 919 746 Nam
961 691 1004 742 si
1047 704 1098 742 In
1139 685 1301 740 corde
1339 681 1636 737 moechatus
1673 679 1867 741 fueris,

283 793 391 847 cito
428 790 602 858 reipsa
632 785 886 841 mmchari
917 780 1159 836 audebis.
1203 776 1280 832 Ne
1308 775 1487 837 dicas,
1531 771 1666 839 Quid
1705 780 1786 825 est
1825 770 1870 822 si

285 896 573 954 pauperem
607 878 747 932 hunc
775 871 1126 945 printer-eam?
1150 869 1204 924 Si
1237 867 1376 920 hunc
1404 873 1708 934 praetereas,
1739 860 1873 914 alte-

285 951 407 1031 rum
428 983 483 1029 et
513 981 634 1042 post
663 970 803 1024 hunc
830 967 992 1022 alium
1022 961 1338 1034 praeteribis.
1373 957 1480 1012 Nec
1510 967 1694 1010 rursus
1717 951 1870 1006 dixe-

196 1105 203 1113 ι
284 1069 362 1123 ris
399 1084 414 1122 :
448 1065 586 1135 Quid
625 1064 670 1118 si
711 1064 846 1118 bona
889 1057 1118 1130 proximi
1147 1048 1553 1121 concupiscam?
1580 1047 1691 1102 Hoc
1729 1044 1872 1099 enim

285 1159 594 1215 Achaabum
638 1154 898 1225 perdidit,
923 1150 1146 1211 ,etiamsi
1189 1147 1416 1218 pretium
1455 1140 1708 1202 solverit,
1751 1136 1873 1205 quia

285 1252 492 1306 scilicet
515 1265 544 1302 a
577 1248 790 1301 nolente
810 1242 1041 1312 abripuit
1064 1241 1154 1309 ('5.
1183 1239 1312 1307 Iteg.
1334 1235 1450 1303 21).
1483 1231 1706 1298 Emptor
1729 1225 1871 1282 enim

291 1351 3202 1402 ____________________..____———___________

1131 294 1197 350 IN
1237 287 1647 349 ΜΑΤΤΙΙιΕυΜ
1687 285 1914 342 IIOMIL.
1957 287 2265 348 LXXXVII.
2303 295 2372 348 al.
2419 295 2728 354 LXXXVIII

3463 296 3567 352 770

1979 417 2085 505 non
2115 418 2342 473 cogere,
2393 409 2488 462 sed
2537 409 2860 479 persuadere
2902 408 3080 464 debet.
3128 408 3184 465 Si
3224 425 3350 464 vero
3393 412 3438 464 is
3476 411 3568 482 qui

1969 500 2172 558 justum
2207 503 2431 564 pretium
2461 501 2778 567 numeravit,
2809 500 2878 554 ita
2907 500 3190 554 damnatus
3213 510 3291 554 est
3312 540 3327 566 ,
3354 504 3476 570 quia
3499 519 3564 559 ex

1983 583 2196 639 nolente
2226 588 2432 656 accepit
2459 606 2472 642 :
2503 590 2592 658 qui
2621 607 2726 645 non
2756 590 2916 645 modo
2938 590 3040 646 hoc
3065 592 3189 656 agit,
3224 592 3316 648 sed
3346 601 3448 647 cta
3473 608 3569 647 uo-

1980 672 2122 729 lente
2148 676 2373 745 abripit,
2407 689 2460 732 et
2490 680 2664 736 hocin
2687 683 2802 754 lege
2826 684 3029 752 gratiae,
3053 699 3159 754 quo
3185 700 3290 737 non
3318 687 3420 739 erit
3441 701 3571 754 sup-

1981 766 2138 834 plicio
2167 766 2395 835 dignus?
2422 770 2498 824 Ne
2529 771 2706 842 itaque
2737 775 3039 842 puniamur,
3071 791 3099 828 a
3133 777 3183 828 vi
3222 777 3365 830 omni
3392 787 3446 832 et
3478 795 3568 832 ra-

1984 856 2104 924 pina
2135 872 2233 911 nos
2259 874 2419 928 puros
2457 873 2756 930 servantes,
2788 875 2842 918 et
2871 880 2976 920 non
3010 877 3220 935 peccata
3251 868 3443 931 modo,
3473 869 3566 923 sed

1983 947 2142 1002 etiam
2177 950 2430 1022 principia
2466 965 2803 1022 peccatorum
2832 965 3112 1023 caventes,
3146 957 3428 1026 diligenter
3457 960 3564 1012 vir-

1985 1046 2150 1094 tutem
2179 1042 2564 1110 amplectamur
2588 1063 2600 1096 :
2626 1046 2704 1100 sic
2729 1046 2871 1100 enim
2900 1048 3116 1101 aeternis
3137 1049 3370 1102 fruemur
3391 1049 3565 1112 bduis.

1983 1129 2153 1199 gratia
2193 1140 2247 1184 et
2289 1131 2610 1203 benignitate
2639 1135 2848 1190 Domini
2878 1136 3043 1190 nostri
3071 1136 3196 1192 Jesu
3220 1137 3449 1205 Christi,
3481 1138 3568 1194 cui

1987 1221 2153 1289 gloria
2182 1221 2233 1276 in
2265 1227 2457 1279 sarcula
2483 1228 2820 1282 saeculorum.
2852 1231 3044 1282 Amen.

3205 1356 3553 1370 u—“g

1302 1437 1651 1504 HOMILIA
1693 1429 2078 1504 LXXXVII,
2126 1433 2210 1493 al.
2259 1433 2672 1498 LXXXVIII.

289 1561 416 1617 Cn.
465 1561 556 1616 27.
608 1578 659 1614 v.
717 1561 806 1615 27.
855 1558 999 1612 Tunc
1050 1555 1230 1609 milites
1289 1549 1522 1622 praesidia
1574 1543 1876 1612 accipientes

363 1653 534 1707 Iesum
555 1655 606 1704 in
633 1651 887 1718 praetorio,
919 1653 1344 1718 congregaverant
1361 1641 1428 1693 ad
1453 1655 1566 1694 eum
1593 1639 1875 1688 universum

363 1749 649 1805 cohortem;
687 1742 778 1796 28.
828 1751 877 1794 et
920 1749 1152 1794 exuentes
1177 1754 1314 1801 eum,
1340 1732 1654 1803 chlamydem
1707 1729 1870 1781 cocci-

363 1852 508 1888 neum
534 1833 964 1887 circumdederunt
991 1831 1036 1883 ei
1051 1869 1066 1894 ,
1094 1828 1186 1884 29.
1243 1837 1288 1880 et
1331 1825 1597 1894 plectentes
1635 1835 1873 1874 coronam

364 1925 427 1978 de
469 1925 646 1992 spinis,
693 1930 965 1992 posuerunt
990 1935 1141 1987 super
1171 1927 1322 1985 caput
1343 1916 1469 1984 ejus,
1499 1924 1544 1968 et
1575 1912 1873 1964 arundinem

362 2017 417 2069 in
443 2017 647 2068 dextera
673 2015 798 2082 ejus.
833 2011 896 2066 Et
921 2026 1086 2082 genua
1110 2010 1362 2080 ﬂectentes
1382 2021 1550 2058 coram
1572 2020 1628 2056 eo
1645 2044 1659 2068 ,
1685 2002 1870 2055 illude-

365 2109 480 2162 bant
498 2108 544 2159 ei
568 2107 806 2170 dicentes,
838 2105 960 2170 Ave,
983 2116 1074 2156 rea:
1097 2098 1414 2154 Judworum.

365 2246 416 2299 I.
445 2243 574 2310 Quot
597 2251 641 2297 et
661 2250 850 2308 quanta
874 2241 926 2293 in
965 2237 1199 2308 passione
1225 2252 1316 2289 sua
1339 2231 1594 2304 pertulerit
1621 2229 1868 2284 Christus.

295 2334 362 2390 In
389 2335 589 2402 publica
617 2343 662 2386 et
689 2333 882 2402 privata
907 2330 1152 2400 passionis
1177 2327 1385 2381 lectione
1403 2339 1633 2395 quamam
1658 2320 1868 2375 utilitas.

294 2428 730 2482 Consummatqu
784 2435 862 2477 est
887 2464 903 2489 ,
949 2420 1070 2492 quid
1118 2418 1386 2489 signiﬁcet.
1415 2445 1484 2455 —
1511 2413 1672 2482 Quasi
1713 2419 1871 2482 pacto

300 2535 424 2574 cum
453 2519 700 2574 omnibus
727 2518 743 2546 ¹
768 2516 901 2569 inito
945 2511 1189 2567 diabolus
1233 2519 1358 2562 tunc
1408 2507 1633 2560 choreas
1659 2503 1868 2573 agebat.

301 2614 425 2668 Esto
447 2612 588 2666 enim
611 2607 825 2663 Judaxos
853 2605 1049 2659 invidia
1095 2611 1150 2656 et
1175 2602 1340 2656 livore
1385 2598 1715 2652 tabescentes
1746 2603 1872 2647 tunc

296 2705 551 2760 adversus
601 2717 720 2756 eum
776 2697 1134 2754 debacchatos
1184 2694 1516 2747 fuissczcur
1562 2696 1618 2744 et
1651 2702 1754 2757 qua
1804 2683 1872 2739 de

296 2811 453 2853 causa
479 2795 637 2851 etiam
667 2791 901 2848 milites?
927 2792 1117 2844 Annon
1140 2785 1280 2849 ideo,
1311 2795 1368 2837 ut
1397 2792 1559 2852 patet,
1582 2780 1722 2852 quod
1759 2777 1874 2832 dia-

294 2889 450 2944 bolus
476 2896 599 2940 tunc
625 2883 762 2952 apud
799 2895 985 2935 omnes
1011 2873 1478 2934 debaccharetur?
1507 2872 1638 2926 Nam
1682 2877 1871 2924 contuo

298 2979 469 3032 melius
499 2977 596 3045 ipsi
651 2976 813 3028 illata:
867 2971 1121 3041 voluptati
1179 2969 1280 3023 sibi
1329 2977 1500 3028 erant.
1551 2962 1794 3018 crudeles
1821 2971 1875 3017 et

299 3070 570 3127 inhumani
597 3083 716 3123 cum
745 3074 924 3122 essent
963 3081 978 3116 :
1031 3078 1154 3118 eum
1199 3063 1340 3117 enim
1385 3061 1709 3128 oportuisset
1757 3055 1874 3110 illos

299 3164 589 3234 reprimere
637 3176 716 3227 se,
772 3169 826 3215 et
879 3157 1182 3229 laerymari,
1237 3153 1378 3224 quod
1427 3152 1586 3206 etiam
1618 3151 1685 3205 de
1724 3149 1875 3218 plebe

299 3255 514 3317 dixeris,
560 3253 662 3307 hoc
699 3267 802 3306 non
855 3249 1126 3313 fecerunt;
1168 3247 1276 3301 imo
1309 3243 1643 3300 contumeliis
1667 3240 1873 3295 afficie-

299 3349 442 3411 bant,
473 3345 811 3408 insultabaut,
840 3354 896 3396 ut
917 3341 1144 3396 fortasse
1172 3338 1306 3408 grati
1333 3335 1532 3391 Judazis
1558 3341 1756 3394 essent,
1789 3331 1875 3386 vel

297 3442 456 3496 etiam
484 3439 660 3507 pravis
689 3437 800 3491 suis
829 3443 1037 3489 utentes
1066 3431 1302 3486 moribus
1336 3446 1348 3480 :
1377 3424 1714 3482 contumeliae
1750 3435 1876 3477 vero

298 3533 492 3588 diversi
519 3529 733 3600 generis
761 3536 931 3583 erant.
960 3525 1090 3579 Nam
1118 3523 1354 3578 divinum
1387 3518 1512 3572 illud
1541 3525 1698 3586 caput
1719 3513 1877 3567 modo
1927 3557 1935 3568 .

299 3623 538 3693 colaphis
557 3620 855 3679 cardcbant,
874 3616 1034 3672 modo
1049 3615 1232 3683 spinea
1253 3626 1448 3667 corona
1465 3605 1874 3668 dedecorabant,

299 3714 460 3769 modo
517 3712 723 3767 calamo
769 3707 1166 3778 percutiebant,
1225 3703 1324 3757 viri
1372 3701 1581 3756 sceleSti
1639 3708 1693 3752 et
1721 3711 1902 3751 esse»

304 3803 512 3860 crandi.
545 3801 673 3870 Quae
702 3799 856 3855 nobis
877 3809 1057 3867 postea
1076 3796 1176 3849 erit
1194 3791 1484 3854 excusatio,
1515 3805 1633 3843 cum
1660 3803 1722 3842 ex
1745 3800 1876 3840 con-

302 3896 531 3951 tumeliis
561 3893 625 3947 ad
653 3891 786 3946 iram
813 3887 1161 3949 concitantur,
1204 3893 1481 3953 postquam
1509 3880 1609 3932 hoc
1634 3876 1879 3930 Christus

305 4003 490 4058 passus
519 3985 637 4039 est?
662 3984 943 4038 Extremus
969 3989 1116 4035 certe
1140 3974 1581 4032 contumeliarmu
1621 3969 1880 4024 terminus

302 4087 438 4143 erat,
469 4078 519 4132 id
544 4075 686 4146 quod
718 4086 841 4127 tunc
881 4071 1060 4127 ﬁebat.
1103 4069 1285 4137 Neque
1310 4067 1451 4120 enim
1490 4077 1614 4132 pars
1655 4070 1878 4126 tantum,

305 4170 400 4224 sed
431 4178 596 4222 totum
618 4179 812 4235 corpus
827 4161 1162 4219 contumeliis
1200 4157 1746 4222 afliciebatur;caput
1788 4166 1882 4220 per

305 4275 558 4316 coronam
588 4267 641 4313 et
666 4257 949 4318 calamum,
984 4251 1148 4306 facies
1173 4248 1412 4317 colaphis
1435 4255 1491 4301 et
1515 4245 1704 4314 sputis,
1732 4257 1882 4312 genae

305 4352 492 4422 alapis,
516 4353 709 4419 coi’pus
735 4358 900 4402 totum
931 4343 1167 4414 ﬂagellis,
1193 4340 1433 4394 nuditate
1457 4339 1502 4401 ',
1521 4334 1718 4390 amictu
1744 4333 1884 4387 chla-

307 4443 498 4515 mydis,
531 4450 585 4496 et
613 4439 853 4494 simulata
890 4434 1232 4496 adoratione,
1282 4443 1470 4484 manus
1518 4427 1743 4489 calamo,
1793 4423 1882 4492 qui

307 4550 407 4605 pro
430 4543 641 4600 sceptro
663 4531 816 4584 datus
841 4535 925 4583 est
943 4543 958 4590 ;
976 4542 1035 4579 os
1063 4539 1271 4579 rursum
1296 4538 1389 4592 per
1405 4520 1635 4574 oblatum
1650 4524 1879 4570 acetmn.

307 4625 444 4692 Quid
467 4623 548 4676 his
575 4617 823 4691 gravius?
852 4617 976 4687 quid
1017 4611 1492 4669 contumeliosius?
1521 4609 1642 4662 Πλιεο
1670 4621 1883 4660 omnem

307 4714 573 4770 excedunt
596 4709 914 4766 orationem.
945 4707 1022 4761 Ac
1051 4705 1095 4759 si
1118 4703 1259 4758 enim
1283 4703 1549 4764 timerent,
1581 4712 1649 4751 ne
1675 4694 1801 4765 quid
1835 4696 1884 4748 in

308 4816 458 4861 tanto
488 4803 721 4857 facinore
769 4800 1015 4863 deesset,
1066 4793 1354 4864 prophetas
1393 4789 1604 4859 quidem
1646 4785 1888 4840 manibus

307 4899 420 4952 suis
467 4893 881 4953 iuterliciebant,
927 4890 1068 4942 hunc
1119 4901 1185 4940 ex
1231 4882 1422 4952 judicis
1468 4879 1750 4936 sententia.
1799 4877 1890 4931 Sic

309 4991 489 5042 omnia
519 4983 869 5046 faciunt,suis
912 4977 1164 5035 occidunt
1214 4974 1477 5036 manibus,
1531 4971 1783 5025 damnant
1836 4976 1890 5022 et

309 5078 628 5134 sententiam
684 5075 884 5137 ferunt,
936 5072 1094 5126 etiam
1147 5067 1286 5136 apud
1341 5066 1564 5118 Pilatum
1615 5061 1886 5125 dicentes,

311 5169 535 5239 Sanguis
559 5169 666 5239 ejus
706 5178 857 5232 super
886 5178 974 5214 nos
1013 5169 1057 5213 et
1105 5174 1255 5219 super
1283 5155 1416 5223 ﬁlios
1458 5163 1675 5206 nostros.
1717 5150 1890 5205 Insul-

313 5270 446 5323 tant,
484 5257 836 5313 contumelias
863 5253 1116 5314 inferunt,
1136 5248 1399 5311 vinciunt,
1430 5244 1716 5304 abducunt,
1749 5241 1891 5296 mili-

311 5353 454 5407 tibus
478 5346 920 5403 contumeliarum
959 5351 1204 5396 anctores
1254 5346 1396 5404 sunt,
1450 5335 1594 5390 cruci
1646 5333 1889 5404 affigunt,

311 5441 706 5502 conviciantur,
742 5441 1063 5504 conspuunt,
1109 5430 1370 5485 derident.
1411 5426 1549 5481 Nihil
1581 5425 1667 5480 hic
1695 5425 1895 5479 Pilatus

315 5532 513 5592 intulit.
542 5529 634 5584 sed
663 5526 840 5580 omnia
891 5524 966 5578 illi
999 5523 1256 5586 fecerunt,
1281 5529 1640 5584 accusatores,
1661 5516 1890 5588 judices,

379 5646 398 5679 ³
433 5641 597 5693 Morel.
624 5654 720 5688 non
743 5637 911 5695 habet,
938 5648 1045 5685 cum
1067 5632 1293 5695 omnibus.

377 5709 398 5738 ²
431 5705 558 5760 Vox.
591 5700 825 5760 nuditate,
846 5693 1060 5760 deestin
1087 5693 1244 5743 Morel.
1274 5694 1419 5757 infra,
1442 5694 1568 5755 haec,
1591 5693 1706 5756 quid
1731 5699 1895 5745 contu-

315 5765 579 5822 meliosius,
602 5767 652 5813 in
677 5759 852 5813 eodem
871 5759 1208 5810 desiderantur
1220 5788 1233 5804 .

1985 1536 2276 1600 carnifices,
2309 1540 2506 1592 nullam
2537 1557 2640 1594 non
2683 1551 2904 1611 agentes
2928 1555 3232 1610 personam.
3272 1541 3397 1596 Ilzcc
3426 1542 3564 1612 apud

1984 1640 2082 1680 nos
2130 1626 2396 1698 leguntur,
2428 1647 2546 1684 cum
2583 1645 2768 1685 omnes
2792 1647 2892 1684 una
2927 1632 3270 1686 conveniunt.
3321 1631 3451 1685 Nam
3499 1649 3565 1687 ne

1981 1718 2206 1785 gentiles
2231 1719 2429 1787 dicant,
2461 1721 2615 1774 Clara
2644 1729 2696 1774 et
2725 1721 2998 1790 splendida
3029 1722 3236 1790 populis
3279 1722 3564 1786 exbibetis,

1981 1819 2039 1863 ut
2065 1809 2208 1879 signa
2238 1818 2291 1864 et
2319 1813 2592 1877 miracula,
2641 1811 2754 1865 haec
2785 1827 2912 1865 vero
2944 1813 3198 1881 probrosa
3238 1814 3519 1867 occultatis
3547 1830 3561 1866 :

1981 1901 2033 1955 id
2082 1901 2406 1972 diSpensavit
2468 1905 2636 1974 gratia
2700 1904 2961 1973 Spiritus,
3016 1913 3070 1958 ut
3120 1905 3170 1958 in
3226 1907 3563 1962 solemnitate

1981 1993 2229 2058 maxima,
2262 2009 2380 2047 cum
2411 1995 2507 2046 viri
2546 1994 2899 2063 mulieresque
2955 2009 3146 2064 n'iagno
3200 2011 3422 2050 numero
3465 1997 3564 2050 ad-

1979 2095 2121 2147 sunt,
2146 2101 2436 2154 omnesque
2465 2087 2684 2139 omnino
2718 2087 2770 2138 in
2803 2100 2990 2155 magna
3019 2086 3292 2140 Paschalis
3315 2102 3562 2158 vespera,

1981 2185 2104 2230 tunc
2131 2177 2245 2230 ha-c
2269 2178 2445 2229 omnia
2486 2177 2730 2246 legantur
2754 2193 2769 2230 :
2800 2176 3045 2229 omnibus
3075 2175 3270 2246 ubique
3299 2185 3562 2231 terrarum

1981 2267 2350 2336 praesentibus,
2381 2267 2494 2322 haec
2538 2283 2728 2337 magna
2763 2283 2896 2324 voce
2927 2267 3285 2337 prmdicentur
3315 2286 3327 2320 :
3371 2269 3564 2338 quibus

1977 2356 2128 2411 lectis
2157 2366 2210 2412 et
2237 2358 2482 2427 cognitis,
2513 2357 2753 2413 Christus
2778 2359 3015 2413 creditur
3043 2373 3162 2412 esse.
3186 2359 3345 2425 Deus,
3370 2370 3426 2415 et
3453 2370 3562 2414 tum

1977 2458 2195 2517 propter
2222 2448 2346 2511 alia,
2376 2458 2489 2503 tum
2522 2458 2736 2519 propter
2764 2449 2876 2503 haec
2903 2450 3064 2504 etiam
3103 2451 3377 2517 adoratur,
3421 2453 3563 2521 quod

1978 2552 2076 2608 pro
2101 2539 2256 2593 nobis
2292 2553 2358 2593 eo
2386 2555 2553 2609 usque
2581 2540 2908 2594 descendere
2939 2541 3182 2607 dignatus
3227 2539 3315 2604 sit,
3371 2541 3566 2611 illaque

1979 2629 2111 2697 pati,
2141 2638 2198 2683 ut
2227 2644 2324 2683 nos
2353 2631 2403 2683 in
2448 2631 2591 2684 omni
2623 2631 2831 2683 virtutis
2859 2645 3056 2700 genere
3097 2631 3414 2685 insumeret.
3441 2631 3566 2685 Haec

1978 2719 2154 2789 itaque
2171 2735 2382 2788 semper
2411 2721 2648 2790 legamus
2679 2737 2693 2774 :
2727 2737 2847 2775 nam
2877 2722 3096 2775 multaut
3148 2722 3272 2776 hinc
3317 2724 3562 2787 lucrum,

1981 2812 2207 2866 maxima
2236 2814 2454 2865 utilitas.
2487 2812 2620 2866 Cum
2648 2814 2789 2867 enim
2814 2812 3007 2867 videris
3032 2813 3178 2866 illum
3218 2821 3272 2868 et
3305 2814 3464 2868 rebus
3511 2823 3566 2868 et

1977 2907 2153 2962 verbis
2182 2907 2476 2972 adoratum,
2507 2909 2714 2963 irrisum
2753 2919 2807 2964 et
2840 2910 3074 2976 illnsmn,
3123 2921 3316 2966 tortum
3359 2920 3413 2964 et
3457 2927 3558 2966 ex-

1981 3006 2144 3052 trema
2174 3000 2478 3066 patientem,
2509 3000 2717 3054 etiamsi
2763 3000 2896 3069 lapis
2947 3003 3128 3067 fueris,
3177 3017 3298 3057 cera
3351 3003 3560 3056 mollior

1981 3088 2188 3151 evades,
2223 3105 2544 3159 omnemque
2573 3091 2733 3143 animi
2765 3103 3024 3144 tumorem
3057 3092 3260 3159 ejicics.
3294 3093 3427 3146 Audi
3459 3093 3560 3160 igi-

1982 3189 2068 3233 tur
2109 3195 2168 3234 ea
2217 3197 2333 3249 qua:
2378 3192 2690 3250 sequuntur.
2726 3181 3007 3251 Postquam
3040 3182 3316 3236 illuserunt
3366 3183 3436 3245 ei,
3469 3184 3558 3237 51.

1983 3268 2246 3322 Duxerunt
2269 3285 2380 3324 eum
2410 3271 2462 3322 in
2512 3287 2730 3333 crucem,
2764 3280 2817 3324 et
2841 3270 3092 3325 demulati
3137 3283 3311 3325 vestes
3338 3287 3560 3343 accepe-

1981 3370 2126 3428 runt,
2157 3362 2507 3432 sedentesque
2536 3362 2888 3416 observabant
2915 3363 3126 3432 quando
3147 3364 3464 3432 exspiraret.
3499 3364 3567 3418 Et

1982 3450 2276 3508 diviserunt
2298 3455 2609 3508 vestimenta
2636 3453 2772 3522 ejus,
2792 3453 2931 3523 quod
2953 3454 3096 3508 circa
3123 3453 3403 3510 damnatos
3428 3455 3567 3510 viles

1983 3554 2037 3600 et
2062 3545 2297 3612 abiectos
2327 3552 2380 3598 et
2411 3545 2480 3597 ab
2506 3545 2752 3600 omnibus
2801 3545 3044 3601 desertos
3075 3545 3187 3600 ﬁeri
3223 3547 3382 3601 solet.
3427 3547 3562 3602 Paro

1985 3636 2187 3690 tiuntur
2212 3636 2753 3707 vestimenta,qnibus
2781 3644 2855 3691 tot
2884 3637 3023 3691 edita
3048 3637 3258 3692 fuerant
3286 3639 3560 3694 miracula.

1985 3725 2088 3781 Sed
2121 3725 2253 3779 nihil
2286 3737 2408 3779 tunc
2435 3727 2816 3795 operabantur,
2850 3727 3062 3781 Christo
3089 3729 3193 3781 vim
3247 3729 3454 3783 illorum
3480 3732 3564 3783 in-

1985 3816 2244 3871 eﬂ‘abilem
2301 3816 2604 3871 cohibente.
2648 3817 2760 3870 Hoc
2792 3833 2918 3870 vero
2943 3834 3049 3870 non
3080 3818 3344 3872 modicum
3376 3819 3568 3874 furoris

1985 3908 2400 3962 additamentum
2444 3917 2577 3962 erat.
2607 3908 2736 3962 Nam
2766 3910 2915 3977 quasi
2946 3925 3068 3978 erga
3102 3909 3376 3974 infamem,
3415 3911 3564 3980 abie-

1985 4013 2127 4057 ctum
2151 4013 2205 4056 et
2228 4004 2463 4056 omnium
2491 4003 2824 4068 vilissimum,
2855 4013 2911 4054 ut
2949 4001 3079 4065 dixi,
3111 4003 3188 4056 sic
3226 4003 3402 4056 omnia
3437 4019 3566 4074 age-

1986 4094 2112 4148 bant
2143 4111 2156 4147 :
2190 4093 2480 4147 latronibus
2509 4093 2634 4147 nihil
2660 4093 2766 4147 tale
2789 4091 3062 4156 fecissent,
3094 4093 3186 4147 sed
3211 4092 3262 4150 in
3289 4092 3558 4147 Christum

1989 4184 2104 4238 haec
2145 4185 2321 4238 omnia
2368 4183 3042 4254 audclntnt:mcdiumque
3083 4183 3232 4237 illum
3281 4184 3564 4239 crucilixe-

1987 4285 2132 4342 runt,
2166 4286 2222 4330 ut
2249 4275 2460 4330 illorum
2490 4275 2718 4330 infamia:
2743 4289 2966 4329 consors
2985 4286 3147 4330 esset.
3189 4276 3280 4331 34.
3310 4273 3378 4329 Et
3404 4275 3561 4330 dede-

1988 4379 2107 4423 runt
2158 4369 2204 4423 ei
2232 4381 2426 4422 acetum
2446 4369 2641 4433 bibere,
2676 4368 2776 4423 hoc
2811 4369 2936 4424 item
2982 4369 3369 4424 contumeliose
3398 4388 3412 4423 :
3442 4369 3557 4438 ipse

1989 4473 2165 4515 autern
2195 4462 2406 4516 nolebat
2453 4461 2655 4515 bibere.
2681 4461 2828 4514 Alius
2858 4462 2934 4514 sic
2963 4470 3139 4514 narrat
3171 4477 3186 4514 :
3221 4460 3346 4515 Cum
3371 4472 3572 4531 gustas—

1991 4562 2082 4616 set,
2107 4552 2252 4614 dixit,
2277 4549 2687 4604 Consummatth
2717 4561 2787 4602 cst
2816 4548 3006 4621 (Joan.
3038 4552 3122 4604 I9.
3166 4550 3294 4618 ὅθ).
3324 4549 3458 4614 Quid
3492 4560 3573 4602 cst

1992 4653 2189 4708 autem,
2216 4640 2625 4696 Consummatum
2662 4642 2815 4694 est“!
2866 4640 3152 4710 Prophetia
3197 4641 3310 4695 hmc
3355 4641 3570 4709 impleta

1993 4745 2075 4789 est
2107 4752 2119 4788 :
2151 4733 2407 4787 Dederunt
2431 4734 2484 4785 in
2511 4749 2674 4786 escam
2701 4748 2862 4786 meam
2889 4734 2976 4802 fel,
3000 4742 3046 4786 et
3086 4733 3138 4784 in
3163 4733 3247 4785 siti
3287 4749 3396 4785 mea
3427 4744 3574 4802 pola-

1993 4834 2167 4878 verunt
2194 4841 2271 4876 me
2295 4833 2430 4877 aceto
2470 4821 2650 4895 (Psal.
2679 4823 2768 4878 68.
2809 4820 2937 4892 22).
2969 4821 3148 4892 Neque
3179 4832 3352 4876 tamen
3385 4822 3471 4878 ille
3499 4823 3576 4892 ip-

1996 4933 2112 4972 sum
2167 4918 2364 4972 bibisse
2392 4915 2622 4969 ostendit
2652 4933 2664 4966 :
2699 4915 2826 4969 nihil
2881 4916 3020 4969 enim
3072 4915 3320 4969 dilIeruut
3363 4928 3578 4984 guSIare

1996 5011 2167 5064 Solum
2198 5017 2252 5064 et
2278 5024 2380 5062 non
2413 5008 2616 5071 bibere,
2647 5007 2741 5060 sed
2791 5015 3074 5075 utrumque
3105 5005 3332 5074 idipsum
3378 5007 3578 5076 signiti-

1995 5114 2101 5158 cat.
2130 5103 2308 5172 Neque
2337 5111 2511 5154 tamen
2559 5099 2643 5153 hic
2696 5097 2902 5152 furendi
2940 5099 3095 5151 linem
3147 5095 3420 5160 fecerunt;
3453 5116 3576 5153 nam

2002 5205 2275 5265 postquam
2302 5192 2653 5254 nudaverant,
2687 5190 3078 5253 crucifixerant,
3119 5198 3327 5243 acetum
3369 5188 3574 5241 obtule-

2000 5295 2138 5351 rant,
2172 5286 2306 5339 ultra
2338 5282 2782 5354 progrediuntur;
2815 5290 2867 5333 et
2898 5281 3040 5333 cruci
3069 5279 3290 5332 afﬁxum
3319 5278 3578 5341 videntes,

2001 5378 2323 5446 exprobrant
2353 5385 2406 5430 et
2435 5375 2529 5439 illi,
2558 5383 2612 5428 et
2652 5373 2686 5426 ii
2712 5372 2799 5441 qui
2832 5371 3399 5440 prmtergrediebantur
3423 5388 3434 5422 :
3463 5387 3581 5440 qua:

2003 5468 2238 5522 omnium
2267 5466 2577 5536 gravissima
2613 5471 2767 5518 erant
2815 5461 2975 5527 mala,
3027 5459 3238 5530 quando
3288 5459 3584 5516 seductoris

2068 5627 2085 5659 ι
2118 5632 2246 5682 Haec,
2273 5623 2395 5683 Quid
2418 5627 2488 5672 est
2509 5627 2687 5681 autem,
2720 5637 2743 5666 ι
2763 5623 3143 5683 consummatum
3165 5620 3284 5683 est!
3306 5614 3358 5683 in
3379 5616 3584 5665 Savil.et

2004 5676 2369 5800 :Iolrntilb.
2391 5689 2505 5735 sunt
2525 5697 2619 5748 per
2654 5676 3106 5740 bommoteleuton;
3147 5676 3239 5728 sed
3271 5677 3513 5728 habentur
3537 5688 3585 5726 in

2038 5764 2066 5800 τι
2356 5779 2372 5796 .
