4058 6144
482 325 578 380 ’ῖῖι

491 442 704 496 nomine
752 440 850 491 hoc
895 434 1208 504 patiebatur,
1239 440 1295 483 ut
1324 441 1576 494 arrogans
1616 435 1666 477 et
1695 419 2073 492 iactabundus.

494 531 616 586 ideo
659 531 805 583 illum
858 535 913 579 et
953 524 1163 593 publice
1215 521 1612 577 crucilixerunt,
1663 525 1720 568 ttt
1775 512 2075 566 videntibus

495 621 746 675 omnibus
789 618 1149 684 vituperarent
1173 629 1186 665 :
1221 611 1342 665 ideo
1370 610 1529 663 etiam
1558 607 1782 660 militum
1811 602 2074 664 manibus,

500 720 554 765 at
577 726 696 765 cum
735 709 851 762 haec
882 722 975 776 per
1007 704 1272 775 publicum
1309 699 1564 772 judicium
1607 698 1815 757 tierent,
1845 692 2079 746 furorem

499 804 753 870 majorem
793 799 1127 854 exhiberem.

569 906 624 958 2.
668 905 738 958 At
763 917 892 957 vero
917 915 1074 971 quem
1100 913 1204 952 nou
1235 896 1474 950 ﬂexisset
1502 890 1652 946 turba
1679 901 1910 957 sequens
1929 892 1984 938 et
2009 883 2085 936 la-

502 994 792 1068 crymans?
841 992 956 1048 Non
985 1002 1160 1045 tamen
1197 991 1360 1042 hasce
1387 986 1607 1040 belluas.
1636 981 1971 1048 Quapropter
1995 973 2088 1028 ille

506 1087 604 1140 hos
633 1084 984 1154 responsione
1012 1082 1280 1148 dignatur,
1313 1076 1435 1129 illos
1457 1087 1629 1128 secus.
1657 1069 1788 1123 Nam
1813 1077 2087 1136 postquam

503 1179 683 1232 omnia
716 1193 810 1245 pro
833 1174 998 1228 lubito
1029 1171 1286 1234 fecerant,
1317 1167 1510 1220 famam
1535 1164 1651 1232 ejus
1673 1159 1866 1214 laedere
1889 1171 2090 1211 conan-

506 1282 613 1332 tur,
645 1269 760 1338 ejus
809 1263 1254 1320 resurrectionem
1295 1259 1564 1311 timentes.
1591 1252 1713 1306 Ideo
1740 1249 1853 1302 haec
1883 1245 2092 1316 publice

513 1337 730 1430 jactant,
764 1359 999 1410 latrones
1021 1369 1141 1407 cum
1190 1351 1281 1404 illo
1303 1345 1641 1415 cruciﬁgttnt,
1689 1350 1744 1397 et
1769 1349 1825 1394 ut
1850 1337 2096 1394 seducto-

514 1468 627 1508 rem
642 1449 1006 1511 ostenderent,
1024 1444 1270 1500 dicebant
1290 1440 1406 1496 ιω.
1427 1439 1527 1506 Qui
1543 1436 1692 1490 solvis
1704 1433 1965 1501 templum,
1985 1430 2096 1483 etin

511 1541 672 1594 tribus
688 1541 863 1593 diebus
883 1538 1127 1601 (edi/iens,
1146 1533 1389 1588 descende
1407 1531 1470 1584 de
1484 1544 1647 1582 cruce.
1668 1526 1796 1580 Nam
1815 1523 1934 1593 quia
1956 1520 2096 1576 Pila-

515 1645 626 1684 tnm
645 1638 892 1699 rogantes
918 1639 972 1682 nt
996 1628 1303 1694 inscriptam
1325 1636 1538 1677 causam
1567 1619 1801 1682 tolleret,
1821 1629 1940 1684 qua:
1961 1621 2095 1672 erat.

519 1722 626 1774 Rea:
653 1721 975 1782 Judazorum,
1010 1717 1141 1771 nihil
1171 1717 1540 1784 impetrarunt,
1569 1710 1663 1764 sed
1688 1708 1881 1764 institit
1907 1705 1994 1761 ille
2021 1703 2102 1760 di-

511 1827 640 1865 cens
665 1828 676 1864 :
705 1809 851 1875 Quod
872 1809 1071 1877 scripsi.
1104 1806 1284 1874 scripsi
1323 1819 1341 1857 :
1371 1804 1444 1857 illi
1475 1801 1688 1856 demum
1719 1798 1964 1852 irrisione
2007 1808 2101 1849 sua

513 1902 738 1970 probare
779 1899 1070 1962 tentabant,
1114 1898 1284 1966 ipsum
1328 1909 1434 1948 non
1481 1906 1600 1946 esse
1635 1903 1833 1959 regem.
1881 1885 2003 1941 Ideo
2051 1892 2105 1937 et

516 1994 629 2044 haec
655 1999 710 2044 et
759 1989 844 2043 illa
873 1989 1120 2042 dicebant
1148 2003 1161 2038 :
1189 1985 1279 2040 42.
1313 1984 1375 2039 Si
1401 1998 1493 2037 rex
1518 1980 1684 2035 Israel
1718 1988 1810 2042 est,
1838 1976 2104 2030 descendat

513 2097 651 2136 nunc
681 2082 743 2134 de
767 2095 912 2134 cruce
939 2097 957 2134 :
993 2087 1046 2133 et
1073 2091 1306 2142 rursum,
1337 2075 1481 2128 Alios
1510 2073 1674 2128 salvos
1719 2071 1855 2140 fecit,
1887 2068 2106 2138 seipsum

517 2190 614 2226 non
641 2181 797 2241 potest
825 2171 1016 2225 salvum
1040 2169 1204 2238 facere
1228 2184 1246 2220 :
1285 2175 1337 2220 et
1363 2164 1632 2234 prioribus
1673 2161 1838 2231 signis
1868 2159 1989 2214 hinc
2009 2158 2105 2213 de-

524 2264 742 2315 trahere
757 2260 1100 2313 conabantur
1121 2275 1136 2324 ;
1154 2265 1207 2310 et
1225 2271 1439 2318 rursus,
1455 2252 1516 2308 Si
1533 2251 1708 2306 Filius
1724 2251 1820 2304 Dei
1838 2260 1978 2304 estet
1997 2249 2106 2302 vult

523 2370 664 2416 eum,
687 2349 1201 2419 salvum’faciateum
1227 2348 1266 2401 ‘.
1286 2345 1330 2400 Ο
1353 2345 1566 2400 scelesti
1585 2353 1638 2398 et
1654 2358 1876 2398 exsecra
1888 2341 1977 2396 ndi
1996 2342 2106 2394 !An

527 2443 804 2513 propheta:
830 2457 935 2495 non
957 2447 1113 2495 erant
1129 2437 1512 2509 prophetae?an
1533 2434 2106 2505 justi,nonjusti,quia

533 2536 671 2590 Deus
695 2535 817 2588 illos
858 2549 923 2588 ex
946 2532 1208 2602 periculis
1231 2546 1338 2583 non
1359 2529 1604 2598 eripuit?
1637 2527 1976 2594 Atquierant
2009 2525 2114 2579 etsi

532 2627 676 2696 passi
696 2627 823 2679 sint.
838 2623 976 2690 Quid
1002 2622 1230 2676 insanite
1253 2630 1444 2674 vestrae
1463 2635 1559 2688 par
1576 2618 1768 2673 fuerit?
1783 2617 1915 2670 Nam
1935 2616 1978 2669 si
2005 2616 2120 2669 illo-

534 2736 652 2773 rum
678 2719 903 2788 gloriam
945 2731 1053 2770 non
1079 2710 1640 2768 Iahelactaruntillata
1681 2706 2038 2778 illispcricula
2065 2713 2121 2759 et

535 2811 799 2874 mala,sed
815 2811 1094 2880 propheta:
1111 2803 1512 2869 erant,etiamsi
1531 2802 1620 2856 illa
1637 2796 2121 2871 paterenturzmnl-

538 2913 594 2956 to
610 2902 782 2971 magis
796 2916 898 2954 non
911 2898 1193 2954 debebatis
1207 2897 1274 2952 de
1293 2897 1397 2950 hoc
1413 2893 1773 2950 scandalizari
1791 2890 1883 2962 qui
1897 2898 1952 2945 et
1964 2887 2124 2943 factis

530 2998 582 3041 et
608 2989 780 3043 verbis
807 2988 918 3041 suis
964 2986 1148 3040 falsam
1184 2985 1320 3039 hanc
1347 2983 1542 3053 repulit
1590 2981 1920 3051 opinionem.
1957 2978 2112 3032 Atta-

536 3099 658 3137 men
692 3080 806 3136 haec
827 3081 1068 3135 dicentes
1091 3087 1147 3133 et
1169 3088 1388 3148 agentes
1417 3075 1548 3129 nihil
1583 3075 1666 3128 vel
1715 3075 1765 3127 io
1796 3074 1930 3141 ipso
1978 3079 2117 3124 tem-

534 3190 660 3242 pore
687 3175 858 3228 facere
879 3179 1181 3241 potuerunt.
1213 3167 1370 3224 Certe
1397 3168 1487 3237 qui
1518 3166 1664 3220 omni
1690 3165 1965 3234 iniquitate
1987 3177 2112 3216 cor-

535 3275 720 3332 ruptus
748 3273 883 3326 erat,
913 3263 1004 3332 qui
1052 3261 1216 3314 vitam
1265 3253 1316 3314 in
1367 3257 1604 3314 caedibus
1651 3265 1707 3311 et
1751 3253 2117 3325 sepulcrorum

535 3353 911 3409 etibssionibus
948 3353 1188 3424 degerat,
1234 3365 1354 3405 cum
1393 3349 1511 3404 haec
1566 3347 1910 3408 dicerentur,
1947 3345 2119 3413 ipsum

539 3443 812 3498 confessus
838 3453 936 3506 est,
991 3453 1045 3497 et
1099 3457 1321 3512 regnum
1377 3439 1837 3499 commemoravit,
1867 3435 2122 3506 plebsque

538 3537 685 3589 illum
715 3535 948 3605 lugebat.
979 3533 1311 3602 Quamquam
1354 3530 1668 3585 videbantur
1690 3542 1777 3583 res
1801 3535 1964 3596 gestae
1991 3540 2120 3579 cou-

539 3627 697 3678 traria
724 3624 1022 3694 signiticare
1042 3623 1105 3678 iis
1133 3622 1222 3693 qui
1245 3622 1482 3692 mysterii
1511 3619 1864 3676 oeconomiam
1895 3633 1999 3672 non
2027 3631 2125 3671 no—

541 3727 743 3784 verant,
771 3715 910 3788 quod
938 3731 1130 3787 nempe
1157 3713 1400 3770 inﬁrmus
1440 3721 1601 3778 esset,
1637 3713 1872 3782 nihilque
1897 3719 2078 3780 posset
2106 3725 2118 3761 τ

540 3821 772 3864 attamen
801 3811 997 3864 veritas
1047 3823 1143 3879 per
1167 3807 1430 3863 contraria
1465 3805 1628 3860 etiam
1677 3803 1970 3874 praevaluit.
2001 3803 2126 3857 llaec

542 3903 698 3972 igitur
737 3901 1033 3965 audientes,
1067 3914 1335 3955 armemus
1363 3914 1460 3953 nos
1495 3907 1678 3952 contra
1709 3897 1841 3950 iram
1887 3903 1939 3948 et
1983 3895 2128 3948 fure-

543 4011 676 4048 rem.
706 3994 760 4047 Si
807 4003 1012 4046 tumere
1040 3991 1122 4046 vel
1149 3989 1462 4046 inflammari
1494 4003 1588 4043 cor
1623 3995 1768 4041 tuum
1800 3984 2014 4049 videris,
2049 3984 2123 4038 si-

541 4085 764 4155 gnaculo
783 4084 955 4136 crucis
980 4092 1166 4152 peetus
1197 4092 1341 4136 tuum
1373 4082 1578 4132 munito
1614 4096 1626 4131 :
1659 4079 1914 4132 memoria
1943 4085 2127 4144 repete

534 4175 632 4230 illa
662 4191 779 4244 qua:
807 4185 928 4226 tunc
977 4176 1332 4242 contigerunt,
1378 4182 1430 4225 et
1477 4172 1666 4224 horttm
1713 4169 1968 4223 memoria
1997 4171 2125 4221 iram

545 4280 755 4317 omnem
781 4273 832 4316 nt
857 4264 1129 4332 pulverem
1162 4263 1420 4316 cxcnties.
1449 4259 1634 4329 Cogita
1660 4261 1820 4313 verba
1848 4268 1902 4313 et
1930 4268 2077 4328 gesta
2112 4276 2124 4311 :

545 4346 718 4421 cogita
762 4354 904 4405 illum
962 4366 1081 4404 eSse
1121 4351 1439 4412 Dominum,
1499 4360 1654 4417 teque
1692 4364 1902 4402 servum
1938 4367 1950 4402 :
1984 4349 2126 4403 illum

546 4451 764 4512 propter
793 4454 842 4494 te
865 4456 1097 4510 passum.
1123 4455 1261 4500 esse,
1312 4449 1363 4493 te
1391 4448 1608 4508 propter
1638 4449 1690 4491 te
1744 4438 1950 4505 ipsum;
1982 4437 2126 4491 illum

550 4553 644 4605 pro
677 4536 739 4587 iis
776 4535 864 4604 qui
910 4532 1180 4586 beneﬁciis
1209 4533 1382 4584 allecti
1426 4532 1595 4598 ipsum
1625 4529 2037 4599 crttciﬁgchant,
2079 4540 2129 4583 te

549 4644 643 4693 pro
667 4637 716 4680 te
745 4627 886 4695 ipso;
909 4624 1056 4676 illtttn
1080 4637 1176 4692 pro
1193 4623 1256 4675 iis
1275 4623 1362 4690 qui
1389 4637 1446 4675 se
1462 4621 1799 4674 contumeliis
1821 4621 2126 4684 all'ecerant,

549 4729 598 4770 te
627 4732 770 4785 saspe
803 4731 896 4784 pro
933 4714 996 4767 iis
1021 4727 1154 4782 quos
1205 4712 1420 4776 laesisti;
1459 4712 1602 4765 illum
1632 4711 1845 4766 vidente
1882 4711 2128 4776 civitate,

551 4812 658 4862 imo
685 4809 879 4877 populo
909 4817 1019 4860 tcto
1039 4805 1340 4860 Judreorum
1361 4847 1376 4869 ,
1409 4804 1831 4875 peregrinorum.
1857 4804 2132 4874 indigena-

553 4915 691 4962 rntn,
719 4899 911 4968 quibus
933 4896 1255 4964 benignitate
1283 4895 1433 4964 plena
1459 4897 1619 4949 verba
1643 4896 1877 4964 protulit,
1916 4906 1966 4949 te
2005 4911 2130 4965 pau-

553 4995 631 5047 cis
682 4990 1030 5061 prtesentihus
1067 5007 1080 5042 :
1127 4997 1182 5043 et
1221 4987 1360 5058 quod
1409 4988 1626 5055 majoris
1651 5003 1768 5043 esse
1798 4991 2132 5044 contumelia:

557 5084 784 5143 videtur,
835 5081 975 5151 quod
1021 5079 1306 5134 derelictus
1339 5081 1408 5132 sit
1449 5095 1476 5130 a
1525 5079 1816 5150 discipulis.
1856 5077 1988 5134 Nam
2041 5080 2131 5150 qui

557 5184 710 5228 antea
741 5172 908 5240 ipsum
935 5170 1195 5232 colebant,
1223 5173 1556 5223 resdierunt:
1591 5170 1787 5224 inimici
1811 5185 1938 5225 vero
1960 5179 2012 5225 et
2043 5172 2136 5226 ad-

560 5263 777 5318 versarii
811 5261 862 5315 in
897 5261 1071 5314 medio
1101 5261 1353 5332 positum,
1395 5261 1671 5328 conviciis,
1708 5263 1840 5325 risu,
1874 5262 2136 5316 illusioni-

562 5360 658 5412 bus
699 5355 1119 5411 dehonestarunt
1145 5395 1158 5415 ,
1188 5352 1356 5407 Judaei
1379 5395 1394 5419 ,
1421 5353 1637 5420 milites,
1671 5353 1796 5409 hinc
1825 5365 1880 5409 et
1906 5354 2028 5409 inde
2057 5355 2137 5407 Ia—

563 5459 742 5502 trones
773 5465 784 5498 :
817 5445 974 5498 ambo
1001 5447 1196 5514 quippe
1232 5445 1464 5498 latrones
1493 5443 1663 5512 ipsum
1693 5443 1901 5514 probris
1927 5453 1979 5499 et
2004 5459 2138 5498 con-

565 5541 797 5595 tumeliis
820 5538 1136 5594 afliciebant.
1171 5537 1448 5604 Quomodo
1473 5551 1599 5607 ergo
1620 5535 1789 5591 Lucas
1805 5536 1948 5602 dicit,
1975 5552 2136 5591 unum

639 5723 662 5756 ι
692 5723 788 5774 Atil
807 5725 1012 5786 habent,
1040 5725 1084 5776 si
1122 5725 1275 5777 Filius
1319 5727 1402 5779 Dei
1423 5743 1493 5791 es,
1524 5730 1661 5780 sat'ea
1693 5729 2007 5795 temetipsum.

1217 314 1270 369 s.
1311 308 1585 368 JOANNIS
1622 301 2088 361 CllltYSOSTOMI
2131 299 2443 354 ARClIlEP.
2485 301 3017 358 CONSTANTINUP.

3662 287 3769 345 773

2195 433 2261 475 ex
2316 420 2610 478 latronibus
2663 423 2890 477 alterum
2943 424 3244 493 increpasse
3288 420 3447 494 (Luc.
3496 419 3584 474 ελ
3630 420 3762 489 ιο).

2198 513 2489 584 Utrumque
2511 514 2707 568 factum
2730 525 2812 569 est
2840 535 2850 568 :
2875 517 3105 586 primum
3132 517 3273 570 enim
3296 515 3455 569 ambo
3483 513 3767 583 exprobra-

2196 606 2354 668 bant,
2399 614 2579 674 postea
2621 621 2729 660 non
2777 607 2927 661 item.
2961 607 3036 661 Ne
3077 616 3231 676 putes
3279 607 3419 660 enim
3458 621 3522 659 ex
3544 603 3779 674 quodam

2197 709 2351 767 pacto
2378 713 2490 753 rem
2518 708 2719 767 gestant
2757 698 2942 761 fuisse,
2970 709 3061 752 aut
3091 699 3350 752 latronem
3381 712 3484 751 non
3517 694 3681 750 fuisse
3704 696 3782 750 la-

2199 799 2428 851 tronem,
2460 804 2489 842 a
2517 790 2836 842 contumelia
2869 789 2998 842 illud
3025 788 3115 842 tibi
3146 789 3381 843 declarat
3409 804 3421 840 :
3467 801 3701 856 superne
3729 787 3782 838 in

2197 895 2355 934 cruce
2383 881 2518 934 latro
2542 891 2657 935 erat
2684 889 2738 936 et
2769 880 3042 946 inimicos;
3066 880 3157 934 sed
3179 887 3400 948 repente
3422 887 3654 933 mutatus
3673 888 3781 931 est.

2204 972 2327 1028 Haac
2354 973 2510 1043 igitur
2527 975 2704 1028 omnia
2731 983 2906 1028 tecum
2937 983 3190 1044 reputans
3222 974 3615 1044 philosophare.
3641 971 3784 1040 Quid

2199 1068 2340 1120 enim
2359 1078 2564 1121 tantum
2587 1069 2802 1136 pateris,
2833 1077 3086 1136 quantum
3117 1066 3374 1120 Dominus
3403 1065 3562 1121 tuus?
3587 1080 3654 1120 an
3687 1081 3788 1135 pu—

2201 1158 2341 1212 blice
2368 1158 2697 1228 vituperatus
2723 1161 2823 1214 es?
2847 1158 2952 1213 Sed
2985 1174 3088 1213 non
3128 1174 3248 1212 cum
3293 1159 3453 1212 tantis
3495 1167 3783 1212 contume-

2203 1248 2309 1302 liis.
2336 1249 2658 1304 Verberibus
2684 1265 2858 1304 emsus
2881 1250 2974 1304 es?
2997 1250 3102 1304 Sed
3132 1266 3236 1304 non
3261 1259 3374 1302 toto
3400 1264 3627 1319 corpore
3645 1287 3660 1310 .
3685 1263 3784 1302 ne-

2202 1355 2306 1408 que
2325 1341 2394 1394 ita
2413 1339 2640 1395 nudatus
2662 1350 2718 1396 et
2739 1339 3055 1412 ﬂagellatus.
3079 1340 3137 1396 Si
3159 1350 3335 1394 autem
3355 1339 3594 1410 colaphis
3613 1354 3788 1394 caesus

2204 1447 2282 1495 cs,
2317 1441 2370 1487 at
2401 1449 2503 1486 non
2533 1434 2623 1488 illo
2661 1435 2836 1489 modo.

2276 1524 2330 1578 '5.
2363 1522 2456 1577 His
2496 1523 2633 1579 adde
2675 1541 2702 1578 a
2748 1523 2976 1594 quibus,
3024 1539 3227 1594 quare,
3269 1523 3525 1593 quando:
3563 1531 3617 1578 et
3642 1522 3787 1592 quod

2205 1614 2572 1683 gravissimum
2604 1623 2703 1678 est,
2735 1613 2859 1669 dum
2889 1615 3000 1670 h:ec
3047 1615 3255 1680 tierent,
3292 1630 3450 1670 nemo
3481 1614 3787 1680 petulantes

2207 1704 2462 1771 arguebat
2485 1705 2570 1759 vel
2599 1705 2940 1774 increpabat;
2971 1717 3153 1760 centra
3181 1720 3341 1768 vero,
3373 1705 3686 1770 laudabant,
3715 1705 3789 1758 si-

2208 1796 2320 1849 mul
2366 1795 2645 1860 ridebant,
2678 1797 2836 1850 simul
2882 1795 3175 1851 illutlebant
3201 1806 3256 1851 et
3282 1804 3338 1850 ut
3363 1803 3699 1864 arrogantem
3727 1809 3791 1846 ac

2208 1887 2580 1953 seductorem,
2601 1888 2692 1959 qui
2724 1904 2826 1943 non
2858 1897 3036 1958 posset
3065 1889 3204 1944 dicta
3235 1904 3331 1944 sua
3361 1889 3610 1957 operibus
3635 1903 3790 1944 com-
3827 1905 3830 1908 ’

2211 1978 2458 2047 probare.
2487 1980 2564 2033 sic
2591 1979 2849 2034 conviciis
2876 1979 3220 2049 impetebant.
3246 1979 3339 2033 llle
3361 1995 3487 2034 vero
3514 1978 3580 2033 ad
3610 1980 3791 2035 omnia

2213 2070 2452 2138 tacebat,
2487 2087 2675 2141 magna
2708 2074 2862 2127 nobis
2892 2073 3124 2128 remedia
3153 2087 3344 2143 parans
3372 2073 3438 2126 ad
3481 2073 3792 2142 patientiam

2211 2163 2588 2216 exercendam.
2619 2163 2722 2218 Sed
2754 2179 2850 2218 nos
2883 2164 2995 2218 haec
3022 2163 3332 2229 audientes,
3360 2181 3426 2219 ne
3451 2179 3639 2220 servos
3668 2165 3795 2234 qui-

2211 2250 2332 2304 dem
2378 2261 2592 2308 nostros
2621 2252 2762 2309 ferre
2795 2268 3074 2323 possumus
3097 2296 3113 2320 ,
3143 2259 3238 2310 sed
3286 2257 3564 2325 plusquam
3605 2255 3795 2324 onagri

2215 2340 2534 2396 insuliamus
2558 2384 2572 2404 ,
2601 2344 2940 2398 calcitramus
2961 2385 2976 2409 ,
3009 2344 3149 2399 circa
3186 2360 3248 2399 ea
3279 2361 3396 2415 qua:
3426 2360 3522 2399 nos
3551 2355 3798 2415 spectant

2213 2434 2459 2489 crudeles
2483 2443 2540 2490 et
2579 2435 2849 2490 inhumani
2875 2477 2891 2502 ,
2924 2451 2986 2490 ea
3023 2452 3152 2492 vero
3181 2453 3300 2506 qua:
3327 2437 3392 2490 ad
3437 2437 3600 2491 Deum
3632 2439 3800 2506 perti-

2217 2533 2345 2579 nent
2369 2541 2474 2580 non
2503 2527 2633 2581 tanti
2657 2527 2928 2582 facientes.
2951 2515 3107 2583 Circa
3137 2530 3337 2583 amicos
3365 2529 3524 2583 etiam
3551 2529 3800 2582 similiter

2216 2608 2388 2671 all‘ecti
2419 2632 2603 2674 sumus
2629 2636 2642 2673 :
2675 2621 2718 2674 si
2752 2621 2872 2688 quis
2903 2637 3001 2676 nos
3031 2620 3264 2676 oﬂ‘endat
3283 2665 3299 2687 ,
3328 2637 3433 2676 non
3467 2621 3682 2676 ferimus
3707 2639 3720 2684 ;
3751 2623 3796 2674 si

2217 2709 2539 2763 contumelia
2567 2709 2794 2773 afﬂeiat,
2829 2712 2947 2780 plus
2975 2728 3136 2784 quam
3164 2713 3334 2769 bellua
3363 2714 3568 2784 qumvis
3599 2713 3797 2768 feroci-

2219 2815 2372 2864 mus,
2414 2801 2504 2871 qui
2552 2810 2729 2858 tamen
2778 2803 2892 2858 hmc
2937 2805 3173 2875 quotidie
3213 2805 3454 2876 legimus.
3498 2806 3802 2875 Discipulos

2221 2893 2487 2962 prodidit,
2516 2897 2704 2966 reliqui
2735 2897 2824 2952 illo
2854 2899 3044 2953 relicto
3075 2899 3321 2968 fugerunt
3347 2918 3360 2952 :
3405 2899 3494 2952 alii
3527 2899 3799 2953 beneficiis

2221 2986 2394 3040 allecti
2423 2999 2821 3057 conspuerunt;
2863 3005 3052 3046 servus
3081 2989 3274 3046 summi
3305 2991 3565 3060 pontiﬁcis
3589 2992 3799 3059 alapam

2223 3078 2410 3146 dedit;
2439 3081 2638 3136 milites
2661 3082 2902 3152 colaphis
2930 3084 3272 3146 ceciderunt;
3304 3084 3393 3156 qui
3425 3083 3799 3154 prmteribant.

2223 3171 2520 3226 llludebant
2544 3181 2598 3228 et
2621 3173 3054 3229 conviciabantur
3083 3175 3130 3229 ei
3153 3191 3169 3239 ;
3201 3177 3433 3229 latrones
3455 3175 3802 3230 incusabant:

2208 3270 2279 3317 et
2304 3262 2558 3318 adversus
2583 3263 2698 3319 lucc
2725 3282 2790 3320 ne
2817 3268 3034 3322 verbum
3066 3267 3278 3336 quidem
3311 3267 3398 3323 ille
3425 3267 3644 3338 protulit
3663 3309 3676 3330 ,
3701 3269 3801 3320 sed

2225 3353 2437 3408 silentio
2475 3369 2664 3412 omnes
2707 3358 2864 3424 vicit,
2915 3367 2972 3413 ttt
3001 3367 3053 3414 te
3099 3359 3348 3428 cperihns
3379 3361 3718 3424 institueret,
3753 3370 3806 3412 te

2226 3448 2424 3506 quanto
2453 3443 2784 3496 mansuetius
2811 3443 2947 3498 teres
2966 3485 2980 3508 ,
3015 3452 3160 3497 tanto
3185 3445 3354 3514 magis
3381 3445 3519 3497 male
3546 3443 3806 3499 facientes

2228 3541 2626 3596 superaturum,
2656 3533 3006 3602 omnibusque
3033 3534 3369 3598 admirationi
3398 3534 3654 3588 futurum.
3676 3535 3810 3602 Quis

2229 3620 2372 3671 enim
2399 3635 2501 3673 non
2524 3623 2746 3676 miretur
2762 3638 2882 3677 eum
2899 3625 2988 3692 qui
3009 3624 3357 3679 contumelias
3382 3624 3484 3678 fert
3505 3626 3771 3694 patienter
3786 3627 3810 3676 ?

2229 3709 2688 3776 Quemadmodum
2719 3714 2859 3767 enim
2888 3714 2931 3768 si
2957 3715 3080 3784 quis
3111 3717 3270 3770 etiam
3294 3715 3438 3784 juste
3461 3717 3725 3784 patiatur,
3755 3727 3812 3769 et

2233 3803 2430 3857 malum
2454 3813 2732 3859 mansuete
2758 3804 2914 3870 ferat,
2937 3821 2967 3858 a
2989 3807 3170 3861 multis
3197 3814 3416 3877 potatur
3443 3807 3636 3876 injuste
3661 3807 3768 3876 pati
3793 3825 3806 3860 :

2234 3893 2305 3946 ita
2333 3894 2376 3948 si
2407 3894 2602 3964 injuste
2628 3897 2856 3964 patiatur
2879 3906 2934 3952 et
2959 3896 3183 3952 ferociat
3205 3940 3219 3963 ,
3247 3913 3306 3953 se
3330 3898 3471 3966 juste
3497 3899 3604 3967 pati
3633 3899 3683 3952 in
3719 3914 3812 3952 su-

2232 3983 2522 4052 spicionem
2554 3985 2752 4052 veniet,
2779 3995 2833 4040 et
2862 3986 3114 4041 ridiculus
3141 3988 3263 4052 erit,
3282 3996 3342 4042 ut
3368 3989 3612 4056 captivus
3635 3990 3704 4044 ab
3731 3991 3808 4043 ira

2235 4081 2557 4140 pertractus,
2585 4076 2673 4143 qui
2699 4077 3029 4130 nobilitatem
3054 4091 3203 4131 suam
3228 4077 3477 4145 perdidit.
3501 4077 3642 4133 Talis
3657 4080 3814 4148 quip-

2236 4178 2300 4231 pe
2324 4164 2484 4218 ltomo
2509 4181 2606 4220 nec
2635 4166 2770 4221 liber
2788 4168 3001 4238 quidem
3022 4167 3290 4222 vocandus
3310 4178 3412 4234 est,
3438 4170 3644 4223 etiamsi
3669 4171 3814 4222 milio

2235 4255 2404 4308 servis
2448 4254 2774 4310 dominetur.
2828 4259 2896 4312 At
2941 4268 2991 4312 te
3021 4260 3306 4312 admodum
3339 4260 3426 4313 ille
3458 4259 3714 4313 irritavit?
3747 4260 3815 4313 Et

2235 4344 2357 4412 quid
2388 4345 2527 4399 hoc?
2552 4347 2700 4401 Tunc
2720 4348 2861 4402 enim
2889 4348 3278 4418 philosophiam
3304 4351 3557 4405 exhibere
3580 4365 3674 4419 par
3687 4361 3778 4404 est
3800 4372 3810 4404 :

2237 4453 2357 4492 cum
2386 4440 2528 4494 enim
2557 4446 2791 4496 concitat
2821 4459 2978 4499 nemo
3002 4487 3017 4510 ,
3052 4445 3192 4515 ipsas
3223 4445 3361 4500 feras
3403 4455 3704 4500 mansuetas
3732 4446 3814 4499 vi-

2237 4527 2467 4584 demus:
2501 4546 2606 4585 non
2637 4546 2850 4602 semper
2884 4533 3028 4588 enim
3074 4535 3339 4590 ferociunt
3361 4577 3375 4597 .
3408 4535 3503 4591 sed
3531 4551 3654 4591 cum
3696 4538 3815 4606 quis

2237 4618 2358 4673 illas
2385 4621 2752 4676 concitaverit.
2786 4621 2894 4677 Nos
2933 4639 3145 4694 quoque
3171 4627 3213 4678 si
3247 4635 3371 4680 tunc
3405 4636 3608 4680 tantum
3651 4629 3816 4696 quieti

2237 4725 2456 4774 sumus.
2485 4727 2608 4766 cum
2641 4727 2800 4769 nemo
2830 4730 2924 4768 nos
2952 4719 3183 4769 concitat
3207 4757 3223 4780 ,
3255 4717 3380 4786 quid
3413 4718 3643 4786 amplius
3675 4733 3809 4787 pra:-

2239 4803 2480 4857 stamus?
2513 4803 2620 4857 Illae
2647 4807 2789 4859 enim
2831 4823 2972 4876 same
2995 4808 3139 4877 juste
3164 4809 3505 4878 indignantur
3527 4851 3541 4876 ,
3573 4827 3628 4864 et
3656 4826 3818 4865 εποιε-

2240 4893 2343 4946 sari
2375 4903 2632 4962 possunt;
2679 4911 2800 4950 nam
2845 4907 3128 4952 commotae
3152 4909 3204 4952 et
3249 4908 3460 4968 puncta:
3503 4900 3815 4962 irritantur;

2239 4994 2497 5053 praeterea
2525 4986 2746 5040 rationis
2770 4997 2898 5042 sunt
2924 4998 3175 5057 expertes
3194 5030 3208 5051 .
3241 4998 3294 5044 et
3319 5006 3384 5044 ex
3417 5001 3605 5045 natura
3635 4991 3818 5045 ferita-

2241 5086 2348 5131 tent
2377 5075 2596 5131 habent.
2641 5076 2720 5131 Tu
2750 5094 2877 5132 vero
2903 5079 2944 5132 si
2980 5080 3201 5134 ferocius
3222 5121 3236 5144 ,
3267 5081 3439 5145 unde,
3471 5097 3654 5150 quaso
3676 5123 3691 5146 ,
3725 5096 3814 5149 po-

2244 5169 2371 5222 teris
2395 5168 2601 5222 veniam
2620 5169 2911 5236 consequi?
2932 5169 3059 5240 quid
3081 5171 3203 5224 mali
3233 5185 3419 5239 passus
3440 5187 3518 5233 es,
3546 5172 3822 5241 rapinam?

2244 5261 2368 5314 Ideo
2397 5261 2540 5316 ferre
2565 5271 2809 5330 oportet,
2843 5262 2968 5332 quia
2995 5265 3166 5331 magis
3196 5265 3506 5318 lucraberis.
3527 5263 3633 5318 Sed
3663 5265 3716 5316 in
3743 5266 3820 5316 l'ao

2244 5368 2326 5406 nta
2358 5353 2518 5407 laesus
2545 5355 2643 5407 es?
2669 5355 2736 5409 Et
2758 5354 2882 5422 quid
2913 5354 3056 5409 hoc?
3079 5354 3194 5409 Non
3219 5355 3361 5409 enim
3394 5356 3570 5408 minor
3599 5353 3718 5408 ideo
3738 5369 3818 5416 es,

2244 5444 2286 5497 si
2317 5444 2728 5512 philos‘Opheris.
2755 5445 2810 5500 Si
2839 5461 2965 5500 vero
2990 5446 3122 5499 nihil
3149 5445 3328 5500 damni
3353 5446 3572 5514 pateris,
3603 5460 3699 5499 cur
3719 5445 3824 5498 ira-

2245 5539 2409 5592 sceris
2430 5537 2688 5592 adversus
2701 5552 2827 5591 eum
2855 5540 2944 5607 qtti
2975 5539 3105 5592 nihil
3135 5537 3226 5592 tibi
3256 5537 3413 5591 infert
3437 5537 3588 5598 mali,
3618 5535 3710 5589 sed
3731 5532 3821 5602 qui

2244 5630 2402 5684 etiam
2451 5629 2668 5698 prodest
2695 5629 2832 5682 tibi?
2873 5629 2972 5696 Qui
3018 5630 3159 5684 enim
3208 5628 3504 5692 honorant,
3551 5626 3824 5679 molliores

2248 5737 2346 5776 nos
2372 5721 2620 5788 reddunt,
2651 5720 2694 5779 si
2729 5738 2833 5775 non
2871 5722 3150 5791 vigilemus
3177 5739 3193 5788 ;
3227 5719 3317 5789 qui
3347 5731 3470 5774 vero
3499 5717 3820 5772 contumelia
