4058 6144
315 317 417 374 775

315 433 559 488 alliciunt
582 440 637 485 et
683 438 1054 489 contemnunt,
1081 442 1177 482 eos
1196 468 1212 493 ,
1239 429 1326 496 qui
1357 428 1456 480 sibi
1484 426 1779 484 attendunt.
1803 424 1892 478 lir-

320 527 516 580 niiores
550 522 799 576 reddunt.
832 521 966 575 Nam
993 521 1206 575 desides
1228 521 1396 590 magis
1421 518 1690 573 laeduntur
1717 517 1897 572 lauda-

321 618 379 679 ti,
403 631 558 684 quam
589 612 909 667 contnmciia
933 613 1125 667 affecti.
1151 611 1251 677 Qui
1275 611 1490 674 lmduut,
1522 611 1564 664 si
1587 609 1892 678 vigilemus,

321 705 472 759 nobis
500 702 850 772 philosophia:
871 716 1030 755 causa
1058 711 1214 764 sunt;
1236 701 1326 770 qui
1361 714 1488 754 vero
1511 698 1753 761 laudant,
1781 697 1895 751 ela-

319 801 401 847 tos
427 792 652 846 reddunt
676 833 692 857 ,
720 801 1032 860 arrogantes
1049 832 1062 853 ,
1092 804 1240 842 vana:
1265 789 1446 860 gloria:
1469 789 1690 857 cupidos
1707 827 1722 852 ,
1754 787 1896 842 desi-

318 884 450 948 des,
477 884 657 936 animo
699 882 996 936 molliores.
1047 880 1210 950 Cujus
1254 880 1331 934 rei
1359 887 1525 934 testes
1556 886 1680 932 sunt
1722 887 1898 946 patres

323 978 413 1048 qui
447 977 583 1030 filios
627 990 752 1031 suos
783 991 886 1028 non
919 984 1023 1028 tam
1053 974 1337 1029 adulantur
1367 987 1524 1043 quam
1554 972 1855 1040 vituperant
1882 1012 1897 1036 ,

321 1068 479 1122 veriti
510 1083 576 1121 ne
603 1066 742 1136 quod
771 1065 895 1120 inde
919 1065 1170 1119 damnum
1193 1063 1490 1134 patiantur;
1514 1063 1748 1131 magistri
1769 1077 1902 1131 quo-

318 1176 426 1229 que
453 1159 554 1214 hoc
585 1168 803 1213 utuntur
847 1157 1104 1212 remedio.
1136 1156 1313 1225 Quare
1339 1156 1381 1209 si
1410 1155 1713 1226 quempiam
1740 1168 1900 1207 aver-

320 1250 428 1303 sari
461 1265 556 1318 par
582 1249 690 1314 sit,
717 1247 1045 1301 adulatorem
1074 1247 1251 1317 potius
1281 1261 1556 1309 aversarc,
1589 1259 1745 1314 quam
1772 1258 1899 1298 cou-

322 1337 659 1392 tumeliosum
682 1354 695 1390 ;
727 1337 982 1404 majorem
1010 1337 1206 1406 quippe
1235 1351 1339 1390 non
1366 1336 1587 1390 attentis
1607 1334 1758 1389 affert
1779 1349 1898 1404 per-

331 1429 521 1483 niciem
549 1428 867 1482 adulationis
892 1427 1139 1482 illecebra
1160 1466 1176 1493 ,
1207 1442 1362 1496 quam
1390 1427 1729 1489 contumelia,
1755 1423 1898 1478 diffl-

323 1518 582 1587 ciliusque
619 1525 702 1572 est
745 1516 919 1584 hanc,
958 1532 1117 1587 quam
1159 1518 1300 1571 illam
1343 1531 1595 1587 superare
1641 1516 1681 1570 ⁸.
1735 1515 1900 1571 Multo

328 1609 499 1678 major
543 1608 663 1663 inde
691 1623 899 1663 merces
918 1651 933 1675 ,
981 1609 1147 1662 multo
1177 1610 1348 1678 major
1392 1610 1508 1663 laus
1531 1617 1587 1663 et
1617 1607 1898 1663 admiratio

329 1701 591 1768 sequitur.
620 1699 749 1753 Nam
777 1699 1072 1754 mirabilius
1093 1709 1174 1754 est
1206 1699 1475 1754 hominem
1504 1699 1685 1753 videre
1712 1708 1900 1753 contu-

329 1791 501 1844 meliis
525 1789 796 1853 affectum,
822 1805 919 1844 nec
938 1798 1281 1854 commotum,
1304 1805 1460 1860 quam
1485 1789 1751 1843 hominem
1773 1804 1896 1858 per-

326 1896 540 1936 cussum
561 1922 578 1948 ,
609 1896 706 1936 nec
730 1881 1030 1937 cadentem.
1068 1880 1134 1934 Et
1177 1881 1442 1950 quomodo
1462 1921 1477 1944 ,
1505 1880 1713 1950 inquies
1731 1919 1746 1943 ,
1777 1893 1898 1948 pos-

324 1987 508 2026 sumus
537 1989 640 2027 non
686 1974 1046 2029 commoveri?
1071 1973 1144 2027 Te
1187 1971 1503 2028 contumelia
1531 1973 1650 2041 quis
1675 1971 1885 2025 affecit?

324 2065 518 2120 Pectus
561 2079 722 2120 cruce
750 2067 958 2135 signan
979 2107 994 2130 ,
1024 2065 1310 2120 recordare
1352 2065 1589 2119 omnium
1623 2079 1742 2133 qum
1771 2071 1897 2117 tunc

321 2164 469 2224 gesta
495 2165 618 2209 sunt
642 2197 658 2221 ,
689 2164 744 2209 et
782 2157 958 2209 omnia
987 2156 1415 2225 exstinguuntur.
1446 2153 1523 2209 Ne
1547 2153 1896 2209 contumelias

321 2253 524 2298 tantum
573 2247 773 2315 cogites
796 2287 813 2313 ,
841 2245 936 2300 sed
964 2256 1018 2300 et
1043 2246 1088 2299 si
1113 2246 1238 2316 quid
1269 2246 1360 2301 tibi
1405 2243 1529 2300 boni
1553 2260 1584 2299 a
1615 2253 1894 2298 contume-

325 2337 462 2392 Iioso
488 2337 579 2391 illo
623 2338 923 2404 advenerit,
972 2340 1023 2391 in
1070 2347 1302 2393 mentem
1338 2346 1608 2403 revocato,
1632 2348 1690 2392 et
1717 2336 1893 2391 statim

321 2429 649 2484 mansuetior
679 2427 794 2483 ﬁes.
830 2430 940 2484 lmo
971 2431 1145 2500 potius
1171 2440 1293 2484 ante
1319 2431 1495 2484 omnia
1524 2429 1616 2486 Dei
1648 2429 1893 2484 timorem

320 2519 372 2572 in
401 2527 575 2574 mente
622 2519 852 2584 habeas,
898 2532 952 2575 et
1001 2523 1180 2575 statim
1225 2521 1549 2576 moderatior
1589 2519 1894 2591 atquiorque

319 2611 452 2666 eris.
1263 2607 1280 2615 “

391 2704 445 2757 ι.
474 2703 554 2757 Ad
595 2703 708 2758 htec
730 2746 745 2769 ,
777 2719 806 2757 a
849 2704 1018 2758 servis
1045 2706 1149 2758 tuis
1191 2703 1568 2758 documentum
1613 2703 1889 2772 suscipias.

329 2791 398 2847 Et
426 2809 544 2848 cum
569 2794 766 2849 videris
787 2804 838 2848 te
857 2795 1261 2860 conviciantem,
1291 2794 1436 2848 illum
1458 2809 1584 2847 vero
1607 2802 1888 2857 tacentem,

317 2887 494 2955 cogita
523 2893 576 2940 te
603 2884 969 2956 philosophari
1001 2900 1157 2954 posse
1175 2927 1190 2950 ,
1224 2895 1378 2953 teque
1402 2891 1771 2953 exasperatum
1798 2882 1892 2936 da-

317 2991 461 3031 mna.
487 2980 658 3046 Atque
679 2976 732 3030 in
757 2975 872 3047 ipso
894 2975 1338 3030 contumeliarum
1362 2983 1600 3042 tempore
1618 2973 1764 3027 disce
1786 2988 1892 3026 non

313 3068 689 3122 contumeliam
725 3067 922 3122 inferre
939 3107 954 3131 ,
977 3075 1032 3121 et
1055 3067 1132 3119 sic
1159 3081 1256 3120 nec
1285 3067 1395 3135 ipse
1421 3064 1753 3119 contmueliis
1772 3063 1892 3118 καθ.

314 3169 434 3214 ctus
475 3158 700 3214 dolebis.
747 3159 932 3229 Cogita
975 3173 1098 3213 eum
1142 3157 1237 3227 qtti
1280 3157 1617 3211 contumeliis
1642 3155 1811 3210 afﬁcit
1837 3163 1892 3210 et

320 3252 448 3305 furit
475 3267 580 3305 non
611 3251 692 3304 sui
735 3258 1036 3320 compotem
1083 3263 1200 3304 esse
1221 3291 1236 3315 ,
1265 3257 1318 3302 et
1344 3249 1422 3303 sic
1465 3247 1531 3302 de
1568 3247 1890 3302 contumelia

320 3358 425 3398 non
453 3343 846 3413 indignaberis:
880 3357 999 3396 nam
1026 3354 1077 3397 et
1107 3341 1421 3396 daemoniaci
1449 3356 1547 3396 nos
1576 3341 1887 3408 verberant,

319 3451 419 3490 nec
447 3434 606 3489 modo
635 3449 739 3489 non
772 3449 1068 3500 movemur,
1096 3433 1192 3489 sed
1222 3433 1380 3488 etiam
1409 3431 1529 3486 illos
1553 3433 1888 3487 miseramur.

316 3523 430 3579 Hoc
453 3533 508 3578 et
538 3532 593 3578 tu
619 3524 808 3588 facito;
838 3524 1089 3578 miserare
1121 3523 1591 3590 contumeliosum;
1621 3523 1697 3578 ira
1723 3522 1888 3590 enim,

317 3618 465 3685 gravi
499 3616 610 3671 fera
635 3657 651 3681 ,
683 3616 970 3682 detinetur,
1003 3615 1246 3672 daemone
1273 3617 1595 3687 pernicioso.
1625 3615 1786 3671 Solve
1812 3616 1894 3685 ip-

319 3723 436 3764 sum
478 3709 566 3778 qui
594 3707 660 3761 ab
712 3706 1013 3776 huiusmodi
1061 3706 1304 3762 daemone
1346 3717 1598 3771 vexatur,
1646 3714 1700 3761 et
1743 3706 1888 3761 brevi

321 3807 560 3868 tetnpore
585 3799 964 3867 corrumpitur.
995 3798 1139 3853 Talis
1169 3799 1364 3868 quippe
1406 3797 1494 3852 hic
1521 3799 1738 3852 morbus
1767 3807 1847 3853 est
1869 3838 1886 3864 ,

320 3888 410 3958 qui
433 3887 498 3941 ad
527 3889 811 3957 perniciem
833 3888 960 3958 a’gri
989 3903 1091 3942 non
1119 3889 1287 3942 multo
1305 3896 1457 3958 egeat
1483 3897 1738 3957 tempore.
1766 3885 1889 3940 Ideo

318 3976 528 4032 dicebat
564 3979 868 4048 quispiam:
918 3977 1232 4032 [Ianiculum
1272 3977 1461 4047 furoris
1499 3978 1607 4047 ejus
1635 3993 1781 4031 casus
1818 3986 1890 4032 est

319 4070 420 4139 ipsi
466 4069 666 4140 (Ea-li.
715 4072 763 4128 l.
791 4071 897 4142 28)
926 4089 938 4125 :
971 4087 1077 4142 quo
1117 4071 1345 4126 maxime
1373 4070 1706 4143 tyrannidem
1736 4085 1887 4125 suam

316 4161 549 4216 ostendit
567 4203 584 4228 ,
611 4163 750 4232 quod
781 4163 923 4218 brevi
975 4173 1212 4234 tempore
1256 4170 1401 4216 tanta
1429 4173 1681 4232 eperetur
1709 4162 1846 4216 mala
1869 4201 1886 4226 ,

319 4267 418 4307 nec
447 4268 591 4306 mora
619 4268 753 4322 opus
782 4254 973 4309 habeat
997 4273 1010 4306 :
1040 4264 1094 4308 et
1117 4254 1162 4308 si
1191 4255 1242 4308 in
1269 4254 1318 4308 vi
1348 4245 1444 4308 sua
1490 4262 1885 4323 perseveraret,

319 4343 404 4397 vix
452 4333 766 4413 superab‘tlis
807 4355 967 4400 esset.
997 4345 1199 4400 Vellem
1231 4345 1514 4401 ostendere
1539 4387 1553 4411 ,
1598 4346 1717 4416 quis
1746 4347 1812 4400 sit
1845 4347 1889 4401 is

318 4433 406 4502 qui
427 4435 771 4498 couviciatnr,
794 4437 912 4504 quis
939 4437 1026 4491 ille
1054 4437 1140 4505 qui
1167 4436 1588 4506 philosophatur,
1611 4447 1666 4492 et
1695 4439 1886 4494 undam

319 4526 594 4596 utriusque
638 4527 868 4582 animam
899 4529 950 4582 in
983 4530 1212 4584 medium
1255 4529 1464 4586 afferre.
1495 4529 1714 4586 Videres
1745 4530 1888 4586 illam

317 4615 545 4671 similem
571 4633 690 4672 esse
720 4619 903 4689 pelago
924 4618 1169 4675 ﬂuetibus
1195 4622 1413 4692 agitato,
1444 4622 1580 4677 hanc
1604 4624 1889 4692 tranquillo

318 4709 514 4778 portui.
544 4709 728 4782 Neque
775 4713 917 4768 enim
951 4714 1194 4769 turbatur
1217 4729 1248 4768 a
1279 4715 1521 4784 malignis
1546 4716 1752 4780 ventis,
1795 4714 1890 4770 sed

319 4800 440 4855 illos
471 4801 623 4858 facile
668 4803 838 4858 sedat.
863 4804 996 4859 Nam
1020 4805 1107 4875 qui
1138 4806 1490 4861 contumelias
1517 4805 1772 4869 inferunt.
1803 4807 1888 4861 ni-

321 4888 394 4942 hil
424 4905 529 4946 non
554 4902 716 4961 agunt
739 4904 793 4948 ut
821 4894 1132 4960 mordeant;
1162 4909 1283 4950 cum
1305 4903 1483 4950 autem
1511 4895 1610 4950 hac
1633 4909 1730 4964 spe
1757 4896 1890 4966 lapsi

322 4991 463 5048 sunt,
487 4983 585 5052 ipsi
606 4984 819 5041 demum
845 4987 1116 5052 sedantur,
1141 4997 1193 5042 et
1215 4987 1482 5043 emendati
1505 4987 1719 5044 abeunt.
1751 4987 1890 5045 Fieri

339 5190 352 5202 _
381 5130 399 5162 ⁸
427 5131 679 5203 μίᾳιροῃβ
700 5135 771 5184 sic
810 5135 1019 5203 habetur
1041 5137 1166 5203 apud
1205 5139 1446 5190 Itontf.....
1489 5153 1634 5203 quam
1654 5146 1891 5192 contume-

312 5191 402 5242 lia.
415 5191 449 5260 ,ί
463 5193 844 5264 Αάηζρὶρριιαεί
865 5211 992 5264 εδοα,
1008 5191 1231 5261 quddam
1249 5207 1321 5264 est
1343 5214 1450 5264 mne
1472 5191 1564 5252 n'an
1595 5191 1890 5254 attendetues

311 5254 517 5316 rapiat,]
535 5254 869 5327 difﬁciliusque
882 5265 953 5308 est
975 5254 1097 5310 hunc
1113 5273 1256 5322 quam
1279 5254 1412 5311 ﬁlum
1429 5277 1672 5326 superare.
1699 5266 1889 5314 L‘neinis

313 5314 480 5364 clausa
509 5328 603 5363 non
631 5329 942 5379 reperiuntur
970 5322 1014 5368 in
1041 5327 1180 5371 textu
1201 5324 1388 5374 Graeco.

366 5332 480 5364 ausa
509 5332 603 5363 non
631 5332 942 5374 reperiuntur
970 5336 1014 5368 tn
1041 5332 1180 5371 textu
1201 5332 1388 5374 Utarcu.

1125 313 1188 369 IN
1228 313 1629 370 ΜᾹΤΤΙΙᾹΞΙῘΜ
1674 312 1897 368 IIOMIL.
1941 312 2241 370 LXXXVII.
2281 314 2348 368 al.
2393 315 2720 370 LXXXVIII.

3472 326 3576 385 TN

1999 427 2139 478 enim
2165 425 2344 494 nequit
2372 435 2428 480 ut
2455 427 2535 481 vir
2559 428 2724 482 iratus
2753 443 2855 481 non
2889 443 2946 481 se
2974 427 3259 484 admodum
3281 431 3568 501 improbet.

1993 531 2138 576 sicut
2162 523 2278 575 fieri
2321 522 2510 592 nequit
2543 535 2602 575 ut
2629 522 2722 591 qui
2749 538 2854 577 non
2885 520 3142 576 irascitur
3169 522 3404 594 seipsum
3435 537 3568 577 cou-

1991 614 2227 666 demnet.
2249 612 2381 666 Nam
2401 615 2447 668 si
2467 614 2520 667 in
2534 614 2772 684 aliquem
2790 615 3076 685 insurgere
3095 623 3360 684 oporteat,
3380 613 3432 668 id
3449 615 3571 670 sine

1991 703 2069 756 ira
2097 713 2273 770 potest
2294 703 2429 769 ﬁeri,
2459 705 2748 773 etquidem
2776 701 2990 759 facilius
3011 704 3438 774 prudentiusque
3461 713 3566 770 est,

1990 811 2154 865 quam
2175 795 2372 848 iratum
2394 794 2444 848 id
2470 795 2676 850 lacere:
2705 796 2948 864 nihilque
2979 798 3248 865 ingratum
3271 798 3567 866 patiemur.

1991 885 2046 941 Si
2069 901 2305 954 namque
2322 885 2578 950 velimus,
2597 887 2740 956 apud
2760 903 2860 942 nos
2886 889 3032 957 ipsos
3050 888 3190 943 bona
3213 896 3394 954 erunt,
3413 895 3468 942 et
3479 886 3569 958 ju-

1986 986 2143 1030 vante
2171 975 2262 1031 Dei
2286 977 2453 1045 gratia
2479 978 2635 1030 nobis
2654 978 2782 1045 ipsis
2807 980 2935 1030 satis
2957 981 3156 1032 erimus
3179 979 3244 1034 ad
3270 981 3484 1034 tutelam
3509 991 3566 1033 et

1989 1065 2267 1120 honorem.
2301 1066 2410 1120 Cur
2438 1067 2582 1120 enim
2629 1065 2851 1136 gloriam
2901 1066 2968 1120 ab
3013 1069 3179 1123 altero
3222 1071 3456 1139 quaeris?
3487 1071 3564 1124 'l'u

1987 1157 2215 1225 teipsum
2259 1157 2460 1211 honora
2485 1197 2499 1223 ,
2531 1168 2584 1212 et
2612 1173 2771 1212 nemo
2801 1158 2891 1214 tibi
2946 1161 3138 1226 poterit
3183 1161 3562 1215 contumeliam

1987 1248 2216 1312 inferre;
2248 1248 2290 1301 si
2339 1263 2468 1303 vero
2514 1258 2568 1302 tu
2611 1250 2836 1318 teipsum
2891 1249 3246 1317 dehonestes,
3277 1253 3482 1306 etiamsi
3515 1264 3566 1306 te

1985 1352 2176 1394 omnes
2208 1337 2493 1403 honorent,
2520 1353 2622 1392 non
2648 1339 2699 1392 in
2725 1338 2926 1392 Imitan
2950 1341 3076 1394 eris.
3104 1339 3559 1407 Quemadmodum

1988 1430 2129 1486 enim
2160 1428 2262 1483 nisi
2296 1443 2399 1482 nos
2421 1429 2560 1481 malo
2586 1428 2884 1482 itnbuatnus
2915 1429 3102 1482 affectu
3128 1471 3143 1495 ,
3179 1445 3335 1483 nemo
3366 1445 3462 1484 nos
3491 1431 3568 1484 sic

1991 1519 2194 1574 imbuet
2217 1535 2230 1569 :
2263 1517 2342 1570 sic
2371 1517 2471 1572 nisi
2494 1532 2590 1570 nos
2613 1520 2930 1572 contumelia
2955 1518 3269 1585 afficiamus,
3295 1535 3450 1574 nemo
3476 1519 3569 1574 dc-

1987 1607 2282 1664 decorabit.
2309 1607 2390 1661 Sit
2414 1607 2556 1662 enim
2600 1607 2682 1661 vir
2706 1608 2966 1677 quispiam
2997 1609 3340 1664 admirandus
3366 1621 3420 1664 et
3450 1626 3565 1664 ma-

1986 1713 2126 1767 gnus
2148 1739 2162 1762 ,
2191 1712 2486 1766 omnesque
2518 1696 2663 1750 illum
2692 1697 2962 1753 moechum
2993 1709 3217 1765 vocent,
3245 1699 3413 1755 furem
3438 1742 3453 1766 ,
3482 1717 3566 1756 se-

1992 1789 2300 1860 pulcrorum
2349 1787 2657 1842 effossorem
2682 1829 2696 1852 ,
2747 1787 3102 1855 homicidam,
3151 1791 3448 1846 latronem:
3480 1794 3566 1848 ille

1989 1895 2118 1935 vero
2159 1895 2258 1935 nec
2289 1889 2566 1934 moveatur
2588 1922 2602 1944 ,
2636 1894 2734 1934 nec
2765 1879 3107 1951 indignetur,
3139 1883 3336 1937 nullius
3379 1898 3562 1938 eorum

1987 1973 2085 2026 sibi
2113 1974 2360 2026 conscius
2395 1991 2407 2026 :
2437 1987 2596 2040 quam
2625 1972 2713 2025 ille
2742 1972 3118 2027 contumeliam
3152 1973 3417 2042 patietur?
3440 1974 3565 2030 Nul-

1987 2062 2091 2116 lam
2139 2062 2318 2133 plane.
2353 2061 2490 2130 Quid
2535 2077 2696 2132 ergo,
2731 2063 2935 2130 inquies
2956 2103 2972 2128 ,
3007 2063 3052 2117 si
3083 2063 3234 2117 multi
3266 2065 3565 2134 lmjusmodi

1985 2153 2052 2205 de
2102 2153 2217 2222 ipso
2262 2153 2570 2222 Opinionem
2616 2152 2885 2206 habeant?
2915 2152 3094 2222 Neque
3125 2154 3203 2207 sic
3244 2158 3562 2211 contumelia

1985 2243 2208 2298 affectus
2238 2253 2354 2309 est,
2385 2243 2475 2297 sed
2505 2244 2577 2297 illi
2609 2243 2817 2313 seipsos
2843 2242 3236 2298 dedecorarunt
3257 2286 3271 2311 ,
3316 2247 3454 2316 quod
3487 2258 3564 2300 ta-

1986 2337 2088 2390 lem
2111 2336 2256 2390 illum
2282 2335 2415 2390 falso
2435 2335 2878 2390 existimaverint.
2912 2336 3006 2390 Dic
3027 2337 3167 2391 enim
3193 2338 3318 2391 mihi
3343 2379 3356 2402 ,
3381 2341 3423 2392 si
3447 2343 3564 2407 quis

1985 2430 2150 2485 Solem
2179 2429 2465 2484 obscurum
2488 2442 2608 2482 esse
2633 2435 2805 2498 putet,
2831 2443 2898 2482 an
2926 2427 3024 2481 soli
3053 2425 3302 2493 detraxit,
3329 2444 3395 2484 an
3423 2432 3563 2483 sibi?

1986 2521 2098 2574 Sibi
2146 2524 2326 2591 utique
2346 2562 2361 2586 ,
2411 2519 2537 2574 dum
2585 2519 2683 2573 sibi
2715 2528 2806 2572 aut
2846 2519 2971 2572 caici
3001 2527 3092 2573 aut
3120 2519 3342 2574 furentis
3371 2519 3562 2575 fatuam

1985 2612 2253 2667 conciliat.
2292 2611 2382 2666 Sic
2406 2619 2462 2664 et
2488 2610 2522 2663 ii
2569 2610 2659 2679 qui
2705 2609 2876 2662 bonos
2924 2624 3042 2663 esse
3086 2609 3256 2663 malos
3286 2619 3502 2678 putant,
3533 2630 3563 2666 e

1983 2701 2254 2757 contrario
2281 2700 2490 2769 seipsos
2513 2699 2778 2754 dedecore
2798 2699 3035 2752 afficiunt
3062 2716 3075 2752 :
3109 2698 3226 2752 ideo
3253 2701 3439 2769 majori
3475 2716 3554 2754 cn-

1986 2793 2207 2847 randum
2237 2791 2414 2847 studio
2443 2797 2562 2858 est,
2597 2801 2653 2845 ut
2682 2791 3062 2845 conscientiam
3092 2800 3330 2846 nostram
3359 2807 3560 2860 expur-

1983 2901 2168 2956 gemus
2189 2924 2204 2951 ,
2234 2899 2406 2954 neque
2432 2896 2616 2937 ansam
2642 2882 2802 2936 ullam
2834 2883 3118 2952 suspicioni
3149 2881 3371 2948 demus;
3396 2886 3440 2936 si
3473 2898 3562 2936 ve-

1985 2994 2046 3032 ro
2072 2977 2161 3031 alii
2189 2976 2368 3032 furere
2394 2973 2682 3042 voluerint,
2713 2974 2866 3028 nobis
2895 2974 2994 3028 hoc
3021 2974 3181 3029 modo
3205 2974 3428 3039 atl‘ectis,
3454 2991 3559 3029 nun

1985 3072 2034 3126 id
2063 3085 2252 3126 curare
2274 3111 2289 3136 ,
2321 3068 2406 3123 vel
2437 3068 2620 3123 dolere
2651 3081 2786 3137 opus
2831 3076 2932 3123 est.
2964 3067 3094 3122 Nam
3121 3068 3210 3136 qui
3241 3067 3413 3123 bonus
3440 3084 3561 3122 cum

1985 3163 2088 3226 sit,
2138 3160 2416 3230 improbus
2441 3175 2469 3213 a
2499 3158 2815 3230 quibusdam
2862 3167 3076 3228 putatur
3102 3173 3224 3213 esse
3247 3199 3263 3226 ,
3291 3157 3377 3211 hic
3417 3171 3565 3212 certe

1984 3252 2113 3307 nihil
2144 3253 2266 3306 hinc
2291 3251 2530 3317 lmditur;
2558 3251 2647 3321 qui
2680 3266 2804 3305 vero
2833 3249 2885 3305 id
2917 3250 3053 3305 male
3080 3257 3134 3302 et
3163 3258 3364 3304 temere
3384 3252 3561 3320 επιςρὶ-

1981 3353 2132 3400 catus
2157 3351 2260 3409 est,
2286 3343 2330 3396 is
2354 3350 2648 3398 extremam
2675 3339 2969 3411 perniciem
2999 3337 3191 3404 subiit;
3216 3338 3563 3406 quemadmo-

1981 3436 2106 3490 dum
2135 3444 2187 3491 et
2219 3433 2511 3504 improbus,
2544 3431 2590 3487 si
2620 3447 2652 3486 e
2675 3431 2946 3485 contrario
2968 3428 3140 3484 bonus
3158 3441 3281 3484 esse
3307 3437 3522 3498 putetur
3539 3469 3558 3494 ,

1983 3529 2113 3584 nihil
2144 3527 2268 3582 hinc
2297 3525 2630 3590 lucrabitur;
2657 3523 2750 3578 sed
2780 3521 2970 3592 majori
2996 3521 3258 3578 obnoxius
3284 3521 3386 3576 erit
3408 3519 3563 3576 dam-

1982 3619 2185 3674 nationi
2213 3660 2229 3686 ,
2277 3617 2439 3688 inque
2468 3616 2724 3685 majorem
2755 3613 2954 3668 incidet
2980 3626 3286 3671 maerorem.
3312 3611 3444 3667 Nam
3472 3614 3560 3681 qui

1985 3711 2159 3764 malus
2185 3724 2306 3763 cum
2336 3709 2407 3762 sit
2429 3747 2442 3770 ,
2487 3706 2656 3760 malus
2683 3704 3018 3758 existimatur
3041 3717 3194 3768 esse,
3227 3702 3360 3756 forte
3390 3701 3567 3754 111111ιί-

1985 3801 2142 3854 liatus
2165 3839 2179 3863 ,
2209 3808 2426 3869 peccata
2456 3811 2552 3850 sua
2580 3795 2818 3859 noverit;
2848 3794 2891 3846 si
2921 3806 3050 3847 vero
3088 3793 3281 3857 lateat,
3309 3793 3361 3846 in
3404 3792 3563 3846 indo-

1985 3891 2199 3946 lentiam
2223 3887 2455 3944 decidet.
2482 3887 2614 3942 Nam
2636 3886 2679 3940 si
2705 3883 3076 3940 accusantibus
3096 3883 3346 3938 omnibus
3371 3899 3560 3955 pecca-

1984 3993 2128 4038 tores
2159 3983 2243 4038 vix
2296 3981 2596 4037 excitantur
2644 3978 2712 4034 ad
2751 3987 3261 4047 compuncttonem:
3302 3991 3423 4031 cum
3455 3993 3563 4032 non

1985 4075 2142 4134 modo
2171 4089 2274 4129 non
2295 4080 2576 4137 accusent,
2603 4071 2698 4128 sed
2721 4071 2878 4124 etiam
2903 4067 3122 4123 laudent
3142 4069 3403 4136 nonnulli,
3431 4085 3566 4141 quo-

1984 4167 2143 4222 modo
2184 4166 2369 4220 oculos
2411 4165 2618 4234 aperire
2661 4162 2865 4233 possint
2907 4161 2959 4217 in
3005 4161 3237 4231 nequitia
3280 4161 3563 4217 viventes?

1983 4258 2097 4314 Non
2119 4257 2270 4313 audis
2299 4256 2518 4312 Paulum
2537 4264 2876 4310 accusantem
2897 4252 3038 4322 quod
3061 4251 3432 4307 fornicator-em
3457 4269 3563 4307 non

1985 4345 2144 4406 modo
2169 4366 2272 4405 non
2300 4351 2521 4404 siverint
2545 4345 2805 4402 Corinthii
2839 4354 3110 4417 peccatum
3133 4359 3284 4400 suum
3306 4361 3562 4415 agnosce—

1987 4459 2044 4497 re
2065 4485 2080 4506 ,
2113 4443 2239 4496 dum
2271 4441 2595 4496 honorarent
2625 4438 2772 4493 illum
2799 4479 2815 4505 ,
2850 4437 3054 4507 ipsique
3081 4436 3391 4504 plauderent
3417 4475 3436 4504 ,
3467 4439 3559 4491 sed

1985 4533 2144 4587 etiam
2173 4539 2226 4586 in
2253 4531 2487 4602 nequitia
2527 4527 2856 4584 detinuerint
2895 4531 2911 4596 (
2934 4529 2986 4582 l.
3012 4529 3128 4582 Cor.
3153 4528 3208 4582 5.
3243 4527 3342 4596 l)?
3363 4529 3558 4593 Quam-

1985 4626 2192 4690 obrem,
2223 4623 2448 4679 obsecro
2467 4665 2482 4690 ,
2517 4623 2801 4676 multorum
2833 4621 3132 4690 opiniones,
3164 4622 3515 4676 contumelias
3540 4663 3556 4686 ,

1987 4717 2217 4772 h0nores
2243 4715 2570 4785 negligentes
2592 4755 2606 4778 ,
2641 4714 2740 4767 hoc
2771 4727 2934 4766 unum
2973 4711 3280 4766 studeamus
3302 4753 3318 4778 ,
3352 4722 3408 4766 ut
3439 4717 3562 4766 tutt-

1986 4810 2088 4864 lius
2118 4806 2243 4863 mali
2273 4807 2426 4861 nobis
2455 4807 2654 4860 conscii
2684 4805 2870 4868 simus,
2900 4819 3070 4874 neque
3097 4818 3194 4858 nos
3225 4804 3368 4874 ipsos
3397 4804 3565 4859 dede-

1985 4916 2111 4955 core
2137 4897 2470 4962 afliciamns;
2518 4898 2593 4951 sic
2637 4897 2780 4951 enim
2807 4905 2860 4950 et
2888 4895 2971 4950 hic
3001 4905 3056 4951 et
3083 4896 3134 4950 in
3165 4894 3341 4950 futuro
3368 4899 3565 4951 sa'ctnlo

1985 4989 2151 5044 multa
2197 4989 2364 5059 gloria
2400 4987 2676 5051 fruemur;
2725 5001 2881 5056 quam
2931 4985 3133 5040 utinam
3176 5001 3567 5056 consequamur

1987 5094 2195 5144 omnes,
2219 5079 2388 5149 gratia
2418 5087 2469 5131 et
2496 5077 2818 5148 benignitate
2843 5077 3048 5131 Domini
3077 5077 3243 5132 nostri
3267 5077 3390 5132 Jcsu
3412 5077 3566 5131 Citri-

1988 5172 2053 5224 sti
2079 5212 2094 5236 ,
2123 5168 2338 5240 quicum
2382 5168 2524 5223 Patri
2566 5167 2829 5238 simulque
2857 5167 3074 5237 Spiritui
3105 5178 3291 5222 sancto
3319 5167 3484 5236 gloria
3513 5180 3568 5221 ct

1987 5263 2265 5332 imperium
2292 5303 2305 5326 ,
2329 5276 2469 5315 nunc
2496 5271 2550 5314 et
2581 5275 2814 5331 semper,
2843 5271 2896 5314 et
2919 5261 2969 5314 in
2996 5263 3189 5315 sarcula
3216 5260 3561 5314 smculurum.

1989 5360 2176 5409 Amen.

1707 5539 2192 5620 Μ

639 5809 906 5871 Parnm.
950 5808 1063 5869 Gtt.
1115 5803 1328 5866 LVIII.
