  <div class='ocr_page' id='page_1' title='image "/cluster/home/n/w/nwhite01/storage/ocr_20150623/58/mdp.39015008622634/317.png"; bbox 0 0 4058 6144; ppageno 0'>
   <div class='ocr_carea' id='block_1_1' title="bbox 1229 250 2067 328">
    <p class='ocr_par' dir='ltr' id='par_1_1' title="bbox 1229 250 2067 328">
     <span class='ocr_line' id='line_1_1' title="bbox 1229 250 2067 328; baseline -0.012 0"><span class='ocrx_word' id='word_1_1' title='bbox 1229 250 1232 253; x_wconf 33' lang='grc' dir='ltr'>λ</span> <span class='ocrx_word' id='word_1_2' title='bbox 1275 277 1312 327; x_wconf 87' lang='lat' dir='ltr'><strong>s</strong></span> <span class='ocrx_word' id='word_1_3' title='bbox 1372 272 1647 328; x_wconf 57' lang='lat' dir='ltr'><strong>303Nle</strong></span> <span class='ocrx_word' id='word_1_4' title='bbox 1680 266 2067 323; x_wconf 65' lang='lat' dir='ltr'><strong>cenvsosro</strong></span> 
     </span>
    </p>
   </div>
   <div class='ocr_carea' id='block_1_2' title="bbox 2171 250 3063 328">
    <p class='ocr_par' dir='ltr' id='par_1_2' title="bbox 2178 265 3063 321">
     <span class='ocr_line' id='line_1_2' title="bbox 2178 265 3063 321; baseline 0.002 -3"><span class='ocrx_word' id='word_1_5' title='bbox 2178 269 2212 318; x_wconf 62' lang='grc' dir='ltr'>Α</span> <span class='ocrx_word' id='word_1_6' title='bbox 2224 265 2488 320; x_wconf 75' lang='lat' dir='ltr'><strong>RCIIIEP.</strong></span> <span class='ocrx_word' id='word_1_7' title='bbox 2532 266 2664 320; x_wconf 76' lang='lat' dir='ltr'><strong>CON</strong></span> <span class='ocrx_word' id='word_1_8' title='bbox 2677 266 3063 321; x_wconf 62' lang='grc' dir='ltr'><strong>ὶΤΑΝΤΙΝΟΡ.</strong></span> 
     </span>
    </p>
   </div>
   <div class='ocr_carea' id='block_1_3' title="bbox 1471 403 2357 423">
    <p class='ocr_par' dir='ltr' id='par_1_3' title="bbox 1471 403 2357 423">
     <span class='ocr_line' id='line_1_3' title="bbox 1471 403 2357 423; baseline -0.011 -2"><span class='ocrx_word' id='word_1_9' title='bbox 1471 409 1860 423; x_wconf 71' lang='lat'><strong>..__—._.~—-.——</strong></span> <span class='ocrx_word' id='word_1_10' title='bbox 1869 403 2290 416; x_wconf 55' lang='grc' dir='ltr'><strong>..α--ι--ι--υ-α</strong></span> <span class='ocrx_word' id='word_1_11' title='bbox 2300 404 2357 412; x_wconf 69' lang='grc' dir='ltr'><strong>-ν</strong></span> 
     </span>
    </p>
   </div>
   <div class='ocr_carea' id='block_1_4' title="bbox 3656 265 3761 319">
    <p class='ocr_par' dir='ltr' id='par_1_4' title="bbox 3656 265 3761 319">
     <span class='ocr_line' id='line_1_4' title="bbox 3656 265 3761 319; baseline 0.038 -4"><span class='ocrx_word' id='word_1_12' title='bbox 3656 265 3761 319; x_wconf 76' lang='grc' dir='ltr'><strong>’77ίῖ</strong></span> 
     </span>
    </p>
   </div>
   <div class='ocr_carea' id='block_1_5' title="bbox 2359 403 2702 413">
    <p class='ocr_par' dir='ltr' id='par_1_5' title="bbox 2359 403 2702 413">
     <span class='ocr_line' id='line_1_5' title="bbox 2359 403 2702 413; baseline -0.006 -1"><span class='ocrx_word' id='word_1_13' title='bbox 2359 403 2702 413; x_wconf 63' lang='grc' dir='ltr'><strong>-α--σ--νσ-</strong></span> 
     </span>
    </p>
   </div>
   <div class='ocr_carea' id='block_1_6' title="bbox 1473 476 2815 544">
    <p class='ocr_par' dir='ltr' id='par_1_6' title="bbox 1473 476 2815 544">
     <span class='ocr_line' id='line_1_6' title="bbox 1473 476 2815 544; baseline -0.005 0"><span class='ocrx_word' id='word_1_14' title='bbox 1473 482 1819 544; x_wconf 76' lang='lat' dir='ltr'><strong>llOMlLlA</strong></span> <span class='ocrx_word' id='word_1_15' title='bbox 1863 477 2276 538; x_wconf 79' lang='lat' dir='ltr'>LXXXVIII.</span> <span class='ocrx_word' id='word_1_16' title='bbox 2323 476 2406 536; x_wconf 82' lang='lat' dir='ltr'><strong>al.</strong></span> <span class='ocrx_word' id='word_1_17' title='bbox 2453 477 2815 540; x_wconf 88' lang='lat' dir='ltr'>LXXXIX.</span> 
     </span>
    </p>
   </div>
   <div class='ocr_carea' id='block_1_7' title="bbox 473 622 2065 702">
    <p class='ocr_par' dir='ltr' id='par_1_7' title="bbox 473 622 2065 702">
     <span class='ocr_line' id='line_1_7' title="bbox 473 622 2065 702; baseline -0.018 -1"><span class='ocrx_word' id='word_1_18' title='bbox 473 648 600 702; x_wconf 59' lang='lat' dir='ltr'><strong>(lae.</strong></span> <span class='ocrx_word' id='word_1_19' title='bbox 638 646 727 699; x_wconf 75' lang='lat'><strong>9.7.</strong></span> <span class='ocrx_word' id='word_1_20' title='bbox 771 660 820 699; x_wconf 91' lang='lat' dir='ltr'><strong>v.</strong></span> <span class='ocrx_word' id='word_1_21' title='bbox 870 642 958 695; x_wconf 63' lang='lat'><strong>45.</strong></span> <span class='ocrx_word' id='word_1_22' title='bbox 1013 640 1055 693; x_wconf 77' lang='grc' dir='ltr'><em>Α</em></span> <span class='ocrx_word' id='word_1_23' title='bbox 1098 647 1237 692; x_wconf 72' lang='lat' dir='ltr'><strong>sexta</strong></span> <span class='ocrx_word' id='word_1_24' title='bbox 1271 644 1437 688; x_wconf 78' lang='lat' dir='ltr'><strong>autent</strong></span> <span class='ocrx_word' id='word_1_25' title='bbox 1491 636 1615 683; x_wconf 79' lang='lat' dir='ltr'><strong>liora</strong></span> <span class='ocrx_word' id='word_1_26' title='bbox 1666 624 1877 679; x_wconf 71' lang='lat' dir='ltr'><strong>tenebrae</strong></span> <span class='ocrx_word' id='word_1_27' title='bbox 1917 622 2065 690; x_wconf 74' lang='lat' dir='ltr'><strong>facta:</strong></span> 
     </span>
    </p>
   </div>
   <div class='ocr_carea' id='block_1_8' title="bbox 548 719 2058 801">
    <p class='ocr_par' dir='ltr' id='par_1_8' title="bbox 548 719 2058 801">
     <span class='ocr_line' id='line_1_8' title="bbox 548 719 2058 801; baseline -0.018 -11"><span class='ocrx_word' id='word_1_28' title='bbox 548 747 665 790; x_wconf 81' lang='lat' dir='ltr'><strong>sunt</strong></span> <span class='ocrx_word' id='word_1_29' title='bbox 686 751 837 801; x_wconf 75' lang='lat' dir='ltr'><strong>super</strong></span> <span class='ocrx_word' id='word_1_30' title='bbox 864 733 1148 785; x_wconf 83' lang='lat' dir='ltr'><strong>uuirersam</strong></span> <span class='ocrx_word' id='word_1_31' title='bbox 1177 738 1361 780; x_wconf 85' lang='lat' dir='ltr'><strong>terram</strong></span> <span class='ocrx_word' id='word_1_32' title='bbox 1384 738 1539 791; x_wconf 81' lang='lat' dir='ltr'><strong>usque</strong></span> <span class='ocrx_word' id='word_1_33' title='bbox 1564 719 1631 772; x_wconf 85' lang='lat' dir='ltr'><strong>ad</strong></span> <span class='ocrx_word' id='word_1_34' title='bbox 1657 719 1833 771; x_wconf 83' lang='lat' dir='ltr'><strong>horam</strong></span> <span class='ocrx_word' id='word_1_35' title='bbox 1855 728 2058 766; x_wconf 76' lang='lat' dir='ltr'><strong>tranant.</strong></span> 
     </span>
    </p>
   </div>
   <div class='ocr_carea' id='block_1_9' title="bbox 544 805 2066 880">
    <p class='ocr_par' dir='ltr' id='par_1_9' title="bbox 544 805 2066 880">
     <span class='ocr_line' id='line_1_9' title="bbox 544 805 2066 880; baseline -0.018 0"><span class='ocrx_word' id='word_1_36' title='bbox 544 827 632 880; x_wconf 67' lang='lat'><strong>46.</strong></span> <span class='ocrx_word' id='word_1_37' title='bbox 680 822 829 878; x_wconf 84' lang='lat' dir='ltr'><strong>Circa</strong></span> <span class='ocrx_word' id='word_1_38' title='bbox 871 832 1039 875; x_wconf 86' lang='lat' dir='ltr'><strong>autem</strong></span> <span class='ocrx_word' id='word_1_39' title='bbox 1083 820 1259 872; x_wconf 83' lang='lat' dir='ltr'><strong>horam</strong></span> <span class='ocrx_word' id='word_1_40' title='bbox 1288 829 1471 868; x_wconf 83' lang='lat' dir='ltr'><strong>nouant</strong></span> <span class='ocrx_word' id='word_1_41' title='bbox 1500 810 1732 865; x_wconf 83' lang='lat' dir='ltr'><strong>clamavit</strong></span> <span class='ocrx_word' id='word_1_42' title='bbox 1770 805 1921 859; x_wconf 84' lang='lat' dir='ltr'><strong>Jcsus</strong></span> <span class='ocrx_word' id='word_1_43' title='bbox 1950 817 2066 854; x_wconf 76' lang='lat' dir='ltr'><strong>race</strong></span> 
     </span>
    </p>
   </div>
   <div class='ocr_carea' id='block_1_10' title="bbox 544 896 2059 988">
    <p class='ocr_par' dir='ltr' id='par_1_10' title="bbox 544 896 2059 988">
     <span class='ocr_line' id='line_1_10' title="bbox 544 896 2059 988; baseline -0.017 -18"><span class='ocrx_word' id='word_1_44' title='bbox 544 932 753 988; x_wconf 84' lang='lat' dir='ltr'><strong>magna,</strong></span> <span class='ocrx_word' id='word_1_45' title='bbox 784 913 997 967; x_wconf 84' lang='lat' dir='ltr'><strong>dicens:</strong></span> <span class='ocrx_word' id='word_1_46' title='bbox 1031 910 1134 973; x_wconf 74' lang='lat' dir='ltr'><strong>Eli,</strong></span> <span class='ocrx_word' id='word_1_47' title='bbox 1169 908 1274 971; x_wconf 83' lang='lat' dir='ltr'><strong>Eli,</strong></span> <span class='ocrx_word' id='word_1_48' title='bbox 1317 908 1453 960; x_wconf 78' lang='lat' dir='ltr'><strong>tanta</strong></span> <span class='ocrx_word' id='word_1_49' title='bbox 1494 899 1787 957; x_wconf 83' lang='lat' dir='ltr'><strong>sabactliani</strong></span> <span class='ocrx_word' id='word_1_50' title='bbox 1809 898 1834 950; x_wconf 70' lang='grc' dir='ltr'><strong><em>Ρ</em></strong></span> <span class='ocrx_word' id='word_1_51' title='bbox 1872 896 1931 957; x_wconf 36' lang='grc' dir='ltr'><strong>ἑά,</strong></span> <span class='ocrx_word' id='word_1_52' title='bbox 1968 903 2059 953; x_wconf 84' lang='lat' dir='ltr'><strong>est,</strong></span> 
     </span>
    </p>
   </div>
   <div class='ocr_carea' id='block_1_11' title="bbox 546 985 2056 1071">
    <p class='ocr_par' dir='ltr' id='par_1_11' title="bbox 546 985 2056 1071">
     <span class='ocr_line' id='line_1_11' title="bbox 546 985 2056 1071; baseline -0.019 -9"><span class='ocrx_word' id='word_1_53' title='bbox 546 985 687 1062; x_wconf 73' lang='lat' dir='ltr'><strong>Deus</strong></span> <span class='ocrx_word' id='word_1_54' title='bbox 717 1021 877 1071; x_wconf 81' lang='lat' dir='ltr'><strong>meas,</strong></span> <span class='ocrx_word' id='word_1_55' title='bbox 908 1003 1047 1058; x_wconf 86' lang='lat' dir='ltr'><strong>Deus</strong></span> <span class='ocrx_word' id='word_1_56' title='bbox 1071 1016 1228 1063; x_wconf 83' lang='lat' dir='ltr'><strong>meus,</strong></span> <span class='ocrx_word' id='word_1_57' title='bbox 1261 1006 1316 1051; x_wconf 85' lang='lat' dir='ltr'><strong>ut</strong></span> <span class='ocrx_word' id='word_1_58' title='bbox 1340 995 1461 1067; x_wconf 83' lang='lat' dir='ltr'><strong>quid</strong></span> <span class='ocrx_word' id='word_1_59' title='bbox 1488 989 1798 1061; x_wconf 79' lang='lat' dir='ltr'><strong>dereliquisti</strong></span> <span class='ocrx_word' id='word_1_60' title='bbox 1823 985 1942 1040; x_wconf 83' lang='lat' dir='ltr'><strong>me?</strong></span> <span class='ocrx_word' id='word_1_61' title='bbox 1969 985 2056 1038; x_wconf 73' lang='grc'><strong>47.</strong></span> 
     </span>
    </p>
   </div>
   <div class='ocr_carea' id='block_1_12' title="bbox 548 1080 2058 1165">
    <p class='ocr_par' dir='ltr' id='par_1_12' title="bbox 548 1080 2058 1165">
     <span class='ocr_line' id='line_1_12' title="bbox 548 1080 2058 1165; baseline -0.017 -12"><span class='ocrx_word' id='word_1_62' title='bbox 548 1099 770 1165; x_wconf 80' lang='lat' dir='ltr'><strong>Quidam</strong></span> <span class='ocrx_word' id='word_1_63' title='bbox 797 1112 911 1151; x_wconf 82' lang='lat' dir='ltr'><strong>vero</strong></span> <span class='ocrx_word' id='word_1_64' title='bbox 941 1110 1005 1148; x_wconf 76' lang='lat' dir='ltr'><strong>ea:</strong></span> <span class='ocrx_word' id='word_1_65' title='bbox 1031 1089 1367 1154; x_wconf 73' lang='lat' dir='ltr'><strong>adstantibus,</strong></span> <span class='ocrx_word' id='word_1_66' title='bbox 1393 1102 1507 1141; x_wconf 82' lang='lat' dir='ltr'><strong>cum</strong></span> <span class='ocrx_word' id='word_1_67' title='bbox 1536 1085 1640 1137; x_wconf 75' lang='lat' dir='ltr'><strong>lucc</strong></span> <span class='ocrx_word' id='word_1_68' title='bbox 1668 1080 1924 1139; x_wconf 78' lang='lat' dir='ltr'><strong>audirent,</strong></span> <span class='ocrx_word' id='word_1_69' title='bbox 1956 1087 2058 1129; x_wconf 89' lang='lat' dir='ltr'><strong>etc.</strong></span> 
     </span>
    </p>
   </div>
   <div class='ocr_carea' id='block_1_13' title="bbox 548 1230 2063 1322">
    <p class='ocr_par' dir='ltr' id='par_1_13' title="bbox 548 1230 2063 1322">
     <span class='ocr_line' id='line_1_13' title="bbox 548 1230 2063 1322; baseline -0.023 -8"><span class='ocrx_word' id='word_1_70' title='bbox 548 1261 601 1314; x_wconf 79' lang='lat' dir='ltr'><strong>l.</strong></span> <span class='ocrx_word' id='word_1_71' title='bbox 630 1257 743 1312; x_wconf 80' lang='lat' dir='ltr'><strong>Hoc</strong></span> <span class='ocrx_word' id='word_1_72' title='bbox 772 1262 855 1309; x_wconf 89' lang='lat' dir='ltr'><strong>est</strong></span> <span class='ocrx_word' id='word_1_73' title='bbox 899 1253 1108 1322; x_wconf 80' lang='lat' dir='ltr'><strong>signum</strong></span> <span class='ocrx_word' id='word_1_74' title='bbox 1145 1243 1296 1308; x_wconf 90' lang='lat' dir='ltr'><strong>illud,</strong></span> <span class='ocrx_word' id='word_1_75' title='bbox 1323 1239 1461 1313; x_wconf 90' lang='lat' dir='ltr'><strong>quod</strong></span> <span class='ocrx_word' id='word_1_76' title='bbox 1491 1238 1635 1308; x_wconf 91' lang='lat' dir='ltr'><strong>prius</strong></span> <span class='ocrx_word' id='word_1_77' title='bbox 1671 1230 1974 1305; x_wconf 90' lang='lat' dir='ltr'><strong>petentibus</strong></span> <span class='ocrx_word' id='word_1_78' title='bbox 2004 1242 2063 1280; x_wconf 89' lang='lat' dir='ltr'><strong>se</strong></span> 
     </span>
    </p>
   </div>
   <div class='ocr_carea' id='block_1_14' title="bbox 475 1327 2063 1411">
    <p class='ocr_par' dir='ltr' id='par_1_14' title="bbox 475 1327 2063 1411">
     <span class='ocr_line' id='line_1_14' title="bbox 475 1327 2063 1411; baseline -0.02 -8"><span class='ocrx_word' id='word_1_79' title='bbox 475 1352 723 1405; x_wconf 86' lang='lat' dir='ltr'><strong>daturum</strong></span> <span class='ocrx_word' id='word_1_80' title='bbox 775 1342 1140 1411; x_wconf 89' lang='lat' dir='ltr'><strong>pollicebatur,</strong></span> <span class='ocrx_word' id='word_1_81' title='bbox 1199 1336 1383 1389; x_wconf 90' lang='lat' dir='ltr'><strong>dicens</strong></span> <span class='ocrx_word' id='word_1_82' title='bbox 1430 1349 1444 1385; x_wconf 91' lang='lat'>:</span> <span class='ocrx_word' id='word_1_83' title='bbox 1496 1327 1763 1383; x_wconf 76' lang='lat' dir='ltr'><strong>Generatio</strong></span> <span class='ocrx_word' id='word_1_84' title='bbox 1812 1338 1967 1391; x_wconf 74' lang='lat' dir='ltr'><strong>praua</strong></span> <span class='ocrx_word' id='word_1_85' title='bbox 2014 1330 2063 1374; x_wconf 89' lang='lat' dir='ltr'><strong>et</strong></span> 
     </span>
    </p>
   </div>
   <div class='ocr_carea' id='block_1_15' title="bbox 478 1412 2065 1506">
    <p class='ocr_par' dir='ltr' id='par_1_15' title="bbox 478 1412 2065 1506">
     <span class='ocr_line' id='line_1_15' title="bbox 478 1412 2065 1506; baseline -0.02 -10"><span class='ocrx_word' id='word_1_86' title='bbox 478 1442 709 1495; x_wconf 79' lang='lat' dir='ltr'><strong>adultera</strong></span> <span class='ocrx_word' id='word_1_87' title='bbox 735 1439 932 1506; x_wconf 78' lang='lat' dir='ltr'><strong>signant</strong></span> <span class='ocrx_word' id='word_1_88' title='bbox 962 1431 1162 1504; x_wconf 80' lang='lat' dir='ltr'><strong>quwrit,</strong></span> <span class='ocrx_word' id='word_1_89' title='bbox 1195 1437 1241 1482; x_wconf 87' lang='lat' dir='ltr'><strong>et</strong></span> <span class='ocrx_word' id='word_1_90' title='bbox 1273 1428 1473 1494; x_wconf 84' lang='lat' dir='ltr'><strong>signum</strong></span> <span class='ocrx_word' id='word_1_91' title='bbox 1510 1438 1610 1475; x_wconf 85' lang='lat' dir='ltr'><strong>non</strong></span> <span class='ocrx_word' id='word_1_92' title='bbox 1644 1419 1847 1472; x_wconf 80' lang='lat' dir='ltr'><strong>dabitur</strong></span> <span class='ocrx_word' id='word_1_93' title='bbox 1873 1414 1938 1479; x_wconf 90' lang='lat' dir='ltr'><strong>ei,</strong></span> <span class='ocrx_word' id='word_1_94' title='bbox 1967 1412 2065 1466; x_wconf 81' lang='lat' dir='ltr'><strong>nisi</strong></span> 
     </span>
    </p>
   </div>
   <div class='ocr_carea' id='block_1_16' title="bbox 479 1509 2059 1606">
    <p class='ocr_par' dir='ltr' id='par_1_16' title="bbox 479 1509 2059 1606">
     <span class='ocr_line' id='line_1_16' title="bbox 479 1509 2059 1606; baseline -0.02 -18"><span class='ocrx_word' id='word_1_95' title='bbox 479 1541 678 1606; x_wconf 79' lang='lat' dir='ltr'><strong>signant</strong></span> <span class='ocrx_word' id='word_1_96' title='bbox 711 1530 861 1584; x_wconf 79' lang='lat' dir='ltr'><strong>Joua:</strong></span> <span class='ocrx_word' id='word_1_97' title='bbox 898 1525 1154 1596; x_wconf 75' lang='lat' dir='ltr'><strong>prop/tela:</strong></span> <span class='ocrx_word' id='word_1_98' title='bbox 1182 1518 1394 1593; x_wconf 82' lang='lat' dir='ltr'><strong>(Matth.</strong></span> <span class='ocrx_word' id='word_1_99' title='bbox 1430 1515 1513 1570; x_wconf 62' lang='lat' dir='ltr'><strong>li.</strong></span> <span class='ocrx_word' id='word_1_100' title='bbox 1541 1514 1631 1583; x_wconf 82' lang='grc'><strong>’59)</strong></span> <span class='ocrx_word' id='word_1_101' title='bbox 1667 1529 1680 1565; x_wconf 88' lang='lat'><strong>:</strong></span> <span class='ocrx_word' id='word_1_102' title='bbox 1714 1509 1800 1563; x_wconf 90' lang='lat' dir='ltr'><strong>ubi</strong></span> <span class='ocrx_word' id='word_1_103' title='bbox 1823 1520 2059 1569; x_wconf 83' lang='lat' dir='ltr'><strong>crucem,</strong></span> 
     </span>
    </p>
   </div>
   <div class='ocr_carea' id='block_1_17' title="bbox 481 1598 2060 1691">
    <p class='ocr_par' dir='ltr' id='par_1_17' title="bbox 481 1598 2060 1691">
     <span class='ocr_line' id='line_1_17' title="bbox 481 1598 2060 1691; baseline -0.02 -11"><span class='ocrx_word' id='word_1_104' title='bbox 481 1636 732 1686; x_wconf 87' lang='lat' dir='ltr'><strong>mortem,</strong></span> <span class='ocrx_word' id='word_1_105' title='bbox 784 1619 1085 1691; x_wconf 87' lang='lat' dir='ltr'><strong>sepulcrum</strong></span> <span class='ocrx_word' id='word_1_106' title='bbox 1117 1616 1132 1645; x_wconf 83' lang='grc'>¹</span> <span class='ocrx_word' id='word_1_107' title='bbox 1165 1622 1219 1668; x_wconf 84' lang='lat' dir='ltr'><strong>et</strong></span> <span class='ocrx_word' id='word_1_108' title='bbox 1272 1606 1717 1665; x_wconf 90' lang='lat' dir='ltr'><strong>resurrectionem</strong></span> <span class='ocrx_word' id='word_1_109' title='bbox 1779 1598 2060 1669; x_wconf 77' lang='lat' dir='ltr'><strong>significat.</strong></span> 
     </span>
    </p>
   </div>
   <div class='ocr_carea' id='block_1_18' title="bbox 482 1688 2061 1772">
    <p class='ocr_par' dir='ltr' id='par_1_18' title="bbox 482 1688 2061 1772">
     <span class='ocr_line' id='line_1_18' title="bbox 482 1688 2061 1772; baseline -0.021 1"><span class='ocrx_word' id='word_1_110' title='bbox 482 1719 548 1772; x_wconf 78' lang='lat' dir='ltr'><strong>Et</strong></span> <span class='ocrx_word' id='word_1_111' title='bbox 578 1731 761 1770; x_wconf 79' lang='lat' dir='ltr'><strong>rursus</strong></span> <span class='ocrx_word' id='word_1_112' title='bbox 787 1713 893 1766; x_wconf 90' lang='lat' dir='ltr'><strong>alio</strong></span> <span class='ocrx_word' id='word_1_113' title='bbox 935 1708 1093 1764; x_wconf 89' lang='lat' dir='ltr'><strong>modo</strong></span> <span class='ocrx_word' id='word_1_114' title='bbox 1122 1706 1370 1759; x_wconf 73' lang='lat' dir='ltr'><strong>virtutem</strong></span> <span class='ocrx_word' id='word_1_115' title='bbox 1398 1700 1572 1754; x_wconf 83' lang='lat' dir='ltr'><strong>crucis</strong></span> <span class='ocrx_word' id='word_1_116' title='bbox 1606 1690 1951 1765; x_wconf 79' lang='lat' dir='ltr'><strong>significando</strong></span> <span class='ocrx_word' id='word_1_117' title='bbox 1976 1688 2061 1741; x_wconf 91' lang='lat' dir='ltr'><strong>di-</strong></span> 
     </span>
    </p>
   </div>
   <div class='ocr_carea' id='block_1_19' title="bbox 478 1788 2060 1865">
    <p class='ocr_par' dir='ltr' id='par_1_19' title="bbox 478 1788 2060 1865">
     <span class='ocr_line' id='line_1_19' title="bbox 478 1788 2060 1865; baseline -0.02 -2"><span class='ocrx_word' id='word_1_118' title='bbox 478 1809 632 1865; x_wconf 86' lang='lat' dir='ltr'><strong>cebat</strong></span> <span class='ocrx_word' id='word_1_119' title='bbox 660 1825 673 1857; x_wconf 88' lang='lat'>:</span> <span class='ocrx_word' id='word_1_120' title='bbox 704 1803 831 1860; x_wconf 85' lang='lat' dir='ltr'><strong>Cum</strong></span> <span class='ocrx_word' id='word_1_121' title='bbox 860 1796 1199 1856; x_wconf 77' lang='lat' dir='ltr'><strong>exultaveritis</strong></span> <span class='ocrx_word' id='word_1_122' title='bbox 1230 1793 1423 1847; x_wconf 83' lang='lat' dir='ltr'><strong>Filium</strong></span> <span class='ocrx_word' id='word_1_123' title='bbox 1464 1788 1701 1847; x_wconf 81' lang='lat' dir='ltr'><strong>hominis,</strong></span> <span class='ocrx_word' id='word_1_124' title='bbox 1728 1794 1845 1837; x_wconf 85' lang='lat' dir='ltr'><strong>tunc</strong></span> <span class='ocrx_word' id='word_1_125' title='bbox 1873 1796 2060 1851; x_wconf 83' lang='lat' dir='ltr'><strong>cogno-</strong></span> 
     </span>
    </p>
   </div>
   <div class='ocr_carea' id='block_1_20' title="bbox 477 1874 2063 1966">
    <p class='ocr_par' dir='ltr' id='par_1_20' title="bbox 477 1874 2063 1966">
     <span class='ocr_line' id='line_1_20' title="bbox 477 1874 2063 1966; baseline -0.018 -12"><span class='ocrx_word' id='word_1_126' title='bbox 477 1899 623 1954; x_wconf 77' lang='lat' dir='ltr'><strong>scetis</strong></span> <span class='ocrx_word' id='word_1_127' title='bbox 651 1896 770 1963; x_wconf 87' lang='lat' dir='ltr'><strong>quia</strong></span> <span class='ocrx_word' id='word_1_128' title='bbox 800 1912 888 1966; x_wconf 78' lang='lat' dir='ltr'><strong>ego</strong></span> <span class='ocrx_word' id='word_1_129' title='bbox 916 1908 1030 1947; x_wconf 85' lang='lat' dir='ltr'><strong>sunt</strong></span> <span class='ocrx_word' id='word_1_130' title='bbox 1073 1887 1256 1959; x_wconf 83' lang='lat' dir='ltr'><strong>(Joan.</strong></span> <span class='ocrx_word' id='word_1_131' title='bbox 1300 1885 1354 1941; x_wconf 91' lang='lat'><strong>8.</strong></span> <span class='ocrx_word' id='word_1_132' title='bbox 1404 1882 1537 1951; x_wconf 70' lang='lat'><strong>28);</strong></span> <span class='ocrx_word' id='word_1_133' title='bbox 1590 1878 1640 1932; x_wconf 90' lang='lat' dir='ltr'><strong>id</strong></span> <span class='ocrx_word' id='word_1_134' title='bbox 1670 1886 1771 1938; x_wconf 88' lang='lat' dir='ltr'><strong>est,</strong></span> <span class='ocrx_word' id='word_1_135' title='bbox 1812 1874 1943 1928; x_wconf 85' lang='lat' dir='ltr'><strong>Cum</strong></span> <span class='ocrx_word' id='word_1_136' title='bbox 1977 1886 2063 1926; x_wconf 90' lang='lat' dir='ltr'><strong>me</strong></span> 
     </span>
    </p>
   </div>
   <div class='ocr_carea' id='block_1_21' title="bbox 478 1964 2060 2047">
    <p class='ocr_par' dir='ltr' id='par_1_21' title="bbox 478 1964 2060 2047">
     <span class='ocr_line' id='line_1_21' title="bbox 478 1964 2060 2047; baseline -0.017 -4"><span class='ocrx_word' id='word_1_137' title='bbox 478 1964 874 2047; x_wconf 69' lang='lat' dir='ltr'><strong>crucifixeritis,</strong></span> <span class='ocrx_word' id='word_1_138' title='bbox 904 1994 958 2038; x_wconf 89' lang='lat' dir='ltr'><strong>et</strong></span> <span class='ocrx_word' id='word_1_139' title='bbox 985 1996 1071 2036; x_wconf 89' lang='lat' dir='ltr'><strong>me</strong></span> <span class='ocrx_word' id='word_1_140' title='bbox 1097 1980 1291 2033; x_wconf 75' lang='lat' dir='ltr'><strong>vit-tum</strong></span> <span class='ocrx_word' id='word_1_141' title='bbox 1327 1991 1356 2029; x_wconf 86' lang='lat' dir='ltr'><strong>a</strong></span> <span class='ocrx_word' id='word_1_142' title='bbox 1400 1972 1552 2028; x_wconf 88' lang='lat' dir='ltr'><strong>vobis</strong></span> <span class='ocrx_word' id='word_1_143' title='bbox 1579 1984 1699 2023; x_wconf 90' lang='lat' dir='ltr'><strong>esse</strong></span> <span class='ocrx_word' id='word_1_144' title='bbox 1731 1964 2060 2037; x_wconf 78' lang='lat' dir='ltr'><strong>putaveritis,</strong></span> 
     </span>
    </p>
   </div>
   <div class='ocr_carea' id='block_1_22' title="bbox 480 2058 2062 2139">
    <p class='ocr_par' dir='ltr' id='par_1_22' title="bbox 480 2058 2062 2139">
     <span class='ocr_line' id='line_1_22' title="bbox 480 2058 2062 2139; baseline -0.02 0"><span class='ocrx_word' id='word_1_145' title='bbox 480 2095 605 2139; x_wconf 89' lang='lat' dir='ltr'><strong>tunc</strong></span> <span class='ocrx_word' id='word_1_146' title='bbox 636 2081 866 2136; x_wconf 72' lang='lat' dir='ltr'><strong>maxime</strong></span> <span class='ocrx_word' id='word_1_147' title='bbox 897 2071 1259 2129; x_wconf 74' lang='lat' dir='ltr'><strong>fortitudinem</strong></span> <span class='ocrx_word' id='word_1_148' title='bbox 1299 2081 1471 2121; x_wconf 87' lang='lat' dir='ltr'><strong>meam</strong></span> <span class='ocrx_word' id='word_1_149' title='bbox 1517 2062 1717 2117; x_wconf 83' lang='lat' dir='ltr'><strong>scietis.</strong></span> <span class='ocrx_word' id='word_1_150' title='bbox 1755 2058 1883 2112; x_wconf 76' lang='lat' dir='ltr'><strong>Nam</strong></span> <span class='ocrx_word' id='word_1_151' title='bbox 1913 2064 2062 2125; x_wconf 89' lang='lat' dir='ltr'><strong>post-</strong></span> 
     </span>
    </p>
   </div>
   <div class='ocr_carea' id='block_1_23' title="bbox 479 2149 2060 2248">
    <p class='ocr_par' dir='ltr' id='par_1_23' title="bbox 479 2149 2060 2248">
     <span class='ocr_line' id='line_1_23' title="bbox 479 2149 2060 2248; baseline -0.02 -15"><span class='ocrx_word' id='word_1_152' title='bbox 479 2192 637 2248; x_wconf 89' lang='lat' dir='ltr'><strong>quam</strong></span> <span class='ocrx_word' id='word_1_153' title='bbox 676 2170 961 2229; x_wconf 58' lang='lat' dir='ltr'><strong>crucifixus</strong></span> <span class='ocrx_word' id='word_1_154' title='bbox 991 2175 1091 2231; x_wconf 89' lang='lat' dir='ltr'><strong>est,</strong></span> <span class='ocrx_word' id='word_1_155' title='bbox 1143 2165 1352 2218; x_wconf 87' lang='lat' dir='ltr'><strong>illorum</strong></span> <span class='ocrx_word' id='word_1_156' title='bbox 1403 2158 1589 2213; x_wconf 87' lang='lat' dir='ltr'><strong>civitas</strong></span> <span class='ocrx_word' id='word_1_157' title='bbox 1628 2152 1805 2225; x_wconf 86' lang='lat' dir='ltr'><strong>periit,</strong></span> <span class='ocrx_word' id='word_1_158' title='bbox 1846 2149 2060 2203; x_wconf 82' lang='lat' dir='ltr'><strong>.ludaica</strong></span> 
     </span>
    </p>
   </div>
   <div class='ocr_carea' id='block_1_24' title="bbox 479 2239 2062 2331">
    <p class='ocr_par' dir='ltr' id='par_1_24' title="bbox 479 2239 2062 2331">
     <span class='ocr_line' id='line_1_24' title="bbox 479 2239 2062 2331; baseline -0.021 -5"><span class='ocrx_word' id='word_1_159' title='bbox 479 2239 778 2330; x_wconf 71' lang='lat' dir='ltr'><strong>cessarunt,</strong></span> <span class='ocrx_word' id='word_1_160' title='bbox 810 2274 865 2319; x_wconf 91' lang='lat' dir='ltr'><strong>ot</strong></span> <span class='ocrx_word' id='word_1_161' title='bbox 892 2259 1070 2331; x_wconf 87' lang='lat' dir='ltr'><strong>politia</strong></span> <span class='ocrx_word' id='word_1_162' title='bbox 1092 2268 1304 2327; x_wconf 86' lang='lat' dir='ltr'><strong>quoque</strong></span> <span class='ocrx_word' id='word_1_163' title='bbox 1332 2260 1387 2305; x_wconf 86' lang='lat' dir='ltr'><strong>et</strong></span> <span class='ocrx_word' id='word_1_164' title='bbox 1413 2251 1629 2305; x_wconf 86' lang='lat' dir='ltr'><strong>libertas</strong></span> <span class='ocrx_word' id='word_1_165' title='bbox 1670 2244 1879 2299; x_wconf 86' lang='lat' dir='ltr'><strong>illorum</strong></span> <span class='ocrx_word' id='word_1_166' title='bbox 1916 2239 2062 2294; x_wconf 73' lang='lat' dir='ltr'><strong>ccci-</strong></span> 
     </span>
    </p>
   </div>
   <div class='ocr_carea' id='block_1_25' title="bbox 480 2337 2060 2431">
    <p class='ocr_par' dir='ltr' id='par_1_25' title="bbox 480 2337 2060 2431">
     <span class='ocr_line' id='line_1_25' title="bbox 480 2337 2060 2431; baseline -0.021 -14"><span class='ocrx_word' id='word_1_167' title='bbox 480 2364 579 2427; x_wconf 89' lang='lat' dir='ltr'><strong>dit,</strong></span> <span class='ocrx_word' id='word_1_168' title='bbox 604 2358 909 2431; x_wconf 53' lang='lat' dir='ltr'><strong>praedicatio</strong></span> <span class='ocrx_word' id='word_1_169' title='bbox 934 2350 1133 2412; x_wconf 80' lang='lat' dir='ltr'><strong>ﬂoruit,</strong></span> <span class='ocrx_word' id='word_1_170' title='bbox 1163 2357 1217 2402; x_wconf 89' lang='lat' dir='ltr'><strong>et</strong></span> <span class='ocrx_word' id='word_1_171' title='bbox 1249 2345 1314 2399; x_wconf 89' lang='lat' dir='ltr'><strong>ad</strong></span> <span class='ocrx_word' id='word_1_172' title='bbox 1341 2351 1639 2399; x_wconf 58' lang='lat' dir='ltr'><strong>extremum</strong></span> <span class='ocrx_word' id='word_1_173' title='bbox 1684 2337 1867 2390; x_wconf 87' lang='lat' dir='ltr'><strong>urbem</strong></span> <span class='ocrx_word' id='word_1_174' title='bbox 1898 2348 2060 2387; x_wconf 77' lang='lat' dir='ltr'><strong>evan-</strong></span> 
     </span>
    </p>
   </div>
   <div class='ocr_carea' id='block_1_26' title="bbox 477 2423 2061 2525">
    <p class='ocr_par' dir='ltr' id='par_1_26' title="bbox 477 2423 2061 2525">
     <span class='ocr_line' id='line_1_26' title="bbox 477 2423 2061 2525; baseline -0.024 -13"><span class='ocrx_word' id='word_1_175' title='bbox 477 2456 679 2525; x_wconf 67' lang='lat' dir='ltr'><strong>gelicus</strong></span> <span class='ocrx_word' id='word_1_176' title='bbox 707 2464 885 2505; x_wconf 85' lang='lat' dir='ltr'><strong>sermo</strong></span> <span class='ocrx_word' id='word_1_177' title='bbox 908 2443 1182 2516; x_wconf 83' lang='lat' dir='ltr'><strong>pervenit;</strong></span> <span class='ocrx_word' id='word_1_178' title='bbox 1207 2448 1368 2502; x_wconf 86' lang='lat' dir='ltr'><strong>terra,</strong></span> <span class='ocrx_word' id='word_1_179' title='bbox 1399 2448 1565 2497; x_wconf 89' lang='lat' dir='ltr'><strong>mare,</strong></span> <span class='ocrx_word' id='word_1_180' title='bbox 1596 2430 1825 2484; x_wconf 77' lang='lat' dir='ltr'><strong>habitata</strong></span> <span class='ocrx_word' id='word_1_181' title='bbox 1851 2423 2061 2479; x_wconf 58' lang='lat' dir='ltr'><strong>inhahi-</strong></span> 
     </span>
    </p>
   </div>
   <div class='ocr_carea' id='block_1_27' title="bbox 482 2514 2063 2615">
    <p class='ocr_par' dir='ltr' id='par_1_27' title="bbox 482 2514 2063 2615">
     <span class='ocr_line' id='line_1_27' title="bbox 482 2514 2063 2615; baseline -0.021 -13"><span class='ocrx_word' id='word_1_182' title='bbox 482 2514 697 2615; x_wconf 72' lang='lat' dir='ltr'><strong>iataque</strong></span> <span class='ocrx_word' id='word_1_183' title='bbox 739 2551 878 2596; x_wconf 86' lang='lat' dir='ltr'><strong>terra</strong></span> <span class='ocrx_word' id='word_1_184' title='bbox 908 2514 1165 2591; x_wconf 20' lang='lat' dir='ltr'><strong>Vvirtntem</strong></span> <span class='ocrx_word' id='word_1_185' title='bbox 1202 2531 1317 2600; x_wconf 86' lang='lat' dir='ltr'><strong>ejus</strong></span> <span class='ocrx_word' id='word_1_186' title='bbox 1360 2524 1555 2596; x_wconf 87' lang='lat' dir='ltr'><strong>ubique</strong></span> <span class='ocrx_word' id='word_1_187' title='bbox 1589 2520 1897 2591; x_wconf 61' lang='lat' dir='ltr'><strong>pI‘SL‘lllCﬂllL</strong></span> <span class='ocrx_word' id='word_1_188' title='bbox 1938 2514 2063 2569; x_wconf 64' lang='lat' dir='ltr'><strong>Hinc</strong></span> 
     </span>
    </p>
   </div>
   <div class='ocr_carea' id='block_1_28' title="bbox 478 2609 2058 2707">
    <p class='ocr_par' dir='ltr' id='par_1_28' title="bbox 478 2609 2058 2707">
     <span class='ocr_line' id='line_1_28' title="bbox 478 2609 2058 2707; baseline -0.022 -14"><span class='ocrx_word' id='word_1_189' title='bbox 478 2654 608 2707; x_wconf 77' lang='lat' dir='ltr'><strong>ergo</strong></span> <span class='ocrx_word' id='word_1_190' title='bbox 628 2635 775 2698; x_wconf 87' lang='lat' dir='ltr'><strong>dicit,</strong></span> <span class='ocrx_word' id='word_1_191' title='bbox 800 2641 851 2686; x_wconf 89' lang='lat' dir='ltr'><strong>et</strong></span> <span class='ocrx_word' id='word_1_192' title='bbox 877 2645 937 2683; x_wconf 86' lang='lat' dir='ltr'><strong>ea</strong></span> <span class='ocrx_word' id='word_1_193' title='bbox 959 2642 1076 2697; x_wconf 73' lang='lat' dir='ltr'><strong>qum</strong></span> <span class='ocrx_word' id='word_1_194' title='bbox 1100 2625 1216 2694; x_wconf 91' lang='lat' dir='ltr'><strong>ipso</strong></span> <span class='ocrx_word' id='word_1_195' title='bbox 1250 2620 1425 2675; x_wconf 87' lang='lat' dir='ltr'><strong>crucis</strong></span> <span class='ocrx_word' id='word_1_196' title='bbox 1455 2627 1695 2685; x_wconf 85' lang='lat' dir='ltr'><strong>tempore</strong></span> <span class='ocrx_word' id='word_1_197' title='bbox 1728 2609 2058 2665; x_wconf 86' lang='lat' dir='ltr'><strong>acciderunt.</strong></span> 
     </span>
    </p>
   </div>
   <div class='ocr_carea' id='block_1_29' title="bbox 479 2698 2063 2793">
    <p class='ocr_par' dir='ltr' id='par_1_29' title="bbox 479 2698 2063 2793">
     <span class='ocr_line' id='line_1_29' title="bbox 479 2698 2063 2793; baseline -0.02 -10"><span class='ocrx_word' id='word_1_198' title='bbox 479 2698 645 2783; x_wconf 68' lang='lat' dir='ltr'><strong>multo</strong></span> <span class='ocrx_word' id='word_1_199' title='bbox 672 2724 868 2793; x_wconf 83' lang='lat' dir='ltr'><strong>quippe</strong></span> <span class='ocrx_word' id='word_1_200' title='bbox 909 2715 1204 2773; x_wconf 83' lang='lat' dir='ltr'><strong>mirabilius</strong></span> <span class='ocrx_word' id='word_1_201' title='bbox 1245 2710 1343 2766; x_wconf 82' lang='lat' dir='ltr'><strong>fuit</strong></span> <span class='ocrx_word' id='word_1_202' title='bbox 1378 2708 1493 2763; x_wconf 71' lang='lat' dir='ltr'><strong>hinc</strong></span> <span class='ocrx_word' id='word_1_203' title='bbox 1521 2703 1778 2760; x_wconf 70' lang='lat' dir='ltr'><strong>accidisse</strong></span> <span class='ocrx_word' id='word_1_204' title='bbox 1807 2716 1926 2754; x_wconf 90' lang='lat' dir='ltr'><strong>eum</strong></span> <span class='ocrx_word' id='word_1_205' title='bbox 1950 2698 2063 2767; x_wconf 68' lang='lat' dir='ltr'><strong>ipse</strong></span> 
     </span>
    </p>
   </div>
   <div class='ocr_carea' id='block_1_30' title="bbox 478 2792 2059 2879">
    <p class='ocr_par' dir='ltr' id='par_1_30' title="bbox 478 2792 2059 2879">
     <span class='ocr_line' id='line_1_30' title="bbox 478 2792 2059 2879; baseline -0.02 -5"><span class='ocrx_word' id='word_1_206' title='bbox 478 2820 622 2875; x_wconf 81' lang='lat' dir='ltr'><strong>cruci</strong></span> <span class='ocrx_word' id='word_1_207' title='bbox 655 2819 843 2870; x_wconf 84' lang='lat' dir='ltr'><strong>aftixns</strong></span> <span class='ocrx_word' id='word_1_208' title='bbox 867 2819 1026 2877; x_wconf 83' lang='lat' dir='ltr'><strong>esset,</strong></span> <span class='ocrx_word' id='word_1_209' title='bbox 1056 2821 1214 2879; x_wconf 90' lang='lat' dir='ltr'><strong>quam</strong></span> <span class='ocrx_word' id='word_1_210' title='bbox 1238 2803 1356 2859; x_wconf 89' lang='lat' dir='ltr'><strong>siin</strong></span> <span class='ocrx_word' id='word_1_211' title='bbox 1390 2811 1529 2855; x_wconf 87' lang='lat' dir='ltr'><strong>terra</strong></span> <span class='ocrx_word' id='word_1_212' title='bbox 1562 2808 1687 2852; x_wconf 90' lang='lat' dir='ltr'><strong>tunc</strong></span> <span class='ocrx_word' id='word_1_213' title='bbox 1713 2792 2059 2849; x_wconf 69' lang='lat' dir='ltr'><strong>:zmliulasset.</strong></span> 
     </span>
    </p>
   </div>
   <div class='ocr_carea' id='block_1_31' title="bbox 477 2884 2062 2982">
    <p class='ocr_par' dir='ltr' id='par_1_31' title="bbox 477 2884 2062 2982">
     <span class='ocr_line' id='line_1_31' title="bbox 477 2884 2062 2982; baseline -0.021 -14"><span class='ocrx_word' id='word_1_214' title='bbox 477 2912 659 2982; x_wconf 84' lang='lat' dir='ltr'><strong>Neque</strong></span> <span class='ocrx_word' id='word_1_215' title='bbox 702 2911 751 2963; x_wconf 93' lang='lat' dir='ltr'><strong>in</strong></span> <span class='ocrx_word' id='word_1_216' title='bbox 788 2906 890 2961; x_wconf 91' lang='lat' dir='ltr'><strong>hoc</strong></span> <span class='ocrx_word' id='word_1_217' title='bbox 919 2903 1091 2958; x_wconf 85' lang='lat' dir='ltr'><strong>solum</strong></span> <span class='ocrx_word' id='word_1_218' title='bbox 1123 2914 1212 2955; x_wconf 89' lang='lat' dir='ltr'><strong>res</strong></span> <span class='ocrx_word' id='word_1_219' title='bbox 1252 2892 1511 2965; x_wconf 88' lang='lat' dir='ltr'><strong>stupenda</strong></span> <span class='ocrx_word' id='word_1_220' title='bbox 1542 2898 1676 2955; x_wconf 88' lang='lat' dir='ltr'><strong>erat,</strong></span> <span class='ocrx_word' id='word_1_221' title='bbox 1720 2885 1815 2941; x_wconf 88' lang='lat' dir='ltr'><strong>sed</strong></span> <span class='ocrx_word' id='word_1_222' title='bbox 1854 2884 2062 2953; x_wconf 79' lang='lat' dir='ltr'><strong>signum</strong></span> 
     </span>
    </p>
   </div>
   <div class='ocr_carea' id='block_1_32' title="bbox 479 2976 2061 3071">
    <p class='ocr_par' dir='ltr' id='par_1_32' title="bbox 479 2976 2061 3071">
     <span class='ocr_line' id='line_1_32' title="bbox 479 2976 2061 3071; baseline -0.018 -14"><span class='ocrx_word' id='word_1_223' title='bbox 479 2976 631 3068; x_wconf 76' lang='lat' dir='ltr'><strong>illud,</strong></span> <span class='ocrx_word' id='word_1_224' title='bbox 670 2999 810 3071; x_wconf 91' lang='lat' dir='ltr'><strong>quod</strong></span> <span class='ocrx_word' id='word_1_225' title='bbox 854 2993 1203 3068; x_wconf 63' lang='lat' dir='ltr'><strong>quaerebant,</strong></span> <span class='ocrx_word' id='word_1_226' title='bbox 1250 2988 1317 3044; x_wconf 87' lang='lat' dir='ltr'><strong>de</strong></span> <span class='ocrx_word' id='word_1_227' title='bbox 1362 2986 1495 3040; x_wconf 70' lang='grc' dir='ltr'>(ῖιιειο</span> <span class='ocrx_word' id='word_1_228' title='bbox 1527 2982 1720 3036; x_wconf 87' lang='lat' dir='ltr'><strong>factum</strong></span> <span class='ocrx_word' id='word_1_229' title='bbox 1773 2988 1877 3041; x_wconf 74' lang='lat' dir='ltr'><strong>est,</strong></span> <span class='ocrx_word' id='word_1_230' title='bbox 1927 2985 1981 3031; x_wconf 86' lang='lat' dir='ltr'><strong>et</strong></span> <span class='ocrx_word' id='word_1_231' title='bbox 2011 2976 2061 3028; x_wconf 91' lang='lat' dir='ltr'><strong>in</strong></span> 
     </span>
    </p>
   </div>
   <div class='ocr_carea' id='block_1_33' title="bbox 483 3069 2063 3157">
    <p class='ocr_par' dir='ltr' id='par_1_33' title="bbox 483 3069 2063 3157">
     <span class='ocr_line' id='line_1_33' title="bbox 483 3069 2063 3157; baseline -0.02 -5"><span class='ocrx_word' id='word_1_232' title='bbox 483 3098 729 3152; x_wconf 66' lang='lat' dir='ltr'><strong>universa</strong></span> <span class='ocrx_word' id='word_1_233' title='bbox 760 3102 935 3155; x_wconf 88' lang='lat' dir='ltr'><strong>terra;</strong></span> <span class='ocrx_word' id='word_1_234' title='bbox 965 3089 1017 3144; x_wconf 90' lang='lat' dir='ltr'><strong>id</strong></span> <span class='ocrx_word' id='word_1_235' title='bbox 1042 3084 1183 3157; x_wconf 88' lang='lat' dir='ltr'><strong>quod</strong></span> <span class='ocrx_word' id='word_1_236' title='bbox 1215 3096 1501 3149; x_wconf 89' lang='lat' dir='ltr'><strong>numquam</strong></span> <span class='ocrx_word' id='word_1_237' title='bbox 1531 3077 1848 3145; x_wconf 73' lang='lat' dir='ltr'><strong>contigerat,</strong></span> <span class='ocrx_word' id='word_1_238' title='bbox 1880 3071 1978 3125; x_wconf 87' lang='lat' dir='ltr'><strong>nisi</strong></span> <span class='ocrx_word' id='word_1_239' title='bbox 2011 3069 2063 3122; x_wconf 92' lang='lat' dir='ltr'><strong>in</strong></span> 
     </span>
    </p>
   </div>
   <div class='ocr_carea' id='block_1_34' title="bbox 483 3165 2060 3259">
    <p class='ocr_par' dir='ltr' id='par_1_34' title="bbox 483 3165 2060 3259">
     <span class='ocr_line' id='line_1_34' title="bbox 483 3165 2060 3259; baseline -0.02 -13"><span class='ocrx_word' id='word_1_240' title='bbox 483 3188 718 3259; x_wconf 56' lang='lat' dir='ltr'><strong>ﬂgypto</strong></span> <span class='ocrx_word' id='word_1_241' title='bbox 760 3193 986 3243; x_wconf 88' lang='lat' dir='ltr'><strong>tantum,</strong></span> <span class='ocrx_word' id='word_1_242' title='bbox 1033 3177 1245 3250; x_wconf 86' lang='lat' dir='ltr'><strong>quando</strong></span> <span class='ocrx_word' id='word_1_243' title='bbox 1291 3172 1487 3244; x_wconf 82' lang='lat' dir='ltr'><strong>pascha</strong></span> <span class='ocrx_word' id='word_1_244' title='bbox 1532 3165 1850 3224; x_wconf 87' lang='lat' dir='ltr'><strong>celebraturi</strong></span> <span class='ocrx_word' id='word_1_245' title='bbox 1890 3170 2060 3217; x_wconf 80' lang='lat' dir='ltr'><strong>erant.</strong></span> 
     </span>
    </p>
   </div>
   <div class='ocr_carea' id='block_1_35' title="bbox 486 3258 2066 3341">
    <p class='ocr_par' dir='ltr' id='par_1_35' title="bbox 486 3258 2066 3341">
     <span class='ocr_line' id='line_1_35' title="bbox 486 3258 2066 3341; baseline -0.019 -6"><span class='ocrx_word' id='word_1_246' title='bbox 486 3258 693 3335; x_wconf 75' lang='lat' dir='ltr'><strong>Etenim</strong></span> <span class='ocrx_word' id='word_1_247' title='bbox 719 3277 803 3329; x_wconf 87' lang='lat' dir='ltr'><strong>illa</strong></span> <span class='ocrx_word' id='word_1_248' title='bbox 837 3274 1024 3327; x_wconf 85' lang='lat' dir='ltr'><strong>horum</strong></span> <span class='ocrx_word' id='word_1_249' title='bbox 1056 3283 1212 3341; x_wconf 87' lang='lat' dir='ltr'><strong>typus</strong></span> <span class='ocrx_word' id='word_1_250' title='bbox 1231 3275 1401 3322; x_wconf 86' lang='lat' dir='ltr'><strong>erant.</strong></span> <span class='ocrx_word' id='word_1_251' title='bbox 1431 3264 1496 3318; x_wconf 78' lang='lat' dir='ltr'><strong>Et</strong></span> <span class='ocrx_word' id='word_1_252' title='bbox 1519 3258 2066 3323; x_wconf 82' lang='lat' dir='ltr'><strong>animadvertequau-</strong></span> 
     </span>
    </p>
   </div>
   <div class='ocr_carea' id='block_1_36' title="bbox 482 3347 2065 3429">
    <p class='ocr_par' dir='ltr' id='par_1_36' title="bbox 482 3347 2065 3429">
     <span class='ocr_line' id='line_1_36' title="bbox 482 3347 2065 3429; baseline -0.02 1"><span class='ocrx_word' id='word_1_253' title='bbox 482 3376 675 3429; x_wconf 84' lang='lat' dir='ltr'><strong>donant</strong></span> <span class='ocrx_word' id='word_1_254' title='bbox 723 3371 835 3424; x_wconf 68' lang='lat' dir='ltr'><strong>hinc</strong></span> <span class='ocrx_word' id='word_1_255' title='bbox 880 3369 1024 3421; x_wconf 78' lang='lat' dir='ltr'><strong>fiant.</strong></span> <span class='ocrx_word' id='word_1_256' title='bbox 1073 3364 1128 3418; x_wconf 88' lang='lat' dir='ltr'><strong>In</strong></span> <span class='ocrx_word' id='word_1_257' title='bbox 1166 3359 1409 3423; x_wconf 87' lang='lat' dir='ltr'><strong>meridie,</strong></span> <span class='ocrx_word' id='word_1_258' title='bbox 1443 3366 1498 3409; x_wconf 91' lang='lat' dir='ltr'><strong>ut</strong></span> <span class='ocrx_word' id='word_1_259' title='bbox 1527 3367 1717 3408; x_wconf 90' lang='lat' dir='ltr'><strong>omnes</strong></span> <span class='ocrx_word' id='word_1_260' title='bbox 1752 3366 1845 3420; x_wconf 88' lang='lat' dir='ltr'><strong>per</strong></span> <span class='ocrx_word' id='word_1_261' title='bbox 1882 3347 2065 3401; x_wconf 89' lang='lat' dir='ltr'><strong>orbem</strong></span> 
     </span>
    </p>
   </div>
   <div class='ocr_carea' id='block_1_37' title="bbox 483 3438 2069 3524">
    <p class='ocr_par' dir='ltr' id='par_1_37' title="bbox 483 3438 2069 3524">
     <span class='ocr_line' id='line_1_37' title="bbox 483 3438 2069 3524; baseline -0.018 -5"><span class='ocrx_word' id='word_1_262' title='bbox 483 3466 771 3520; x_wconf 79' lang='lat' dir='ltr'><strong>discerent.</strong></span> <span class='ocrx_word' id='word_1_263' title='bbox 798 3474 917 3512; x_wconf 88' lang='lat' dir='ltr'><strong>nam</strong></span> <span class='ocrx_word' id='word_1_264' title='bbox 950 3456 1145 3524; x_wconf 88' lang='lat' dir='ltr'><strong>ubique</strong></span> <span class='ocrx_word' id='word_1_265' title='bbox 1174 3464 1433 3508; x_wconf 89' lang='lat' dir='ltr'><strong>terrarum</strong></span> <span class='ocrx_word' id='word_1_266' title='bbox 1461 3447 1575 3500; x_wconf 89' lang='lat' dir='ltr'><strong>dies</strong></span> <span class='ocrx_word' id='word_1_267' title='bbox 1600 3451 1715 3497; x_wconf 79' lang='lat' dir='ltr'><strong>erat</strong></span> <span class='ocrx_word' id='word_1_268' title='bbox 1746 3459 1757 3492; x_wconf 87' lang='lat'>:</span> <span class='ocrx_word' id='word_1_269' title='bbox 1790 3438 1931 3510; x_wconf 90' lang='lat' dir='ltr'><strong>quod</strong></span> <span class='ocrx_word' id='word_1_270' title='bbox 1964 3439 2069 3491; x_wconf 90' lang='lat' dir='ltr'><strong>uti—</strong></span> 
     </span>
    </p>
   </div>
   <div class='ocr_carea' id='block_1_38' title="bbox 484 3530 2067 3627">
    <p class='ocr_par' dir='ltr' id='par_1_38' title="bbox 484 3530 2067 3627">
     <span class='ocr_line' id='line_1_38' title="bbox 484 3530 2067 3627; baseline -0.019 -16"><span class='ocrx_word' id='word_1_271' title='bbox 484 3572 589 3627; x_wconf 88' lang='lat' dir='ltr'><strong>que</strong></span> <span class='ocrx_word' id='word_1_272' title='bbox 618 3554 682 3609; x_wconf 89' lang='lat' dir='ltr'><strong>ad</strong></span> <span class='ocrx_word' id='word_1_273' title='bbox 721 3553 838 3606; x_wconf 89' lang='lat' dir='ltr'><strong>illos</strong></span> <span class='ocrx_word' id='word_1_274' title='bbox 868 3544 1259 3604; x_wconf 76' lang='lat' dir='ltr'><strong>convertendos</strong></span> <span class='ocrx_word' id='word_1_275' title='bbox 1301 3538 1617 3600; x_wconf 77' lang='lat' dir='ltr'><strong>sufficiebat,</strong></span> <span class='ocrx_word' id='word_1_276' title='bbox 1647 3550 1764 3592; x_wconf 76' lang='lat' dir='ltr'><strong>Jton</strong></span> <span class='ocrx_word' id='word_1_277' title='bbox 1806 3530 2067 3600; x_wconf 82' lang='lat' dir='ltr'><strong>magnitu-</strong></span> 
     </span>
    </p>
   </div>
   <div class='ocr_carea' id='block_1_39' title="bbox 484 3621 2069 3705">
    <p class='ocr_par' dir='ltr' id='par_1_39' title="bbox 484 3621 2069 3705">
     <span class='ocr_line' id='line_1_39' title="bbox 484 3621 2069 3705; baseline -0.021 0"><span class='ocrx_word' id='word_1_278' title='bbox 484 3651 610 3705; x_wconf 86' lang='lat' dir='ltr'><strong>dine</strong></span> <span class='ocrx_word' id='word_1_279' title='bbox 637 3648 807 3701; x_wconf 91' lang='lat' dir='ltr'><strong>solum</strong></span> <span class='ocrx_word' id='word_1_280' title='bbox 838 3637 1099 3703; x_wconf 88' lang='lat' dir='ltr'><strong>miraculi,</strong></span> <span class='ocrx_word' id='word_1_281' title='bbox 1129 3634 1222 3691; x_wconf 88' lang='lat' dir='ltr'><strong>sed</strong></span> <span class='ocrx_word' id='word_1_282' title='bbox 1266 3631 1404 3703; x_wconf 90' lang='lat' dir='ltr'><strong>quod</strong></span> <span class='ocrx_word' id='word_1_283' title='bbox 1455 3629 1570 3683; x_wconf 80' lang='lat' dir='ltr'><strong>lnec</strong></span> <span class='ocrx_word' id='word_1_284' title='bbox 1600 3634 1900 3695; x_wconf 83' lang='lat' dir='ltr'><strong>Opportune</strong></span> <span class='ocrx_word' id='word_1_285' title='bbox 1928 3621 2069 3676; x_wconf 81' lang='lat' dir='ltr'><strong>acci-</strong></span> 
     </span>
    </p>
   </div>
   <div class='ocr_carea' id='block_1_40' title="bbox 485 3714 2066 3803">
    <p class='ocr_par' dir='ltr' id='par_1_40' title="bbox 485 3714 2066 3803">
     <span class='ocr_line' id='line_1_40' title="bbox 485 3714 2066 3803; baseline -0.021 -6"><span class='ocrx_word' id='word_1_286' title='bbox 485 3744 692 3796; x_wconf 87' lang='lat' dir='ltr'><strong>derent.</strong></span> <span class='ocrx_word' id='word_1_287' title='bbox 745 3736 875 3792; x_wconf 78' lang='lat' dir='ltr'><strong>Nam</strong></span> <span class='ocrx_word' id='word_1_288' title='bbox 922 3740 1042 3803; x_wconf 89' lang='lat' dir='ltr'><strong>post</strong></span> <span class='ocrx_word' id='word_1_289' title='bbox 1081 3729 1170 3783; x_wconf 86' lang='lat' dir='ltr'><strong>illa</strong></span> <span class='ocrx_word' id='word_1_290' title='bbox 1209 3725 1388 3781; x_wconf 87' lang='lat' dir='ltr'><strong>omnia</strong></span> <span class='ocrx_word' id='word_1_291' title='bbox 1426 3737 1545 3792; x_wconf 78' lang='lat' dir='ltr'><strong>qua:</strong></span> <span class='ocrx_word' id='word_1_292' title='bbox 1595 3721 1777 3774; x_wconf 85' lang='lat' dir='ltr'><strong>insane</strong></span> <span class='ocrx_word' id='word_1_293' title='bbox 1810 3714 2066 3775; x_wconf 80' lang='lat' dir='ltr'><strong>fecerant,</strong></span> 
     </span>
    </p>
   </div>
   <div class='ocr_carea' id='block_1_41' title="bbox 488 3805 2070 3904">
    <p class='ocr_par' dir='ltr' id='par_1_41' title="bbox 488 3805 2070 3904">
     <span class='ocr_line' id='line_1_41' title="bbox 488 3805 2070 3904; baseline -0.02 -16"><span class='ocrx_word' id='word_1_294' title='bbox 488 3842 608 3904; x_wconf 87' lang='lat' dir='ltr'><strong>post</strong></span> <span class='ocrx_word' id='word_1_295' title='bbox 632 3827 930 3901; x_wconf 66' lang='lat' dir='ltr'><strong>derisiuups</strong></span> <span class='ocrx_word' id='word_1_296' title='bbox 957 3822 1076 3877; x_wconf 88' lang='lat' dir='ltr'><strong>illas</strong></span> <span class='ocrx_word' id='word_1_297' title='bbox 1102 3820 1327 3890; x_wconf 90' lang='lat' dir='ltr'><strong>iniquas,</strong></span> <span class='ocrx_word' id='word_1_298' title='bbox 1360 3815 1409 3870; x_wconf 89' lang='lat' dir='ltr'><strong>id</strong></span> <span class='ocrx_word' id='word_1_299' title='bbox 1440 3812 1650 3876; x_wconf 73' lang='lat' dir='ltr'><strong>accidit,</strong></span> <span class='ocrx_word' id='word_1_300' title='bbox 1683 3806 1896 3878; x_wconf 82' lang='lat' dir='ltr'><strong>quando</strong></span> <span class='ocrx_word' id='word_1_301' title='bbox 1924 3805 2070 3859; x_wconf 90' lang='lat' dir='ltr'><strong>furor</strong></span> 
     </span>
    </p>
   </div>
   <div class='ocr_carea' id='block_1_42' title="bbox 487 3895 2070 3987">
    <p class='ocr_par' dir='ltr' id='par_1_42' title="bbox 487 3895 2070 3987">
     <span class='ocr_line' id='line_1_42' title="bbox 487 3895 2070 3987; baseline -0.022 -5"><span class='ocrx_word' id='word_1_302' title='bbox 487 3895 785 3983; x_wconf 74' lang='lat' dir='ltr'><strong>remiserat,</strong></span> <span class='ocrx_word' id='word_1_303' title='bbox 819 3895 1031 3987; x_wconf 78' lang='lat' dir='ltr'><strong>quando</strong></span> <span class='ocrx_word' id='word_1_304' title='bbox 1077 3910 1284 3968; x_wconf 85' lang='lat' dir='ltr'><strong>ridendi</strong></span> <span class='ocrx_word' id='word_1_305' title='bbox 1336 3909 1494 3962; x_wconf 80' lang='lat' dir='ltr'><strong>liuent</strong></span> <span class='ocrx_word' id='word_1_306' title='bbox 1547 3905 1803 3964; x_wconf 86' lang='lat' dir='ltr'><strong>fecerant,</strong></span> <span class='ocrx_word' id='word_1_307' title='bbox 1858 3895 2070 3969; x_wconf 86' lang='lat' dir='ltr'><strong>quando</strong></span> 
     </span>
    </p>
   </div>
   <div class='ocr_carea' id='block_1_43' title="bbox 482 3989 2072 4086">
    <p class='ocr_par' dir='ltr' id='par_1_43' title="bbox 482 3989 2072 4086">
     <span class='ocr_line' id='line_1_43' title="bbox 482 3989 2072 4086; baseline -0.017 -18"><span class='ocrx_word' id='word_1_308' title='bbox 482 4016 638 4086; x_wconf 84' lang='lat' dir='ltr'><strong>jactis</strong></span> <span class='ocrx_word' id='word_1_309' title='bbox 666 4011 904 4067; x_wconf 72' lang='lat' dir='ltr'><strong>dictet-iis</strong></span> <span class='ocrx_word' id='word_1_310' title='bbox 947 4003 1190 4063; x_wconf 75' lang='lat' dir='ltr'><strong>exsatiati</strong></span> <span class='ocrx_word' id='word_1_311' title='bbox 1240 4010 1411 4065; x_wconf 89' lang='lat' dir='ltr'><strong>erant,</strong></span> <span class='ocrx_word' id='word_1_312' title='bbox 1462 4006 1516 4053; x_wconf 89' lang='lat' dir='ltr'><strong>et</strong></span> <span class='ocrx_word' id='word_1_313' title='bbox 1558 3995 1734 4049; x_wconf 87' lang='lat' dir='ltr'><strong>omnia</strong></span> <span class='ocrx_word' id='word_1_314' title='bbox 1767 4007 1861 4062; x_wconf 84' lang='lat' dir='ltr'><strong>pro</strong></span> <span class='ocrx_word' id='word_1_315' title='bbox 1908 3989 2072 4043; x_wconf 90' lang='lat' dir='ltr'><strong>lnbito</strong></span> 
     </span>
    </p>
   </div>
   <div class='ocr_carea' id='block_1_44' title="bbox 486 4081 2072 4167">
    <p class='ocr_par' dir='ltr' id='par_1_44' title="bbox 486 4081 2072 4167">
     <span class='ocr_line' id='line_1_44' title="bbox 486 4081 2072 4167; baseline -0.019 -6"><span class='ocrx_word' id='word_1_316' title='bbox 486 4108 761 4167; x_wconf 73' lang='lat' dir='ltr'><strong>dixerant;</strong></span> <span class='ocrx_word' id='word_1_317' title='bbox 792 4110 919 4154; x_wconf 91' lang='lat' dir='ltr'><strong>tunc</strong></span> <span class='ocrx_word' id='word_1_318' title='bbox 965 4095 1213 4151; x_wconf 87' lang='lat' dir='ltr'><strong>tenebras</strong></span> <span class='ocrx_word' id='word_1_319' title='bbox 1237 4089 1496 4152; x_wconf 73' lang='lat' dir='ltr'><strong>exhibuit,</strong></span> <span class='ocrx_word' id='word_1_320' title='bbox 1528 4096 1585 4140; x_wconf 92' lang='grc' dir='ltr'><strong>ιιι</strong></span> <span class='ocrx_word' id='word_1_321' title='bbox 1632 4085 1713 4137; x_wconf 91' lang='lat' dir='ltr'><strong>vel</strong></span> <span class='ocrx_word' id='word_1_322' title='bbox 1764 4084 1840 4137; x_wconf 91' lang='lat' dir='ltr'><strong>sic</strong></span> <span class='ocrx_word' id='word_1_323' title='bbox 1870 4081 1944 4134; x_wconf 89' lang='lat' dir='ltr'><strong>ira</strong></span> <span class='ocrx_word' id='word_1_324' title='bbox 1987 4094 2072 4133; x_wconf 88' lang='lat' dir='ltr'><strong>se-</strong></span> 
     </span>
    </p>
   </div>
   <div class='ocr_carea' id='block_1_45' title="bbox 488 4173 2075 4258">
    <p class='ocr_par' dir='ltr' id='par_1_45' title="bbox 488 4173 2075 4258">
     <span class='ocr_line' id='line_1_45' title="bbox 488 4173 2075 4258; baseline -0.021 -2"><span class='ocrx_word' id='word_1_325' title='bbox 488 4203 632 4258; x_wconf 86' lang='lat' dir='ltr'><strong>data.</strong></span> <span class='ocrx_word' id='word_1_326' title='bbox 661 4215 722 4251; x_wconf 71' lang='lat' dir='ltr'><strong>es</strong></span> <span class='ocrx_word' id='word_1_327' title='bbox 754 4190 1012 4249; x_wconf 86' lang='lat' dir='ltr'><strong>miraculo</strong></span> <span class='ocrx_word' id='word_1_328' title='bbox 1036 4184 1232 4257; x_wconf 78' lang='lat' dir='ltr'><strong>aliquid</strong></span> <span class='ocrx_word' id='word_1_329' title='bbox 1268 4184 1624 4238; x_wconf 89' lang='lat' dir='ltr'><strong>lucrarentur.</strong></span> <span class='ocrx_word' id='word_1_330' title='bbox 1650 4178 1756 4232; x_wconf 78' lang='lat' dir='ltr'><strong>Res</strong></span> <span class='ocrx_word' id='word_1_331' title='bbox 1790 4173 1932 4229; x_wconf 88' lang='lat' dir='ltr'><strong>enim</strong></span> <span class='ocrx_word' id='word_1_332' title='bbox 1960 4182 2075 4226; x_wconf 88' lang='lat' dir='ltr'><strong>tan-</strong></span> 
     </span>
    </p>
   </div>
   <div class='ocr_carea' id='block_1_46' title="bbox 489 4267 2074 4348">
    <p class='ocr_par' dir='ltr' id='par_1_46' title="bbox 489 4267 2074 4348">
     <span class='ocr_line' id='line_1_46' title="bbox 489 4267 2074 4348; baseline -0.018 -1"><span class='ocrx_word' id='word_1_333' title='bbox 489 4305 573 4347; x_wconf 86' lang='lat' dir='ltr'><strong>tas</strong></span> <span class='ocrx_word' id='word_1_334' title='bbox 600 4292 651 4344; x_wconf 90' lang='lat' dir='ltr'><strong>in</strong></span> <span class='ocrx_word' id='word_1_335' title='bbox 675 4302 833 4342; x_wconf 69' lang='lat' dir='ltr'><strong>crure</strong></span> <span class='ocrx_word' id='word_1_336' title='bbox 877 4297 1036 4348; x_wconf 68' lang='lat' dir='ltr'><strong>agere</strong></span> <span class='ocrx_word' id='word_1_337' title='bbox 1075 4276 1368 4334; x_wconf 82' lang='lat' dir='ltr'><strong>mirabilius</strong></span> <span class='ocrx_word' id='word_1_338' title='bbox 1394 4281 1530 4339; x_wconf 87' lang='lat' dir='ltr'><strong>erat,</strong></span> <span class='ocrx_word' id='word_1_339' title='bbox 1556 4286 1712 4341; x_wconf 88' lang='lat' dir='ltr'><strong>quam</strong></span> <span class='ocrx_word' id='word_1_340' title='bbox 1752 4270 1795 4324; x_wconf 91' lang='lat' dir='ltr'><strong>si</strong></span> <span class='ocrx_word' id='word_1_341' title='bbox 1821 4267 1886 4322; x_wconf 86' lang='lat' dir='ltr'><strong>de</strong></span> <span class='ocrx_word' id='word_1_342' title='bbox 1916 4281 2074 4321; x_wconf 88' lang='lat' dir='ltr'><strong>cruce</strong></span> 
     </span>
    </p>
   </div>
   <div class='ocr_carea' id='block_1_47' title="bbox 489 4363 2070 4440">
    <p class='ocr_par' dir='ltr' id='par_1_47' title="bbox 489 4363 2070 4440">
     <span class='ocr_line' id='line_1_47' title="bbox 489 4363 2070 4440; baseline -0.017 -2"><span class='ocrx_word' id='word_1_343' title='bbox 489 4380 871 4440; x_wconf 76' lang='lat' dir='ltr'><strong>descendisSt-t.</strong></span> <span class='ocrx_word' id='word_1_344' title='bbox 909 4374 1039 4429; x_wconf 83' lang='lat' dir='ltr'><strong>Nam</strong></span> <span class='ocrx_word' id='word_1_345' title='bbox 1087 4371 1201 4426; x_wconf 88' lang='lat' dir='ltr'><strong>sive</strong></span> <span class='ocrx_word' id='word_1_346' title='bbox 1232 4368 1377 4422; x_wconf 87' lang='lat' dir='ltr'><strong>illum</strong></span> <span class='ocrx_word' id='word_1_347' title='bbox 1419 4366 1534 4419; x_wconf 71' lang='lat' dir='ltr'><strong>hare</strong></span> <span class='ocrx_word' id='word_1_348' title='bbox 1585 4363 1777 4417; x_wconf 82' lang='lat' dir='ltr'><strong>fecisse</strong></span> <span class='ocrx_word' id='word_1_349' title='bbox 1805 4368 2070 4430; x_wconf 78' lang='lat' dir='ltr'><strong>putarent,</strong></span> 
     </span>
    </p>
   </div>
   <div class='ocr_carea' id='block_1_48' title="bbox 489 4451 2073 4539">
    <p class='ocr_par' dir='ltr' id='par_1_48' title="bbox 489 4451 2073 4539">
     <span class='ocr_line' id='line_1_48' title="bbox 489 4451 2073 4539; baseline -0.017 -6"><span class='ocrx_word' id='word_1_350' title='bbox 489 4477 712 4533; x_wconf 79' lang='lat' dir='ltr'><strong>credere</strong></span> <span class='ocrx_word' id='word_1_351' title='bbox 756 4467 1039 4539; x_wconf 73' lang='lat' dir='ltr'><strong>oportebat</strong></span> <span class='ocrx_word' id='word_1_352' title='bbox 1081 4476 1133 4518; x_wconf 89' lang='lat' dir='ltr'><strong>et</strong></span> <span class='ocrx_word' id='word_1_353' title='bbox 1179 4464 1400 4526; x_wconf 88' lang='lat' dir='ltr'><strong>timere;</strong></span> <span class='ocrx_word' id='word_1_354' title='bbox 1448 4459 1560 4512; x_wconf 88' lang='lat' dir='ltr'><strong>sive</strong></span> <span class='ocrx_word' id='word_1_355' title='bbox 1602 4473 1707 4511; x_wconf 91' lang='lat' dir='ltr'><strong>non</strong></span> <span class='ocrx_word' id='word_1_356' title='bbox 1758 4455 1927 4517; x_wconf 88' lang='lat' dir='ltr'><strong>illum,</strong></span> <span class='ocrx_word' id='word_1_357' title='bbox 1979 4451 2073 4506; x_wconf 85' lang='lat' dir='ltr'><strong>sed</strong></span> 
     </span>
    </p>
   </div>
   <div class='ocr_carea' id='block_1_49' title="bbox 490 4554 2073 4628">
    <p class='ocr_par' dir='ltr' id='par_1_49' title="bbox 490 4554 2073 4628">
     <span class='ocr_line' id='line_1_49' title="bbox 490 4554 2073 4628; baseline -0.018 -3"><span class='ocrx_word' id='word_1_358' title='bbox 490 4570 724 4628; x_wconf 80' lang='lat' dir='ltr'><strong>Patrem,</strong></span> <span class='ocrx_word' id='word_1_359' title='bbox 759 4562 881 4615; x_wconf 90' lang='lat' dir='ltr'><strong>hinc</strong></span> <span class='ocrx_word' id='word_1_360' title='bbox 914 4557 1073 4613; x_wconf 85' lang='lat' dir='ltr'><strong>etiam</strong></span> <span class='ocrx_word' id='word_1_361' title='bbox 1113 4554 1394 4623; x_wconf 82' lang='lat' dir='ltr'><strong>compuugi</strong></span> <span class='ocrx_word' id='word_1_362' title='bbox 1430 4565 1523 4619; x_wconf 80' lang='lat' dir='ltr'><strong>par</strong></span> <span class='ocrx_word' id='word_1_363' title='bbox 1560 4556 1716 4603; x_wconf 88' lang='lat' dir='ltr'><strong>erat:</strong></span> <span class='ocrx_word' id='word_1_364' title='bbox 1755 4561 1875 4599; x_wconf 86' lang='lat' dir='ltr'><strong>nam</strong></span> <span class='ocrx_word' id='word_1_365' title='bbox 1924 4554 2073 4598; x_wconf 86' lang='lat' dir='ltr'><strong>tene-</strong></span> 
     </span>
    </p>
   </div>
   <div class='ocr_carea' id='block_1_50' title="bbox 488 4638 2075 4714">
    <p class='ocr_par' dir='ltr' id='par_1_50' title="bbox 488 4638 2075 4714">
     <span class='ocr_line' id='line_1_50' title="bbox 488 4638 2075 4714; baseline -0.015 0"><span class='ocrx_word' id='word_1_366' title='bbox 488 4662 601 4714; x_wconf 78' lang='lat' dir='ltr'><strong>hr:e</strong></span> <span class='ocrx_word' id='word_1_367' title='bbox 637 4658 739 4711; x_wconf 71' lang='lat' dir='ltr'><strong>illa:</strong></span> <span class='ocrx_word' id='word_1_368' title='bbox 783 4669 849 4708; x_wconf 78' lang='lat' dir='ltr'><strong>ex</strong></span> <span class='ocrx_word' id='word_1_369' title='bbox 897 4652 971 4706; x_wconf 89' lang='lat' dir='ltr'><strong>ira</strong></span> <span class='ocrx_word' id='word_1_370' title='bbox 999 4648 1067 4704; x_wconf 88' lang='lat' dir='ltr'><strong>de</strong></span> <span class='ocrx_word' id='word_1_371' title='bbox 1113 4644 1435 4700; x_wconf 85' lang='lat' dir='ltr'><strong>facinoribus</strong></span> <span class='ocrx_word' id='word_1_372' title='bbox 1465 4642 1572 4696; x_wconf 90' lang='lat' dir='ltr'><strong>illis</strong></span> <span class='ocrx_word' id='word_1_373' title='bbox 1612 4648 1866 4710; x_wconf 81' lang='lat' dir='ltr'><strong>concepta</strong></span> <span class='ocrx_word' id='word_1_374' title='bbox 1914 4638 2075 4707; x_wconf 84' lang='lat' dir='ltr'><strong>proti-</strong></span> 
     </span>
    </p>
   </div>
   <div class='ocr_carea' id='block_1_51' title="bbox 488 4732 2076 4813">
    <p class='ocr_par' dir='ltr' id='par_1_51' title="bbox 488 4732 2076 4813">
     <span class='ocr_line' id='line_1_51' title="bbox 488 4732 2076 4813; baseline -0.014 -6"><span class='ocrx_word' id='word_1_375' title='bbox 488 4751 845 4809; x_wconf 81' lang='lat' dir='ltr'><strong>eiscehautnr.</strong></span> <span class='ocrx_word' id='word_1_376' title='bbox 871 4743 1022 4813; x_wconf 78' lang='lat' dir='ltr'><strong>Quod</strong></span> <span class='ocrx_word' id='word_1_377' title='bbox 1049 4742 1191 4798; x_wconf 88' lang='lat' dir='ltr'><strong>enim</strong></span> <span class='ocrx_word' id='word_1_378' title='bbox 1226 4755 1330 4794; x_wconf 90' lang='lat' dir='ltr'><strong>non</strong></span> <span class='ocrx_word' id='word_1_379' title='bbox 1357 4745 1500 4792; x_wconf 80' lang='lat' dir='ltr'><strong>esset</strong></span> <span class='ocrx_word' id='word_1_380' title='bbox 1522 4735 1752 4803; x_wconf 80' lang='lat' dir='ltr'><strong>eclipsis,</strong></span> <span class='ocrx_word' id='word_1_381' title='bbox 1778 4732 1872 4787; x_wconf 90' lang='lat' dir='ltr'><strong>sed</strong></span> <span class='ocrx_word' id='word_1_382' title='bbox 1908 4733 1983 4786; x_wconf 87' lang='lat' dir='ltr'><strong>ira</strong></span> <span class='ocrx_word' id='word_1_383' title='bbox 2021 4741 2076 4785; x_wconf 91' lang='lat' dir='ltr'><strong>et</strong></span> 
     </span>
    </p>
   </div>
   <div class='ocr_carea' id='block_1_52' title="bbox 490 4825 2072 4915">
    <p class='ocr_par' dir='ltr' id='par_1_52' title="bbox 490 4825 2072 4915">
     <span class='ocr_line' id='line_1_52' title="bbox 490 4825 2072 4915; baseline -0.013 -15"><span class='ocrx_word' id='word_1_384' title='bbox 490 4844 805 4915; x_wconf 78' lang='lat' dir='ltr'><strong>indignatio,</strong></span> <span class='ocrx_word' id='word_1_385' title='bbox 846 4856 953 4895; x_wconf 90' lang='lat' dir='ltr'><strong>non</strong></span> <span class='ocrx_word' id='word_1_386' title='bbox 999 4837 1125 4892; x_wconf 88' lang='lat' dir='ltr'><strong>hinc</strong></span> <span class='ocrx_word' id='word_1_387' title='bbox 1179 4834 1349 4887; x_wconf 80' lang='lat' dir='ltr'><strong>soluat</strong></span> <span class='ocrx_word' id='word_1_388' title='bbox 1382 4829 1724 4886; x_wconf 86' lang='lat' dir='ltr'><strong>manifestum</strong></span> <span class='ocrx_word' id='word_1_389' title='bbox 1775 4834 1922 4889; x_wconf 88' lang='lat' dir='ltr'><strong>erat,</strong></span> <span class='ocrx_word' id='word_1_390' title='bbox 1981 4825 2072 4880; x_wconf 88' lang='lat' dir='ltr'><strong>sed</strong></span> 
     </span>
    </p>
   </div>
   <div class='ocr_carea' id='block_1_53' title="bbox 491 4916 2070 5000">
    <p class='ocr_par' dir='ltr' id='par_1_53' title="bbox 491 4916 2070 5000">
     <span class='ocr_line' id='line_1_53' title="bbox 491 4916 2070 5000; baseline -0.014 -10"><span class='ocrx_word' id='word_1_391' title='bbox 491 4939 652 4990; x_wconf 87' lang='lat' dir='ltr'><strong>etiam</strong></span> <span class='ocrx_word' id='word_1_392' title='bbox 692 4949 721 4988; x_wconf 90' lang='lat' dir='ltr'><strong>a</strong></span> <span class='ocrx_word' id='word_1_393' title='bbox 781 4941 1021 5000; x_wconf 87' lang='lat' dir='ltr'><strong>tempore</strong></span> <span class='ocrx_word' id='word_1_394' title='bbox 1066 4945 1079 4980; x_wconf 86' lang='lat'>:</span> <span class='ocrx_word' id='word_1_395' title='bbox 1134 4924 1302 4979; x_wconf 87' lang='lat' dir='ltr'><strong>tribus</strong></span> <span class='ocrx_word' id='word_1_396' title='bbox 1351 4921 1493 4975; x_wconf 91' lang='lat' dir='ltr'><strong>enim</strong></span> <span class='ocrx_word' id='word_1_397' title='bbox 1549 4919 1694 4974; x_wconf 73' lang='lat' dir='ltr'><strong>horis</strong></span> <span class='ocrx_word' id='word_1_398' title='bbox 1743 4916 2070 4986; x_wconf 86' lang='lat' dir='ltr'><strong>permansit;</strong></span> 
     </span>
    </p>
   </div>
   <div class='ocr_carea' id='block_1_54' title="bbox 492 5008 2074 5097">
    <p class='ocr_par' dir='ltr' id='par_1_54' title="bbox 492 5008 2074 5097">
     <span class='ocr_line' id='line_1_54' title="bbox 492 5008 2074 5097; baseline -0.011 -17"><span class='ocrx_word' id='word_1_399' title='bbox 492 5029 709 5097; x_wconf 76' lang='lat' dir='ltr'><strong>eclipsis</strong></span> <span class='ocrx_word' id='word_1_400' title='bbox 756 5041 884 5078; x_wconf 87' lang='lat' dir='ltr'><strong>vero</strong></span> <span class='ocrx_word' id='word_1_401' title='bbox 932 5024 983 5076; x_wconf 90' lang='lat' dir='ltr'><strong>in</strong></span> <span class='ocrx_word' id='word_1_402' title='bbox 1029 5027 1302 5075; x_wconf 86' lang='lat' dir='ltr'><strong>momento</strong></span> <span class='ocrx_word' id='word_1_403' title='bbox 1352 5012 1608 5083; x_wconf 81' lang='lat' dir='ltr'><strong>temporis</strong></span> <span class='ocrx_word' id='word_1_404' title='bbox 1647 5012 1705 5065; x_wconf 86' lang='lat' dir='ltr'><strong>tit</strong></span> <span class='ocrx_word' id='word_1_405' title='bbox 1745 5053 1757 5066; x_wconf 92' lang='lat'><strong>.</strong></span> <span class='ocrx_word' id='word_1_406' title='bbox 1799 5008 1940 5079; x_wconf 89' lang='lat' dir='ltr'><strong>quod</strong></span> <span class='ocrx_word' id='word_1_407' title='bbox 1970 5022 2074 5062; x_wconf 91' lang='lat' dir='ltr'><strong>non</strong></span> 
     </span>
    </p>
   </div>
   <div class='ocr_carea' id='block_1_55' title="bbox 495 5098 2076 5187">
    <p class='ocr_par' dir='ltr' id='par_1_55' title="bbox 495 5098 2076 5187">
     <span class='ocr_line' id='line_1_55' title="bbox 495 5098 2076 5187; baseline -0.014 -14"><span class='ocrx_word' id='word_1_408' title='bbox 495 5123 738 5187; x_wconf 77' lang='lat' dir='ltr'><strong>ignorant</strong></span> <span class='ocrx_word' id='word_1_409' title='bbox 763 5115 851 5185; x_wconf 90' lang='lat' dir='ltr'><strong>qui</strong></span> <span class='ocrx_word' id='word_1_410' title='bbox 882 5112 1126 5166; x_wconf 86' lang='lat' dir='ltr'><strong>viderunt</strong></span> <span class='ocrx_word' id='word_1_411' title='bbox 1156 5126 1169 5162; x_wconf 92' lang='lat'><strong>:</strong></span> <span class='ocrx_word' id='word_1_412' title='bbox 1200 5122 1324 5161; x_wconf 89' lang='lat' dir='ltr'><strong>nam</strong></span> <span class='ocrx_word' id='word_1_413' title='bbox 1350 5116 1529 5158; x_wconf 85' lang='lat' dir='ltr'><strong>nostra</strong></span> <span class='ocrx_word' id='word_1_414' title='bbox 1557 5102 1715 5157; x_wconf 83' lang='lat' dir='ltr'><strong>etiam</strong></span> <span class='ocrx_word' id='word_1_415' title='bbox 1750 5110 1905 5155; x_wconf 64' lang='lat' dir='ltr'><strong>artato</strong></span> <span class='ocrx_word' id='word_1_416' title='bbox 1944 5098 2076 5153; x_wconf 76' lang='lat' dir='ltr'><strong>ccli-</strong></span> 
     </span>
    </p>
   </div>
   <div class='ocr_carea' id='block_1_56' title="bbox 495 5191 2078 5282">
    <p class='ocr_par' dir='ltr' id='par_1_56' title="bbox 495 5191 2078 5282">
     <span class='ocr_line' id='line_1_56' title="bbox 495 5191 2078 5282; baseline -0.015 -16"><span class='ocrx_word' id='word_1_417' title='bbox 495 5214 604 5282; x_wconf 78' lang='lat' dir='ltr'><strong>psis</strong></span> <span class='ocrx_word' id='word_1_418' title='bbox 630 5208 871 5276; x_wconf 80' lang='lat' dir='ltr'><strong>contigit.</strong></span> <span class='ocrx_word' id='word_1_419' title='bbox 905 5204 972 5257; x_wconf 86' lang='lat' dir='ltr'><strong>Et</strong></span> <span class='ocrx_word' id='word_1_420' title='bbox 1007 5197 1296 5271; x_wconf 89' lang='lat' dir='ltr'><strong>quomodo,</strong></span> <span class='ocrx_word' id='word_1_421' title='bbox 1346 5196 1571 5265; x_wconf 80' lang='lat' dir='ltr'><strong>inquies,</strong></span> <span class='ocrx_word' id='word_1_422' title='bbox 1608 5212 1711 5248; x_wconf 90' lang='lat' dir='ltr'><strong>non</strong></span> <span class='ocrx_word' id='word_1_423' title='bbox 1752 5191 1924 5246; x_wconf 85' lang='lat' dir='ltr'><strong>mirati</strong></span> <span class='ocrx_word' id='word_1_424' title='bbox 1956 5200 2078 5243; x_wconf 91' lang='lat' dir='ltr'><strong>sunt</strong></span> 
     </span>
    </p>
   </div>
   <div class='ocr_carea' id='block_1_57' title="bbox 494 5285 2077 5365">
    <p class='ocr_par' dir='ltr' id='par_1_57' title="bbox 494 5285 2077 5365">
     <span class='ocr_line' id='line_1_57' title="bbox 494 5285 2077 5365; baseline -0.011 -12"><span class='ocrx_word' id='word_1_425' title='bbox 494 5316 701 5363; x_wconf 76' lang='lat' dir='ltr'><strong>omnes,</strong></span> <span class='ocrx_word' id='word_1_426' title='bbox 736 5314 832 5352; x_wconf 87' lang='lat' dir='ltr'><strong>nec</strong></span> <span class='ocrx_word' id='word_1_427' title='bbox 860 5301 1179 5365; x_wconf 78' lang='lat' dir='ltr'><strong>putaverunt</strong></span> <span class='ocrx_word' id='word_1_428' title='bbox 1199 5304 1319 5345; x_wconf 87' lang='lat' dir='ltr'><strong>esse</strong></span> <span class='ocrx_word' id='word_1_429' title='bbox 1344 5288 1510 5343; x_wconf 88' lang='lat' dir='ltr'><strong>Deum</strong></span> <span class='ocrx_word' id='word_1_430' title='bbox 1534 5285 1554 5338; x_wconf 81' lang='lat'><strong>?</strong></span> <span class='ocrx_word' id='word_1_431' title='bbox 1581 5285 1713 5353; x_wconf 85' lang='lat' dir='ltr'><strong>Quia</strong></span> <span class='ocrx_word' id='word_1_432' title='bbox 1747 5296 1871 5338; x_wconf 89' lang='lat' dir='ltr'><strong>tunc</strong></span> <span class='ocrx_word' id='word_1_433' title='bbox 1910 5298 2077 5351; x_wconf 79' lang='lat' dir='ltr'><strong>genus</strong></span> 
     </span>
    </p>
   </div>
   <div class='ocr_carea' id='block_1_58' title="bbox 500 5372 2078 5452">
    <p class='ocr_par' dir='ltr' id='par_1_58' title="bbox 500 5372 2078 5452">
     <span class='ocr_line' id='line_1_58' title="bbox 500 5372 2078 5452; baseline -0.013 -6"><span class='ocrx_word' id='word_1_434' title='bbox 500 5394 772 5446; x_wconf 85' lang='lat' dir='ltr'><strong>hominmu</strong></span> <span class='ocrx_word' id='word_1_435' title='bbox 807 5389 856 5441; x_wconf 91' lang='lat' dir='ltr'><strong>in</strong></span> <span class='ocrx_word' id='word_1_436' title='bbox 906 5384 1071 5439; x_wconf 90' lang='lat' dir='ltr'><strong>multa</strong></span> <span class='ocrx_word' id='word_1_437' title='bbox 1104 5380 1416 5452; x_wconf 75' lang='lat' dir='ltr'><strong>negligentia</strong></span> <span class='ocrx_word' id='word_1_438' title='bbox 1446 5387 1498 5430; x_wconf 86' lang='lat' dir='ltr'><strong>et</strong></span> <span class='ocrx_word' id='word_1_439' title='bbox 1539 5376 1769 5445; x_wconf 86' lang='lat' dir='ltr'><strong>nequitia</strong></span> <span class='ocrx_word' id='word_1_440' title='bbox 1803 5372 2078 5429; x_wconf 68' lang='lat' dir='ltr'><strong>detineba-</strong></span> 
     </span>
    </p>
   </div>
   <div class='ocr_carea' id='block_1_59' title="bbox 497 5469 2076 5539">
    <p class='ocr_par' dir='ltr' id='par_1_59' title="bbox 497 5469 2076 5539">
     <span class='ocr_line' id='line_1_59' title="bbox 497 5469 2076 5539; baseline -0.012 -2"><span class='ocrx_word' id='word_1_441' title='bbox 497 5495 601 5537; x_wconf 89' lang='lat' dir='ltr'><strong>tur.</strong></span> <span class='ocrx_word' id='word_1_442' title='bbox 635 5483 696 5535; x_wconf 77' lang='lat' dir='ltr'><strong>Et</strong></span> <span class='ocrx_word' id='word_1_443' title='bbox 725 5483 825 5534; x_wconf 85' lang='lat' dir='ltr'><strong>hoc</strong></span> <span class='ocrx_word' id='word_1_444' title='bbox 854 5476 1166 5533; x_wconf 83' lang='lat' dir='ltr'><strong>miraculum</strong></span> <span class='ocrx_word' id='word_1_445' title='bbox 1191 5488 1353 5527; x_wconf 91' lang='lat' dir='ltr'><strong>unum</strong></span> <span class='ocrx_word' id='word_1_446' title='bbox 1380 5480 1534 5533; x_wconf 87' lang='lat' dir='ltr'><strong>erat;</strong></span> <span class='ocrx_word' id='word_1_447' title='bbox 1564 5469 1702 5539; x_wconf 87' lang='lat' dir='ltr'><strong>quod</strong></span> <span class='ocrx_word' id='word_1_448' title='bbox 1722 5469 1897 5523; x_wconf 78' lang='lat' dir='ltr'><strong>statim</strong></span> <span class='ocrx_word' id='word_1_449' title='bbox 1920 5478 2076 5534; x_wconf 86' lang='lat' dir='ltr'><strong>atque</strong></span> 
     </span>
    </p>
   </div>
   <div class='ocr_carea' id='block_1_60' title="bbox 499 5558 2078 5642">
    <p class='ocr_par' dir='ltr' id='par_1_60' title="bbox 499 5558 2078 5642">
     <span class='ocr_line' id='line_1_60' title="bbox 499 5558 2078 5642; baseline -0.009 -15"><span class='ocrx_word' id='word_1_450' title='bbox 499 5572 762 5642; x_wconf 72' lang='lat' dir='ltr'><strong>apparuit,</strong></span> <span class='ocrx_word' id='word_1_451' title='bbox 794 5568 1085 5640; x_wconf 84' lang='lat' dir='ltr'><strong>pra-terivit</strong></span> <span class='ocrx_word' id='word_1_452' title='bbox 1115 5584 1126 5618; x_wconf 91' lang='lat'>:</span> <span class='ocrx_word' id='word_1_453' title='bbox 1158 5566 1437 5632; x_wconf 78' lang='lat' dir='ltr'><strong>nullusque</strong></span> <span class='ocrx_word' id='word_1_454' title='bbox 1470 5561 1545 5615; x_wconf 87' lang='lat' dir='ltr'><strong>rei</strong></span> <span class='ocrx_word' id='word_1_455' title='bbox 1587 5576 1801 5614; x_wconf 50' lang='lat' dir='ltr'><strong>causam</strong></span> <span class='ocrx_word' id='word_1_456' title='bbox 1840 5558 2078 5614; x_wconf 78' lang='lat' dir='ltr'><strong>ediscere</strong></span> 
     </span>
    </p>
   </div>
   <div class='ocr_carea' id='block_1_61' title="bbox 564 5715 1723 5785">
    <p class='ocr_par' dir='ltr' id='par_1_61' title="bbox 564 5715 1723 5785">
     <span class='ocr_line' id='line_1_61' title="bbox 564 5715 1723 5785; baseline -0.009 -13"><span class='ocrx_word' id='word_1_457' title='bbox 564 5722 583 5754; x_wconf 78' lang='grc'><strong><em>³</em></strong></span> <span class='ocrx_word' id='word_1_458' title='bbox 618 5724 712 5772; x_wconf 68' lang='lat' dir='ltr'><strong>Alii</strong></span> <span class='ocrx_word' id='word_1_459' title='bbox 752 5727 936 5785; x_wconf 68' lang='lat' dir='ltr'><strong>legunt,</strong></span> <span class='ocrx_word' id='word_1_460' title='bbox 962 5721 1274 5784; x_wconf 77' lang='lat' dir='ltr'><strong>sepulturam,</strong></span> <span class='ocrx_word' id='word_1_461' title='bbox 1303 5731 1405 5780; x_wconf 86' lang='lat' dir='ltr'><strong>pro,</strong></span> <span class='ocrx_word' id='word_1_462' title='bbox 1434 5715 1723 5779; x_wconf 63' lang='lat' dir='ltr'><strong>scindentur.</strong></span> 
     </span>
    </p>
   </div>
   <div class='ocr_carea' id='block_1_62' title="bbox 2171 621 3759 696">
    <p class='ocr_par' dir='ltr' id='par_1_62' title="bbox 2171 621 3759 696">
     <span class='ocr_line' id='line_1_62' title="bbox 2171 621 3759 696; baseline 0.003 -22"><span class='ocrx_word' id='word_1_463' title='bbox 2171 621 2453 689; x_wconf 66' lang='lat' dir='ltr'><strong>quaesivit;</strong></span> <span class='ocrx_word' id='word_1_464' title='bbox 2488 623 2651 675; x_wconf 89' lang='lat' dir='ltr'><strong>multa</strong></span> <span class='ocrx_word' id='word_1_465' title='bbox 2689 640 2900 694; x_wconf 88' lang='lat' dir='ltr'><strong>quoque</strong></span> <span class='ocrx_word' id='word_1_466' title='bbox 2928 634 3054 679; x_wconf 91' lang='lat' dir='ltr'><strong>tunc</strong></span> <span class='ocrx_word' id='word_1_467' title='bbox 3095 626 3339 696; x_wconf 85' lang='lat' dir='ltr'><strong>impietas</strong></span> <span class='ocrx_word' id='word_1_468' title='bbox 3364 643 3428 682; x_wconf 75' lang='lat' dir='ltr'><strong>ex</strong></span> <span class='ocrx_word' id='word_1_469' title='bbox 3466 641 3759 681; x_wconf 53' lang='lat' dir='ltr'><strong>consuetu-</strong></span> 
     </span>
    </p>
   </div>
   <div class='ocr_carea' id='block_1_63' title="bbox 2169 711 3761 789">
    <p class='ocr_par' dir='ltr' id='par_1_63' title="bbox 2169 711 3761 789">
     <span class='ocr_line' id='line_1_63' title="bbox 2169 711 3761 789; baseline 0.005 -25"><span class='ocrx_word' id='word_1_470' title='bbox 2169 711 2292 767; x_wconf 89' lang='lat' dir='ltr'><strong>dine</strong></span> <span class='ocrx_word' id='word_1_471' title='bbox 2323 713 2660 781; x_wconf 67' lang='lat' dir='ltr'><strong>prmvalehat.</strong></span> <span class='ocrx_word' id='word_1_472' title='bbox 2708 714 2891 785; x_wconf 81' lang='lat' dir='ltr'><strong>Neque</strong></span> <span class='ocrx_word' id='word_1_473' title='bbox 2932 716 3174 771; x_wconf 87' lang='lat' dir='ltr'><strong>sciebant</strong></span> <span class='ocrx_word' id='word_1_474' title='bbox 3218 734 3337 787; x_wconf 68' lang='lat' dir='ltr'><strong>qua:</strong></span> <span class='ocrx_word' id='word_1_475' title='bbox 3391 732 3551 772; x_wconf 66' lang='lat' dir='ltr'><strong>uulsa</strong></span> <span class='ocrx_word' id='word_1_476' title='bbox 3592 730 3761 789; x_wconf 61' lang='lat' dir='ltr'><strong>gesto</strong></span> 
     </span>
    </p>
   </div>
   <div class='ocr_carea' id='block_1_64' title="bbox 2169 802 3759 879">
    <p class='ocr_par' dir='ltr' id='par_1_64' title="bbox 2169 802 3759 879">
     <span class='ocr_line' id='line_1_64' title="bbox 2169 802 3759 879; baseline 0.006 -24"><span class='ocrx_word' id='word_1_477' title='bbox 2169 802 2245 857; x_wconf 87' lang='lat' dir='ltr'><strong>rei</strong></span> <span class='ocrx_word' id='word_1_478' title='bbox 2276 812 2417 857; x_wconf 84' lang='lat' dir='ltr'><strong>esset</strong></span> <span class='ocrx_word' id='word_1_479' title='bbox 2449 822 2460 858; x_wconf 91' lang='lat'><strong>:</strong></span> <span class='ocrx_word' id='word_1_480' title='bbox 2490 804 2627 859; x_wconf 83' lang='lat' dir='ltr'><strong>forte</strong></span> <span class='ocrx_word' id='word_1_481' title='bbox 2650 807 2907 875; x_wconf 90' lang='lat' dir='ltr'><strong>putabant</strong></span> <span class='ocrx_word' id='word_1_482' title='bbox 2936 822 3029 876; x_wconf 87' lang='lat' dir='ltr'><strong>per</strong></span> <span class='ocrx_word' id='word_1_483' title='bbox 3048 808 3310 879; x_wconf 88' lang='lat' dir='ltr'><strong>eclipsim,</strong></span> <span class='ocrx_word' id='word_1_484' title='bbox 3344 812 3422 863; x_wconf 86' lang='lat' dir='ltr'><strong>vel</strong></span> <span class='ocrx_word' id='word_1_485' title='bbox 3451 812 3604 863; x_wconf 85' lang='lat' dir='ltr'><strong>aliam</strong></span> <span class='ocrx_word' id='word_1_486' title='bbox 3659 828 3759 865; x_wconf 85' lang='lat' dir='ltr'><strong>na-</strong></span> 
     </span>
    </p>
   </div>
   <div class='ocr_carea' id='block_1_65' title="bbox 2170 895 3760 969">
    <p class='ocr_par' dir='ltr' id='par_1_65' title="bbox 2170 895 3760 969">
     <span class='ocr_line' id='line_1_65' title="bbox 2170 895 3760 969; baseline 0.007 -24"><span class='ocrx_word' id='word_1_487' title='bbox 2170 895 2392 947; x_wconf 86' lang='lat' dir='ltr'><strong>turalem</strong></span> <span class='ocrx_word' id='word_1_488' title='bbox 2418 912 2633 949; x_wconf 80' lang='lat' dir='ltr'><strong>causam</strong></span> <span class='ocrx_word' id='word_1_489' title='bbox 2661 897 2707 951; x_wconf 88' lang='lat' dir='ltr'><strong>id</strong></span> <span class='ocrx_word' id='word_1_490' title='bbox 2735 900 3001 955; x_wconf 81' lang='lat' dir='ltr'><strong>evenisse.</strong></span> <span class='ocrx_word' id='word_1_491' title='bbox 3035 900 3236 969; x_wconf 71' lang='lat' dir='ltr'><strong>Ecquid</strong></span> <span class='ocrx_word' id='word_1_492' title='bbox 3277 902 3486 956; x_wconf 73' lang='lat' dir='ltr'><strong>tniraris</strong></span> <span class='ocrx_word' id='word_1_493' title='bbox 3514 903 3579 956; x_wconf 85' lang='lat' dir='ltr'><strong>de</strong></span> <span class='ocrx_word' id='word_1_494' title='bbox 3604 913 3760 958; x_wconf 74' lang='lat' dir='ltr'><strong>exte-</strong></span> 
     </span>
    </p>
   </div>
   <div class='ocr_carea' id='block_1_66' title="bbox 2171 987 3759 1061">
    <p class='ocr_par' dir='ltr' id='par_1_66' title="bbox 2171 987 3759 1061">
     <span class='ocr_line' id='line_1_66' title="bbox 2171 987 3759 1061; baseline 0.005 -21"><span class='ocrx_word' id='word_1_495' title='bbox 2171 988 2240 1040; x_wconf 72' lang='lat' dir='ltr'><strong>ris</strong></span> <span class='ocrx_word' id='word_1_496' title='bbox 2268 987 2357 1056; x_wconf 89' lang='lat' dir='ltr'><strong>qui</strong></span> <span class='ocrx_word' id='word_1_497' title='bbox 2387 987 2514 1041; x_wconf 65' lang='lat' dir='ltr'><strong>nihil</strong></span> <span class='ocrx_word' id='word_1_498' title='bbox 2552 990 2813 1054; x_wconf 83' lang='lat' dir='ltr'><strong>sciebant,</strong></span> <span class='ocrx_word' id='word_1_499' title='bbox 2848 992 3044 1061; x_wconf 86' lang='lat' dir='ltr'><strong>quique</strong></span> <span class='ocrx_word' id='word_1_500' title='bbox 3080 992 3150 1045; x_wconf 94' lang='lat' dir='ltr'><strong>oh</strong></span> <span class='ocrx_word' id='word_1_501' title='bbox 3191 992 3449 1046; x_wconf 85' lang='lat' dir='ltr'><strong>desidiam</strong></span> <span class='ocrx_word' id='word_1_502' title='bbox 3480 994 3547 1048; x_wconf 91' lang='lat' dir='ltr'><strong>de</strong></span> <span class='ocrx_word' id='word_1_503' title='bbox 3585 1010 3642 1048; x_wconf 89' lang='lat' dir='ltr'><strong>re</strong></span> <span class='ocrx_word' id='word_1_504' title='bbox 3673 997 3759 1048; x_wconf 90' lang='lat' dir='ltr'><strong>in-</strong></span> 
     </span>
    </p>
   </div>
   <div class='ocr_carea' id='block_1_67' title="bbox 2168 1080 3757 1157">
    <p class='ocr_par' dir='ltr' id='par_1_67' title="bbox 2168 1080 3757 1157">
     <span class='ocr_line' id='line_1_67' title="bbox 2168 1080 3757 1157; baseline 0.008 -26"><span class='ocrx_word' id='word_1_505' title='bbox 2168 1080 2424 1144; x_wconf 77' lang='lat' dir='ltr'><strong>quil&#39;t&#39;ttdtt</strong></span> <span class='ocrx_word' id='word_1_506' title='bbox 2474 1096 2577 1134; x_wconf 85' lang='lat' dir='ltr'><strong>non</strong></span> <span class='ocrx_word' id='word_1_507' title='bbox 2619 1083 2962 1151; x_wconf 81' lang='lat' dir='ltr'><strong>cogitabant,</strong></span> <span class='ocrx_word' id='word_1_508' title='bbox 3011 1086 3225 1153; x_wconf 88' lang='lat' dir='ltr'><strong>quando</strong></span> <span class='ocrx_word' id='word_1_509' title='bbox 3275 1089 3307 1139; x_wconf 90' lang='lat' dir='ltr'><strong>ii</strong></span> <span class='ocrx_word' id='word_1_510' title='bbox 3358 1087 3518 1140; x_wconf 86' lang='lat' dir='ltr'><strong>etiam</strong></span> <span class='ocrx_word' id='word_1_511' title='bbox 3563 1088 3651 1157; x_wconf 91' lang='lat' dir='ltr'><strong>qui</strong></span> <span class='ocrx_word' id='word_1_512' title='bbox 3704 1089 3757 1144; x_wconf 90' lang='lat' dir='ltr'><strong>in</strong></span> 
     </span>
    </p>
   </div>
   <div class='ocr_carea' id='block_1_68' title="bbox 2164 1170 3759 1245">
    <p class='ocr_par' dir='ltr' id='par_1_68' title="bbox 2164 1170 3759 1245">
     <span class='ocr_line' id='line_1_68' title="bbox 2164 1170 3759 1245; baseline 0.008 -23"><span class='ocrx_word' id='word_1_513' title='bbox 2164 1170 2343 1223; x_wconf 73' lang='lat' dir='ltr'><strong>.ludzea</strong></span> <span class='ocrx_word' id='word_1_514' title='bbox 2370 1181 2538 1236; x_wconf 88' lang='lat' dir='ltr'><strong>erant,</strong></span> <span class='ocrx_word' id='word_1_515' title='bbox 2572 1182 2688 1242; x_wconf 89' lang='lat' dir='ltr'><strong>post</strong></span> <span class='ocrx_word' id='word_1_516' title='bbox 2722 1182 2797 1227; x_wconf 86' lang='lat' dir='ltr'><strong>tot</strong></span> <span class='ocrx_word' id='word_1_517' title='bbox 2832 1175 3107 1241; x_wconf 88' lang='lat' dir='ltr'><strong>miracula,</strong></span> <span class='ocrx_word' id='word_1_518' title='bbox 3143 1176 3315 1231; x_wconf 82' lang='lat' dir='ltr'><strong>adhuc</strong></span> <span class='ocrx_word' id='word_1_519' title='bbox 3347 1179 3759 1245; x_wconf 67' lang='lat' dir='ltr'><strong>persm-erabart</strong></span> 
     </span>
    </p>
   </div>
   <div class='ocr_carea' id='block_1_69' title="bbox 2167 1263 3758 1338">
    <p class='ocr_par' dir='ltr' id='par_1_69' title="bbox 2167 1263 3758 1338">
     <span class='ocr_line' id='line_1_69' title="bbox 2167 1263 3758 1338; baseline 0.008 -23"><span class='ocrx_word' id='word_1_520' title='bbox 2167 1263 2520 1316; x_wconf 85' lang='lat' dir='ltr'><strong>contumelias</strong></span> <span class='ocrx_word' id='word_1_521' title='bbox 2551 1264 2858 1330; x_wconf 86' lang='lat' dir='ltr'><strong>inferentes,</strong></span> <span class='ocrx_word' id='word_1_522' title='bbox 2893 1281 3210 1337; x_wconf 88' lang='lat' dir='ltr'><strong>quamquam</strong></span> <span class='ocrx_word' id='word_1_523' title='bbox 3240 1269 3369 1338; x_wconf 89' lang='lat' dir='ltr'><strong>ipsis</strong></span> <span class='ocrx_word' id='word_1_524' title='bbox 3398 1271 3543 1325; x_wconf 88' lang='lat' dir='ltr'><strong>clare</strong></span> <span class='ocrx_word' id='word_1_525' title='bbox 3574 1281 3758 1327; x_wconf 80' lang='lat' dir='ltr'><strong>osten-</strong></span> 
     </span>
    </p>
   </div>
   <div class='ocr_carea' id='block_1_70' title="bbox 2166 1354 3759 1433">
    <p class='ocr_par' dir='ltr' id='par_1_70' title="bbox 2166 1354 3759 1433">
     <span class='ocr_line' id='line_1_70' title="bbox 2166 1354 3759 1433; baseline 0.005 -24"><span class='ocrx_word' id='word_1_526' title='bbox 2166 1354 2352 1420; x_wconf 87' lang='lat' dir='ltr'><strong>disset,</strong></span> <span class='ocrx_word' id='word_1_527' title='bbox 2381 1369 2441 1409; x_wconf 88' lang='lat' dir='ltr'><strong>se</strong></span> <span class='ocrx_word' id='word_1_528' title='bbox 2469 1356 2589 1408; x_wconf 89' lang='lat' dir='ltr'><strong>talia</strong></span> <span class='ocrx_word' id='word_1_529' title='bbox 2618 1369 2894 1426; x_wconf 85' lang='lat' dir='ltr'><strong>operatum</strong></span> <span class='ocrx_word' id='word_1_530' title='bbox 2925 1357 3129 1414; x_wconf 86' lang='lat' dir='ltr'><strong>fuisse?</strong></span> <span class='ocrx_word' id='word_1_531' title='bbox 3155 1359 3276 1414; x_wconf 91' lang='lat' dir='ltr'><strong>Ideo</strong></span> <span class='ocrx_word' id='word_1_532' title='bbox 3300 1371 3351 1413; x_wconf 84' lang='lat' dir='ltr'><strong>et</strong></span> <span class='ocrx_word' id='word_1_533' title='bbox 3379 1370 3560 1430; x_wconf 88' lang='lat' dir='ltr'><strong>postea</strong></span> <span class='ocrx_word' id='word_1_534' title='bbox 3589 1364 3759 1433; x_wconf 88' lang='lat' dir='ltr'><strong>loqui-</strong></span> 
     </span>
    </p>
   </div>
   <div class='ocr_carea' id='block_1_71' title="bbox 2170 1446 3758 1514">
    <p class='ocr_par' dir='ltr' id='par_1_71' title="bbox 2170 1446 3758 1514">
     <span class='ocr_line' id='line_1_71' title="bbox 2170 1446 3758 1514; baseline 0.006 -15"><span class='ocrx_word' id='word_1_535' title='bbox 2170 1454 2272 1511; x_wconf 89' lang='lat' dir='ltr'><strong>tur,</strong></span> <span class='ocrx_word' id='word_1_536' title='bbox 2308 1455 2364 1499; x_wconf 90' lang='lat' dir='ltr'><strong>ut</strong></span> <span class='ocrx_word' id='word_1_537' title='bbox 2390 1446 2675 1503; x_wconf 87' lang='lat' dir='ltr'><strong>diseantse</strong></span> <span class='ocrx_word' id='word_1_538' title='bbox 2701 1449 2874 1504; x_wconf 88' lang='lat' dir='ltr'><strong>adlmc</strong></span> <span class='ocrx_word' id='word_1_539' title='bbox 2903 1451 3102 1514; x_wconf 87' lang='lat' dir='ltr'><strong>vivere,</strong></span> <span class='ocrx_word' id='word_1_540' title='bbox 3134 1458 3185 1506; x_wconf 89' lang='lat' dir='ltr'><strong>et</strong></span> <span class='ocrx_word' id='word_1_541' title='bbox 3209 1451 3295 1504; x_wconf 88' lang='lat' dir='ltr'><strong>illa</strong></span> <span class='ocrx_word' id='word_1_542' title='bbox 3330 1451 3539 1514; x_wconf 72' lang='lat' dir='ltr'><strong>fecisse,</strong></span> <span class='ocrx_word' id='word_1_543' title='bbox 3561 1464 3614 1508; x_wconf 84' lang='lat' dir='ltr'><strong>et</strong></span> <span class='ocrx_word' id='word_1_544' title='bbox 3637 1456 3758 1509; x_wconf 77' lang='lat' dir='ltr'><strong>hinc</strong></span> 
     </span>
    </p>
   </div>
   <div class='ocr_carea' id='block_1_72' title="bbox 2167 1537 3757 1609">
    <p class='ocr_par' dir='ltr' id='par_1_72' title="bbox 2167 1537 3757 1609">
     <span class='ocr_line' id='line_1_72' title="bbox 2167 1537 3757 1609; baseline 0.006 -19"><span class='ocrx_word' id='word_1_545' title='bbox 2167 1537 2353 1590; x_wconf 86' lang='lat' dir='ltr'><strong>saltem</strong></span> <span class='ocrx_word' id='word_1_546' title='bbox 2402 1537 2787 1594; x_wconf 87' lang='lat' dir='ltr'><strong>moderatiores</strong></span> <span class='ocrx_word' id='word_1_547' title='bbox 2845 1542 2999 1604; x_wconf 87' lang='lat' dir='ltr'><strong>liant,</strong></span> <span class='ocrx_word' id='word_1_548' title='bbox 3048 1556 3110 1595; x_wconf 88' lang='lat' dir='ltr'><strong>ac</strong></span> <span class='ocrx_word' id='word_1_549' title='bbox 3150 1541 3299 1607; x_wconf 88' lang='lat' dir='ltr'><strong>dicit,</strong></span> <span class='ocrx_word' id='word_1_550' title='bbox 3331 1541 3436 1608; x_wconf 83' lang='lat' dir='ltr'><strong>Eti,</strong></span> <span class='ocrx_word' id='word_1_551' title='bbox 3490 1542 3593 1609; x_wconf 76' lang='lat' dir='ltr'><strong>Eli,</strong></span> <span class='ocrx_word' id='word_1_552' title='bbox 3622 1546 3757 1600; x_wconf 74' lang='lat' dir='ltr'><strong>tanta</strong></span> 
     </span>
    </p>
   </div>
   <div class='ocr_carea' id='block_1_73' title="bbox 2167 1628 3755 1701">
    <p class='ocr_par' dir='ltr' id='par_1_73' title="bbox 2167 1628 3755 1701">
     <span class='ocr_line' id='line_1_73' title="bbox 2167 1628 3755 1701; baseline 0.006 -20"><span class='ocrx_word' id='word_1_553' title='bbox 2167 1628 2481 1692; x_wconf 75' lang='lat' dir='ltr'><strong>sabuci/mni,</strong></span> <span class='ocrx_word' id='word_1_554' title='bbox 2507 1639 2564 1683; x_wconf 87' lang='lat' dir='ltr'><strong>ut</strong></span> <span class='ocrx_word' id='word_1_555' title='bbox 2590 1628 2831 1685; x_wconf 86' lang='lat' dir='ltr'><strong>viderent</strong></span> <span class='ocrx_word' id='word_1_556' title='bbox 2856 1647 2975 1685; x_wconf 91' lang='lat' dir='ltr'><strong>eum</strong></span> <span class='ocrx_word' id='word_1_557' title='bbox 3011 1647 3177 1701; x_wconf 81' lang='lat' dir='ltr'><strong>usque</strong></span> <span class='ocrx_word' id='word_1_558' title='bbox 3200 1633 3266 1687; x_wconf 88' lang='lat' dir='ltr'><strong>ad</strong></span> <span class='ocrx_word' id='word_1_559' title='bbox 3293 1645 3589 1689; x_wconf 81' lang='lat' dir='ltr'><strong>extremum</strong></span> <span class='ocrx_word' id='word_1_560' title='bbox 3627 1636 3755 1690; x_wconf 84' lang='lat' dir='ltr'><strong>hali-</strong></span> 
     </span>
    </p>
   </div>
   <div class='ocr_carea' id='block_1_74' title="bbox 2170 1723 3753 1795">
    <p class='ocr_par' dir='ltr' id='par_1_74' title="bbox 2170 1723 3753 1795">
     <span class='ocr_line' id='line_1_74' title="bbox 2170 1723 3753 1795; baseline 0.006 -19"><span class='ocrx_word' id='word_1_561' title='bbox 2170 1733 2278 1777; x_wconf 90' lang='lat' dir='ltr'><strong>tum</strong></span> <span class='ocrx_word' id='word_1_562' title='bbox 2311 1723 2575 1778; x_wconf 86' lang='lat' dir='ltr'><strong>honorare</strong></span> <span class='ocrx_word' id='word_1_563' title='bbox 2616 1725 2848 1790; x_wconf 87' lang='lat' dir='ltr'><strong>Patrem,</strong></span> <span class='ocrx_word' id='word_1_564' title='bbox 2878 1742 3052 1795; x_wconf 88' lang='lat' dir='ltr'><strong>neque</strong></span> <span class='ocrx_word' id='word_1_565' title='bbox 3082 1741 3200 1781; x_wconf 63' lang='lat' dir='ltr'><strong>esse</strong></span> <span class='ocrx_word' id='word_1_566' title='bbox 3234 1728 3341 1782; x_wconf 90' lang='lat' dir='ltr'><strong>Deo</strong></span> <span class='ocrx_word' id='word_1_567' title='bbox 3370 1729 3753 1785; x_wconf 87' lang='lat' dir='ltr'><strong>adversarium.</strong></span> 
     </span>
    </p>
   </div>
   <div class='ocr_carea' id='block_1_75' title="bbox 2168 1812 3755 1890">
    <p class='ocr_par' dir='ltr' id='par_1_75' title="bbox 2168 1812 3755 1890">
     <span class='ocr_line' id='line_1_75' title="bbox 2168 1812 3755 1890; baseline 0.005 -23"><span class='ocrx_word' id='word_1_568' title='bbox 2168 1812 2292 1868; x_wconf 84' lang='lat' dir='ltr'><strong>Ideo</strong></span> <span class='ocrx_word' id='word_1_569' title='bbox 2319 1814 2676 1883; x_wconf 79' lang='lat' dir='ltr'><strong>propheticum</strong></span> <span class='ocrx_word' id='word_1_570' title='bbox 2709 1816 2992 1886; x_wconf 82' lang='lat' dir='ltr'><strong>quamdam</strong></span> <span class='ocrx_word' id='word_1_571' title='bbox 3034 1818 3213 1872; x_wconf 84' lang='lat' dir='ltr'><strong>emisit</strong></span> <span class='ocrx_word' id='word_1_572' title='bbox 3241 1834 3447 1882; x_wconf 77' lang='lat' dir='ltr'><strong>\‘0Ct&#39;lli,</strong></span> <span class='ocrx_word' id='word_1_573' title='bbox 3493 1836 3657 1890; x_wconf 90' lang='lat' dir='ltr'><strong>nsque</strong></span> <span class='ocrx_word' id='word_1_574' title='bbox 3689 1822 3755 1875; x_wconf 87' lang='lat' dir='ltr'><strong>ad</strong></span> 
     </span>
    </p>
   </div>
   <div class='ocr_carea' id='block_1_76' title="bbox 2167 1906 3754 1978">
    <p class='ocr_par' dir='ltr' id='par_1_76' title="bbox 2167 1906 3754 1978">
     <span class='ocr_line' id='line_1_76' title="bbox 2167 1906 3754 1978; baseline 0.005 -18"><span class='ocrx_word' id='word_1_575' title='bbox 2167 1906 2406 1961; x_wconf 87' lang='lat' dir='ltr'><strong>ultimam</strong></span> <span class='ocrx_word' id='word_1_576' title='bbox 2454 1908 2636 1962; x_wconf 87' lang='lat' dir='ltr'><strong>horam</strong></span> <span class='ocrx_word' id='word_1_577' title='bbox 2686 1908 2854 1963; x_wconf 89' lang='lat' dir='ltr'><strong>veteri</strong></span> <span class='ocrx_word' id='word_1_578' title='bbox 2899 1908 2999 1977; x_wconf 78' lang='lat' dir='ltr'><strong>legi</strong></span> <span class='ocrx_word' id='word_1_579' title='bbox 3053 1911 3299 1978; x_wconf 86' lang='lat' dir='ltr'><strong>pra-hens</strong></span> <span class='ocrx_word' id='word_1_580' title='bbox 3351 1911 3754 1969; x_wconf 77' lang='lat' dir='ltr'><strong>testimonium:</strong></span> 
     </span>
    </p>
   </div>
   <div class='ocr_carea' id='block_1_77' title="bbox 2167 2001 3754 2072">
    <p class='ocr_par' dir='ltr' id='par_1_77' title="bbox 2167 2001 3754 2072">
     <span class='ocr_line' id='line_1_77' title="bbox 2167 2001 3754 2072; baseline 0.003 -19"><span class='ocrx_word' id='word_1_581' title='bbox 2167 2015 2268 2055; x_wconf 89' lang='lat' dir='ltr'><strong>nec</strong></span> <span class='ocrx_word' id='word_1_582' title='bbox 2305 2001 2461 2055; x_wconf 90' lang='lat' dir='ltr'><strong>modo</strong></span> <span class='ocrx_word' id='word_1_583' title='bbox 2510 2002 2892 2072; x_wconf 82' lang='lat' dir='ltr'><strong>prephcticam,</strong></span> <span class='ocrx_word' id='word_1_584' title='bbox 2937 2002 3030 2058; x_wconf 89' lang='lat' dir='ltr'><strong>sed</strong></span> <span class='ocrx_word' id='word_1_585' title='bbox 3074 2013 3128 2057; x_wconf 89' lang='lat' dir='ltr'><strong>et</strong></span> <span class='ocrx_word' id='word_1_586' title='bbox 3173 2004 3481 2059; x_wconf 85' lang='lat' dir='ltr'><strong>llehraicam</strong></span> <span class='ocrx_word' id='word_1_587' title='bbox 3540 2021 3754 2066; x_wconf 85' lang='lat' dir='ltr'><strong>vocem;</strong></span> 
     </span>
    </p>
   </div>
   <div class='ocr_carea' id='block_1_78' title="bbox 2168 2093 3756 2167">
    <p class='ocr_par' dir='ltr' id='par_1_78' title="bbox 2168 2093 3756 2167">
     <span class='ocr_line' id='line_1_78' title="bbox 2168 2093 3756 2167; baseline 0.004 -20"><span class='ocrx_word' id='word_1_588' title='bbox 2168 2093 2239 2147; x_wconf 91' lang='lat' dir='ltr'><strong>ita</strong></span> <span class='ocrx_word' id='word_1_589' title='bbox 2271 2105 2326 2147; x_wconf 89' lang='grc' dir='ltr'><strong>ιιι</strong></span> <span class='ocrx_word' id='word_1_590' title='bbox 2348 2095 2449 2148; x_wconf 77' lang='lat' dir='ltr'><strong>illis</strong></span> <span class='ocrx_word' id='word_1_591' title='bbox 2472 2105 2653 2149; x_wconf 77' lang='lat' dir='ltr'><strong>notum</strong></span> <span class='ocrx_word' id='word_1_592' title='bbox 2675 2104 2729 2149; x_wconf 85' lang='lat' dir='ltr'><strong>et</strong></span> <span class='ocrx_word' id='word_1_593' title='bbox 2756 2096 3094 2151; x_wconf 87' lang='lat' dir='ltr'><strong>manifestum</strong></span> <span class='ocrx_word' id='word_1_594' title='bbox 3128 2096 3177 2150; x_wconf 91' lang='lat' dir='ltr'><strong>id</strong></span> <span class='ocrx_word' id='word_1_595' title='bbox 3203 2106 3379 2161; x_wconf 64' lang='lat' dir='ltr'><strong>esset;</strong></span> <span class='ocrx_word' id='word_1_596' title='bbox 3413 2113 3608 2167; x_wconf 88' lang='lat' dir='ltr'><strong>perque</strong></span> <span class='ocrx_word' id='word_1_597' title='bbox 3636 2114 3756 2153; x_wconf 89' lang='lat' dir='ltr'><strong>om-</strong></span> 
     </span>
    </p>
   </div>
   <div class='ocr_carea' id='block_1_79' title="bbox 2168 2186 3756 2244">
    <p class='ocr_par' dir='ltr' id='par_1_79' title="bbox 2168 2186 3756 2244">
     <span class='ocr_line' id='line_1_79' title="bbox 2168 2186 3756 2244; baseline 0.003 -6"><span class='ocrx_word' id='word_1_598' title='bbox 2168 2186 2251 2238; x_wconf 85' lang='lat' dir='ltr'><strong>nia</strong></span> <span class='ocrx_word' id='word_1_599' title='bbox 2280 2186 2509 2240; x_wconf 87' lang='lat' dir='ltr'><strong>ostendit</strong></span> <span class='ocrx_word' id='word_1_600' title='bbox 2532 2201 2679 2240; x_wconf 89' lang='lat' dir='ltr'><strong>suam</strong></span> <span class='ocrx_word' id='word_1_601' title='bbox 2710 2203 2830 2239; x_wconf 82' lang='lat' dir='ltr'><strong>cum</strong></span> <span class='ocrx_word' id='word_1_602' title='bbox 2856 2186 3106 2243; x_wconf 73' lang='lat' dir='ltr'><strong>Genitore</strong></span> <span class='ocrx_word' id='word_1_603' title='bbox 3130 2189 3490 2242; x_wconf 86' lang='lat' dir='ltr'><strong>concordiam.</strong></span> <span class='ocrx_word' id='word_1_604' title='bbox 3526 2191 3603 2243; x_wconf 90' lang='lat' dir='ltr'><strong>Tu</strong></span> <span class='ocrx_word' id='word_1_605' title='bbox 3630 2207 3756 2244; x_wconf 80' lang='lat' dir='ltr'><strong>vero</strong></span> 
     </span>
    </p>
   </div>
   <div class='ocr_carea' id='block_1_80' title="bbox 2166 2276 3755 2349">
    <p class='ocr_par' dir='ltr' id='par_1_80' title="bbox 2166 2276 3755 2349">
     <span class='ocr_line' id='line_1_80' title="bbox 2166 2276 3755 2349; baseline 0.003 -20"><span class='ocrx_word' id='word_1_606' title='bbox 2166 2276 2287 2331; x_wconf 85' lang='lat' dir='ltr'><strong>vide</strong></span> <span class='ocrx_word' id='word_1_607' title='bbox 2328 2276 2535 2331; x_wconf 88' lang='lat' dir='ltr'><strong>illorum</strong></span> <span class='ocrx_word' id='word_1_608' title='bbox 2593 2277 2935 2346; x_wconf 86' lang='lat' dir='ltr'><strong>petulantiam</strong></span> <span class='ocrx_word' id='word_1_609' title='bbox 2988 2287 3148 2349; x_wconf 88' lang='lat' dir='ltr'><strong>atque</strong></span> <span class='ocrx_word' id='word_1_610' title='bbox 3184 2280 3477 2334; x_wconf 83' lang='lat' dir='ltr'><strong>vesaniam.</strong></span> <span class='ocrx_word' id='word_1_611' title='bbox 3532 2281 3755 2335; x_wconf 78' lang='lat' dir='ltr'><strong>Putave-</strong></span> 
     </span>
    </p>
   </div>
   <div class='ocr_carea' id='block_1_81' title="bbox 2167 2369 3757 2445">
    <p class='ocr_par' dir='ltr' id='par_1_81' title="bbox 2167 2369 3757 2445">
     <span class='ocr_line' id='line_1_81' title="bbox 2167 2369 3757 2445; baseline 0.004 -20"><span class='ocrx_word' id='word_1_612' title='bbox 2167 2378 2308 2433; x_wconf 89' lang='lat' dir='ltr'><strong>runt,</strong></span> <span class='ocrx_word' id='word_1_613' title='bbox 2340 2370 2530 2439; x_wconf 89' lang='lat' dir='ltr'><strong>inquit,</strong></span> <span class='ocrx_word' id='word_1_614' title='bbox 2550 2369 2716 2425; x_wconf 79' lang='lat' dir='ltr'><strong>Etiam</strong></span> <span class='ocrx_word' id='word_1_615' title='bbox 2738 2372 2806 2425; x_wconf 87' lang='lat' dir='ltr'><strong>ab</strong></span> <span class='ocrx_word' id='word_1_616' title='bbox 2834 2387 2900 2426; x_wconf 87' lang='lat' dir='ltr'><strong>eo</strong></span> <span class='ocrx_word' id='word_1_617' title='bbox 2924 2373 3123 2437; x_wconf 86' lang='lat' dir='ltr'><strong>vocari,</strong></span> <span class='ocrx_word' id='word_1_618' title='bbox 3150 2382 3202 2428; x_wconf 91' lang='lat' dir='ltr'><strong>et</strong></span> <span class='ocrx_word' id='word_1_619' title='bbox 3229 2376 3406 2427; x_wconf 87' lang='lat' dir='ltr'><strong>statim</strong></span> <span class='ocrx_word' id='word_1_620' title='bbox 3436 2385 3757 2445; x_wconf 84' lang='lat' dir='ltr'><strong>potavernnt</strong></span> 
     </span>
    </p>
   </div>
   <div class='ocr_carea' id='block_1_82' title="bbox 2167 2465 3764 2538">
    <p class='ocr_par' dir='ltr' id='par_1_82' title="bbox 2167 2465 3764 2538">
     <span class='ocr_line' id='line_1_82' title="bbox 2167 2465 3764 2538; baseline -0.001 -18"><span class='ocrx_word' id='word_1_621' title='bbox 2167 2466 2315 2520; x_wconf 90' lang='lat' dir='ltr'><strong>illum</strong></span> <span class='ocrx_word' id='word_1_622' title='bbox 2342 2476 2511 2519; x_wconf 88' lang='lat' dir='ltr'><strong>aceto.</strong></span> <span class='ocrx_word' id='word_1_623' title='bbox 2540 2465 2686 2520; x_wconf 72' lang='lat' dir='ltr'><strong>Alius</strong></span> <span class='ocrx_word' id='word_1_624' title='bbox 2724 2473 2901 2520; x_wconf 87' lang='lat' dir='ltr'><strong>autem</strong></span> <span class='ocrx_word' id='word_1_625' title='bbox 2937 2466 3122 2521; x_wconf 85' lang='lat' dir='ltr'><strong>lancea</strong></span> <span class='ocrx_word' id='word_1_626' title='bbox 3168 2467 3303 2521; x_wconf 89' lang='lat' dir='ltr'><strong>latus</strong></span> <span class='ocrx_word' id='word_1_627' title='bbox 3347 2468 3462 2536; x_wconf 84' lang='lat' dir='ltr'><strong>ejus</strong></span> <span class='ocrx_word' id='word_1_628' title='bbox 3504 2470 3764 2538; x_wconf 83' lang='lat' dir='ltr'><strong>aperuit&#39;.</strong></span> 
     </span>
    </p>
   </div>
   <div class='ocr_carea' id='block_1_83' title="bbox 2166 2555 3759 2630">
    <p class='ocr_par' dir='ltr' id='par_1_83' title="bbox 2166 2555 3759 2630">
     <span class='ocr_line' id='line_1_83' title="bbox 2166 2555 3759 2630; baseline 0.004 -21"><span class='ocrx_word' id='word_1_629' title='bbox 2166 2555 2301 2623; x_wconf 85' lang='lat' dir='ltr'><strong>Quid</strong></span> <span class='ocrx_word' id='word_1_630' title='bbox 2330 2555 2411 2610; x_wconf 89' lang='lat' dir='ltr'><strong>his</strong></span> <span class='ocrx_word' id='word_1_631' title='bbox 2439 2556 2685 2625; x_wconf 86' lang='lat' dir='ltr'><strong>iniquius,</strong></span> <span class='ocrx_word' id='word_1_632' title='bbox 2714 2556 2839 2625; x_wconf 90' lang='lat' dir='ltr'><strong>quid</strong></span> <span class='ocrx_word' id='word_1_633' title='bbox 2871 2557 3117 2622; x_wconf 88' lang='lat' dir='ltr'><strong>ferocius,</strong></span> <span class='ocrx_word' id='word_1_634' title='bbox 3148 2557 3238 2628; x_wconf 88' lang='lat' dir='ltr'><strong>qui</strong></span> <span class='ocrx_word' id='word_1_635' title='bbox 3260 2572 3497 2630; x_wconf 83' lang='lat' dir='ltr'><strong>eousque</strong></span> <span class='ocrx_word' id='word_1_636' title='bbox 3526 2560 3759 2615; x_wconf 85' lang='lat' dir='ltr'><strong>furorem</strong></span> 
     </span>
    </p>
   </div>
   <div class='ocr_carea' id='block_1_84' title="bbox 2166 2648 3757 2720">
    <p class='ocr_par' dir='ltr' id='par_1_84' title="bbox 2166 2648 3757 2720">
     <span class='ocr_line' id='line_1_84' title="bbox 2166 2648 3757 2720; baseline 0.001 -16"><span class='ocrx_word' id='word_1_637' title='bbox 2166 2663 2317 2704; x_wconf 81' lang='lat' dir='ltr'><strong>Suum</strong></span> <span class='ocrx_word' id='word_1_638' title='bbox 2361 2648 2740 2713; x_wconf 75' lang='lat' dir='ltr'><strong>extenderunt,</strong></span> <span class='ocrx_word' id='word_1_639' title='bbox 2791 2656 2846 2703; x_wconf 87' lang='lat' dir='ltr'><strong>et</strong></span> <span class='ocrx_word' id='word_1_640' title='bbox 2896 2662 3161 2703; x_wconf 86' lang='lat' dir='ltr'><strong>mortuum</strong></span> <span class='ocrx_word' id='word_1_641' title='bbox 3193 2665 3389 2720; x_wconf 87' lang='lat' dir='ltr'><strong>corpus</strong></span> <span class='ocrx_word' id='word_1_642' title='bbox 3435 2652 3757 2706; x_wconf 83' lang='lat' dir='ltr'><strong>contumelia</strong></span> 
     </span>
    </p>
   </div>
   <div class='ocr_carea' id='block_1_85' title="bbox 2166 2738 3759 2810">
    <p class='ocr_par' dir='ltr' id='par_1_85' title="bbox 2166 2738 3759 2810">
     <span class='ocr_line' id='line_1_85' title="bbox 2166 2738 3759 2810; baseline 0.004 -18"><span class='ocrx_word' id='word_1_643' title='bbox 2166 2738 2493 2793; x_wconf 75' lang='lat' dir='ltr'><strong>affecerunt?</strong></span> <span class='ocrx_word' id='word_1_644' title='bbox 2544 2739 2623 2794; x_wconf 88' lang='lat' dir='ltr'><strong>Tu</strong></span> <span class='ocrx_word' id='word_1_645' title='bbox 2662 2755 2789 2793; x_wconf 90' lang='lat' dir='ltr'><strong>vero</strong></span> <span class='ocrx_word' id='word_1_646' title='bbox 2842 2740 3111 2809; x_wconf 89' lang='lat' dir='ltr'><strong>perpende</strong></span> <span class='ocrx_word' id='word_1_647' title='bbox 3153 2741 3423 2810; x_wconf 87' lang='lat' dir='ltr'><strong>quomodo</strong></span> <span class='ocrx_word' id='word_1_648' title='bbox 3465 2741 3759 2798; x_wconf 84' lang='lat' dir='ltr'><strong>sceleribus</strong></span> 
     </span>
    </p>
   </div>
   <div class='ocr_carea' id='block_1_86' title="bbox 2167 2831 3758 2905">
    <p class='ocr_par' dir='ltr' id='par_1_86' title="bbox 2167 2831 3758 2905">
     <span class='ocr_line' id='line_1_86' title="bbox 2167 2831 3758 2905; baseline 0.004 -21"><span class='ocrx_word' id='word_1_649' title='bbox 2167 2845 2350 2885; x_wconf 84' lang='lat' dir='ltr'><strong>eorum</strong></span> <span class='ocrx_word' id='word_1_650' title='bbox 2381 2846 2506 2885; x_wconf 87' lang='lat' dir='ltr'><strong>usus</strong></span> <span class='ocrx_word' id='word_1_651' title='bbox 2532 2832 2601 2886; x_wconf 90' lang='lat' dir='ltr'><strong>sit</strong></span> <span class='ocrx_word' id='word_1_652' title='bbox 2622 2831 2689 2886; x_wconf 90' lang='lat' dir='ltr'><strong>ad</strong></span> <span class='ocrx_word' id='word_1_653' title='bbox 2718 2832 2939 2887; x_wconf 82' lang='lat' dir='ltr'><strong>salutem</strong></span> <span class='ocrx_word' id='word_1_654' title='bbox 2967 2842 3221 2888; x_wconf 90' lang='lat' dir='ltr'><strong>nostram.</strong></span> <span class='ocrx_word' id='word_1_655' title='bbox 3245 2833 3367 2888; x_wconf 77' lang='lat' dir='ltr'><strong>Post</strong></span> <span class='ocrx_word' id='word_1_656' title='bbox 3392 2834 3597 2905; x_wconf 80' lang='lat' dir='ltr'><strong>plagam</strong></span> <span class='ocrx_word' id='word_1_657' title='bbox 3616 2836 3758 2890; x_wconf 85' lang='lat' dir='ltr'><strong>enim</strong></span> 
     </span>
    </p>
   </div>
   <div class='ocr_carea' id='block_1_87' title="bbox 2168 2920 3757 2980">
    <p class='ocr_par' dir='ltr' id='par_1_87' title="bbox 2168 2920 3757 2980">
     <span class='ocr_line' id='line_1_87' title="bbox 2168 2920 3757 2980; baseline 0 -4"><span class='ocrx_word' id='word_1_658' title='bbox 2168 2920 2341 2976; x_wconf 76' lang='lat' dir='ltr'><strong>fontes</strong></span> <span class='ocrx_word' id='word_1_659' title='bbox 2370 2923 2556 2978; x_wconf 87' lang='lat' dir='ltr'><strong>salutis</strong></span> <span class='ocrx_word' id='word_1_660' title='bbox 2605 2923 2727 2977; x_wconf 89' lang='lat' dir='ltr'><strong>inde</strong></span> <span class='ocrx_word' id='word_1_661' title='bbox 2758 2934 3060 2979; x_wconf 88' lang='lat' dir='ltr'><strong>manarunt.</strong></span> <span class='ocrx_word' id='word_1_662' title='bbox 3112 2925 3201 2979; x_wconf 82' lang='lat'><strong>50.</strong></span> <span class='ocrx_word' id='word_1_663' title='bbox 3249 2923 3399 2978; x_wconf 70' lang='lat' dir='ltr'><strong>Iesus</strong></span> <span class='ocrx_word' id='word_1_664' title='bbox 3438 2936 3606 2980; x_wconf 82' lang='lat' dir='ltr'><strong>autent</strong></span> <span class='ocrx_word' id='word_1_665' title='bbox 3639 2925 3757 2977; x_wconf 88' lang='lat' dir='ltr'><strong>cla-</strong></span> 
     </span>
    </p>
   </div>
   <div class='ocr_carea' id='block_1_88' title="bbox 2168 3016 3759 3086">
    <p class='ocr_par' dir='ltr' id='par_1_88' title="bbox 2168 3016 3759 3086">
     <span class='ocr_line' id='line_1_88' title="bbox 2168 3016 3759 3086; baseline 0.004 -18"><span class='ocrx_word' id='word_1_666' title='bbox 2168 3033 2311 3071; x_wconf 83' lang='lat' dir='ltr'><strong>mans</strong></span> <span class='ocrx_word' id='word_1_667' title='bbox 2337 3032 2452 3070; x_wconf 79' lang='lat' dir='ltr'><strong>voce</strong></span> <span class='ocrx_word' id='word_1_668' title='bbox 2471 3033 2675 3085; x_wconf 75' lang='lat' dir='ltr'><strong>magna,</strong></span> <span class='ocrx_word' id='word_1_669' title='bbox 2705 3017 2866 3069; x_wconf 82' lang='lat' dir='ltr'><strong>emisit</strong></span> <span class='ocrx_word' id='word_1_670' title='bbox 2893 3016 3145 3085; x_wconf 80' lang='lat' dir='ltr'><strong>spiritum.</strong></span> <span class='ocrx_word' id='word_1_671' title='bbox 3178 3016 3287 3070; x_wconf 88' lang='lat' dir='ltr'><strong>lloc</strong></span> <span class='ocrx_word' id='word_1_672' title='bbox 3324 3028 3400 3071; x_wconf 88' lang='lat' dir='ltr'><strong>est</strong></span> <span class='ocrx_word' id='word_1_673' title='bbox 3439 3018 3578 3086; x_wconf 92' lang='lat' dir='ltr'><strong>quod</strong></span> <span class='ocrx_word' id='word_1_674' title='bbox 3609 3018 3759 3074; x_wconf 85' lang='lat' dir='ltr'><strong>diee-</strong></span> 
     </span>
    </p>
   </div>
   <div class='ocr_carea' id='block_1_89' title="bbox 2169 3107 3760 3179">
    <p class='ocr_par' dir='ltr' id='par_1_89' title="bbox 2169 3107 3760 3179">
     <span class='ocr_line' id='line_1_89' title="bbox 2169 3107 3760 3179; baseline 0 -16"><span class='ocrx_word' id='word_1_675' title='bbox 2169 3108 2258 3163; x_wconf 87' lang='lat' dir='ltr'><strong>bat</strong></span> <span class='ocrx_word' id='word_1_676' title='bbox 2290 3125 2303 3163; x_wconf 89' lang='lat'><strong>:</strong></span> <span class='ocrx_word' id='word_1_677' title='bbox 2337 3107 2645 3163; x_wconf 84' lang='lat' dir='ltr'><strong>Potestatem</strong></span> <span class='ocrx_word' id='word_1_678' title='bbox 2676 3108 2833 3162; x_wconf 79' lang='lat' dir='ltr'><strong>habeo</strong></span> <span class='ocrx_word' id='word_1_679' title='bbox 2866 3108 3082 3177; x_wconf 85' lang='lat' dir='ltr'><strong>ponendi</strong></span> <span class='ocrx_word' id='word_1_680' title='bbox 3120 3109 3342 3160; x_wconf 79' lang='lat' dir='ltr'><strong>animum</strong></span> <span class='ocrx_word' id='word_1_681' title='bbox 3386 3125 3567 3174; x_wconf 78' lang='lat' dir='ltr'><strong>meant,</strong></span> <span class='ocrx_word' id='word_1_682' title='bbox 3592 3118 3637 3161; x_wconf 88' lang='lat' dir='ltr'><strong>et</strong></span> <span class='ocrx_word' id='word_1_683' title='bbox 3675 3126 3760 3179; x_wconf 83' lang='lat' dir='ltr'><strong>po-</strong></span> 
     </span>
    </p>
   </div>
   <div class='ocr_carea' id='block_1_90' title="bbox 2170 3200 3760 3272">
    <p class='ocr_par' dir='ltr' id='par_1_90' title="bbox 2170 3200 3760 3272">
     <span class='ocr_line' id='line_1_90' title="bbox 2170 3200 3760 3272; baseline -0.001 -16"><span class='ocrx_word' id='word_1_684' title='bbox 2170 3213 2391 3257; x_wconf 81' lang='lat' dir='ltr'><strong>testatem</strong></span> <span class='ocrx_word' id='word_1_685' title='bbox 2417 3204 2573 3256; x_wconf 83' lang='lat' dir='ltr'><strong>habeo</strong></span> <span class='ocrx_word' id='word_1_686' title='bbox 2599 3202 2776 3256; x_wconf 84' lang='lat' dir='ltr'><strong>iterum</strong></span> <span class='ocrx_word' id='word_1_687' title='bbox 2800 3200 3031 3255; x_wconf 76' lang='lat' dir='ltr'><strong>sumendi</strong></span> <span class='ocrx_word' id='word_1_688' title='bbox 3059 3217 3168 3253; x_wconf 83' lang='lat' dir='ltr'><strong>eam</strong></span> <span class='ocrx_word' id='word_1_689' title='bbox 3193 3200 3367 3270; x_wconf 77' lang='lat' dir='ltr'><strong>(Joan.</strong></span> <span class='ocrx_word' id='word_1_690' title='bbox 3404 3201 3488 3256; x_wconf 88' lang='lat' dir='ltr'><strong>l0.</strong></span> <span class='ocrx_word' id='word_1_691' title='bbox 3528 3202 3648 3272; x_wconf 83' lang='lat' dir='ltr'><strong>l8);</strong></span> <span class='ocrx_word' id='word_1_692' title='bbox 3681 3212 3760 3267; x_wconf 89' lang='lat' dir='ltr'><strong>ct,</strong></span> 
     </span>
    </p>
   </div>
   <div class='ocr_carea' id='block_1_91' title="bbox 2168 3291 3756 3375">
    <p class='ocr_par' dir='ltr' id='par_1_91' title="bbox 2168 3291 3756 3375">
     <span class='ocr_line' id='line_1_91' title="bbox 2168 3291 3756 3375; baseline 0 -26"><span class='ocrx_word' id='word_1_693' title='bbox 2168 3294 2283 3367; x_wconf 84' lang='lat' dir='ltr'><strong>Ego</strong></span> <span class='ocrx_word' id='word_1_694' title='bbox 2327 3312 2458 3365; x_wconf 88' lang='lat' dir='ltr'><strong>pono</strong></span> <span class='ocrx_word' id='word_1_695' title='bbox 2505 3312 2615 3349; x_wconf 87' lang='lat' dir='ltr'><strong>eam</strong></span> <span class='ocrx_word' id='word_1_696' title='bbox 2661 3312 2693 3348; x_wconf 88' lang='lat' dir='ltr'><strong>a</strong></span> <span class='ocrx_word' id='word_1_697' title='bbox 2739 3311 2817 3348; x_wconf 85' lang='lat' dir='ltr'><strong>me</strong></span> <span class='ocrx_word' id='word_1_698' title='bbox 2863 3294 2994 3364; x_wconf 86' lang='lat' dir='ltr'><strong>ipso.</strong></span> <span class='ocrx_word' id='word_1_699' title='bbox 3051 3291 3174 3375; x_wconf 83' lang='lat' dir='ltr'><strong>Ideo</strong></span> <span class='ocrx_word' id='word_1_700' title='bbox 3225 3308 3356 3347; x_wconf 75' lang='lat' dir='ltr'><strong>voce</strong></span> <span class='ocrx_word' id='word_1_701' title='bbox 3405 3294 3756 3361; x_wconf 75' lang='lat' dir='ltr'><strong>exclamavit,</strong></span> 
     </span>
    </p>
   </div>
   <div class='ocr_carea' id='block_1_92' title="bbox 2169 3384 3762 3456">
    <p class='ocr_par' dir='ltr' id='par_1_92' title="bbox 2169 3384 3762 3456">
     <span class='ocr_line' id='line_1_92' title="bbox 2169 3384 3762 3456; baseline -0.001 -15"><span class='ocrx_word' id='word_1_702' title='bbox 2169 3397 2228 3441; x_wconf 94' lang='lat' dir='ltr'><strong>ut</strong></span> <span class='ocrx_word' id='word_1_703' title='bbox 2270 3386 2579 3441; x_wconf 86' lang='lat' dir='ltr'><strong>ostenderet</strong></span> <span class='ocrx_word' id='word_1_704' title='bbox 2621 3401 2683 3441; x_wconf 77' lang='lat' dir='ltr'><strong>ex</strong></span> <span class='ocrx_word' id='word_1_705' title='bbox 2734 3394 2994 3456; x_wconf 85' lang='lat' dir='ltr'><strong>potestate</strong></span> <span class='ocrx_word' id='word_1_706' title='bbox 3046 3398 3139 3438; x_wconf 90' lang='lat' dir='ltr'><strong>sua</strong></span> <span class='ocrx_word' id='word_1_707' title='bbox 3194 3399 3308 3438; x_wconf 89' lang='lat' dir='ltr'><strong>rem</strong></span> <span class='ocrx_word' id='word_1_708' title='bbox 3356 3384 3489 3439; x_wconf 80' lang='lat' dir='ltr'><strong>fieri.</strong></span> <span class='ocrx_word' id='word_1_709' title='bbox 3552 3384 3762 3440; x_wconf 79' lang='lat' dir='ltr'><strong>Marcus</strong></span> 
     </span>
    </p>
   </div>
   <div class='ocr_carea' id='block_1_93' title="bbox 2172 3474 3759 3552">
    <p class='ocr_par' dir='ltr' id='par_1_93' title="bbox 2172 3474 3759 3552">
     <span class='ocr_line' id='line_1_93' title="bbox 2172 3474 3759 3552; baseline -0.002 -21"><span class='ocrx_word' id='word_1_710' title='bbox 2172 3478 2324 3552; x_wconf 77' lang='lat' dir='ltr'><strong>(Cap.</strong></span> <span class='ocrx_word' id='word_1_711' title='bbox 2351 3478 2435 3533; x_wconf 82' lang='lat' dir='ltr'><strong>l5.</strong></span> <span class='ocrx_word' id='word_1_712' title='bbox 2464 3479 2551 3534; x_wconf 75' lang='grc'><strong>44.</strong></span> <span class='ocrx_word' id='word_1_713' title='bbox 2582 3477 2672 3547; x_wconf 82' lang='lat'><strong>&#39;59)</strong></span> <span class='ocrx_word' id='word_1_714' title='bbox 2710 3492 2835 3531; x_wconf 86' lang='lat' dir='ltr'><strong>vero</strong></span> <span class='ocrx_word' id='word_1_715' title='bbox 2860 3476 3005 3541; x_wconf 90' lang='lat' dir='ltr'><strong>dicit,</strong></span> <span class='ocrx_word' id='word_1_716' title='bbox 3030 3476 3283 3530; x_wconf 88' lang='lat' dir='ltr'><strong>miratum</strong></span> <span class='ocrx_word' id='word_1_717' title='bbox 3315 3474 3479 3530; x_wconf 85' lang='lat' dir='ltr'><strong>fuisse</strong></span> <span class='ocrx_word' id='word_1_718' title='bbox 3508 3475 3759 3537; x_wconf 76' lang='lat' dir='ltr'><strong>Pilatum,</strong></span> 
     </span>
    </p>
   </div>
   <div class='ocr_carea' id='block_1_94' title="bbox 2171 3567 3765 3641">
    <p class='ocr_par' dir='ltr' id='par_1_94' title="bbox 2171 3567 3765 3641">
     <span class='ocr_line' id='line_1_94' title="bbox 2171 3567 3765 3641; baseline -0.001 -15"><span class='ocrx_word' id='word_1_719' title='bbox 2171 3572 2214 3626; x_wconf 91' lang='lat' dir='ltr'><strong>si</strong></span> <span class='ocrx_word' id='word_1_720' title='bbox 2237 3572 2347 3641; x_wconf 90' lang='lat' dir='ltr'><strong>jam</strong></span> <span class='ocrx_word' id='word_1_721' title='bbox 2376 3582 2615 3625; x_wconf 89' lang='lat' dir='ltr'><strong>mortuus</strong></span> <span class='ocrx_word' id='word_1_722' title='bbox 2640 3578 2783 3625; x_wconf 88' lang='lat' dir='ltr'><strong>esset</strong></span> <span class='ocrx_word' id='word_1_723' title='bbox 2811 3587 2823 3623; x_wconf 93' lang='lat'><strong>:</strong></span> <span class='ocrx_word' id='word_1_724' title='bbox 2852 3585 2914 3624; x_wconf 89' lang='lat' dir='ltr'><strong>ac</strong></span> <span class='ocrx_word' id='word_1_725' title='bbox 2951 3569 3315 3624; x_wconf 90' lang='lat' dir='ltr'><strong>centurionem</strong></span> <span class='ocrx_word' id='word_1_726' title='bbox 3362 3567 3483 3622; x_wconf 89' lang='lat' dir='ltr'><strong>ideo</strong></span> <span class='ocrx_word' id='word_1_727' title='bbox 3529 3570 3765 3625; x_wconf 76' lang='lat' dir='ltr'><strong>inaxime</strong></span> 
     </span>
    </p>
   </div>
   <div class='ocr_carea' id='block_1_95' title="bbox 2171 3660 3761 3732">
    <p class='ocr_par' dir='ltr' id='par_1_95' title="bbox 2171 3660 3761 3732">
     <span class='ocr_line' id='line_1_95' title="bbox 2171 3660 3761 3732; baseline 0 -16"><span class='ocrx_word' id='word_1_728' title='bbox 2171 3662 2480 3723; x_wconf 82' lang='lat' dir='ltr'><strong>credidisse,</strong></span> <span class='ocrx_word' id='word_1_729' title='bbox 2513 3662 2634 3732; x_wconf 89' lang='lat' dir='ltr'><strong>quia</strong></span> <span class='ocrx_word' id='word_1_730' title='bbox 2659 3678 2780 3715; x_wconf 88' lang='lat' dir='ltr'><strong>cum</strong></span> <span class='ocrx_word' id='word_1_731' title='bbox 2823 3661 3098 3731; x_wconf 86' lang='lat' dir='ltr'><strong>potestatis</strong></span> <span class='ocrx_word' id='word_1_732' title='bbox 3134 3660 3287 3731; x_wconf 82' lang='lat' dir='ltr'><strong>signo</strong></span> <span class='ocrx_word' id='word_1_733' title='bbox 3321 3670 3563 3715; x_wconf 88' lang='lat' dir='ltr'><strong>mortuus</strong></span> <span class='ocrx_word' id='word_1_734' title='bbox 3594 3671 3761 3716; x_wconf 81' lang='lat' dir='ltr'><strong>esset.</strong></span> 
     </span>
    </p>
   </div>
   <div class='ocr_carea' id='block_1_96' title="bbox 2175 3752 3763 3823">
    <p class='ocr_par' dir='ltr' id='par_1_96' title="bbox 2175 3752 3763 3823">
     <span class='ocr_line' id='line_1_96' title="bbox 2175 3752 3763 3823; baseline -0.004 -11"><span class='ocrx_word' id='word_1_735' title='bbox 2175 3755 2298 3812; x_wconf 71' lang='lat' dir='ltr'><strong>llarc</strong></span> <span class='ocrx_word' id='word_1_736' title='bbox 2328 3770 2428 3811; x_wconf 80' lang='lat' dir='ltr'><strong>vox</strong></span> <span class='ocrx_word' id='word_1_737' title='bbox 2458 3754 2631 3809; x_wconf 89' lang='lat' dir='ltr'><strong>velum</strong></span> <span class='ocrx_word' id='word_1_738' title='bbox 2659 3752 2889 3816; x_wconf 89' lang='lat' dir='ltr'><strong>discidit,</strong></span> <span class='ocrx_word' id='word_1_739' title='bbox 2922 3762 3261 3807; x_wconf 89' lang='lat' dir='ltr'><strong>monumenta</strong></span> <span class='ocrx_word' id='word_1_740' title='bbox 3306 3753 3531 3823; x_wconf 88' lang='lat' dir='ltr'><strong>aperuit,</strong></span> <span class='ocrx_word' id='word_1_741' title='bbox 3574 3762 3628 3807; x_wconf 89' lang='lat' dir='ltr'><strong>ct</strong></span> <span class='ocrx_word' id='word_1_742' title='bbox 3660 3753 3763 3806; x_wconf 82' lang='lat' dir='ltr'><strong>do-</strong></span> 
     </span>
    </p>
   </div>
   <div class='ocr_carea' id='block_1_97' title="bbox 2173 3846 3764 3908">
    <p class='ocr_par' dir='ltr' id='par_1_97' title="bbox 2173 3846 3764 3908">
     <span class='ocr_line' id='line_1_97' title="bbox 2173 3846 3764 3908; baseline -0.005 0"><span class='ocrx_word' id='word_1_743' title='bbox 2173 3868 2316 3908; x_wconf 91' lang='lat' dir='ltr'><strong>mum</strong></span> <span class='ocrx_word' id='word_1_744' title='bbox 2358 3852 2624 3906; x_wconf 87' lang='lat' dir='ltr'><strong>desertam</strong></span> <span class='ocrx_word' id='word_1_745' title='bbox 2680 3847 2929 3903; x_wconf 90' lang='lat' dir='ltr'><strong>reddidit.</strong></span> <span class='ocrx_word' id='word_1_746' title='bbox 2984 3846 3095 3901; x_wconf 88' lang='lat' dir='ltr'><strong>lloc</strong></span> <span class='ocrx_word' id='word_1_747' title='bbox 3137 3856 3312 3901; x_wconf 89' lang='lat' dir='ltr'><strong>autem</strong></span> <span class='ocrx_word' id='word_1_748' title='bbox 3360 3846 3501 3907; x_wconf 80' lang='lat' dir='ltr'><strong>fecit,</strong></span> <span class='ocrx_word' id='word_1_749' title='bbox 3552 3862 3658 3899; x_wconf 90' lang='lat' dir='ltr'><strong>non</strong></span> <span class='ocrx_word' id='word_1_750' title='bbox 3707 3856 3764 3901; x_wconf 91' lang='lat' dir='ltr'><strong>ut</strong></span> 
     </span>
    </p>
   </div>
   <div class='ocr_carea' id='block_1_98' title="bbox 2174 3935 3765 4011">
    <p class='ocr_par' dir='ltr' id='par_1_98' title="bbox 2174 3935 3765 4011">
     <span class='ocr_line' id='line_1_98' title="bbox 2174 3935 3765 4011; baseline -0.004 -14"><span class='ocrx_word' id='word_1_751' title='bbox 2174 3942 2428 4011; x_wconf 89' lang='lat' dir='ltr'><strong>templum</strong></span> <span class='ocrx_word' id='word_1_752' title='bbox 2470 3939 2845 3994; x_wconf 87' lang='lat' dir='ltr'><strong>dehonestaret</strong></span> <span class='ocrx_word' id='word_1_753' title='bbox 2899 3935 3190 4009; x_wconf 90' lang='lat' dir='ltr'><strong>(quomodo</strong></span> <span class='ocrx_word' id='word_1_754' title='bbox 3230 3936 3371 3990; x_wconf 86' lang='lat' dir='ltr'><strong>enim</strong></span> <span class='ocrx_word' id='word_1_755' title='bbox 3412 3935 3462 3989; x_wconf 92' lang='lat' dir='ltr'><strong>id</strong></span> <span class='ocrx_word' id='word_1_756' title='bbox 3505 3937 3765 4002; x_wconf 74' lang='lat' dir='ltr'><strong>potiiisset</strong></span> 
     </span>
    </p>
   </div>
   <div class='ocr_carea' id='block_1_99' title="bbox 2174 4027 3761 4107">
    <p class='ocr_par' dir='ltr' id='par_1_99' title="bbox 2174 4027 3761 4107">
     <span class='ocr_line' id='line_1_99' title="bbox 2174 4027 3761 4107; baseline -0.006 -17"><span class='ocrx_word' id='word_1_757' title='bbox 2174 4038 2261 4107; x_wconf 91' lang='lat' dir='ltr'><strong>qui</strong></span> <span class='ocrx_word' id='word_1_758' title='bbox 2292 4036 2414 4090; x_wconf 88' lang='lat' dir='ltr'><strong>dicit</strong></span> <span class='ocrx_word' id='word_1_759' title='bbox 2450 4050 2465 4087; x_wconf 88' lang='lat'><strong><em>:</em></strong></span> <span class='ocrx_word' id='word_1_760' title='bbox 2492 4032 2663 4087; x_wconf 85' lang='lat' dir='ltr'><strong>Nolite</strong></span> <span class='ocrx_word' id='word_1_761' title='bbox 2688 4036 2853 4100; x_wconf 77' lang='lat' dir='ltr'><strong>facere</strong></span> <span class='ocrx_word' id='word_1_762' title='bbox 2882 4030 3085 4083; x_wconf 82' lang='lat' dir='ltr'><strong>domum</strong></span> <span class='ocrx_word' id='word_1_763' title='bbox 3116 4027 3286 4083; x_wconf 83' lang='lat' dir='ltr'><strong>Patris</strong></span> <span class='ocrx_word' id='word_1_764' title='bbox 3315 4030 3409 4081; x_wconf 86' lang='lat' dir='ltr'><strong>mei</strong></span> <span class='ocrx_word' id='word_1_765' title='bbox 3441 4030 3645 4081; x_wconf 85' lang='lat' dir='ltr'><strong>domum</strong></span> <span class='ocrx_word' id='word_1_766' title='bbox 3671 4046 3761 4081; x_wconf 80' lang='lat' dir='ltr'><strong>ue-</strong></span> 
     </span>
    </p>
   </div>
   <div class='ocr_carea' id='block_1_100' title="bbox 2175 4119 3764 4200">
    <p class='ocr_par' dir='ltr' id='par_1_100' title="bbox 2175 4119 3764 4200">
     <span class='ocr_line' id='line_1_100' title="bbox 2175 4119 3764 4200; baseline -0.005 -19"><span class='ocrx_word' id='word_1_767' title='bbox 2175 4126 2503 4200; x_wconf 84' lang='lat' dir='ltr'><strong>gotiationis?</strong></span> <span class='ocrx_word' id='word_1_768' title='bbox 2530 4122 2706 4196; x_wconf 86' lang='lat' dir='ltr'><strong>[Joan.</strong></span> <span class='ocrx_word' id='word_1_769' title='bbox 2736 4123 2789 4176; x_wconf 72' lang='lat'><strong>2.</strong></span> <span class='ocrx_word' id='word_1_770' title='bbox 2827 4120 2938 4194; x_wconf 78' lang='grc'><strong>16])</strong></span> <span class='ocrx_word' id='word_1_771' title='bbox 2969 4120 3061 4175; x_wconf 86' lang='lat' dir='ltr'><strong>sed</strong></span> <span class='ocrx_word' id='word_1_772' title='bbox 3095 4119 3337 4189; x_wconf 76' lang='lat' dir='ltr'><strong>indignos</strong></span> <span class='ocrx_word' id='word_1_773' title='bbox 3372 4119 3491 4173; x_wconf 91' lang='lat' dir='ltr'><strong>illos</strong></span> <span class='ocrx_word' id='word_1_774' title='bbox 3534 4119 3764 4173; x_wconf 83' lang='lat' dir='ltr'><strong>reddens</strong></span> 
     </span>
    </p>
   </div>
   <div class='ocr_carea' id='block_1_101' title="bbox 2176 4209 3764 4288">
    <p class='ocr_par' dir='ltr' id='par_1_101' title="bbox 2176 4209 3764 4288">
     <span class='ocr_line' id='line_1_101' title="bbox 2176 4209 3764 4288; baseline -0.008 -14"><span class='ocrx_word' id='word_1_775' title='bbox 2176 4220 2263 4288; x_wconf 91' lang='lat' dir='ltr'><strong>qui</strong></span> <span class='ocrx_word' id='word_1_776' title='bbox 2294 4218 2362 4273; x_wconf 86' lang='lat' dir='ltr'><strong>ibi</strong></span> <span class='ocrx_word' id='word_1_777' title='bbox 2396 4224 2753 4276; x_wconf 88' lang='lat' dir='ltr'><strong>versarentur,</strong></span> <span class='ocrx_word' id='word_1_778' title='bbox 2783 4222 2840 4266; x_wconf 89' lang='lat' dir='ltr'><strong>ut</strong></span> <span class='ocrx_word' id='word_1_779' title='bbox 2865 4214 3022 4266; x_wconf 90' lang='lat' dir='ltr'><strong>etiam</strong></span> <span class='ocrx_word' id='word_1_780' title='bbox 3044 4225 3165 4266; x_wconf 88' lang='lat' dir='ltr'><strong>cum</strong></span> <span class='ocrx_word' id='word_1_781' title='bbox 3190 4209 3314 4265; x_wconf 84' lang='lat' dir='ltr'><strong>illud</strong></span> <span class='ocrx_word' id='word_1_782' title='bbox 3340 4209 3643 4279; x_wconf 79' lang='lat' dir='ltr'><strong>Babyloniis</strong></span> <span class='ocrx_word' id='word_1_783' title='bbox 3665 4220 3764 4262; x_wconf 84' lang='lat' dir='ltr'><strong>tra-</strong></span> 
     </span>
    </p>
   </div>
   <div class='ocr_carea' id='block_1_102' title="bbox 2177 4301 3763 4378">
    <p class='ocr_par' dir='ltr' id='par_1_102' title="bbox 2177 4301 3763 4378">
     <span class='ocr_line' id='line_1_102' title="bbox 2177 4301 3763 4378; baseline -0.005 -14"><span class='ocrx_word' id='word_1_784' title='bbox 2177 4310 2329 4364; x_wconf 89' lang='lat' dir='ltr'><strong>didit.</strong></span> <span class='ocrx_word' id='word_1_785' title='bbox 2362 4308 2484 4362; x_wconf 58' lang='lat' dir='ltr'><strong>llate.</strong></span> <span class='ocrx_word' id='word_1_786' title='bbox 2509 4321 2670 4378; x_wconf 87' lang='lat' dir='ltr'><strong>porro</strong></span> <span class='ocrx_word' id='word_1_787' title='bbox 2701 4322 2803 4359; x_wconf 89' lang='lat' dir='ltr'><strong>non</strong></span> <span class='ocrx_word' id='word_1_788' title='bbox 2832 4319 2892 4358; x_wconf 89' lang='lat' dir='ltr'><strong>ea</strong></span> <span class='ocrx_word' id='word_1_789' title='bbox 2928 4303 3098 4357; x_wconf 88' lang='lat' dir='ltr'><strong>solum</strong></span> <span class='ocrx_word' id='word_1_790' title='bbox 3129 4302 3195 4356; x_wconf 82' lang='lat' dir='ltr'><strong>de</strong></span> <span class='ocrx_word' id='word_1_791' title='bbox 3224 4316 3380 4355; x_wconf 88' lang='lat' dir='ltr'><strong>causa</strong></span> <span class='ocrx_word' id='word_1_792' title='bbox 3414 4301 3630 4366; x_wconf 82' lang='lat' dir='ltr'><strong>fiebant,</strong></span> <span class='ocrx_word' id='word_1_793' title='bbox 3669 4301 3763 4356; x_wconf 85' lang='lat' dir='ltr'><strong>sed</strong></span> 
     </span>
    </p>
   </div>
   <div class='ocr_carea' id='block_1_103' title="bbox 2178 4392 3765 4467">
    <p class='ocr_par' dir='ltr' id='par_1_103' title="bbox 2178 4392 3765 4467">
     <span class='ocr_line' id='line_1_103' title="bbox 2178 4392 3765 4467; baseline -0.009 -10"><span class='ocrx_word' id='word_1_794' title='bbox 2178 4410 2293 4457; x_wconf 88' lang='lat' dir='ltr'><strong>erat</strong></span> <span class='ocrx_word' id='word_1_795' title='bbox 2321 4400 2443 4454; x_wconf 87' lang='lat' dir='ltr'><strong>illud</strong></span> <span class='ocrx_word' id='word_1_796' title='bbox 2470 4397 2743 4467; x_wconf 87' lang='lat' dir='ltr'><strong>pr0phelia</strong></span> <span class='ocrx_word' id='word_1_797' title='bbox 2772 4395 2962 4449; x_wconf 74' lang='lat' dir='ltr'><strong>futura:</strong></span> <span class='ocrx_word' id='word_1_798' title='bbox 2983 4392 3345 4455; x_wconf 76' lang='lat' dir='ltr'><strong>desolatiottis,</strong></span> <span class='ocrx_word' id='word_1_799' title='bbox 3374 4401 3426 4445; x_wconf 91' lang='lat' dir='ltr'><strong>et</strong></span> <span class='ocrx_word' id='word_1_800' title='bbox 3451 4392 3765 4445; x_wconf 82' lang='lat' dir='ltr'><strong>conversio-</strong></span> 
     </span>
    </p>
   </div>
   <div class='ocr_carea' id='block_1_104' title="bbox 2179 4484 3768 4558">
    <p class='ocr_par' dir='ltr' id='par_1_104' title="bbox 2179 4484 3768 4558">
     <span class='ocr_line' id='line_1_104' title="bbox 2179 4484 3768 4558; baseline -0.006 -9"><span class='ocrx_word' id='word_1_801' title='bbox 2179 4495 2262 4549; x_wconf 88' lang='lat' dir='ltr'><strong>nis</strong></span> <span class='ocrx_word' id='word_1_802' title='bbox 2297 4496 2346 4547; x_wconf 89' lang='lat' dir='ltr'><strong>in</strong></span> <span class='ocrx_word' id='word_1_803' title='bbox 2387 4492 2605 4546; x_wconf 87' lang='lat' dir='ltr'><strong>meliora</strong></span> <span class='ocrx_word' id='word_1_804' title='bbox 2636 4488 3070 4558; x_wconf 89' lang='lat' dir='ltr'><strong>sublimioraque,</strong></span> <span class='ocrx_word' id='word_1_805' title='bbox 3103 4501 3307 4541; x_wconf 87' lang='lat' dir='ltr'><strong>necnon</strong></span> <span class='ocrx_word' id='word_1_806' title='bbox 3344 4486 3593 4554; x_wconf 63' lang='lat' dir='ltr'><strong>poteniie</strong></span> <span class='ocrx_word' id='word_1_807' title='bbox 3625 4484 3768 4540; x_wconf 80' lang='lat' dir='ltr'><strong>illius</strong></span> 
     </span>
    </p>
   </div>
   <div class='ocr_carea' id='block_1_105' title="bbox 2179 4588 2408 4656">
    <p class='ocr_par' dir='ltr' id='par_1_105' title="bbox 2179 4588 2408 4656">
     <span class='ocr_line' id='line_1_105' title="bbox 2179 4588 2408 4656; baseline 0 -16"><span class='ocrx_word' id='word_1_808' title='bbox 2179 4588 2408 4656; x_wconf 83' lang='lat' dir='ltr'><strong>signum.</strong></span> 
     </span>
    </p>
   </div>
   <div class='ocr_carea' id='block_1_106' title="bbox 2247 4671 3767 4739">
    <p class='ocr_par' dir='ltr' id='par_1_106' title="bbox 2247 4671 3767 4739">
     <span class='ocr_line' id='line_1_106' title="bbox 2247 4671 3767 4739; baseline -0.008 -10"><span class='ocrx_word' id='word_1_809' title='bbox 2247 4676 2309 4731; x_wconf 75' lang='grc'><strong>2.-</strong></span> <span class='ocrx_word' id='word_1_810' title='bbox 2330 4676 2405 4728; x_wconf 72' lang='lat' dir='ltr'><strong>Ad</strong></span> <span class='ocrx_word' id='word_1_811' title='bbox 2436 4675 2547 4728; x_wconf 77' lang='lat' dir='ltr'><strong>Inec</strong></span> <span class='ocrx_word' id='word_1_812' title='bbox 2578 4683 2753 4726; x_wconf 86' lang='lat' dir='ltr'><strong>autem</strong></span> <span class='ocrx_word' id='word_1_813' title='bbox 2783 4687 2846 4725; x_wconf 80' lang='lat' dir='ltr'><strong>ex</strong></span> <span class='ocrx_word' id='word_1_814' title='bbox 2877 4671 2961 4735; x_wconf 88' lang='lat' dir='ltr'><strong>iis,</strong></span> <span class='ocrx_word' id='word_1_815' title='bbox 2993 4684 3109 4739; x_wconf 65' lang='lat' dir='ltr'><strong>quae</strong></span> <span class='ocrx_word' id='word_1_816' title='bbox 3136 4678 3317 4739; x_wconf 89' lang='lat' dir='ltr'><strong>postea</strong></span> <span class='ocrx_word' id='word_1_817' title='bbox 3358 4676 3580 4735; x_wconf 87' lang='lat' dir='ltr'><strong>sequuta</strong></span> <span class='ocrx_word' id='word_1_818' title='bbox 3619 4675 3767 4730; x_wconf 91' lang='lat' dir='ltr'><strong>sunt,</strong></span> 
     </span>
    </p>
   </div>
   <div class='ocr_carea' id='block_1_107' title="bbox 2180 4758 3769 4838">
    <p class='ocr_par' dir='ltr' id='par_1_107' title="bbox 2180 4758 3769 4838">
     <span class='ocr_line' id='line_1_107' title="bbox 2180 4758 3769 4838; baseline -0.009 -15"><span class='ocrx_word' id='word_1_819' title='bbox 2180 4769 2413 4838; x_wconf 84' lang='lat' dir='ltr'><strong>scipsum</strong></span> <span class='ocrx_word' id='word_1_820' title='bbox 2451 4765 2836 4825; x_wconf 83' lang='lat' dir='ltr'><strong>manichtavit,</strong></span> <span class='ocrx_word' id='word_1_821' title='bbox 2874 4778 2939 4817; x_wconf 78' lang='lat' dir='ltr'><strong>ex</strong></span> <span class='ocrx_word' id='word_1_822' title='bbox 2981 4770 3310 4816; x_wconf 85' lang='lat' dir='ltr'><strong>mortuorum</strong></span> <span class='ocrx_word' id='word_1_823' title='bbox 3351 4758 3769 4823; x_wconf 69' lang='lat' dir='ltr'><strong>resurrectione,</strong></span> 
     </span>
    </p>
   </div>
   <div class='ocr_carea' id='block_1_108' title="bbox 2180 4851 3769 4921">
    <p class='ocr_par' dir='ltr' id='par_1_108' title="bbox 2180 4851 3769 4921">
     <span class='ocr_line' id='line_1_108' title="bbox 2180 4851 3769 4921; baseline -0.007 -8"><span class='ocrx_word' id='word_1_824' title='bbox 2180 4875 2247 4913; x_wconf 86' lang='lat' dir='ltr'><strong>ex</strong></span> <span class='ocrx_word' id='word_1_825' title='bbox 2288 4858 2569 4913; x_wconf 73' lang='lat' dir='ltr'><strong>obscurata</strong></span> <span class='ocrx_word' id='word_1_826' title='bbox 2624 4856 2761 4921; x_wconf 87' lang='lat' dir='ltr'><strong>lucc,</strong></span> <span class='ocrx_word' id='word_1_827' title='bbox 2814 4865 2867 4907; x_wconf 87' lang='lat' dir='ltr'><strong>et</strong></span> <span class='ocrx_word' id='word_1_828' title='bbox 2906 4869 2970 4909; x_wconf 77' lang='lat' dir='ltr'><strong>ex</strong></span> <span class='ocrx_word' id='word_1_829' title='bbox 3013 4853 3399 4908; x_wconf 89' lang='lat' dir='ltr'><strong>elementorum</strong></span> <span class='ocrx_word' id='word_1_830' title='bbox 3452 4851 3769 4903; x_wconf 66' lang='lat' dir='ltr'><strong>munitione.</strong></span> 
     </span>
    </p>
   </div>
   <div class='ocr_carea' id='block_1_109' title="bbox 2182 4951 3771 5018">
    <p class='ocr_par' dir='ltr' id='par_1_109' title="bbox 2182 4951 3771 5018">
     <span class='ocr_line' id='line_1_109' title="bbox 2182 4951 3771 5018; baseline -0.009 -12"><span class='ocrx_word' id='word_1_831' title='bbox 2182 4952 2358 5006; x_wconf 70' lang='lat' dir='ltr'><strong>Elisari</strong></span> <span class='ocrx_word' id='word_1_832' title='bbox 2396 4952 2535 5004; x_wconf 88' lang='lat' dir='ltr'><strong>enim</strong></span> <span class='ocrx_word' id='word_1_833' title='bbox 2576 4960 2817 5018; x_wconf 87' lang='lat' dir='ltr'><strong>tempore</strong></span> <span class='ocrx_word' id='word_1_834' title='bbox 2846 4957 3087 5000; x_wconf 82' lang='lat' dir='ltr'><strong>mortuus</strong></span> <span class='ocrx_word' id='word_1_835' title='bbox 3119 4954 3385 4997; x_wconf 91' lang='lat' dir='ltr'><strong>mortuum</strong></span> <span class='ocrx_word' id='word_1_836' title='bbox 3426 4951 3648 5010; x_wconf 75' lang='lat' dir='ltr'><strong>tangens</strong></span> <span class='ocrx_word' id='word_1_837' title='bbox 3682 4956 3771 4993; x_wconf 65' lang='lat' dir='ltr'><strong>reo</strong></span> 
     </span>
    </p>
   </div>
   <div class='ocr_carea' id='block_1_110' title="bbox 2182 5035 3775 5112">
    <p class='ocr_par' dir='ltr' id='par_1_110' title="bbox 2182 5035 3775 5112">
     <span class='ocr_line' id='line_1_110' title="bbox 2182 5035 3775 5112; baseline -0.008 -13"><span class='ocrx_word' id='word_1_838' title='bbox 2182 5044 2410 5099; x_wconf 74' lang='lat' dir='ltr'><strong>surrexit</strong></span> <span class='ocrx_word' id='word_1_839' title='bbox 2437 5042 2514 5112; x_wconf 71' lang='grc'><strong>(4.</strong></span> <span class='ocrx_word' id='word_1_840' title='bbox 2559 5043 2685 5112; x_wconf 80' lang='lat' dir='ltr'><strong>Reg.</strong></span> <span class='ocrx_word' id='word_1_841' title='bbox 2720 5042 2804 5095; x_wconf 80' lang='lat' dir='ltr'><strong>l3.</strong></span> <span class='ocrx_word' id='word_1_842' title='bbox 2837 5039 2971 5109; x_wconf 74' lang='lat'><strong>2|);</strong></span> <span class='ocrx_word' id='word_1_843' title='bbox 3002 5053 3138 5092; x_wconf 88' lang='lat' dir='ltr'><strong>nunc</strong></span> <span class='ocrx_word' id='word_1_844' title='bbox 3172 5048 3347 5090; x_wconf 78' lang='lat' dir='ltr'><strong>autern</strong></span> <span class='ocrx_word' id='word_1_845' title='bbox 3394 5050 3491 5087; x_wconf 69' lang='lat' dir='ltr'><strong>vos</strong></span> <span class='ocrx_word' id='word_1_846' title='bbox 3526 5035 3644 5087; x_wconf 90' lang='lat' dir='ltr'><strong>illos</strong></span> <span class='ocrx_word' id='word_1_847' title='bbox 3674 5050 3775 5087; x_wconf 78' lang='lat' dir='ltr'><strong>cx-</strong></span> 
     </span>
    </p>
   </div>
   <div class='ocr_carea' id='block_1_111' title="bbox 2181 5125 3773 5203">
    <p class='ocr_par' dir='ltr' id='par_1_111' title="bbox 2181 5125 3773 5203">
     <span class='ocr_line' id='line_1_111' title="bbox 2181 5125 3773 5203; baseline -0.008 -11"><span class='ocrx_word' id='word_1_848' title='bbox 2181 5137 2381 5201; x_wconf 84' lang='lat' dir='ltr'><strong>citavit,</strong></span> <span class='ocrx_word' id='word_1_849' title='bbox 2410 5135 2535 5189; x_wconf 89' lang='lat' dir='ltr'><strong>dum</strong></span> <span class='ocrx_word' id='word_1_850' title='bbox 2564 5151 2758 5203; x_wconf 85' lang='lat' dir='ltr'><strong>corpus</strong></span> <span class='ocrx_word' id='word_1_851' title='bbox 2789 5134 2840 5186; x_wconf 92' lang='lat' dir='ltr'><strong>in</strong></span> <span class='ocrx_word' id='word_1_852' title='bbox 2875 5147 3034 5186; x_wconf 89' lang='lat' dir='ltr'><strong>cruce</strong></span> <span class='ocrx_word' id='word_1_853' title='bbox 3077 5145 3307 5199; x_wconf 87' lang='lat' dir='ltr'><strong>superne</strong></span> <span class='ocrx_word' id='word_1_854' title='bbox 3349 5125 3565 5180; x_wconf 74' lang='lat' dir='ltr'><strong>affixam</strong></span> <span class='ocrx_word' id='word_1_855' title='bbox 3603 5138 3773 5180; x_wconf 67' lang='lat' dir='ltr'><strong>eSset.</strong></span> 
     </span>
    </p>
   </div>
   <div class='ocr_carea' id='block_1_112' title="bbox 2183 5222 3775 5303">
    <p class='ocr_par' dir='ltr' id='par_1_112' title="bbox 2183 5222 3775 5303">
     <span class='ocr_line' id='line_1_112' title="bbox 2183 5222 3775 5303; baseline -0.009 -14"><span class='ocrx_word' id='word_1_856' title='bbox 2183 5235 2427 5303; x_wconf 83' lang='lat' dir='ltr'><strong>Alioquin</strong></span> <span class='ocrx_word' id='word_1_857' title='bbox 2452 5249 2579 5287; x_wconf 88' lang='lat' dir='ltr'><strong>vero</strong></span> <span class='ocrx_word' id='word_1_858' title='bbox 2605 5231 2688 5285; x_wconf 90' lang='lat' dir='ltr'><strong>illa</strong></span> <span class='ocrx_word' id='word_1_859' title='bbox 2720 5231 2906 5285; x_wconf 88' lang='lat' dir='ltr'><strong>horum</strong></span> <span class='ocrx_word' id='word_1_860' title='bbox 2942 5230 3121 5301; x_wconf 74' lang='lat' dir='ltr'><strong>figura:</strong></span> <span class='ocrx_word' id='word_1_861' title='bbox 3149 5237 3322 5283; x_wconf 86' lang='lat' dir='ltr'><strong>erant.</strong></span> <span class='ocrx_word' id='word_1_862' title='bbox 3367 5227 3489 5281; x_wconf 86' lang='lat' dir='ltr'><strong>Ideo</strong></span> <span class='ocrx_word' id='word_1_863' title='bbox 3515 5227 3657 5281; x_wconf 89' lang='lat' dir='ltr'><strong>enim</strong></span> <span class='ocrx_word' id='word_1_864' title='bbox 3687 5222 3775 5276; x_wconf 70' lang='lat' dir='ltr'><strong>ilia</strong></span> 
     </span>
    </p>
   </div>
   <div class='ocr_carea' id='block_1_113' title="bbox 2185 5318 3776 5389">
    <p class='ocr_par' dir='ltr' id='par_1_113' title="bbox 2185 5318 3776 5389">
     <span class='ocr_line' id='line_1_113' title="bbox 2185 5318 3776 5389; baseline -0.008 -10"><span class='ocrx_word' id='word_1_865' title='bbox 2185 5324 2319 5380; x_wconf 64' lang='lat' dir='ltr'><strong>facta</strong></span> <span class='ocrx_word' id='word_1_866' title='bbox 2361 5334 2503 5388; x_wconf 86' lang='lat' dir='ltr'><strong>sunt,</strong></span> <span class='ocrx_word' id='word_1_867' title='bbox 2538 5334 2595 5378; x_wconf 90' lang='grc' dir='ltr'><strong>ιιι</strong></span> <span class='ocrx_word' id='word_1_868' title='bbox 2625 5323 2737 5377; x_wconf 75' lang='lat' dir='ltr'><strong>lucc</strong></span> <span class='ocrx_word' id='word_1_869' title='bbox 2767 5322 3136 5378; x_wconf 62' lang='lat' dir='ltr'><strong>crederentur.</strong></span> <span class='ocrx_word' id='word_1_870' title='bbox 3169 5320 3351 5389; x_wconf 83' lang='lat' dir='ltr'><strong>Neque</strong></span> <span class='ocrx_word' id='word_1_871' title='bbox 3379 5320 3551 5373; x_wconf 83' lang='lat' dir='ltr'><strong>Solum</strong></span> <span class='ocrx_word' id='word_1_872' title='bbox 3579 5318 3776 5369; x_wconf 88' lang='lat' dir='ltr'><strong>mortui</strong></span> 
     </span>
    </p>
   </div>
   <div class='ocr_carea' id='block_1_114' title="bbox 2184 5415 3777 5484">
    <p class='ocr_par' dir='ltr' id='par_1_114' title="bbox 2184 5415 3777 5484">
     <span class='ocr_line' id='line_1_114' title="bbox 2184 5415 3777 5484; baseline -0.005 -11"><span class='ocrx_word' id='word_1_873' title='bbox 2184 5419 2538 5481; x_wconf 83' lang='lat' dir='ltr'><strong>suscitantur,</strong></span> <span class='ocrx_word' id='word_1_874' title='bbox 2582 5416 2673 5470; x_wconf 82' lang='lat' dir='ltr'><strong>sed</strong></span> <span class='ocrx_word' id='word_1_875' title='bbox 2724 5416 2883 5469; x_wconf 88' lang='lat' dir='ltr'><strong>etiam</strong></span> <span class='ocrx_word' id='word_1_876' title='bbox 2926 5424 3089 5484; x_wconf 80' lang='lat' dir='ltr'><strong>petra:</strong></span> <span class='ocrx_word' id='word_1_877' title='bbox 3131 5415 3483 5472; x_wconf 89' lang='lat' dir='ltr'><strong>scinduntur.</strong></span> <span class='ocrx_word' id='word_1_878' title='bbox 3526 5423 3777 5479; x_wconf 79' lang='lat' dir='ltr'><strong>terraque</strong></span> 
     </span>
    </p>
   </div>
   <div class='ocr_carea' id='block_1_115' title="bbox 2184 5509 3781 5579">
    <p class='ocr_par' dir='ltr' id='par_1_115' title="bbox 2184 5509 3781 5579">
     <span class='ocr_line' id='line_1_115' title="bbox 2184 5509 3781 5579; baseline -0.005 -12"><span class='ocrx_word' id='word_1_879' title='bbox 2184 5515 2501 5577; x_wconf 70' lang='lat' dir='ltr'><strong>concutitur,</strong></span> <span class='ocrx_word' id='word_1_880' title='bbox 2552 5523 2604 5566; x_wconf 91' lang='grc' dir='ltr'><strong>ιιι</strong></span> <span class='ocrx_word' id='word_1_881' title='bbox 2634 5511 2841 5565; x_wconf 82' lang='lat' dir='ltr'><strong>discant</strong></span> <span class='ocrx_word' id='word_1_882' title='bbox 2870 5526 2927 5565; x_wconf 74' lang='lat' dir='ltr'><strong>se</strong></span> <span class='ocrx_word' id='word_1_883' title='bbox 2974 5509 3093 5563; x_wconf 84' lang='lat' dir='ltr'><strong>illos</strong></span> <span class='ocrx_word' id='word_1_884' title='bbox 3140 5523 3300 5579; x_wconf 85' lang='lat' dir='ltr'><strong>posse</strong></span> <span class='ocrx_word' id='word_1_885' title='bbox 3346 5517 3399 5561; x_wconf 88' lang='lat' dir='ltr'><strong>ct</strong></span> <span class='ocrx_word' id='word_1_886' title='bbox 3427 5520 3700 5561; x_wconf 72' lang='lat' dir='ltr'><strong>excztcare</strong></span> <span class='ocrx_word' id='word_1_887' title='bbox 3725 5512 3781 5559; x_wconf 86' lang='lat' dir='ltr'><strong>et</strong></span> 
     </span>
    </p>
   </div>
   <div class='ocr_carea' id='block_1_116' title="bbox 2272 5692 3660 5774">
    <p class='ocr_par' dir='ltr' id='par_1_116' title="bbox 2272 5692 3660 5774">
     <span class='ocr_line' id='line_1_116' title="bbox 2272 5692 3660 5774; baseline -0.017 -8"><span class='ocrx_word' id='word_1_888' title='bbox 2272 5720 2287 5750; x_wconf 84' lang='grc'>¹</span> <span class='ocrx_word' id='word_1_889' title='bbox 2316 5714 2369 5765; x_wconf 82' lang='grc' dir='ltr'><strong>1η</strong></span> <span class='ocrx_word' id='word_1_890' title='bbox 2396 5721 2616 5764; x_wconf 65' lang='lat' dir='ltr'><strong>tissmon</strong></span> <span class='ocrx_word' id='word_1_891' title='bbox 2643 5710 2812 5774; x_wconf 82' lang='lat' dir='ltr'><strong>paucis</strong></span> <span class='ocrx_word' id='word_1_892' title='bbox 2837 5708 3041 5769; x_wconf 74' lang='lat' dir='ltr'><strong>legitur,</strong></span> <span class='ocrx_word' id='word_1_893' title='bbox 3059 5703 3304 5763; x_wconf 70' lang='lat' dir='ltr'><strong>lacerarit,</strong></span> <span class='ocrx_word' id='word_1_894' title='bbox 3326 5714 3430 5765; x_wconf 71' lang='lat' dir='ltr'><strong>Iro,</strong></span> <span class='ocrx_word' id='word_1_895' title='bbox 3449 5692 3660 5759; x_wconf 76' lang='lat' dir='ltr'><strong>aperuit.</strong></span> 
     </span>
    </p>
   </div>
  </div>
