4058 6144
459 154 564 212 τἳῖ

460 269 779 334 dirumpere.
813 262 941 319 Nam
978 264 1065 333 qui
1107 271 1283 334 petras
1323 262 1551 326 discidit,
1582 270 1635 315 et
1661 269 1852 315 terram
1885 267 2027 314 tene-

465 355 576 412 bris
593 357 834 421 obduxit,
877 355 1042 409 multo
1072 354 1237 423 magis
1277 354 1328 407 in
1360 353 1464 407 illis
1495 352 1617 405 talia
1645 361 1899 419 prmsmre
1939 363 2035 418 po-

462 449 668 514 tuisset,
716 446 763 502 si
790 448 1003 517 quidem
1041 447 1341 502 voluisset:
1373 461 1556 502 verum
1607 443 1658 499 id
1709 443 1896 504 noluit,
1941 440 2036 497 sed

463 542 695 597 immissa
743 540 793 594 in
838 539 1104 596 elementa
1136 541 1211 594 ira
1241 554 1358 603 sua,
1402 553 1466 593 ex
1515 535 1919 591 mansuetudine
1943 549 2037 589 sua

465 636 695 703 ipsorum
719 632 943 686 salutem
965 632 1201 686 curabat.
1228 629 1332 686 Sed
1368 629 1442 684 illi
1469 630 1521 683 in
1552 628 1754 683 insania
1786 627 2037 697 perstitc~

463 736 605 782 runt.
633 725 778 780 Talis
802 741 887 779 res
929 734 1009 779 est
1054 724 1283 799 invidia;
1315 738 1418 776 non
1451 720 1602 776 facile
1629 719 1861 775 sedatur.
1892 717 2039 772 Tunc

464 835 590 889 ergo
617 817 703 872 his
722 819 1022 884 conSpectis
1047 815 1318 886 prodigiis,
1346 814 1477 868 nihil
1502 830 1564 870 ex
1597 811 1920 882 impudentia
1953 826 2041 865 re-

467 912 758 977 miserunt;
808 923 985 978 postea
1032 920 1206 963 autem
1260 908 1470 978 quando
1507 906 1684 975 sigillo
1720 904 1963 973 apposito
1989 909 2043 956 ct

467 1000 724 1054 militibus
753 999 1169 1053 custodientihus
1197 997 1518 1060 resurrexit;
1556 995 1606 1050 id
1643 994 1782 1064 quod
1821 994 1888 1048 ab
1916 991 2043 1062 ipsis

469 1093 779 1147 custodibus
816 1090 1145 1154 didicerunt;
1182 1097 1404 1160 argento
1438 1088 1557 1142 illos
1583 1092 1954 1153 corruperunt,
1987 1092 2045 1137 ut

470 1182 874 1237 resurrectionis
921 1181 1215 1236 testimonia
1268 1179 1670 1234 sull‘urarentur.
1721 1176 1797 1231 Ne
1837 1175 2047 1228 mireris

472 1274 671 1340 itaque,
711 1273 754 1326 si
787 1283 911 1327 tunc
938 1273 1097 1324 etiam
1141 1270 1380 1339 improbe
1409 1284 1466 1324 se
1488 1276 1804 1339 gesserunt;
1854 1266 1931 1320 sic
1963 1279 2048 1319 se-

474 1362 579 1417 tnel
619 1376 678 1416 se
714 1370 1153 1429 eomparax'erant
1179 1360 1244 1415 ad
1273 1375 1484 1414 omnem
1516 1357 1858 1426 impudentia:
1886 1356 2047 1410 ratio-

475 1466 595 1506 nem
630 1467 643 1503 :
675 1449 767 1504 sed
795 1449 920 1504 illud
947 1450 1250 1505 consideres
1278 1450 1460 1514 velim,
1491 1449 1663 1518 qualia
1694 1447 1840 1517 signa
1869 1444 2050 1499 fecerit

474 1557 537 1594 ex
561 1539 713 1605 (ιιι-ιο,
742 1540 793 1594 in
821 1549 960 1594 terra
990 1549 1043 1595 et
1069 1540 1122 1596 in
1141 1540 1256 1610 ipso
1284 1540 1516 1610 templo;
1542 1538 1696 1593 simul
1732 1536 2048 1605 indignatio-

478 1646 596 1685 nem
642 1646 791 1686 suam
839 1643 1299 1698 commonSIrans,
1346 1631 1608 1701 simulque
1657 1628 1932 1684 declarans
1987 1640 2050 1679 ea

477 1738 596 1791 qua:
618 1724 743 1777 olim
773 1724 1041 1778 inaccessa
1077 1733 1247 1790 erant,
1281 1723 1394 1790 jam
1446 1721 1578 1776 adiri
1629 1735 1783 1790 posse
1815 1737 1829 1773 ε
1861 1718 2050 1771 mulum

478 1830 595 1869 esse
612 1814 975 1884 aperiendum,
1004 1824 1058 1870 et
1078 1815 1141 1868 ad
1163 1831 1284 1870 vera
1308 1823 1488 1869 sancta
1509 1822 1809 1867 sanctorum
1832 1825 1917 1864 res
1934 1824 2052 1862 esse

482 1904 893 1959 transferendus.
934 1905 1001 1960 Et
1026 1905 1111 1958 alii
1137 1905 1350 1974 quidem
1390 1903 1655 1964 dicebant,
1689 1901 1751 1957 Si
1774 1917 1862 1956 rea:
1890 1899 2059 1955 Israel

481 2004 572 2057 est,
602 1993 1026 2047 descendatnunc
1068 1993 1131 2047 de
1173 2009 1355 2059 cruce;
1386 1993 1499 2063 ipse
1546 2007 1673 2046 vero
1702 1990 1954 2056 ostendit,
1997 2004 2063 2044 se

484 2100 588 2137 non
628 2083 836 2139 lsraelis
872 2085 1051 2144 modo,
1083 2083 1174 2139 sed
1219 2087 1377 2138 totius
1405 2084 1548 2138 orbis
1572 2098 1750 2152 regem
1795 2097 1933 2135 csse.
1977 2081 2054 2136 Illi

482 2173 748 2233 dicebant.
784 2174 881 2240 Qui
914 2173 1058 2227 solvit
1097 2174 1333 2243 templum
1381 2174 1494 2239 hoc,
1537 2184 1582 2225 ct
1625 2174 1675 2226 in
1703 2171 1859 2225 tribus
1887 2172 2057 2225 diebus

485 2262 703 2331 mdiﬁcat
731 2262 896 2324 illud;
939 2263 1051 2331 ipse
1077 2279 1203 2318 vero
1233 2250 1491 2325 declarat,
1522 2262 1771 2329 templum
1813 2276 1979 2330 usque
2004 2262 2056 2314 in

488 2353 644 2408 tinem
673 2352 939 2409 desertum
970 2353 1103 2409 fore.
1133 2354 1361 2409 Rursum
1394 2354 1465 2408 illi
1496 2352 1759 2414 dicebant,
1785 2351 1923 2405 Alios
1964 2350 2059 2404 sal-

487 2460 572 2496 ros
602 2443 738 2515 fecit,
761 2445 979 2513 seipsum
1016 2460 1115 2498 non
1147 2453 1304 2514 potest
1340 2444 1530 2498 salttum
1557 2445 1757 2513 facere;
1795 2441 1908 2513 ipse
1934 2457 2061 2495 vero

491 2533 542 2587 in
568 2547 747 2599 cruce,
776 2534 826 2588 in
857 2549 1132 2588 serrorum
1161 2534 1471 2602 corporibus
1510 2533 1559 2585 id
1590 2547 1707 2587 cum
1749 2546 1937 2600 magna
1969 2546 2067 2600 po-

493 2624 651 2678 teutia
697 2623 945 2679 ostendit.
979 2624 1108 2678 Nam
1155 2624 1199 2677 si
1245 2624 1651 2693 quatriduanum
1700 2622 1957 2676 Lazarqu
1996 2636 2063 2675 ex

493 2714 736 2782 sepulcro
784 2715 929 2769 exire
968 2730 1216 2782 magnum
1253 2723 1388 2780 erat,
1430 2715 1596 2769 multo
1636 2713 1806 2783 majus
1851 2722 2065 2768 sanctos

496 2805 614 2861 illus
638 2822 829 2862 omnes
851 2807 959 2871 jam
1003 2807 1127 2860 olim
1157 2809 1392 2876 sepultos
1418 2806 1696 2862 confertim
1724 2809 1873 2861 rivos
1899 2821 2064 2876 appa-

496 2913 647 2962 rere;
676 2898 814 2969 quod
863 2897 1050 2952 futura:
1093 2898 1496 2954 resurrectionis
1538 2900 1742 2969 signum
1794 2906 1929 2953 erat.
1983 2897 2069 2951 Ait

498 2988 637 3042 enim
668 3009 680 3043 :
710 2988 798 3045 52.
832 2988 885 3042 Μ
893 2991 996 3042 ulta
1045 3006 1259 3059 corpora
1300 3000 1588 3044 sanctorum
1624 2990 1709 3057 qui
1738 2989 2064 3053 dormierunt,

498 3089 836 3134 surrexerunt.
865 3080 953 3135 55.
978 3078 1042 3132 Et
1069 3081 1362 3134 introierunt
1390 3080 1442 3133 in
1475 3090 1701 3133 sanctam
1728 3080 1992 3143 civitatem,
2023 3088 2070 3132 et

500 3181 841 3240 apparuerunt
869 3171 1057 3225 multis.
1099 3171 1174 3226 Ne
1201 3172 1341 3226 enim
1368 3181 1642 3243 putaretur
1661 3171 1712 3226 id
1741 3172 1881 3242 quod
1914 3172 2072 3227 (iebat

504 3263 812 3328 phantasma
842 3278 977 3326 esse,
1009 3263 1188 3319 multis
1209 3264 1364 3318 etiam
1389 3273 1643 3335 apparent
1666 3264 1719 3318 in
1743 3264 1979 3319 civitate.
2007 3264 2073 3318 Et

501 3352 742 3405 centurio
761 3368 969 3421 quoque
1001 3353 1163 3407 Deum
1189 3362 1313 3409 tunc
1341 3354 1652 3423 gloriﬁcavit
1680 3354 1861 3409 dicens
1894 3375 1907 3409 :
1950 3353 2073 3409 Vere

503 3443 583 3494 Itic
618 3443 765 3496 homo
783 3444 956 3512 justus
983 3452 1108 3499 erat.
1154 3442 1224 3497 Et
1253 3445 1409 3499 turba:
1434 3462 1545 3514 qua:
1586 3455 1821 3500 venerant
1860 3447 1927 3499 ad
1969 3463 2076 3517 spe-

502 3533 757 3595 ctandum,
800 3535 1125 3600 percntientes
1150 3545 1351 3605 pectora
1375 3552 1488 3600 sua,
1517 3535 1886 3590 revertebantur
1922 3535 2071 3604 (Luc.

502 3625 590 3677 25.
615 3625 702 3678 Π.
734 3625 845 3694 48).
892 3625 1058 3680 'I‘anta
1105 3636 1188 3681 est
1228 3628 1399 3682 virtus
1442 3628 1699 3688 cruciﬁxi.
1744 3636 1801 3681 ιιι
1844 3637 1961 3697 post
1999 3637 2077 3683 tot

507 3713 781 3769 irrisiones
804 3724 857 3770 et
882 3714 1121 3782 dicteria,
1152 3724 1207 3771 et
1231 3716 1473 3771 centurio
1493 3727 1545 3772 et
1569 3716 1791 3786 pOpulus
1815 3733 2076 3788 compun-

506 3813 773 3872 gerentur.
821 3803 1043 3870 Quidam
1100 3821 1225 3860 vero
1267 3816 1485 3860 narrant
1534 3805 1673 3860 hunc
1710 3809 2073 3874 centurionem

512 3906 689 3954 noStea
712 3895 762 3949 in
787 3895 887 3948 llde
910 3897 1232 3958 roboratam,
1258 3898 1565 3968 martyrium
1594 3896 1799 3951 fortiter
1827 3899 2075 3953 subiisse.

509 3984 597 4040 55.
625 3983 781 4038 Erant
809 3996 975 4040 autem
1001 3988 1104 4041 illic
1129 3988 1359 4041 mulieres
1387 3989 1556 4042 multm
1600 4006 1630 4039 η
1664 3988 1810 4057 longe
1837 3988 2075 4053 videntes,

509 4091 623 4141 qua
649 4088 868 4145 sequuta:
909 4082 1107 4146 fuerant
1149 4077 1324 4132 Iesum
1348 4095 1379 4131 a
1410 4077 1622 4132 Galitrea
1652 4080 1985 4133 ministrantes
2010 4080 2076 4145 ei,

512 4165 599 4226 5.6,
629 4167 682 4220 in
709 4167 885 4235 quibus
912 4179 1016 4222 erat
1055 4168 1223 4223 Maria
1254 4170 1570 4240 Magdalene.
1601 4180 1648 4224 et
1683 4171 1848 4224 Maria
1875 4172 2073 4233 Jacobi,

510 4268 557 4308 et
578 4256 698 4311 Jose
726 4266 900 4324 mater,
928 4270 974 4313 et
994 4270 1149 4313 mater
1169 4261 1387 4329 ﬁliorum
1410 4261 1653 4317 Zebcdtri.
1689 4262 1811 4317 lI:ec
1834 4265 1966 4318 facta
2004 4265 2079 4318 ri-

510 4346 635 4400 dent
662 4348 909 4403 mulieres
941 4350 1065 4414 illic,
1089 4366 1207 4419 qua:
1236 4352 1463 4405 maxime
1487 4353 1667 4406 dolent
1693 4368 1753 4407 ac
1783 4353 1985 4420 lugent.
2015 4354 2082 4408 Et

511 4439 813 4494 consideres
855 4440 1011 4494 velim
1053 4457 1210 4511 quam
1263 4442 1490 4497 assiduae
1534 4444 1659 4497 sint.
1709 4444 2081 4515 Sequebantur

514 4530 682 4597 ipsum
722 4531 1107 4597 ministrantes,
1153 4542 1206 4587 et
1243 4548 1409 4605 usque
1450 4535 1513 4588 ad
1563 4536 1792 4604 pericula
1834 4538 2076 4592 aderant.

516 4616 739 4687 Ideoque
776 4620 950 4674 omnia
996 4623 1326 4692 spectabant,
1377 4626 1643 4694 quomodo
1689 4627 2001 4680 clamaverit
2028 4636 2083 4682 et

513 4709 893 4777 exspiraverit;
942 4713 1208 4781 quomodo
1239 4725 1400 4781 petae
1432 4717 1609 4768 scissm
1634 4716 1756 4775 sint,
1787 4726 2082 4787 caeteraqne

516 4802 708 4854 munia.
739 4802 973 4873 Ipsmque
1008 4805 1190 4874 prima:
1217 4804 1396 4860 Jcsum
1443 4806 1653 4871 rident;
1695 4806 1884 4875 hicque
1921 4824 2083 4862 sexus

514 4890 741 4944 maxime
764 4890 1063 4957 damnatus,
1097 4895 1295 4962 primus
1320 4895 1579 4949 bonorum
1610 4897 1914 4965 spectaculo
1956 4899 2053 4952 frui
2074 4931 2086 4941 -

514 4987 598 5030 tur
625 4995 640 5029 :
668 4980 809 5048 quod
837 4983 1066 5037 maxime
1096 4984 1301 5039 illarum
1330 4983 1688 5039 fortitudinem
1720 4987 2077 5043 commendat.

515 5066 761 5137 Discipuli
800 5070 1063 5141 fugerunt,
1095 5074 1197 5129 illa:
1218 5075 1458 5130 aderant.
1494 5077 1747 5144 anenam
1775 5078 1877 5132 illa‘.
1897 5080 2085 5133 erant?

514 5157 679 5212 Mater
701 5161 836 5229 ejus,
868 5179 1025 5232 quam
1046 5165 1172 5219 dicit
1194 5165 1395 5230 Jacobi,
1423 5176 1474 5221 et
1497 5168 1733 5237 reliqum.
1762 5168 1908 5223 Alius
1934 5185 2087 5224 evan-

512 5251 698 5315 gelista
726 5251 933 5319 (Lucas,
956 5243 1105 5325 ibid.)
1134 5256 1280 5320 dicit,
1311 5258 1504 5311 multos
1531 5258 1693 5314 fuisse
1730 5260 1818 5329 qui
1857 5260 1927 5314 ob
1971 5260 2084 5315 haec

515 5338 825 5406 plangerent
870 5349 1155 5413 pectusque
1196 5348 1504 5414 tunderent;
1539 5337 1678 5420 quod
1725 5353 1958 5407 maxime
1987 5353 2083 5407 Ju-

510 5429 749 5481 dzeorum
781 5430 1146 5487 crudelitatem
1176 5438 1511 5506 ostendebat,
1542 5441 1632 5510 qui
1670 5441 1736 5496 de
1770 5445 1963 5512 quibus
1991 5445 2079 5499 alii

522 5519 795 5585 gemebant
829 5521 1196 5592 lugebantque,
1228 5529 1292 5584 de
1336 5532 1519 5587 iisdem
1558 5534 1653 5603 ipsi
1695 5533 2078 5604 gloriabantur,

1287 147 1352 211 IN
1391 144 1795 203 MATTllIEUM
1834 145 2064 201 HOMIL.
2111 143 2440 202 LXXXVIII.
2482 142 2552 197 al.
2594 143 2882 199 LXXXIX.

3612 145 3714 201 77S

2141 274 2310 327 neque
2339 257 2703 315 misericordia
2723 261 2872 321 moti,
2898 274 3070 330 neque
3093 260 3278 315 timore
3300 261 3539 317 cohibiti.
3559 262 3717 332 Signa

2139 353 2336 421 quippe
2362 352 2473 418 illa,
2516 367 2619 404 non
2664 351 2823 405 modo
2864 353 3030 420 signa,
3083 352 3176 405 sed
3207 353 3299 407 ira:
3331 368 3535 421 magum
3580 352 3720 405 furo.

2142 444 2321 514 risque
2340 444 2486 513 signa
2527 452 2713 510 erant;
2746 445 3004 509 tenebrte,
3033 454 3199 515 petrae
3233 445 3434 510 scisszr,
3476 446 3648 499 velum
3691 462 3719 497 a

2144 536 2320 591 medio
2349 537 2660 602 rescissum,
2707 545 2861 591 terrae
2902 546 3077 591 motus
3106 554 3119 590 :
3155 536 3271 592 haec
3303 536 3533 605 ingentis
3570 544 3725 590 erant

2145 628 2538 697 indignationis.
2573 629 2662 683 58.
2694 627 2948 682 Accedens
2990 638 3154 682 autem
3197 628 3409 695 Joseplt.
3445 629 3581 697 petiit
3620 644 3724 682 cor-

2145 735 2256 790 pus.
2291 718 2387 772 IIic
2415 728 2529 773 erat
2566 717 2764 789 Ioseph
2796 720 2902 782 ille,
2935 720 3022 790 qui
3063 734 3122 774 se
3152 721 3296 789 prius
3326 720 3679 775 occultaverat
3709 736 3723 779 ;

2146 823 2289 861 nunc
2320 822 2451 862 vero
2486 822 2732 878 magnum
2768 809 3035 878 quidpiam
3063 826 3225 864 ausus
3263 821 3345 865 est
3377 820 3496 879 pth
3524 806 3722 864 Christi

2148 909 2393 952 mortem.
2423 896 2538 952 Non
2569 899 2712 952 enim
2743 899 2989 966 ignobilis
3017 902 3351 971 ignotusque,
3384 900 3476 956 sed
3510 915 3575 955 ex
3598 915 3722 953 con—

2147 989 2268 1043 Silio
2296 1006 2428 1042 unus
2457 988 2847 1057 atltnotlnmque
2877 989 3099 1058 insignis
3138 1001 3253 1046 crat
3282 1008 3295 1044 :
3326 991 3466 1046 unde
3498 992 3726 1045 maxime

2150 1079 2264 1146 ejus
2295 1080 2549 1134 lortitudu
2577 1080 2864 1149 spectanda
2895 1092 3017 1137 est:
3046 1099 3166 1137 nam
3205 1084 3256 1137 in
3297 1085 3487 1140 mortis
3515 1083 3695 1154 pericu
3714 1110 3727 1119 -

2154 1171 2259 1225 lmu
2299 1171 2565 1237 veniebat,
2594 1187 2715 1227 cum
2757 1173 2993 1228 omnium
3030 1175 3082 1228 in
3114 1191 3172 1229 se
3203 1174 3382 1230 odium
3410 1177 3725 1241 concitaret,

2153 1261 2277 1316 dum
2320 1278 2469 1317 suam
2499 1278 2621 1334 erga
2655 1262 2839 1319 .Iesnm
2868 1264 3290 1320 benevolentiam
3333 1265 3730 1329 demonstrans,

2153 1367 2348 1421 corpus
2375 1361 2555 1421 petere
2584 1369 2745 1408 ausus
2780 1364 2881 1421 est,
2912 1370 3080 1425 neque
3106 1354 3328 1420 destitit,
3359 1356 3531 1411 donec
3573 1356 3623 1410 id
3649 1370 3735 1409 as-

2155 1450 2408 1512 sequutus
2455 1451 2617 1499 esset.
2649 1442 2757 1499 Nec
2796 1446 3001 1515 accepit
3046 1446 3205 1500 modo
3251 1455 3305 1500 et
3346 1461 3465 1501 cum
3516 1457 3729 1516 sumptu

2155 1533 2414 1601 sepelivit,
2442 1534 2536 1590 sed
2564 1536 2614 1588 in
2638 1536 2885 1606 sepulcro
2907 1552 3006 1591 suo
3033 1553 3195 1604 novo,
3218 1538 3340 1593 hinc
3360 1553 3599 1594 amorem
3626 1537 3734 1593 for—

2158 1625 2542 1696 titudinemque
2567 1642 2717 1681 suam
2746 1626 3140 1683 demonstrans.
3171 1629 3284 1684 IIoc
3323 1644 3449 1685 vero
3480 1646 3584 1683 non
3619 1629 3735 1683 sine

2157 1730 2336 1780 eausa,
2364 1731 2464 1771 nec
2488 1716 2604 1773 sine
2647 1719 2977 1788 providentia
3000 1720 3071 1774 ita
3097 1719 3290 1775 factum
3324 1730 3426 1785 est,
3456 1721 3549 1776 sed
3583 1733 3631 1774 u:
3668 1736 3737 1775 ne

2160 1807 2263 1861 ulla
2288 1808 2373 1863 vel
2402 1808 2623 1863 minima
2666 1809 2898 1878 suspicio
2931 1817 3251 1873 remaneret,
3299 1810 3460 1864 alium
3505 1826 3604 1880 pro
3632 1809 3739 1865 alio

2160 1900 2479 1956 surrexisse.
2527 1900 2616 1956 6|.
2668 1900 2830 1955 Erant
2867 1910 3032 1954 autem
3078 1900 3249 1955 Maria
3302 1900 3647 1970 Magdalene,
3693 1911 3738 1953 et

2162 1991 2323 2044 altera
2369 1990 2537 2044 Maria
2567 1990 2793 2044 sedentes
2835 2008 2861 2045 e
2894 1992 3093 2061 regione
3121 1992 3365 2061 sepulcri.
3394 1993 3501 2047 Cur
3536 1992 3638 2045 illa-
3670 1993 3738 2045 ita

2162 2082 2447 2136 assident?
2493 2081 2635 2137 Nihil
2673 2080 2848 2136 adhuc
2893 2097 3139 2151 magnum
3175 2083 3256 2136 vel
3286 2082 3516 2136 Sublime
3553 2082 3620 2136 de
3649 2082 3742 2137 illo

2163 2173 2401 2227 sciebant
2430 2190 2445 2229 :
2475 2173 2700 2242 ideoque
2728 2184 2994 2243 unguenta
3022 2173 3333 2237 attulerunt,
3376 2181 3430 2228 et
3456 2187 3622 2241 prope
3652 2188 3742 2225 sc-

2173 2257 2422 2327 pulcrum
2455 2263 2768 2328 manebant,
2804 2274 2885 2332 ut,
2912 2265 2958 2318 si
3001 2262 3313 2319 Judaeorum
3352 2262 3506 2318 furor
3531 2264 3748 2319 sedare-

2176 2355 2288 2413 tur,
2326 2351 2648 2406 aecederent
2673 2361 2728 2407 et
2759 2351 2928 2409 elfuse
2955 2352 3437 2422 amplecterentur.

2235 2445 2290 2498 5.
2340 2443 2673 2514 Eleemosyna
2700 2443 2909 2511 pauperi
2956 2442 3097 2508 data,
3153 2441 3352 2497 Citristo
3392 2451 3650 2512 erogatur.
3675 2470 3745 2483 ~—

2176 2536 2329 2591 Vides
2358 2536 2637 2590 mulierum
2674 2534 3073 2590 fortitudinem?
3100 2534 3251 2588 vides
3282 2533 3565 2588 amorem?
3595 2532 3745 2586 vides

2169 2627 2543 2682 liberalitatem
2574 2628 2624 2680 in
2651 2641 2881 2694 expensa
2908 2640 3077 2695 usque
3109 2625 3171 2679 ad
3201 2626 3390 2679 mortis
3410 2623 3746 2694 periculum?

2174 2719 2346 2773 llasce
2367 2718 2614 2772 mulieres
2654 2717 2943 2779 imitemur,
2989 2717 3085 2769 viri
3119 2732 3132 2768 :
3172 2729 3238 2769 ne
3265 2714 3443 2769 Jesnm
3488 2714 3538 2768 in
3573 2722 3747 2769 tenta-

2174 2810 2403 2865 tionibus
2429 2809 2809 2877 relinquamus.
2846 2808 2950 2862 Illa:
2983 2806 3034 2860 in
3068 2814 3334 2859 mortuum
3369 2815 3445 2858 tot
3479 2804 3748 2872 impende-

2174 2898 2395 2967 runt,iu
2419 2902 2539 2953 vitae
2569 2913 2678 2953 sua:
2718 2897 3008 2968 periculum
3040 2916 3052 2949 :
3085 2911 3181 2951 nos
3215 2907 3392 2951 autem
3425 2894 3575 2966 (libet
3608 2896 3750 2948 enim
3842 2902 3843 2909 ‘

2177 2994 2405 3062 idipsum
2429 2994 2697 3061 repetere)
2723 3006 2821 3045 uec
2837 2991 3161 3045 esurientem
3180 2989 3392 3055 alimus,
3426 3002 3526 3042 nec
3547 2986 3750 3040 nudum

2178 3085 2469 3151 induimus,
2510 3083 2602 3139 sed
2642 3083 2792 3137 illum
2833 3082 3223 3139 mendicantem
3254 3079 3494 3134 videntes
3529 3087 3752 3147 ιιι-αξιοι·-

2177 3178 2462 3232 currimus.
2507 3177 2646 3230 Sane
2702 3176 2746 3231 si
2801 3177 2973 3245 ipsum
3018 3171 3288 3228 Christum
3335 3170 3613 3236 videretis,
3658 3184 3754 3224 sua

2179 3271 2373 3341 singuli
2417 3268 2816 3338 profunderent.
2858 3266 2962 3323 Sed
2995 3281 3136 3321 nunc
3177 3264 3313 3319 idem
3346 3263 3462 3334 ipse
3505 3272 3604 3317 est.
3638 3260 3756 3330 Ipse

2180 3375 2409 3431 namque
2436 3360 2587 3425 dixit,
2619 3358 2733 3429 Ego
2772 3372 2910 3412 sum.
2936 3356 3044 3413 Cur
3070 3372 3196 3425 ergo
3228 3370 3330 3410 non
3357 3354 3533 3407 omnia
3582 3352 3755 3406 effun-

2180 3453 2301 3508 dis?
2327 3451 2533 3507 Etenim
2563 3465 2703 3504 nunc
2726 3449 2990 3504 dicentem
3013 3448 3183 3512 audis,
3206 3445 3333 3500 Mihi
3362 3445 3540 3517 faris‘.
3569 3442 3752 3512 Neque

2181 3544 2456 3616 quidpiam
2494 3544 2717 3597 interest
2757 3551 2932 3596 utrum
2978 3540 3118 3602 huic,
3171 3550 3346 3593 utrum
3403 3538 3473 3592 illi
3518 3536 3751 3593 dederis.

2185 3654 2360 3709 neque
2386 3638 2562 3692 minus
2587 3637 2800 3701 feceris,
2839 3651 3000 3705 quam
3044 3636 3296 3690 mulieres
3337 3635 3460 3697 illm,
3489 3650 3606 3703 qum
3638 3644 3760 3687 tunc

2186 3728 2357 3797 ipsum
2398 3727 2721 3790 nutriebant,
2752 3726 2858 3780 imo
2897 3727 3064 3780 multo
3104 3726 3295 3793 majus.
3329 3725 3521 3778 Verum
3553 3740 3621 3779 ne
3650 3733 3762 3777 tur-

2184 3817 2220 3870 b
2240 3817 2404 3871 -mini.
2448 3816 2561 3870 Non
2591 3825 2670 3870 est
2699 3816 2839 3869 enim
2871 3814 3072 3884 a'qual'e
3100 3815 3271 3883 ipsum
3304 3814 3582 3867 Dominum
3623 3828 3761 3880 pra--

2186 3916 2393 3961 sentem
2427 3907 2595 3969 alere,
2634 3906 2779 3975 quod»
2802 3905 2883 3958 vel
2916 3904 3179 3973 lapideum
3211 3904 3443 3957 animum
3476 3902 3753 3972 pertrahe-

2190 4007 2290 4059 ret,
2346 4006 2398 4050 et
2446 4006 2664 4066 propter
2707 3996 2866 4049 verba
2917 3995 3034 4063 eius
3080 3993 3390 4056 dumtaxat,
3448 4008 3758 4063 pauperem.

2190 4091 2454 4152 mutilum,
2488 4090 2760 4143 incurvum
2790 4089 3057 4143 hominem
3105 4090 3302 4144 fovere.
3334 4088 3407 4143 Ibi
3439 4089 3578 4143 enim
3605 4104 3760 4157 aspeo

2188 4193 2304 4236 ctus
2325 4182 2660 4251 dignitaSque
2689 4182 2964 4250 praesentis
2992 4180 3245 4244 attrahit;
3279 4182 3363 4236 ltic
3385 4191 3562 4237 autem
3592 4189 3761 4235 totum

2191 4272 2569 4327 misericordia:
2598 4272 2689 4325 tibi
2713 4271 2986 4340 praemium
3009 4272 3326 4329 adscribitur
3351 4290 3363 4326 :
3390 4273 3667 4341 majusque
3684 4282 3764 4326 est

2191 4372 2292 4415 tune.
2316 4378 2440 4432 erga
2471 4363 2616 4416 illum
2647 4363 2963 4418 reverentia:
2993 4374 3386 4433 argumentum,
3411 4363 3625 4432 quando
3643 4379 3764 4430 pro.

2190 4465 2307 4523 pter
2336 4454 2451 4521 ejus
2484 4456 2645 4507 verba
2690 4469 3004 4519 conservum
3043 4454 3188 4508 fures
3219 4456 3269 4508 in
3307 4456 3574 4508 ontnihus.
3623 4454 3762 4508 Fore

2193 4545 2372 4609 igitur,
2418 4558 2481 4597 ac
2528 4543 2687 4598 crede
2729 4544 3009 4612 accipienti
3040 4554 3094 4597 et
3120 4544 3337 4608 dicenti,
3382 4543 3512 4597 Milli
3552 4544 3750 4598 dedisti.

2193 4633 2300 4685 Nisi
2343 4632 2483 4686 enim
2517 4632 2615 4701 ipsi
2655 4632 2834 4699 dares,
2874 4648 2980 4687 non
3012 4643 3061 4687 te
3100 4633 3188 4688 ille
3232 4649 3396 4700 regno
3433 4633 3762 4703 dignaretur.

2190 4721 2300 4775 Νιθί
2329 4722 2497 4791 ipsum
2527 4724 2871 4788 aversareris,
2905 4738 3010 4777 non
3040 4733 3089 4776 te
3114 4723 3164 4776 in
3191 4723 3487 4793 gehennam
3506 4724 3758 4787 mitteret,

2193 4809 2334 4879 quod
2364 4810 2519 4865 vilem
2556 4812 2784 4879 aliquem
2823 4811 3093 4867 hominem
3121 4813 3474 4882 despexisses.
3502 4814 3605 4870 Sed
3644 4817 3763 4884 quia

2194 4902 2283 4955 ille
2315 4903 2427 4970 ipse
2455 4911 2536 4957 est
2563 4902 2650 4972 qui
2678 4901 2985 4972 despicitur,
3019 4905 3137 4958 ideo
3159 4921 3403 4971 magnum
3437 4906 3486 4960 id
3507 4907 3756 4976 ﬂagitium

2193 5004 2296 5048 est.
2319 4993 2408 5048 Sic
2435 5005 2487 5048 et
2512 4993 2704 5048 Paulus
2738 4995 2884 5048 illum
2910 4997 3348 5065 persequebatur;
3381 4997 3500 5052 ideo
3527 4997 3756 5062 dicebat,

2199 5084 2334 5150 Quid
2354 5100 2431 5137 me
2454 5087 2758 5154 persequeris
2777 5086 2913 5153 (Act.
2934 5087 2986 5141 9.
3011 5087 3063 5156 4)
3084 5088 3107 5140 Ἰ
3130 5088 3218 5142 Sic
3234 5103 3381 5157 ergo,
3404 5086 3525 5143 cum
3552 5089 3758 5151 damus,

2194 5171 2366 5227 allecti
2397 5175 2583 5238 simus,
2621 5189 2684 5229 ac
2724 5176 2766 5227 si
2795 5175 3008 5229 Christo
3033 5192 3374 5247 errgaremus
3402 5196 3416 5232 :
3448 5194 3567 5231 nam
3603 5180 3761 5232 verba

2194 5262 2328 5332 ejus,
2361 5263 2475 5332 plus
2513 5279 2668 5333 quam
2708 5280 2770 5319 ea
2813 5281 2931 5335 qua:
2960 5267 3060 5320 sub
3105 5276 3376 5336 aspectum
3406 5267 3602 5321 cadunt
3637 5282 3757 5323 cre-

2193 5355 2386 5409 tlendtt.
2441 5355 2573 5410 Cum
2632 5357 2825 5412 videris
2884 5374 3011 5428 ergo
3076 5374 3404 5428 pauperem,
3471 5359 3754 5415 recordiru

2261 5485 2287 5552 ⁸,
2313 5487 2503 5552 Morcl.,
2519 5496 2615 5537 Cur
2639 5501 2731 5537 non
2751 5487 2908 5537 omnia
2924 5489 3146 5551 eﬂ‘amdis,
3171 5490 3360 5552 quando
3380 5491 3569 5550 quidem
3605 5489 3768 5543 «Mihi

2189 5546 2330 5606 facis,
2364 5566 2377 5595 ι
2408 5550 2604 5602 omissis
2629 5555 2952 5608 interpositis.
