4058 6144
325 181 425 236 ῗ79

325 292 631 361 verborum,
680 292 870 364 quibus
912 305 968 345 se
1016 290 1128 359 ipse
1176 287 1302 341 dicit
1354 282 1621 339 alendum.
1673 273 1904 334 Etiamsr

329 388 464 443 enim
498 387 543 441 is
570 386 657 455 qui
686 393 905 454 apparet
936 397 1038 435 non
1070 378 1139 433 sit
1160 378 1426 439 Christus,
1452 374 1544 429 sed
1568 373 1666 427 sub
1698 372 1793 425 hac
1816 370 1907 425 ille

330 481 493 548 figura
534 477 662 547 petit
690 485 742 528 et
776 471 984 541 accipit.
1018 469 1284 524 l-Irubesce
1328 468 1504 537 igitur,
1544 480 1663 518 cmn
1704 461 1904 532 petenti

330 586 435 624 non
471 564 700 622 dederis.
734 564 841 620 lloc
880 562 1063 632 pudori
1096 570 1197 623 est,
1236 560 1337 612 hoc
1372 572 1579 628 poenam
1610 564 1664 608 et
1704 554 1907 621 suppli-

329 661 470 715 cium
501 667 754 713 meretur.
787 656 914 711 Nam
944 651 1083 724 quod
1109 652 1393 713 memlicet,
1432 649 1497 703 ad
1526 650 1641 715 ejus
1676 647 1904 717 pertinet

332 750 640 812 bonitatem,
666 764 729 802 ac
751 757 965 817 prepter
983 745 1081 799 hoc
1104 759 1197 797 nos
1217 742 1429 812 gloriari
1456 756 1550 809 par
1570 749 1650 793 est
1677 755 1688 791 :
1719 739 1760 793 si
1784 754 1910 790 vero

333 861 437 898 non
469 842 702 903 dederis,
739 849 841 893 tua:
874 836 1349 893 erit'crudelitatis.
1383 832 1532 902 Quod
1560 834 1603 886 si
1635 844 1773 884 nunc
1805 846 1908 882 non

331 934 518 988 credas
547 942 618 996 te,
643 947 761 986 cum
787 944 1073 1000 pauperem
1098 928 1304 980 fidelem
1335 922 1715 994 przeterrmris,
1740 922 1907 988 lpstltlt

331 1032 766 1092 pra‘tercnrrere,
794 1029 916 1073 tunc
942 1016 1128 1072 credes
1156 1031 1274 1068 enm
1314 1025 1364 1067 te
1396 1014 1445 1066 in
1486 1011 1662 1066 medio
1701 1011 1908 1063 illorum

335 1114 612 1183 producto,
651 1113 830 1167 dicet:
859 1110 925 1164 In
969 1118 1211 1179 quantum
1249 1108 1326 1160 ln's
1365 1123 1465 1159 non
1509 1105 1712 1176 fecistis,
1756 1119 1913 1171 neque

334 1207 457 1258 mihi
485 1205 694 1275 fecistis.
738 1204 841 1258 Sed
880 1200 1018 1256 absit
1048 1210 1101 1254 ut
1134 1214 1228 1252 vos
1272 1199 1398 1252 illud
1437 1198 1504 1250 ita
1544 1196 1783 1260 discatis,
1817 1193 1910 1247 sed

337 1298 537 1351 utinam
562 1312 700 1351 ltllllc
724 1295 1022 1358 credentes,
1051 1302 1105 1346 et
1131 1292 1525 1352 fructificantes,
1550 1288 1910 1343 beatissimam

338 1392 479 1444 illam
510 1389 735 1441 audiatis
764 1401 966 1450 vocem,
1000 1400 1115 1454 quze
1144 1398 1235 1435 vos
1264 1383 1313 1435 in
1344 1396 1563 1446 regnum
1592 1376 1909 1432 introducat.

336 1480 535 1535 Verum
573 1479 714 1533 dicet
751 1480 975 1531 fortasse
1019 1474 1279 1545 quispiam
1322 1489 1333 1524 :
1376 1469 1625 1537 Quotidie
1657 1468 1809 1522 nobis
1846 1466 1914 1521 de

338 1576 675 1642 eleemosyna
721 1581 775 1625 et
821 1566 1181 1623 misericordia
1234 1566 1474 1620 disseris.
1527 1562 1709 1631 Neque
1756 1559 1912 1614 finem

339 1661 551 1719 dicendi
576 1664 783 1717 faciam.
820 1660 1036 1715 Etiamsi
1065 1659 1206 1713 enim
1230 1673 1291 1711 ea
1324 1656 1461 1725 apud
1490 1669 1582 1708 vos
1617 1664 1761 1709 recte
1790 1666 1911 1722 pro-

339 1755 611 1818 cederent,
648 1768 817 1822 neque
846 1762 969 1805 tunc
993 1743 1354 1803 desistendum
1385 1755 1543 1808 esset,
1578 1760 1643 1799 ne
1670 1743 1791 1797 hinc
1820 1758 1914 1798 ne-

340 1844 679 1913 gligcutiores
721 1840 1035 1895 evadet-etis.
1070 1840 1317 1892 Attamen
1354 1837 1397 1890 si
1440 1836 1573 1889 bene
1609 1848 1693 1888 res
1734 1847 1919 1903 proce-

340 1936 511 2001 aleret,
544 1935 717 1987 minus
744 1934 997 1986 instarem
1024 1931 1097 1984 :si
1129 1944 1256 1982 vero
1280 1942 1346 1981 ne
1366 1925 1430 1980 ad
1452 1925 1680 1979 medium
1704 1923 1915 1994 quidem

357 2026 691 2094 pervenistis,
720 2040 785 2078 ne
816 2024 964 2085 mibi,
987 2021 1080 2076 sed
1110 2020 1257 2074 vobis
1285 2018 1413 2088 ipsis
1439 2018 1487 2071 id
1527 2016 1759 2085 objicite.
1786 2015 1916 2069 Nam

352 2118 571 2187 perinde
613 2117 758 2181 facis,
791 2116 915 2169 dum
947 2111 1310 2183 conquereris,
1340 2119 1498 2179 atque
1533 2108 1575 2162 si
1612 2123 1741 2177 puer
1764 2105 1918 2176 alpha

344 2225 484 2279 sa-pe
510 2209 752 2271 audiens,
782 2222 878 2261 nec
903 2206 1167 2269 ediscens,
1199 2202 1334 2272 apud
1360 2201 1665 2271 magistrum
1687 2213 1918 2268 conque-

348 2312 575 2363 reretur,
620 2302 760 2368 quod
813 2297 1121 2366 frequenter
1173 2310 1238 2348 ae
1279 2302 1538 2363 perpetuo
1580 2288 1629 2346 id
1683 2290 1915 2343 doceret.

346 2393 476 2459 Quis
517 2391 657 2444 enim
704 2405 768 2443 ex
812 2389 989 2441 verbis
1034 2385 1164 2440 meis
1198 2384 1362 2438 factus
1401 2392 1482 2438 est
1520 2381 1817 2450 expeditior
1854 2379 1919 2433 ad

347 2484 740 2552 tricentosynam
764 2480 1029 2534 dandam?
1058 2479 1174 2549 quis
1223 2476 1473 2548 pecunias
1509 2474 1774 2544 profudit?
1802 2476 1921 2542 quis

347 2576 621 2630 dimidimn
670 2590 865 2643 apum,
925 2573 1042 2642 quis
1097 2573 1305 2626 tertiam
1360 2581 1561 2639 partem
1614 2564 1920 2621 distribuit?

345 2667 535 2721 Nemo.
565 2664 843 2731 Quomodo
865 2680 991 2731 ergo
1019 2661 1302 2716 absurdum
1336 2677 1439 2713 non
1465 2659 1642 2722 fuerit,
1669 2657 1795 2711 dum
1829 2671 1921 2710 vos

349 2771 454 2810 non
475 2754 698 2819 discitis,
725 2754 913 2823 jubere
942 2770 1037 2808 nos
1061 2770 1088 2805 τι
1119 2752 1359 2807 docendo
1390 2749 1691 2804 absistere?
1724 2749 1919 2803 Contra

348 2848 647 2902 faciendum
694 2857 880 2901 esset:
916 2846 958 2898 si
1015 2859 1111 2899 nos
1159 2842 1420 2896 absistere
1476 2842 1771 2904 vellemus,
1828 2854 1921 2893 vos

348 2947 621 3008 oporteret
648 2939 877 2991 retinere
898 2950 958 2989 ac
979 2935 1191 2988 dicere:
1213 2932 1455 2987 Nondum
1478 2930 1590 2983 Inee
1617 2930 1920 2991 didicimus,

348 3039 402 3083 et
427 3045 523 3083 cur
550 3044 579 3082 a
607 3026 873 3082 monendo
897 3024 1187 3081 desistitis?
1214 3023 1269 3078 Si
1297 3023 1414 3092 quis
1441 3021 1578 3075 oculi
1616 3020 1924 3073 infirmitate

348 3118 633 3185 laboraret,
661 3127 715 3172 et
752 3133 850 3188 ego
889 3116 1129 3171 medicus
1167 3130 1361 3179 essem,
1393 3114 1435 3166 si
1475 3113 1785 3182 emplastro,
1829 3126 1926 3163 un-

349 3210 548 3272 ctione,
588 3209 804 3279 reliquis
848 3207 1095 3262 remediis
1133 3204 1404 3267 adbibitis.
1453 3221 1637 3275 parinn
1694 3201 1922 3272 profuis-

349 3316 483 3364 sem,
517 3308 571 3353 et
608 3299 810 3353 abirem
842 3312 1056 3352 :aunon
1087 3296 1153 3351 ad
1182 3296 1408 3351 officina:
1440 3295 1579 3348 fores
1622 3292 1919 3356 accederet,

350 3393 625 3456 clamaret,
666 3406 854 3460 meque
901 3390 968 3445 de
1012 3390 1210 3459 ingenti
1263 3389 1577 3457 negligentia
1628 3395 1922 3451 accusaret,

353 3483 493 3552 quod
524 3493 896 3551 perseverante
926 3482 1113 3534 morbo
1150 3480 1528 3534 recessissem?
1554 3490 1606 3532 et
1634 3479 1676 3531 si
1708 3493 1926 3531 accusa-

355 3588 439 3629 tas
482 3574 859 3644 responderem
897 3591 912 3626 ι
957 3573 1288 3641 Cataplasma
1331 3571 1574 3640 apposui,
1619 3571 1765 3635 noxi,
1802 3587 1923 3623 num

354 3668 481 3720 illud
527 3666 722 3720 ferret?
753 3666 985 3729 Minime,
1018 3663 1112 3719 sed
1140 3663 1317 3717 statim
1353 3663 1553 3717 diceret
1588 3681 1600 3714 :
1640 3663 1769 3729 Qttze
1796 3661 1925 3715 mihi

359 3759 479 3812 hinc
516 3758 734 3821 utilitas,
767 3756 891 3810 dum
933 3755 1074 3810 male
1100 3754 1337 3809 afficior?
1379 3753 1608 3822 ldipsum
1655 3752 1722 3807 de
1751 3752 1926 3806 anima

355 3846 607 3919 rogitato.
639 3848 798 3916 Quid,
824 3850 867 3903 si
894 3863 1105 3902 manum
1133 3846 1417 3913 infirmam,
1450 3856 1769 3917 torpentem,
1793 3861 1893 3901 con
1914 3872 1926 3883 -

338 3952 590 4005 tractatu,
634 3955 775 4008 sa'pe
822 3940 1214 3993 l'omeutatioae
1249 3953 1485 3997 curans,
1523 3934 1770 3988 emollire
1812 3945 1919 3984 non

345 4035 649 4105 potuissem
674 4032 695 4083 τ
721 4047 903 4089 annon
926 4028 1158 4100 idipsum
1180 4028 1463 4083 audirem?
1495 4027 1561 4079 At
1592 4040 1738 4078 nunc
1760 4024 1923 4077 etiam

350 4140 572 4179 manum
640 4131 977 4177 contractam
1034 4131 1089 4175 et
1135 4122 1430 4175 arefactam
1488 4118 1799 4186 irrigamus.
1864 4111 1931 4165 Et

361 4210 498 4269 ideo,
532 4209 701 4262 (ltlllcc
735 4205 877 4260 illam
899 4217 1176 4261 extensam
1216 4206 1523 4270 viderimus,
1556 4207 1781 4261 circuire
1821 4223 1927 4260 non

357 4300 697 4352 desistemns.
737 4298 947 4352 Utinam
990 4307 1043 4350 ct
1091 4312 1185 4350 vos
1226 4298 1293 4351 de
1330 4299 1474 4351 nullo
1509 4299 1615 4352 alio
1656 4300 1931 4369 colloqua-

361 4389 512 4454 mini,
542 4398 597 4443 et
617 4388 782 4453 domi,
824 4390 959 4441 etin
1002 4388 1135 4450 foro,
1182 4398 1232 4441 et
1265 4388 1315 4441 in
1361 4404 1563 4455 mensa,
1609 4400 1787 4455 noctu,
1824 4391 1929 4444 imo

356 4489 410 4533 et
441 4494 531 4546 per
560 4477 845 4531 sonmimn.
878 4476 1007 4531 Nam
1035 4477 1079 4530 si
1112 4477 1337 4531 interdiu
1363 4478 1473 4532 ba‘c
1493 4479 1701 4533 solliciti
1720 4495 1930 4550 semper

361 4568 758 4632 meditaremur,
789 4569 946 4622 etiam
978 4584 1071 4638 per
1105 4570 1369 4623 somnium
1401 4570 1451 4624 in
1483 4570 1544 4624 iis
1571 4587 1927 4629 versaremur.

426 4663 480 4716 4.
536 4662 706 4728 Quare
750 4662 1131 4733 Cln'ysortomus
1165 4666 1444 4735 frequenter
1481 4665 1543 4719 de
1582 4666 1927 4738 eleemosyna,

358 4770 456 4806 non
488 4765 653 4808 autent
682 4754 743 4808 de
769 4766 1129 4825 pugnacontra
1144 4756 1800 4815 adversariosChristiana
1814 4760 1928 4813 refi-

354 4846 517 4917 gionis
531 4845 770 4898 disserat.
784 4843 943 4897 Arma
954 4844 1621 4907 Christianorum,virtutes.
1644 4848 1926 4915 Auditorcs,

356 4938 490 5006 quod
519 4938 657 4988 multi
684 4937 733 4988 in
768 4937 970 4989 ecclesia
1001 4953 1099 4987 non
1140 4953 1192 4989 se
1234 4949 1511 4992 reverenter
1551 4950 1804 5009 gererent,
1848 4944 1929 4996 in-

360 5036 556 5089 rrepat,
614 5028 837 5095 ipsorum
906 5028 1274 5079 irrcverentiam
1326 5030 1623 5085 describens.
1673 5062 1745 5073 —-
1793 5034 1929 5101 Quid

356 5114 535 5169 dicis?
578 5115 652 5168 De
700 5115 1039 5186 cleemosyna
1084 5132 1297 5186 semper
1341 5118 1591 5174 dissero?
1624 5122 1825 5177 Vellent
1878 5134 1932 5178 et

355 5220 455 5273 ego
482 5203 779 5272 lmjusmodi
812 5204 1179 5259 adhortatione
1200 5206 1325 5260 nihil
1355 5210 1492 5279 apud
1517 5224 1609 5264 vos
1633 5228 1766 5281 opus
1786 5229 1926 5281 esse,

354 5294 447 5347 sed
470 5295 730 5350 disserere
754 5295 821 5349 de
842 5312 1011 5366 pugna
1034 5309 1213 5351 contra
1235 5298 1466 5363 Judmos,
1482 5312 1661 5356 contra
1680 5306 1924 5373 gentiles,

357 5394 541 5436 contra
575 5385 852 5440 han-elices
885 5405 897 5438 :
931 5389 1022 5441 sed
1052 5388 1281 5443 nondum
1311 5391 1550 5447 valentes
1577 5396 1694 5461 quis
1720 5412 1929 5451 armare

360 5474 559 5541 possit?
608 5476 873 5542 quomodo
916 5479 966 5531 in
1009 5481 1175 5533 aciem
1206 5481 1434 5537 educere
1475 5485 1646 5540 adhuc
1674 5488 1840 5557 plagis
1876 5500 1928 5543 et

375 5562 677 5617 vulneribus
704 5570 965 5625 Sauciatos
985 5576 1004 5623 '.’
1034 5574 1087 5627 Si
1120 5591 1211 5627 vos
1244 5574 1377 5631 bene
1406 5578 1639 5632 valentes
1668 5581 1921 5649 viderem,

1065 174 1117 231 S.
1158 172 1433 229 JOANNIS
1471 162 1940 225 CllRYSOSTOMi
1978 161 2295 220 ARCIIIEP.
2334 166 2861 225 CONSTANTINOP.

3488 177 3591 234 730

2004 275 2113 346 jam
2147 294 2197 332 tn
2227 281 2397 336 aciem
2431 282 2573 336 illam
2602 284 2903 339 eduxissem
2924 327 2937 350 ,
2986 296 3142 356 atque
3184 287 3379 344 Christi
3422 292 3587 359 gratia

2013 370 2127 425 fulti
2179 381 2410 443 stragem
2460 376 2726 431 vidissetis
2785 378 3183 434 inmnnerorum
3231 382 3588 446 cadaverum,

2012 462 2281 532 multaque
2325 465 2482 518 allata
2526 480 2710 521 eorum
2757 470 2951 537 capita.
3004 469 3060 525 ln
3109 472 3228 525 aliis
3254 488 3413 542 porro
3442 474 3590 529 libris

2014 554 2174 609 multa
2208 552 2307 610 hac
2349 556 2414 611 de
2443 572 2499 611 re
2533 559 2762 615 diximus
2794 579 2806 615 :
2839 562 2932 615 sed
2978 578 3149 633 neque
3177 564 3254 618 sic
3285 565 3439 631 plane
3467 577 3589 634 pos-

2012 659 2215 711 sumus,
2264 646 2332 700 ob
2380 648 2667 703 midtorum
2698 650 3095 721 negligentiam,
3142 656 3278 707 hanc
3316 653 3589 709 victoriam

2012 735 2304 791 celebrare.
2358 739 2643 808 Postquam
2698 743 2841 796 enim
2898 743 3019 797 illos
3067 759 3208 813 saepe
3257 746 3589 815 dogmatibus

2015 831 2407 899 profligavimus
2429 870 2445 898 ,
2490 833 2650 887 vitam
2681 835 2969 890 nudtorum
3000 836 3154 890 nobis
3181 837 3196 868 ¹
3230 838 3588 907 exprobrant,

2013 922 2099 989 qui
2152 922 2289 990 apud
2337 936 2435 977 nos
2480 936 2889 995 congregantur,
2943 942 3236 998 eorumque
3291 930 3508 985 vulnera
3538 940 3592 983 ct

2014 1013 2174 1066 animi
2207 1015 2437 1069 morbos.
2468 1016 2744 1081 Quomodo
2772 1032 2900 1088 ergo
2929 1034 3022 1073 vos
3066 1018 3295 1076 fidenter
3337 1022 3387 1074 in
3420 1023 3588 1075 aciem

2015 1104 2318 1170 edin-emus,
2363 1122 2481 1161 cum
2513 1107 2670 1162 etiam
2701 1108 2852 1165 nobis
2900 1112 3105 1166 molesti
3150 1114 3286 1177 sitis,
3322 1114 3446 1167 dum
3495 1129 3589 1169 vos

2018 1198 2198 1251 hostes
2245 1200 2553 1254 confodiunt
2599 1216 2661 1255 ac
2706 1202 2993 1256 derident?
3039 1205 3184 1258 Illius
3229 1206 3370 1260 enim
3404 1223 3593 1260 manus

2016 1305 2155 1359 mgra
2195 1301 2275 1345 est
2301 1301 2349 1345 et
2380 1289 2444 1346 ad
2476 1292 2799 1361 largitionem
2826 1298 2844 1327 ²
2871 1306 3160 1351 eontraCIa.
3202 1298 3478 1364 Quomodo
3508 1301 3594 1354 ille

2017 1382 2258 1452 clypeum
2307 1393 2487 1437 tenere
2517 1394 2564 1437 et
2598 1385 2887 1441 obtendere
2936 1390 3166 1456 poterit,
3197 1406 3261 1443 ne
3289 1390 3595 1444 crudelibus

2017 1472 2253 1528 diclcriis
2285 1474 2537 1528 feriatur?
2580 1477 2681 1530 Alii
2725 1479 2946 1546 pedibus
2989 1480 3291 1535 elaudieant
3337 1493 3592 1553 quotquot

2019 1565 2309 1618 ascendunt
2342 1568 2405 1618 ad
2438 1568 2640 1620 theatra
2665 1610 2678 1627 ,
2712 1576 2767 1622 et
2816 1570 2882 1623 ad
2928 1571 3225 1642 diversoria
3258 1574 3593 1627 meretricum

2021 1655 2321 1709 mulierum.
2353 1657 2631 1722 Quomodo
2657 1658 2707 1711 hi
2742 1660 2791 1714 in
2819 1675 2989 1730 pugna
3019 1672 3159 1716 stare
3194 1673 3464 1731 poterunt,
3500 1681 3597 1719 nec

2020 1742 2249 1798 lascivire
2293 1748 2604 1801 criminibus
2633 1750 2889 1804 confodi?
2918 1740 3068 1805 Alius
3097 1754 3268 1808 oculis
3299 1754 3503 1809 laborat
3544 1767 3598 1810 et

2021 1850 2157 1905 pene
2184 1852 2357 1891 cret-us
2397 1847 2479 1892 est
2502 1880 2517 1904 ,
2565 1854 2670 1894 non
2698 1842 2861 1910 probe
2894 1844 3225 1913 respiciens,
3257 1846 3348 1901 sed
3382 1848 3596 1903 lascivia

2024 1928 2230 1995 plenus,
2249 1928 2525 1982 nmlierum
2548 1932 2847 1998 pudicitiam
2867 1933 3104 1998 adortus,
3128 1945 3183 1991 et
3208 1938 3485 1993 connubiis
3514 1940 3599 1992 in-

2022 2016 2259 2071 sidiatus.
2292 2020 2569 2086 Quomodo
2601 2022 2684 2076 hic
2714 2022 2954 2080 inimicos
2980 2027 3242 2094 respicere
3271 2031 3480 2097 poterit,
3507 2030 3599 2083 lia-

2023 2118 2157 2163 stam
2189 2109 2396 2164 vibrare
2420 2152 2434 2176 ,
2466 2114 2624 2166 telum
2656 2116 2917 2182 emittere,
2951 2116 3073 2171 dqu
3105 2118 3334 2188 undique
3363 2120 3599 2177 dictet-iis

2023 2202 2363 2257 confoditur?
2395 2205 2540 2259 Alios
2569 2206 2747 2262 videre
2788 2219 2868 2262 est
2891 2219 3073 2264 ventre
3099 2210 3341 2266 dolentes
3367 2229 3469 2267 non
3500 2214 3598 2267 mi-

2025 2309 2125 2348 nus
2162 2310 2317 2364 quam
2362 2295 2714 2368 hydropicus,
2754 2301 2840 2369 qui
2882 2316 2912 2355 a
2941 2301 3061 2371 gula
3101 2316 3153 2357 et
3183 2302 3438 2359 ebrietate
3465 2305 3600 2360 dcti-

2025 2396 2234 2440 nentur.
2267 2386 2546 2454 Quomodo
2578 2390 2734 2458 igitur
2778 2390 2873 2445 bos
2916 2394 3093 2446 ebrios
3125 2394 3176 2448 in
3209 2411 3436 2465 pugnam
3464 2395 3597 2450 edn-

2024 2491 2147 2530 cere
2179 2492 2247 2545 po
2272 2477 2402 2531 ero?
2429 2476 2596 2533 Alteri
2628 2496 2687 2531 ος
2716 2480 2885 2549 ipsum
2912 2486 3270 2553 computruit;
3302 2486 3597 2555 eujusmodi

2025 2578 2148 2622 Sunt
2192 2568 2448 2635 iracundi,
2496 2570 2901 2639 conviciatores,
2957 2574 3271 2644 blasphemi.
3321 2578 3601 2643 Quomodo

2027 2660 2186 2731 igitur
2231 2662 2316 2716 bie
2359 2663 2409 2717 in
2441 2662 2582 2718 bello
2630 2681 2880 2734 umquam
2916 2666 3196 2736 jubilabit,
3247 2685 3600 2741 magnumque

2025 2753 2293 2823 quidpiam
2311 2766 2691 2825 strenuumque
2711 2767 2849 2827 aget,
2866 2758 2987 2812 dum
3010 2770 3062 2815 et
3080 2761 3189 2830 ipse
3206 2760 3311 2816 alio
3329 2762 3600 2818 ebrietatis

2028 2859 2223 2914 genere
2253 2846 2432 2901 ebrius
2458 2855 2575 2913 est,
2619 2849 2945 2918 multamque
2976 2848 3215 2906 boStibus
3242 2853 3445 2922 pra-bet
3465 2855 3602 2909 risus

2023 2940 2334 2996 materiam?
2362 2939 2483 2996 ldeo
2522 2942 2666 2997 hunc
2703 2943 2947 3014 quotidie
2986 2944 3282 2998 exercitum
3302 2943 3601 3007 circumeo,

2021 3034 2241 3087 vulnera
2258 3048 2481 3098 curans,
2511 3034 2691 3089 ulcera
2721 3049 2918 3090 sanare
2951 3035 3202 3090 studens.
3221 3034 3277 3089 Si
3302 3044 3481 3088 autem
3501 3034 3603 3087 ali-

2020 3125 2239 3195 quando
2254 3126 2595 3195 evigiletis,si
2616 3126 2796 3181 idonei
2815 3138 2867 3181 et
2890 3127 3128 3197 prompti
3149 3126 3362 3181 fueritis
3380 3126 3444 3201 ad
3464 3124 3601 3179 alios

2018 3215 2316 3282 feriendos,
2341 3216 2457 3272 ha:c
2482 3232 2579 3273 vos
2606 3233 2759 3273 arma
2795 3228 3027 3274 tractare
3058 3219 3285 3275 docebo.
3310 3216 3403 3271 Vel
3423 3217 3601 3286 potius

2030 3306 2141 3374 ipsa
2172 3320 2333 3374 opera
2365 3304 2514 3360 vobis
2542 3320 2686 3358 arma
2719 3315 2895 3372 erunt,
2927 3318 2980 3361 et
3006 3308 3245 3376 protinus
3274 3323 3461 3364 omnes
3485 3324 3605 3362 suc-

2030 3396 2299 3461 cumbent,
2328 3395 2373 3450 si
2402 3394 2793 3463 misericordes,
2822 3398 2864 3452 si
2903 3398 3151 3464 modesti,
3178 3399 3222 3454 si
3252 3400 3535 3464 mansueti,
3558 3401 3603 3456 si

2031 3487 2341 3553 injuriarum
2367 3488 2702 3544 immemores
2726 3489 2946 3557 fueritis,
2969 3490 3013 3546 si
3036 3491 3163 3545 alias
3179 3507 3366 3547 omnes
3388 3494 3607 3548 virtutes

2031 3577 2395 3632 eahibueritis.
2447 3579 2502 3633 Si
2547 3595 2676 3633 vero
2705 3581 2935 3651 quipiam
2981 3583 3429 3653 repugnaverint,
3480 3593 3607 3638 tunc

2032 3669 2190 3722 etiam
2214 3680 2387 3723 nostra
2408 3670 2772 3740 adjnngemus,
2799 3688 2893 3726 vos
2915 3673 2964 3726 in
2988 3673 3221 3728 medium
3245 3675 3603 3744 proferentes:

2032 3775 2174 3814 nunc
2215 3760 2356 3815 enim
2390 3761 2439 3815 in
2474 3761 2573 3816 hoc
2617 3777 2775 3816 cursu
2806 3778 2833 3815 a
2862 3764 3009 3819 vobis
3037 3765 3371 3835 impedinmr.
3411 3766 3604 3821 Consi-

2032 3848 2189 3904 deres
2217 3850 2407 3916 velim,
2440 3866 2642 3920 quieso.
2684 3852 2914 3906 Dicimus
2942 3869 3131 3924 magna
3154 3865 3426 3923 operatum
3449 3855 3606 3910 Chri-

2033 3949 2174 3994 stum
2202 3955 2339 4005 csse,
2364 3945 2451 4011 qui
2479 3941 2696 4010 angelos
2725 3957 2788 3996 ex
2824 3943 3125 3998 hominibus
3154 3944 3337 4000 fecerit
3363 3964 3377 4013 ;
3408 3945 3603 4001 deinde

2035 4048 2161 4087 vero
2189 4048 2307 4087 cuni
2354 4034 2585 4088 rationes
2614 4044 2971 4103 expetuntur,
3015 4036 3148 4104 jussi
3192 4051 3256 4091 ex
3304 4037 3404 4092 hoc
3448 4053 3608 4107 grege

2033 4124 2299 4192 specimen
2349 4125 2560 4195 aliquod
2609 4126 2876 4196 proferre,
2928 4128 3366 4183 obmutescimus.
3421 4128 3608 4184 Timeo

2036 4216 2178 4269 enim
2228 4232 2293 4270 ne
2345 4233 2439 4285 pro
2481 4219 2681 4287 angelis
2724 4236 2913 4289 porcos
2950 4236 3014 4275 ex
3062 4220 3185 4275 hara
3218 4222 3481 4287 educam,
3514 4233 3608 4276 aut

2035 4320 2201 4373 equos
2248 4310 2574 4362 emissarios.
2621 4310 2744 4363 Scio
2790 4309 2903 4363 ba~c
2933 4311 3083 4366 vobis
3114 4313 3337 4367 molesta
3367 4328 3488 4369 esse
3511 4353 3527 4377 ,
3554 4323 3611 4368 at

2036 4409 2139 4447 non
2191 4408 2373 4449 contra
2428 4413 2521 4451 \os
2570 4414 2757 4453 omnes
2794 4402 2908 4455 ba'c
2933 4401 3198 4463 dicuntur,
3230 4402 3320 4457 sed
3351 4403 3610 4458 adversus

2035 4500 2127 4540 eos
2149 4486 2235 4555 qui
2260 4486 2341 4540 his
2366 4487 2579 4542 obnoxii
2613 4500 2766 4554 srmt;
2800 4491 2905 4543 inin
2934 4507 2999 4546 ne
3024 4501 3207 4546 contra
3232 4492 3349 4548 illos
3368 4495 3607 4564 quidem,

2035 4575 2078 4629 si
2113 4577 2452 4644 resipiscam,
2486 4579 2577 4632 sed
2606 4595 2702 4650 pro
2725 4581 2846 4634 illis.
2882 4581 3028 4637 Nunc
3058 4583 3198 4636 enim
3226 4584 3401 4638 omnia
3433 4585 3609 4653 perie-

2035 4679 2159 4723 runt
2204 4680 2557 4740 COrt'ttletlltc
2604 4683 2767 4726 sunt:
2804 4674 3037 4744 nihilque
3086 4675 3263 4731 differt
3310 4674 3533 4732 ecclesia
3577 4693 3608 4731 a

2033 4760 2216 4825 boum,
2241 4762 2505 4815 asllttﬂ‘lllll
2530 4763 2924 4819 camelorumve
2948 4765 3152 4820 stabulo
3181 4783 3195 4819 :
3220 4781 3283 4822 ac
3305 4766 3432 4822 dum
3455 4782 3610 4822 ovem

2038 4854 2271 4923 requiro,
2308 4871 2374 4909 ne
2404 4871 2562 4909 unam
2592 4858 2803 4927 quidem
2838 4875 3050 4928 possum
3077 4861 3276 4916 videre.
3309 4861 3381 4916 Ita
3421 4877 3612 4930 nempe

2035 4959 2222 4999 eomes
2250 4946 2527 5001 calcitrant
2549 4990 2562 5010 ,
2590 4959 2645 5002 ut
2670 4951 2788 5019 equi
2815 4960 2869 5005 et
2905 4953 3037 5006 asini
3066 4964 3303 5022 agrestes
3327 4994 3341 5017 ,
3375 4954 3463 5023 qui
3496 4952 3611 5008 hare

2034 5035 2210 5088 otania
2259 5045 2495 5091 stercore
2541 5041 2852 5108 complent:
2889 5043 3009 5097 talia
3056 5045 3198 5098 enim
3237 5053 3358 5099 sunt
3400 5044 3609 5099 illorum

2035 5127 2317 5195 eolloquia.
2361 5130 2436 5182 Ac
2467 5130 2509 5182 si
2540 5146 2724 5199 pessos
2755 5133 2890 5187 scire
2929 5136 3105 5189 omnia
3146 5152 3265 5205 qua:
3297 5137 3348 5190 in
3389 5137 3610 5206 singulis

2034 5219 2380 5273 concionibns
2425 5220 2671 5277 dicuntur
2718 5240 2745 5276 a
2779 5226 2936 5289 virts,
2968 5241 2997 5279 a
3024 5226 3338 5282 mulieribus
3358 5270 3371 5288 .
3403 5228 3611 5283 videres

2036 5309 2214 5375 utique
2231 5309 2345 5364 llaec
2362 5322 2596 5367 stercore
2614 5314 2704 5367 illo
2722 5316 3072 5372 immundiora
3092 5318 3245 5387 longe
3261 5335 3398 5375 esse.
3416 5321 3611 5386 Quam-

2034 5398 2218 5452 obrem
2265 5416 2394 5470 rogo
2447 5401 2583 5457 hanc
2624 5406 2816 5459 malam
2868 5409 3306 5465 consuetudinem
3359 5410 3608 5477 mutetis.

2096 5535 2110 5564 ¹
2138 5532 2191 5582 la
2208 5534 2370 5582 Morel.
2388 5533 2585 5596 legitur,
2612 5537 2753 5587 robur.

2098 5598 2116 5626 ν
2143 5605 2267 5649 Huic,
2296 5610 2356 5643 nn
2380 5596 2697 5659 linguarium,
2726 5615 2818 5648 mn
2843 5600 3073 5663 leguntur
3095 5603 3144 5651 in
3163 5601 3323 5652 Morel.
