4058 6144
440 189 536 245 781

440 317 493 357 ut
516 302 740 357 ecclesia
768 301 1092 374 unguentum
1118 301 1302 371 spiret.
1332 300 1485 358 Nunc
1523 312 1701 358 autem
1738 304 2007 360 sensibilia

442 395 496 447 in
525 393 613 448 tlla
641 393 983 464 tltymistnata
1008 393 1253 461 ponimus
1271 432 1288 458 ,
1313 392 1381 448 de
1407 393 1662 476 spirituali
1692 405 1881 448 autem
1910 392 2011 447 im-

441 485 696 540 tnunditia
725 500 832 539 non
861 492 1061 538 tantam
1084 498 1266 537 curam
1291 483 1559 552 gerimus,
1587 491 1644 534 ut
1666 497 1782 537 eam
1812 496 2009 551 purge-

439 592 558 631 mus
604 574 1032 646 sitiet-amasque.
1072 575 1323 643 Quaenam
1372 590 1501 646 ergo
1545 574 1780 630 utilitas?
1827 573 2009 642 Neque

439 668 582 722 enim
613 667 681 720 ita
712 667 991 723 ecclesiam
1020 666 1459 733 deturparemus,
1488 674 1694 721 stercus
1711 680 2004 733 congeren-

441 768 539 819 tes,
570 773 727 830 quam
759 756 1043 822 findatnus,
1071 757 1189 810 talia
1217 766 1399 811 mutuo
1419 756 1713 826 loquentes,
1742 754 1810 811 de
1838 756 2004 814 lucro.

437 849 507 905 de
537 849 914 919 negotiatione,
941 847 1007 901 de
1032 847 1437 915 eanponatiune,
1465 846 1533 901 de
1553 848 1616 901 iis
1641 861 1760 916 qum
1790 845 2002 899 nihilad

437 959 2423 986 W

1397 188 1464 246 IN
1501 189 1907 247 HAT'I'lllEUM
1944 187 2174 245 HOMIL.
2217 191 2500 246 LXXXIX.
2542 191 2615 248 al.
2663 193 2771 249 XC.

3590 205 3697 260 783

2120 317 2218 359 nos
2241 304 2542 373 pertinent,
2568 320 2689 360 cum
2714 318 2985 378 oporteret
3013 310 3097 367 hic
3125 314 3396 383 angelicas
3418 331 3541 372 esse
3564 324 3696 372 clio-

2118 407 2230 455 ros,
2271 400 2327 448 et
2368 392 2646 448 ecclesiam
2689 396 2877 452 caelum
2920 398 3113 468 facere,
3160 402 3394 474 nihilque
3431 405 3574 460 aliud
3607 406 3695 463 hic

2118 496 2237 536 esse
2262 498 2419 550 quam
2450 486 2783 553 precationes
2820 489 3060 543 assiduas
3082 529 3098 553 ,
3140 492 3415 547 silentium
3436 503 3490 549 et
3520 505 3691 550 atteu—
3772 502 3777 506 ’

2118 573 2336 628 tionem.
2361 574 2471 631 Hoc
2496 575 2578 629 vel
2602 594 2742 633 nunc
2766 578 3040 644 faciamus,
3067 591 3126 636 ut
3146 593 3200 637 et
3223 583 3383 639 vitam
3401 601 3693 657 purgemus

2117 672 2376 728 nostram,
2418 672 2476 719 et
2515 667 2780 735 promissa
2824 679 3023 725 aeterna
3070 671 3208 725 boaa
3256 689 3648 745 consequantur
3678 717 3693 737 .

2116 755 2283 824 gratia
2307 764 2359 809 et
2391 754 2720 826 benignitate
2750 759 2958 814 Domini
2989 763 3156 816 nostri
3183 762 3306 819 Jesu
3341 765 3573 833 Christi,
3603 769 3691 821 cui

2115 845 2280 913 gloria
2311 846 2362 900 in
2393 847 2583 902 saecula
2611 851 2946 906 stimulorum.
2973 854 3162 933 Amlen.

2429 964 3693 993 _________________,

1562 1025 1909 1088 HOMILIA
1949 1023 2308 1085 LXXXIX.
2353 1024 2441 1087 al.
2484 1024 2621 1088 XC.

442 1179 573 1238 Car.
602 1178 692 1232 27.
724 1192 778 1232 ν.
830 1175 918 1231 62.
978 1172 1191 1227 Postera
1237 1181 1404 1226 autem
1449 1169 1565 1233 die,
1603 1183 1716 1240 qua:
1762 1174 1835 1219 est
1892 1170 2005 1233 post

512 1273 857 1335 Parasceeen,
912 1274 1246 1322 convenerunt
1301 1264 1549 1333 principes
1592 1259 1905 1314 sacerdotum
1957 1265 2007 1310 et

514 1362 766 1417 I’baristei
791 1359 858 1413 ad
883 1358 1136 1418 Pilatum.
1165 1356 1254 1413 65.
1281 1356 1494 1410 dicentes
1520 1367 1538 1407 :
1563 1351 1812 1413 Domine,
1840 1364 2007 1402 recor-

508 1455 613 1507 dati
648 1469 822 1508 sumus
857 1450 991 1520 quod
1018 1450 1260 1521 impostor
1282 1446 1368 1501 ille
1405 1443 1584 1499 dixerit
1608 1441 1773 1495 adhuc
1801 1440 1966 1493 vivens
1987 1476 2004 1504 ,

513 1546 634 1600 Post
659 1555 758 1599 tres
782 1545 887 1598 dies
914 1558 1191 1611 resurgant.
1222 1539 1310 1594 64.
1337 1537 1470 1592 Iube
1496 1551 1616 1607 ergo
1640 1532 1827 1588 muniri
1846 1529 2006 1599 sepul-

507 1655 647 1693 crum
693 1653 848 1707 usque
887 1636 939 1690 in
985 1636 1118 1689 diem
1148 1633 1366 1695 tertium,
1409 1646 1470 1683 ne
1498 1627 1743 1682 venientes
1770 1619 2008 1693 discipuli

506 1731 614 1797 ejus
639 1728 869 1797 [urentur
896 1742 1028 1789 eum,
1055 1734 1101 1777 et
1127 1723 1294 1777 dicant
1322 1719 1530 1792 populo,
1560 1715 1694 1788 quod
1717 1726 2001 1769 resurrexit-

507 1822 570 1873 rit
590 1839 620 1874 a
638 1819 847 1873 mortuis
864 1833 886 1872 :
906 1826 952 1871 et
979 1816 1071 1870 erit
1088 1814 1383 1868 novissimus
1406 1826 1551 1864 error
1576 1806 1720 1878 peior
1745 1805 1932 1874 priore.

509 1914 561 1969 l.
588 1910 796 1981 Ubique
824 1923 973 1963 error
1011 1909 1062 1962 in
1098 1906 1330 1978 seipsum
1362 1901 1602 1972 impingit
1630 1902 1648 1932 ³
1673 1939 1688 1963 ,
1716 1912 1779 1952 ac
1808 1895 1892 1950 vel
1920 1895 2003 1949 in-

366 2066 369 2069 ,
439 2006 579 2058 vitus
619 2002 827 2057 veritati
868 1999 1204 2069 sum-agatur.
1256 1994 1531 2066 Perpende
1569 1992 1747 2062 igitur.
1775 1987 2006 2043 Credere

437 2098 690 2169 oportuit,
742 2105 1005 2149 mortuum
1033 2093 1176 2147 illtttn
1204 2105 1344 2149 esse.
1377 2097 1431 2143 et
1467 2085 1752 2156 sepultum,
1802 2096 1865 2136 ac
1915 2095 2005 2134 re-

438 2190 732 2245 snrrexisse
761 2207 774 2241 :
805 2202 922 2258 quae
957 2186 1133 2240 omnia
1161 2184 1495 2238 inimicorum
1531 2192 1692 2249 opera
1733 2173 2005 2231 credibilia

439 2285 590 2338 liunt.
621 2280 755 2336 Vide
779 2281 934 2350 igitur
964 2278 1049 2330 illa
1081 2276 1237 2331 verba
1257 2315 1273 2340 ,
1304 2289 1422 2343 quae
1448 2273 1545 2327 ista
1576 2283 1790 2339 prorsus
1811 2265 2004 2321 conﬁr-

441 2382 585 2428 mant
615 2392 631 2425 :
661 2370 928 2426 Recordati
950 2383 1122 2421 sumus
1141 2406 1156 2431 ,
1184 2363 1319 2435 quod
1334 2364 1574 2432 impostor
1598 2360 1685 2414 ille
1707 2357 1889 2411 dixerit
1913 2354 2005 2407 ad-

422 2464 520 2518 huc
538 2464 722 2518 uirens.
736 2470 986 2515 mortuus
997 2470 1079 2511 est
1100 2452 1437 2523 igitur),Post
1459 2461 1562 2505 tres
1576 2451 1686 2504 dies
1701 2462 1995 2518 resurgam.

422 2557 557 2612 Jube
603 2555 871 2627 obsignari
895 2554 915 2583 ²
962 2549 1260 2619 sepulcrum
1289 2546 1441 2613 (ergo
1469 2542 1714 2612 sepultus
1754 2540 1860 2609 est)
1890 2581 1905 2605 ,
1940 2554 2002 2592 ne

442 2650 570 2716 forte
595 2646 789 2700 ueniant
818 2642 1057 2712 discipuli
1079 2642 1189 2711 ejus
1207 2681 1224 2706 ,
1255 2651 1301 2694 et
1323 2642 1551 2712 {urentur
1579 2654 1709 2692 etim.
1739 2635 1794 2690 Si
1828 2637 2005 2706 itaque

439 2739 738 2807 sepulcrum
782 2736 1039 2791 nmnitum
1071 2734 1142 2788 sit
1181 2743 1237 2788 et
1278 2732 1640 2800 obsignatum,
1680 2729 1819 2784 nulla
1861 2727 2007 2783 l’rans

439 2829 576 2885 erit?
603 2828 753 2883 Nulla
780 2835 942 2882 certe.
977 2827 1115 2896 Ergo
1154 2833 1298 2880 certa
1345 2834 1427 2878 est
1470 2820 1875 2878 resurrectionis
1913 2819 2007 2874 de-

439 2919 755 2974 monstratio
778 2960 794 2984 ,
827 2927 884 2971 ut
913 2927 1058 2987 patet
1082 2932 1145 2971 es
1177 2917 1239 2970 iis
1267 2931 1384 2986 quae
1411 2929 1504 2969 vos
1530 2912 1837 2967 obtenditis.
1870 2912 2002 2964 Cum

437 3012 580 3070 enim
623 3010 955 3080 obsignatum
987 3008 1142 3063 luerit
1182 3007 1506 3076 sepulcrum,
1552 3006 1691 3060 nttlla
1717 3005 1859 3059 fraus
1887 3004 2001 3061 fuit.

439 3105 494 3161 Si
526 3105 665 3159 nulla
693 3103 857 3168 fraus,
879 3113 933 3158 et
953 3112 1127 3159 tamen
1155 3102 1454 3173 sepulcrum
1484 3117 1705 3156 vacuum
1736 3111 2002 3170 repertum

439 3204 540 3256 est.
568 3196 738 3265 palam
769 3194 791 3225 ³
816 3203 868 3249 et
896 3196 1012 3248 sine
1037 3194 1395 3248 controversia
1424 3203 1506 3248 cst
1551 3194 1720 3260 ipsum
1764 3207 2005 3246 resurre-

439 3290 599 3342 sisse.
632 3286 813 3341 Viden’
836 3287 1102 3356 quomodo
1129 3286 1213 3341 vel
1237 3286 1381 3340 inviti
1410 3301 1506 3354 pro
1530 3285 1767 3341 veritatis
1790 3284 2005 3340 demon-

437 3379 693 3433 stratione
715 3377 984 3448 pugnent?
1010 3377 1088 3433 'l‘u
1116 3392 1243 3432 vero
1266 3377 1395 3433 mihi
1423 3376 1691 3447 perpende
1713 3391 1872 3447 quam
1898 3376 2005 3431 sint

437 3469 679 3538 discipuli
710 3470 946 3524 veritatis
970 3480 1246 3534 amantes;
1272 3468 1540 3539 quomodo
1566 3466 1695 3522 nihil
1732 3467 2004 3523 occultent

439 3577 502 3614 ex
547 3561 610 3615 iis
653 3576 771 3629 qua:
815 3561 1009 3615 inimici
1057 3560 1341 3626 dixerunt,
1380 3560 1718 3631 quantumvis
1744 3559 2000 3629 probrosa

440 3652 523 3705 illa
551 3651 676 3706 sint.
707 3652 842 3707 Ecce
870 3653 1012 3707 enim
1041 3652 1382 3721 impostorem
1415 3660 1637 3716 vocant,
1671 3669 1844 3724 neque
1872 3652 1999 3707 illttd

438 3743 535 3810 ipsi
569 3752 739 3797 tacent
772 3761 786 3796 :
820 3743 871 3797 id
897 3742 1035 3812 quod
1065 3744 1224 3798 etiam
1255 3743 1463 3798 illorum
1501 3744 1867 3800 crudelitatem
1908 3743 2003 3799 de-

436 3844 694 3889 monstrat
729 3881 748 3909 ,
803 3836 941 3903 quod
971 3851 1035 3889 ne
1062 3844 1180 3904 pust
1204 3845 1427 3889 mortem
1446 3837 1659 3906 quidem
1701 3837 1831 3890 iram
1869 3835 1999 3890 mis-

434 3941 546 3980 sam
593 3922 1017 3983 lecerint".|llud
1061 3938 1234 3982 autem
1284 3943 1524 3996 querere
1548 3941 1726 3996 opera:
1773 3926 1998 3995 pretium

435 4019 631 4072 luerit:
662 4017 748 4072 tibi
795 4034 984 4085 nempe
1028 4017 1249 4078 dixerit,
1297 4016 1413 4071 Post
1449 4028 1546 4070 tres
1575 4017 1682 4070 dies
1718 4032 1997 4085 resurgam.

434 4107 614 4178 Neque
654 4109 796 4163 enim
840 4109 964 4164 illud
991 4109 1134 4164 clare
1163 4110 1358 4163 dictum
1401 4109 1699 4173 invenitur;
1725 4107 1820 4162 sed
1850 4105 1999 4160 Jona:

435 4208 632 4252 tantum
654 4200 898 4267 exctnplo
914 4200 956 4251 ⁸.
988 4199 1163 4267 Itaque
1194 4199 1432 4254 sciebant
1459 4198 1669 4253 scelesti
1697 4197 1864 4252 Judaei
1887 4237 1902 4260 ,
1935 4211 1995 4250 ea

431 4304 548 4357 qua:
575 4289 666 4345 ille
691 4289 914 4352 dixerat,
936 4300 993 4345 et
1015 4306 1106 4343 sua
1129 4297 1318 4357 sponte
1344 4289 1573 4359 maligne
1592 4289 1836 4359 agebant.
1861 4286 1996 4356 Quid

430 4394 557 4449 ergo
607 4380 834 4435 Pilatus?
877 4380 964 4436 δεῖ.
1018 4379 1226 4434 Habetis
1270 4382 1583 4446 custodiunt,
1632 4381 1818 4434 munita
1868 4381 1996 4434 sicut

429 4472 583 4526 scitis.
614 4473 701 4527 b6.
730 4471 795 4526 Et
825 4473 1137 4526 muniverunt
1162 4472 1465 4541 sepulcrum,
1492 4472 1744 4541 signantes
1773 4470 1994 4539 lapidem

429 4578 539 4614 cum
561 4562 808 4617 custodia.
833 4563 946 4616 Non
979 4563 1233 4632 permittit
1262 4571 1319 4617 ut
1348 4561 1540 4617 milites
1560 4562 1659 4616 soli
1689 4561 1988 4631 obsignent:

428 4666 548 4705 nam
573 4653 722 4722 quasi
749 4653 817 4707 de
849 4652 1008 4707 rebus
1051 4652 1217 4722 ipsius
1245 4653 1504 4720 edoctus,
1549 4668 1655 4707 non
1701 4652 1842 4706 ultra
1869 4667 1990 4707 cum

425 4741 531 4797 illis
557 4744 666 4797 vult
704 4756 896 4813 agere;
942 4742 1035 4798 sed
1064 4752 1121 4798 ut
1163 4758 1282 4798 sese
1327 4744 1395 4797 ab
1429 4744 1531 4797 illis
1571 4745 1849 4813 expediat,
1891 4743 1994 4799 hoc

421 4832 582 4887 etiam
621 4835 881 4905 permittit
921 4844 976 4889 et
1015 4834 1128 4889 ait:
1161 4834 1266 4890 Vos
1305 4844 1362 4889 ut
1392 4835 1548 4891 vultis
1586 4836 1894 4906 obsignate,
1924 4852 1990 4891 ne

472 4985 485 5049 ξ
522 4983 725 5049 Quidam
745 4984 952 5040 habent.
971 4984 1184 5049 seipsum
1213 4987 1586 5042 transverberat.

470 5048 493 5113 ξ
523 5046 836 5113 ᾼιὶξ-Ιρκιιιιι.
872 5061 977 5108 pro,
1003 5046 1248 5113 obsignari
1279 5050 1482 5113 muniri.

438 5166 448 5175 _
473 5106 581 5181 {in
603 5107 783 5181 Morel.“
808 5106 1009 5173 legitur,
1039 5110 1083 5161 si
1105 5106 1247 5163 'nulla
1275 5111 1432 5177 fraus,
1470 5118 1655 5179 palam,
1690 5125 1771 5168 etc
1796 5153 1810 5178 ,
1841 5121 1991 5171 omis-

407 5181 477 5216 s;s
507 5177 828 5230 interpositis.
1471 5177 1479 5179 “
1645 5177 1649 5178 ⁷
1796 5177 1801 5178 ⁷
1828 5210 1843 5219 .

470 5233 492 5264 δ
523 5233 729 5303 supple,
752 5239 807 5303 ut
826 5235 990 5280 (ξι-περι
1011 5235 1243 5303 videlicet
1265 5235 1460 5303 integre
1483 5241 1769 5303 reddantur,
1790 5240 1990 5293 Iterum-

407 5301 499 5354 que
530 5299 853 5342 sinceritatem
872 5299 1267 5370 paucitatemque
1297 5301 1613 5353 demonstrat.
1757 5299 1764 5303 ’

446 5354 490 5418 Α·
514 5355 794 5418 _G|ossatqt_'_
815 5367 1002 5418 _receus
1042 5359 1231 5408 (Zodicts
1264 5360 1359 5409 69$
1392 5360 1465 5411 sic
1497 5365 1761 5418 legendum
1806 5367 1967 5418 innuit

471 5379 489 5384 '
524 5379 766 5402 υιυδινιυι
829 5379 1002 5403 rvet-us
1042 5379 1231 5408 usum]!
1264 5379 1359 5409 ι)υῦ
1392 5379 1465 5411 Slc
1498 5379 1761 5426 tegendum
1806 5379 1984 5427 ιιιιιιιιι,

408 5414 640 5462 nimirum
676 5427 688 5461 :
730 5413 828 5484 Ubi
855 5428 1023 5484 nempe
1060 5417 1244 5484 dia_erit
1281 5423 1494 5483 Judteis,
1535 5442 1552 5472 ι
1603 5427 1718 5474 Post
1760 5435 1856 5477 tres
1881 5429 1987 5480 dies

407 5486 681 5550 resurgant.
704 5488 751 5550 ⁴ι
780 5478 988 5550 Sinnius
1007 5480 1229 5550 _quidem
1258 5485 1346 5550 hoc
1381 5478 1636 5550 discipulis
1666 5487 1849 5539 dictant
1885 5478 1985 5550 esl,‘

407 5536 605 5608 ductui:
634 5541 791 5608 autem
823 5537 956 5586 clare
985 5536 1166 5591 dictum
1194 5557 1290 5597 non
1308 5536 1684 5608 invenitu'r,sed
1715 5536 1860 5602 Joiue
1880 5536 1986 5602 illi:

409 5601 511 5645 tum
539 5597 778 5657 exemplo.

2114 1162 2248 1219 alios
2287 1164 2531 1248 incusare
2561 1168 2795 1237 possitis.
2823 1168 2956 1224 Nam
2986 1172 3031 1226 si
3057 1173 3156 1227 soli
3188 1176 3381 1233 milites
3408 1177 3688 1248 obsignas-

2111 1264 2257 1319 sent,
2281 1245 2462 1311 dicere
2492 1259 2820 1327 potuissent,
2851 1261 3058 1319 etiamsi
3082 1264 3132 1317 id
3162 1264 3348 1320 falsum
3377 1278 3433 1322 et
3459 1245 3689 1323 incredi-

2113 1345 2218 1401 bile
2254 1346 2471 1414 luisset;
2513 1359 2742 1406 attamen
2781 1360 2837 1405 ιιι
2863 1352 2996 1408 alias
3026 1350 3367 1426 impudenter
3418 1358 3687 1424 fecerant,

2111 1436 2288 1493 dicere
2316 1442 2628 1509 potuissent,
2653 1444 2845 1500 milites
2865 1459 3057 1515 corpus
3081 1444 3427 1502 auferendum
3454 1449 3686 1513 dedisse,

2110 1530 2487 1600 discipulisque
2533 1549 2716 1589 ansam
2772 1535 3085 1606 prtebuisse,
3132 1547 3189 1593 ut
3238 1541 3684 1595 resurrectionem

2109 1624 2224 1690 ejus
2253 1622 2617 1694 conﬁngerent
2645 1644 2659 1678 :
2685 1641 2824 1681 nunc
2842 1636 3021 1683 autem
3040 1642 3162 1685 cum
3189 1629 3289 1701 ipsi
3312 1632 3686 1694 munivisset",

2111 1708 2212 1765 hoc
2241 1710 2423 1767 dicere
2455 1728 2558 1768 non
2588 1724 2852 1784 poterant.

2183 1803 2614 1860 Resurrectionem
2649 1807 2837 1862 Christi
2860 1818 3047 1865 certam
3079 1827 3186 1867 esse
3210 1813 3471 1884 probatur.
3496 1845 3567 1857 —
3588 1814 3685 1869 Vi-

2110 1891 2232 1946 den‘
2256 1895 2523 1963 quomodo
2549 1897 2789 1973 uolentes
2818 1900 3093 1956 veritatem
3130 1916 3374 1959 asserere
3409 1905 3644 1960 nitantur
3662 1906 3688 1959 ?

2110 1982 2239 2037 Nam
2270 1986 2365 2053 ipsi
2395 1996 2751 2050 accesserunt,
2774 1989 2869 2057 ipsi
2893 1992 3179 2059 petierunt,
3215 1992 3311 2062 ipsi
3339 1993 3687 2064 obsignarttut

2044 2076 2050 2080 ’
2109 2088 2228 2128 cum
2255 2074 2530 2141 custodia;
2563 2077 2631 2130 ita
2677 2090 2729 2131 ut
2771 2093 2888 2132 sese
2918 2092 3100 2134 mutuo
3143 2074 3391 2137 accusent
3422 2093 3475 2140 et
3502 2087 3685 2140 Conlu-

2111 2174 2242 2221 tent.
2275 2167 2433 2237 Atqui
2463 2169 2674 2238 quando
2713 2170 2868 2225 furati
2896 2182 3075 2227 essent
3104 2173 3154 2227 in
3186 2175 3408 2229 sabbato
3428 2216 3445 2243 ,
3469 2187 3522 2231 et
3553 2190 3687 2248 quo-

2107 2256 2307 2311 modo?
2333 2257 2512 2328 Neque
2545 2260 2688 2315 enim
2720 2260 2930 2330 prodire
2958 2272 3224 2333 poterant.
3259 2266 3410 2331 Quod
3440 2268 3484 2319 si
3513 2267 3681 2336 legem

2107 2349 2473 2417 prartergressi
2503 2361 2682 2405 essent
2705 2394 2719 2413 .
2751 2353 3017 2420 quomodo
3043 2355 3155 2408 ausi
3198 2356 3419 2411 fuissent
3447 2357 3514 2412 ita
3545 2360 3684 2413 litui-

2107 2439 2161 2492 di
2188 2438 2481 2495 accedere?
2511 2443 2778 2510 qttomodo
2806 2444 3126 2512 persuadere
3152 2447 3319 2500 turbze
3345 2450 3637 2517 pctuissent
3659 2449 3685 2502 ‘.'

2107 2530 2232 2599 qttid
2258 2530 2531 2594 dixissu‘nt,
2564 2534 2686 2603 quid
2720 2533 3003 2590 let-issent?
3030 2551 3137 2606 quo
3161 2538 3339 2592 animo
3363 2554 3457 2603 pro
3478 2552 3686 2595 mortuo

2108 2632 2251 2677 Stare
2296 2624 2623 2692 potuissent?
2656 2641 2811 2694 quam
2839 2636 3212 2696 exspectantes
3244 2631 3685 2686 retributionem?

2108 2729 2266 2783 quam
2296 2714 2638 2768 mercedem?
2678 2716 2807 2769 Cum
2841 2717 3106 2771 viventem
3138 2719 3285 2772 illum
3328 2723 3684 2789 comprehen-

2108 2816 2226 2857 sum
2257 2804 2273 2835 ¹
2309 2803 2579 2869 viderent,
2623 2804 2896 2874 fugerunt;
2937 2817 2992 2861 et
3021 2819 3136 2876 post
3169 2818 3391 2863 mortem
3433 2811 3685 2866 audacter

2111 2908 2207 2962 pro
2240 2892 2332 2946 illo
2360 2892 2626 2963 loqunturi
2654 2903 2840 2961 erant,
2868 2894 2911 2948 si
2955 2911 3058 2950 non
3105 2899 3521 2954 resurrexisset?
3545 2900 3684 2968 Quo—

2107 2981 2267 3035 modo
2298 2982 2412 3036 lttnc
2440 2983 2659 3052 cogitari
2701 2984 2944 3054 possint?
2983 2985 3133 3051 Quod
3176 2986 3317 3040 enim
3363 3002 3461 3043 nec
3491 2990 3684 3043 voluis-

2108 3080 2227 3126 sent
2250 3087 2351 3127 nec
2377 3075 2672 3142 potuissent
2700 3076 3142 3132 resurrectionem
3165 3118 3179 3140 ,
3210 3094 3327 3146 qua:
3349 3094 3453 3134 non
3479 3079 3682 3147 fttiSSel,

2108 3162 2309 3232 lingere
2327 3205 2343 3229 ,
2380 3163 2505 3219 hinc
2536 3165 2707 3234 palam
2734 3174 2834 3219 est.
2863 3165 3022 3220 Multa
3052 3168 3193 3221 enim
3228 3168 3332 3223 illis
3355 3169 3422 3224 de
3448 3184 3683 3227 resttrrc~

2105 3254 2282 3308 ctione
2302 3254 2549 3324 loquutus
2569 3255 2874 3325 frequenter
2900 3255 3108 3324 fuerat,
3140 3268 3196 3311 ιιι
3225 3259 3323 3328 ipsi
3359 3261 3644 3316 narrabant
3664 3303 3678 3323 ,

2106 3342 2233 3400 Post
2277 3356 2377 3400 tres
2416 3348 2521 3402 dies
2554 3364 2841 3421 resurgam.
2880 3349 2944 3404 Si
2965 3363 3093 3420 ergo
3119 3365 3224 3405 non
3254 3339 3636 3409 resnrrexiSset
3661 3395 3679 3420 ,

2105 3440 2443 3497 manifestum
2467 3452 2550 3498 est
2573 3458 2666 3498 eos
2683 3483 2702 3509 ,
2732 3452 2916 3514 utpote
2939 3445 3193 3514 deceptos
3214 3486 3231 3511 ,
3259 3457 3313 3502 et
3341 3462 3371 3500 a
3397 3456 3501 3501 tota
3524 3459 3682 3518 gente

2090 3544 2321 3606 propter
2351 3536 2522 3604 ipsum
2552 3534 2906 3606 impugnatos,
2928 3536 3131 3592 edibus
3148 3546 3203 3593 et
3228 3539 3447 3593 urbibus
3470 3540 3647 3608 pulsos
3662 3582 3679 3607 ,

2104 3624 2171 3677 ah
2198 3625 2338 3679 illius
2363 3626 2507 3680 cultu
2537 3625 2868 3681 discessuros
2890 3626 3091 3693 fuisse;
3123 3643 3295 3699 neque
3314 3630 3456 3685 enim
3480 3632 3678 3686 voluis-

2103 3725 2222 3769 sent
2263 3716 2331 3771 de
2379 3715 2471 3771 illo
2522 3717 2681 3771 talem
2712 3717 3016 3786 opinionem
3047 3732 3328 3788 Spargere,
3370 3730 3551 3789 utpote
3590 3724 3679 3791 qui

2103 3805 2307 3874 decepti
2343 3805 2412 3859 ab
2453 3806 2545 3860 illo
2585 3806 2837 3872 fuissent,
2866 3817 2921 3862 et
2964 3807 3017 3861 in
3066 3820 3305 3861 extrema
3345 3824 3440 3878 pro
3467 3810 3560 3865 illo
3582 3813 3679 3866 de-

2104 3895 2248 3950 ducti
2292 3896 2547 3963 pericula.
2580 3897 2731 3962 Quod
2762 3911 2889 3951 vero
2918 3910 3025 3951 non
3063 3899 3389 3969 potuissent,
3428 3902 3529 3954 nisi
3554 3916 3679 3958 vera

2105 3987 2423 4041 resurrectio
2452 3985 2671 4052 luisset,
2702 3988 2849 4042 illam
2886 3987 3177 4057 simulare,
3221 3990 3271 4044 id
3316 4001 3464 4046 certe
3493 3993 3677 4047 adum-

2103 4077 2229 4131 dum
2261 4077 2533 4145 probabile
2557 4088 2656 4134 est.
2690 4078 2747 4133 In
2776 4093 2879 4149 qua
2925 4094 2985 4135 re
3011 4080 3152 4135 enim
3180 4081 3428 4137 fiduciam
3459 4084 3677 4138 habuis-

2101 4169 2260 4221 sent?
2286 4168 2337 4221 in
2365 4170 2627 4223 sermonis
2649 4171 2945 4240 gravitate?
2985 4172 3055 4225 At
3076 4173 3315 4226 omnium
3345 4173 3677 4242 imperitissi-

2102 4259 2172 4312 mi
2199 4248 2369 4314 crant.
2402 4258 2459 4313 In
2487 4261 2829 4326 pecuniarum
2856 4260 3047 4330 c0pia?
3073 4259 3257 4332 Neque
3278 4264 3479 4334 virgam
3504 4280 3679 4336 neque

2098 4350 2453 4403 ealceamenta
2498 4349 2779 4404 habebant.
2824 4350 2881 4405 In
2925 4351 3207 4420 splendore
3244 4356 3495 4424 generis?
3533 4356 3682 4412 Viles

2098 4450 2268 4500 erant.
2295 4454 2360 4493 ex
2392 4439 2584 4494 vilibus
2611 4440 2734 4495 orti.
2766 4440 2820 4494 In
2849 4443 3033 4511 patria:
3059 4444 3387 4511 splendore?
3424 4448 3500 4500 lix
3527 4447 3674 4517 igno-

2099 4530 2292 4584 bilibus
2333 4531 2436 4585 orti
2485 4531 2615 4584 locis
2658 4542 2826 4585 erant.
2862 4532 2917 4586 In
2963 4534 3340 4591 multitudine?
3368 4536 3483 4590 Non
3522 4549 3674 4592 erant

2097 4622 2275 4690 plures
2325 4637 2482 4691 quam
2529 4624 2809 4689 undecim,
2857 4623 2908 4677 in
2959 4626 3117 4680 variis
3163 4625 3391 4695 dispersi
3422 4629 3572 4683 locis.
3616 4631 3673 4684 In

2097 4713 2537 4784 promissionibus
2566 4715 2850 4784 magistri?
2880 4714 2991 4771 Nisi
3024 4720 3406 4773 resurrexisset
3426 4759 3442 4783 ,
3473 4720 3671 4776 nullam

2096 4806 2148 4860 in
2180 4805 2307 4874 ipsis
2329 4803 2484 4858 ﬁdem
2513 4804 2743 4859 habituri
2773 4814 2947 4860 erant.
2973 4806 3254 4872 Quomodo
3278 4816 3457 4863 autem
3489 4808 3670 4864 furen-

2096 4907 2203 4952 tem
2234 4896 2485 4966 populum
2530 4895 2946 4951 sustinuissent?
2989 4897 3044 4952 Si
3082 4912 3310 4968 namque
3352 4900 3670 4972 coryphmus

2093 4989 2330 5059 ipsorum
2369 4988 2604 5045 ostiaria:
2631 4988 2870 5043 mulieris
2895 4989 3112 5045 verbum
3144 5006 3250 5045 non
3273 4991 3408 5058 tttlit,
3433 5002 3484 5048 et
3511 4995 3556 5048 si
3585 5010 3669 5048 re-

2076 5079 2218 5148 'liqui
2249 5078 2398 5132 illum
2428 5079 2661 5133 vinctum
2689 5079 2932 5136 videntes
2960 5081 3184 5151 dispersi
3205 5094 3329 5138 sunt
3355 5102 3370 5138 :
3400 5085 3670 5154 quomodo

2092 5168 2143 5221 in
2174 5168 2408 5222 animum
2439 5168 2802 5236 induxissent,
2831 5171 2897 5225 ad
2928 5180 3163 5228 extrema
3191 5175 3334 5228 orbis
3360 5191 3663 5242 accurrere,

2090 5265 2147 5310 ιιι
2175 5257 2355 5311 [ictum
2386 5260 2796 5314 resurrectionis
2833 5263 3050 5316 verbum
3084 5264 3383 5330 plantarent
3401 5265 3423 5316 ?
3442 5266 3496 5318 Si
3518 5267 3662 5320 enim

2091 5349 2182 5403 ille
2201 5348 2457 5404 adversus
2486 5351 2726 5406 tuulieris
2749 5352 2922 5407 minas
2948 5368 3054 5407 non
3079 5354 3255 5419 stetit,
3289 5369 3465 5424 neque
3492 5356 3564 5410 illi
3594 5357 3660 5412 ad

2090 5440 2416 5494 vinculorum
2442 5451 2785 5511 conspectum
2807 5443 2827 5473 θ
2849 5481 2866 5507 ,
2895 5441 3164 5513 quomodo
3194 5451 3441 5512 poterant
3465 5445 3661 5498 adVo-r-

2151 5553 2165 5583 ι
2209 5550 2258 5615 l_n
2291 5550 2455 5615 Morel,
2490 5563 2586 5615 non
2611 5549 2811 5613 legitur.
2845 5550 3253 5615 comprehensum.

2157 5615 2176 5645 ³
2215 5612 2268 5661 lu
2302 5612 2412 5662 aliis
2442 5613 2640 5674 legitur,
2665 5611 2815 5676 neque
2838 5611 2913 5663 illi
2932 5611 2995 5663 ad
3025 5613 3191 5675 potntti
3213 5623 3533 5675 to».
