4058 6144
400 192 500 247 783

396 319 486 358 sus
517 317 670 374 reges
696 311 752 360 et
792 301 1061 374 principes
1089 310 1141 354 ct
1189 299 1412 369 populos
1436 306 1618 361 stare,
1661 295 1749 349 ubi
1782 292 1978 363 gladii,

399 394 697 463 Sartagines
717 436 732 459 ,
774 394 1015 449 fornaces
1035 432 1050 452 .
1082 401 1132 444 ct
1163 390 1309 443 tnille
1334 388 1571 458 quotidie
1615 395 1815 440 mortes
1834 426 1849 449 ,
1886 386 1985 439 nisi

396 485 512 552 ejus
542 487 630 555 qui
660 493 1031 540 resurrexcrat
1058 484 1250 536 virtute
1266 490 1319 534 ct
1338 480 1502 551 gratia
1528 480 1695 548 adjnti
1719 478 1986 533 fuissent?

396 576 545 631 'l'alia
580 586 842 645 tantaque
867 576 1014 645 signa
1049 573 1185 628 facta
1212 570 1418 627 fuerant
1445 614 1462 636 ,
1491 581 1545 626 et
1571 571 1772 625 nullum
1798 585 1982 625 eorum

396 665 561 720 Jnda-i
591 674 712 720 sunt
738 666 951 720 reveriti
983 707 1000 731 ,
1032 664 1125 718 sed
1152 664 1301 718 illum
1337 664 1719 717 crucilixerunt
1756 681 1769 717 :
1801 672 1854 716 et
1886 662 1987 716 illis

398 757 845 813 resurrectionem
864 756 1176 825 simpliciter
1190 753 1528 809 narrantibus
1541 752 1793 808 credituri
1808 754 1987 808 erant?

396 846 509 901 Non
539 848 607 901 ita
636 861 697 902 se
726 862 813 901 res
840 846 1032 911 habet,
1064 862 1169 901 non
1197 848 1297 912 ita,
1330 844 1425 901 sed
1453 844 1570 915 ejus
1589 886 1603 910 ,
1630 845 1719 916 qui
1747 860 1985 900 resurre-

397 940 496 1003 xit,
529 940 698 993 virtus
722 938 836 993 lucc
866 948 1082 1007 operata
1105 947 1207 992 est.

460 1029 516 1083 9..
546 1029 823 1097 Perpende
846 1038 1023 1084 autem
1051 1028 1180 1082 mihi
1213 1027 1429 1082 illorum
1456 1025 1720 1081 vafritiem
1752 1022 1984 1094 perridi-

390 1124 588 1175 culam.
634 1119 908 1176 Recordati
942 1138 1137 1185 sumus,
1174 1120 1436 1191 inquiunt,
1465 1119 1603 1190 quod
1640 1119 1875 1172 seductor
1899 1118 1985 1170 ille

392 1214 563 1267 adhuc
589 1215 753 1267 ritvens
778 1213 927 1277 dixit,
964 1211 1089 1265 Post
1120 1222 1217 1266 tres
1247 1212 1353 1265 dies
1384 1227 1666 1281 resurgam.
1698 1210 1761 1264 At
1805 1214 1848 1263 si
1878 1198 1983 1262 im-

395 1315 580 1374 postor
608 1314 760 1371 erat,
807 1315 862 1360 et
908 1304 1181 1359 mendacia
1231 1303 1491 1373 iactabat,
1540 1302 1664 1371 quid
1706 1302 1904 1355 timetis
1929 1311 1984 1357 et

391 1397 835 1462 circumcurritis,
884 1405 1134 1464 tantoque
1176 1394 1353 1449 studio
1401 1394 1651 1449 utimini?
1688 1394 1980 1461 Timemns,

395 1488 664 1559 inquiunt,
708 1502 776 1541 ne
803 1486 1048 1557 discipuli
1078 1486 1320 1541 furentur
1348 1502 1489 1551 eum,
1521 1494 1576 1539 et
1601 1485 1810 1556 plebem
1839 1485 1985 1540 deci-

392 1582 562 1651 piant.
597 1581 753 1650 Atqui
783 1578 1207 1633 demonstratum
1234 1587 1337 1645 est,
1368 1577 1466 1632 hoc
1496 1593 1600 1631 non
1627 1578 1818 1632 rationi
1847 1592 1981 1631 eon-

392 1681 713 1726 sentaneum
759 1686 915 1735 esse;
956 1679 1191 1725 attamen
1237 1668 1506 1738 nequitia,
1554 1668 1885 1723 contentiosa
1929 1678 1985 1723 et

392 1762 693 1832 impudens,
725 1761 1107 1815 irrationabilia
1136 1775 1343 1830 quoque
1380 1760 1703 1830 aggreditur.
1750 1760 1829 1813 Ad
1874 1768 1984 1815 tres

396 1869 563 1924 ltsqttc
592 1854 705 1909 dies
720 1854 910 1923 jubent
930 1854 1121 1908 muniri
1142 1853 1465 1924 sepulcrum,
1484 1852 1632 1922 quasi
1657 1867 1751 1923 pro
1767 1851 1985 1922 dogma-

396 1947 538 2001 tibus
570 1957 883 2017 pugnantes,
911 1957 968 2001 nt
993 1946 1278 2017 probarent
1319 1947 1456 2001 hunc
1476 1946 1703 2001 antehac
1727 1946 1980 2016 decepto-

397 2053 511 2092 tem
545 2037 728 2101 fuisse.
757 2048 811 2093 et
840 2052 1009 2105 usque
1060 2037 1125 2091 ad
1174 2037 1473 2106 sepulcrum
1517 2038 1772 2092 malitiam
1799 2049 1986 2091 exten-

395 2128 549 2182 dunt.
581 2128 704 2183 Ideo
729 2129 839 2182 cito
866 2128 1119 2192 surrexit,
1157 2143 1226 2183 ne
1260 2127 1518 2191 dicerent,
1568 2129 1738 2199 ipsum
1788 2129 1983 2184 menti-

398 2231 507 2274 tum
537 2230 591 2274 et
623 2235 818 2290 corpus
857 2220 1124 2274 sublatum
1177 2219 1361 2274 fuisse.
1412 2218 1540 2273 Illud
1585 2219 1728 2274 enim
1772 2219 1981 2274 crimini

395 2328 504 2366 non
531 2322 645 2366 erat
672 2312 981 2379 obnoxium,
1008 2312 1147 2380 quod
1175 2313 1281 2367 cito
1304 2312 1657 2377 surrexisset;
1686 2311 1827 2381 quod
1857 2327 1983 2367 vero

397 2404 621 2470 tardius,
651 2405 955 2473 suspicione
999 2406 1209 2474 plenum
1249 2412 1383 2458 erat.
1434 2404 1565 2458 Nam
1611 2405 1656 2458 si
1706 2414 1831 2458 tunc
1876 2422 1981 2458 non

396 2495 801 2561 resurrcxissct,
849 2494 975 2550 dum
1019 2495 1091 2549 illi
1133 2494 1382 2549 sederent
1420 2510 1485 2549 ac
1511 2494 1860 2561 custodirent,
1886 2495 1982 2550 sed

397 2585 526 2653 ipsis
584 2596 702 2657 post
752 2598 859 2640 tres
910 2586 1025 2641 dics
1079 2585 1372 2656 digressis,
1420 2586 1829 2649 contradicere,
1882 2587 1981 2642 etsi

391 2678 576 2747 stulte,
610 2688 870 2747 poterant.
904 2678 1025 2732 Ideo
1068 2679 1226 2748 igitur
1266 2677 1517 2747 prteveuit
1546 2687 1600 2731 et
1628 2678 1856 2733 surrexit
1883 2719 1896 2740 ,
1928 2688 1984 2732 ιιι

394 2788 463 2826 nc.
485 2770 843 2841 impudentem
875 2768 949 2824 illi
985 2783 1168 2823 ansam
1198 2768 1475 2822 haberent.
1509 2765 1800 2837 Oportebat
1837 2767 1981 2822 enim

396 2865 845 2919 resurrectionem
886 2864 996 2919 fieri
1018 2905 1033 2930 ,
1068 2860 1195 2932 ipsis
1224 2859 1534 2916 sedentibus
1559 2868 1613 2916 ct
1640 2860 1985 2916 custodienti-

396 2954 513 3009 lnts.
551 2955 711 3024 Igitur
759 2955 893 3009 intra
925 2964 1031 3009 tres
1069 2955 1185 3009 dies
1207 2955 1437 3024 oportuit
1473 2953 1616 3007 illum
1659 2967 1980 3021 resurgere:

400 3064 523 3102 nam
555 3049 599 3102 si
645 3058 761 3117 post
792 3049 907 3103 illas
940 3047 1056 3102 dies
1087 3047 1139 3102 id
1168 3046 1434 3102 evenisset
1461 3046 1563 3100 illis
1589 3044 1862 3115 digressis,
1889 3060 1983 3099 su-

398 3150 578 3212 specta
609 3156 695 3195 res
736 3140 942 3195 fuisset.
974 3138 1096 3195 Ideo
1135 3154 1348 3210 quoque
1392 3138 1660 3209 obsignari
1695 3138 1981 3203 concessit,

400 3239 458 3284 ιιι
491 3230 591 3300 ipsi
624 3231 888 3296 volebant,
920 3241 977 3286 et
1008 3231 1202 3286 milites
1229 3230 1554 3287 assidebam.
1581 3229 1690 3286 Nec
1724 3229 1993 3287 curabant

398 3319 541 3389 «ιιιυά
573 3321 675 3376 hoe
716 3322 768 3376 in
801 3322 1021 3377 sabbato
1066 3323 1250 3388 fieret,
1299 3333 1352 3377 et
1402 3323 1752 3387 laboraretur,
1790 3323 1889 3380 sed
1918 3323 1985 3378 ad

399 3424 549 3464 suam
573 3412 743 3464 solum
771 3413 1085 3481 spectabant
1115 3413 1425 3482 nequitiam,
1466 3422 1524 3467 ut
1547 3413 1635 3481 qui
1663 3413 1762 3468 hac
1782 3414 1862 3466 via
1890 3428 1986 3467 su-

402 3501 636 3570 peraturi
666 3512 842 3555 essent
866 3517 882 3565 ;
910 3503 1050 3570 quod
1077 3512 1332 3557 extremm
1357 3511 1473 3556 erat
1498 3502 1721 3557 insania:
1748 3512 1802 3558 et
1833 3505 1989 3560 timo-

402 3591 478 3644 ris
526 3590 668 3659 ipsos
716 3590 1060 3647 vehementer
1111 3592 1487 3647 concutientis.
1535 3592 1666 3648 Nam
1692 3595 1783 3664 qui
1836 3595 1984 3650 illum

400 3686 665 3738 viventem
688 3683 1172 3753 apprchenderant,
1205 3695 1471 3740 mortuum
1503 3685 1689 3741 timent
1719 3705 1735 3741 :
1765 3688 1911 3758 atqui
1939 3688 1986 3743 si

400 3791 566 3845 purus
594 3788 708 3832 erat
735 3776 918 3843 homo,
951 3778 1133 3833 fidenti
1159 3778 1340 3834 animo
1367 3793 1487 3835 esse
1510 3779 1765 3849 oportuit.
1795 3780 1902 3836 Sed
1931 3790 1985 3835 ιιι

397 3868 727 3938 edisci-rent,
766 3870 937 3940 ipsum
976 3872 1240 3926 viventem
1281 3881 1472 3941 sponte
1498 3887 1712 3942 passum
1744 3873 1908 3928 fuisse
1933 3872 1987 3928 id

402 3961 542 4030 quod
573 3976 760 4029 passus
789 3972 891 4026 cst,
915 3977 1041 4017 ecce
1066 3972 1118 4017 et
1149 3963 1379 4032 sigillurn
1407 3973 1459 4017 et
1488 3964 1619 4033 lapis
1644 3973 1693 4018 et
1720 3964 1983 4027 custodia;

402 4068 577 4122 neque
615 4062 795 4107 tamen
840 4063 1110 4108 mortuum
1154 4055 1385 4109 retinere
1434 4065 1715 4124 potuerunt
1755 4073 1767 4109 :
1801 4055 1893 4110 sed
1934 4054 1987 4109 id

405 4158 570 4197 unum
594 4143 843 4208 efficitur,
890 4145 1037 4213 quod
1081 4146 1349 4214 sepultura
1391 4145 1712 4214 publicetur,
1762 4155 1815 4200 et
1865 4146 1989 4200 hinc

404 4234 727 4287 resurrectio
768 4234 1036 4288 credatur.
1074 4235 1206 4288 Nam
1232 4243 1287 4289 et.
1330 4234 1524 4288 milites
1569 4234 1895 4299 assidebam,
1934 4245 1990 4291 et.

402 4321 573 4376 Judiei
614 4321 959 4376 assistebant.
990 4322 1139 4394 (Cap.
1172 4322 1285 4392 28.)
1318 4322 1368 4375 l.
1411 4318 1627 4389 Vespere
1655 4333 1832 4377 autem
1868 4328 1989 4379 sab-

406 4412 651 4473 batorum,
684 4427 796 4480 qua:
819 4412 1022 4465 lucescit
1063 4414 1115 4466 iu
1156 4429 1258 4465 una
1293 4413 1630 4475 sabbatorum,
1661 4413 1791 4466 venit
1820 4413 1989 4468 Maria

405 4503 715 4575 Magdalene
754 4515 800 4558 et
838 4504 995 4557 altera
1045 4504 1212 4559 Maria
1257 4505 1422 4559 videre
1464 4506 1767 4574 sepulcrum.
1820 4506 1874 4561 2,
1926 4508 1989 4562 Et

398 4613 516 4653 ecce
540 4607 686 4651 terra:
711 4609 874 4650 motus
903 4601 1069 4667 factus
1111 4607 1184 4651 est
1213 4614 1443 4667 magnus.
1470 4597 1693 4668 Angelus
1724 4598 1855 4652 enim
1893 4600 1989 4653 Do-

400 4688 529 4742 mini
571 4688 826 4743 descendit
874 4689 939 4742 de
972 4689 1118 4755 ca'lo,
1144 4698 1194 4743 et
1229 4690 1469 4743 accedens
1520 4688 1725 4743 revolvit
1767 4692 1988 4758 lapidem

401 4781 466 4834 ab
488 4781 616 4835 ostio
639 4781 969 4846 monumenti,
996 4790 1046 4834 et
1074 4781 1276 4834 sedebat
1300 4797 1451 4849 super
1476 4796 1604 4833 eum.
1633 4780 1692 4835 5.
1729 4778 1856 4833 Erat
1893 4799 1988 4834 au-

402 4882 504 4925 tem
530 4880 760 4938 aspectus
783 4872 899 4941 ejus
918 4872 1048 4924 sicut
1073 4870 1282 4942 fulgur,
1312 4870 1653 4923 vestimentum
1684 4880 1847 4922 autent
1876 4872 1987 4941 (jus

402 4962 681 5015 candidum
706 4963 832 5016 sicut
859 4962 970 5016 uis.
998 4962 1127 5017 Post
1162 4962 1611 5019 resurrectionem
1657 4962 1795 5015 venit
1817 4978 1985 5033 ange-

393 5053 508 5110 lus.
535 5053 643 5111 Cur
668 5071 795 5125 ergo
818 5056 985 5123 venit,
1005 5066 1056 5109 et
1081 5053 1308 5124 lapidem
1336 5054 1593 5113 abstulit?
1628 5054 1849 5124 Prop'er
1870 5071 1989 5110 tnu-

402 5147 564 5201 lieres
594 5164 607 5202 :
635 5148 739 5205 illa:
766 5147 906 5201 cnim
952 5148 1122 5216 ipsum
1157 5156 1301 5212 tunc
1327 5145 1570 5206 viderunt
1615 5147 1666 5200 in
1715 5147 1985 5215 sepulcro.

399 5238 469 5294 Ut
495 5255 624 5310 ergo
670 5240 973 5306 crederent,
1015 5254 1139 5295 eum
1184 5239 1563 5313 resurrexisse,
1608 5239 1790 5294 vident
1812 5241 1990 5309 sepul-

396 5346 551 5385 crum
579 5347 806 5401 corpore
852 5345 1098 5387 vacuum.
1144 5330 1269 5385 Ideo
1306 5330 1524 5384 abstulit
1566 5331 1815 5399 lapidem,
1868 5332 1988 5387 ideo

397 5433 559 5477 terra:
589 5436 763 5479 motus
792 5426 959 5479 factus
987 5435 1090 5489 est,
1117 5434 1169 5479 nt
1195 5427 1552 5481 excitarentur
1580 5437 1631 5481 et
1652 5428 1988 5497 expergisce-

404 5524 541 5566 tent.
590 5514 855 5569 \‘euetant
891 5514 1057 5579 enim,
1104 5527 1159 5568 ιιι
1185 5531 1394 5585 corpus
1432 5516 1551 5571 oleo
1592 5529 1848 5587 ungerent
1879 5536 1894 5571 ι
1922 5534 1987 5571 ac

401 5613 558 5655 noctu
583 5604 683 5657 ista
728 5606 945 5673 tiehaut,
993 5606 1388 5678 verisimilequc
1418 5618 1530 5661 erat
1564 5608 1818 5678 qttasduttt
1846 5611 1986 5663 dor—

1103 187 1157 243 S.
1201 184 1477 242 .l0.\t\'.\'lS
1506 179 1980 239 CllllYSOS‘l‘OIlll
2023 179 2335 235 AliCllll‘lP.
2377 179 2909 239 CONSTANTINOP.

3571 189 3678 248 781.

2098 293 2333 348 mivisse.
2366 293 2469 348 Sed
2499 309 2612 356 cur,
2646 295 2874 365 inquies.
2896 296 3118 367 angelus
3141 297 3269 353 dicit
3290 299 3391 365 eis,
3423 299 3475 355 5.
3508 300 3683 356 Nolite

2093 385 2267 438 timere
2290 385 2415 440 vos!
2443 384 2600 440 Prius
2625 395 2769 441 tnelu
2798 387 2916 442 illas
2945 388 3155 455 liberat,
3182 400 3236 446 et
3259 401 3384 446 tunc
3411 391 3478 447 de
3502 410 3683 448 resur-

2093 477 2333 532 rectione
2375 477 2627 548 loquitur.
2662 478 2793 533 Illud
2822 490 3019 546 autem,
3078 478 3198 545 Vos,
3228 483 3450 538 multum
3460 501 3593 555 _pr.::
3622 502 3684 543 se

2091 566 2193 623 fert
2234 568 2475 635 honoris,
2521 571 2862 641 ostenditque
2903 589 3037 639 eos,
3088 576 3176 645 qui
3226 584 3429 631 tantum
3476 579 3681 636 facinus

2089 670 2455 728 susceperant,
2487 670 2721 715 extrema
2754 679 3002 732 passuros
3026 681 3164 728 esse.
3190 669 3288 721 nisi
3314 669 3678 738 pomitentiam

2089 762 2327 820 agerent.
2360 753 2473 807 Non
2501 753 2645 808 enim
2673 763 2906 810 vestrum
2947 766 3064 824 est,
3096 758 3287 827 inquit,
3319 761 3542 827 timere;
3582 764 3678 819 sed

2090 844 2303 898 illorum
2329 845 2421 913 qui
2463 846 2633 916 ipsum
2675 848 3082 904 crucifixcrunt.
3117 850 3251 905 Cum
3282 852 3442 923 igitur
3483 856 3597 919 illas
3622 866 3677 912 et

2087 952 2153 990 ex
2183 937 2360 992 verbis
2387 948 2438 992 et
2473 954 2540 993 ex
2573 940 2687 994 visu
2714 956 2744 994 a
2772 952 2915 995 metu
2945 941 3223 997 liberasset
3249 943 3497 1011 (hilarem
3528 948 3674 1004 enim

2087 1029 2319 1094 Speciem
2368 1028 2665 1093 offerebat,
2719 1040 2773 1084 ut
2827 1033 2914 1101 qui
2970 1040 3075 1086 tam
3123 1032 3290 1089 fausta
3340 1036 3673 1107 nuutiaret),

2087 1118 2360 1185 solijnnxit
2388 1120 2594 1187 dicens,
2641 1120 2763 1175 Scio
2807 1124 2944 1193 quod
2971 1122 3147 1177 Jcsum
3187 1127 3271 1195 qui
3302 1128 3575 1194 cruciﬁxus
3604 1139 3676 1183 est

2086 1210 2332 1275 qtrteritis,
2385 1225 2557 1279 neque
2585 1212 2851 1265 erubescit
2897 1215 3206 1268 crucifixum
3262 1232 3456 1271 voeare
3505 1237 3517 1275 :
3573 1220 3676 1276 hoc

2087 1298 2228 1351 enim
2250 1309 2409 1367 capttt
2432 1308 2512 1354 est
2538 1310 2591 1354 ct
2617 1317 2821 1353 summa
2853 1302 3134 1356 honorum.
3159 1305 3210 1358 6.
3242 1306 3492 1361 Surrexit.
3527 1308 3677 1365 Unde

2093 1387 2196 1443 hoc
2223 1389 2440 1458 planum
2468 1392 2585 1444 est?
2613 1390 2758 1447 Sicut
2784 1393 2931 1447 dixit.
2967 1392 3148 1463 Itaque
3185 1397 3393 1451 etiamsi
3422 1399 3546 1452 mihi
3575 1401 3678 1454 dif-

2088 1477 2282 1545 ﬁdatis,
2316 1480 2456 1533 illius
2486 1480 2765 1535 verborum
2816 1483 3201 1548 recordetnini,
3248 1496 3299 1541 et
3345 1490 3471 1542 mihi
3516 1489 3673 1544 lida-tn

2088 1586 2194 1625 non
2223 1572 2499 1641 negabitis.
2553 1574 2752 1629 Deinde
2776 1585 2858 1629 est
2899 1576 3000 1630 alia
3044 1577 3445 1634 demonstratio.
3507 1581 3676 1637 Venite

2088 1670 2133 1713 et
2162 1662 2319 1716 videte
2348 1661 2514 1716 locum
2542 1664 2623 1719 ubi
2662 1666 2854 1735 positus
2878 1677 3003 1723 erat.
3040 1667 3161 1722 Ideo
3189 1669 3416 1739 lapidem
3456 1688 3673 1728 amove-

2088 1762 2188 1816 rat,
2223 1763 2278 1808 ut
2307 1754 2427 1810 hinc
2455 1757 2612 1811 etiam
2639 1772 3008 1825 argumentum
3031 1772 3324 1816 sumerent.
3353 1764 3404 1821 7.
3442 1765 3504 1817 Et
3526 1766 3676 1821 dicite

2087 1847 2350 1916 discipulis
2377 1864 2396 1901 :
2424 1849 2599 1913 Ipsum
2624 1852 2852 1904 videbitis
2881 1853 2930 1906 in
2959 1852 3189 1907 Galilwa.
3219 1854 3270 1907 ld
3293 1856 3454 1909 efficit
3483 1866 3536 1911 ιιι
3557 1860 3675 1913 a'iis

2088 1939 2245 1993 etiam
2272 1942 2637 2003 annuntietur,
2667 1942 2807 2009 quod
2838 1944 3003 2009 magis
3035 1944 3175 2011 ipsas
3210 1946 3273 1998 ad
3312 1945 3466 2001 fidem
3516 1949 3673 2004 indu-

2086 2029 2262 2084 cebat.
2296 2032 2371 2085 Ae
2400 2032 2619 2100 pulchre
2644 2033 2797 2098 dixit,
2822 2032 2887 2086 In
2918 2031 3161 2098 Galilaza,
3190 2052 3218 2089 a
3249 2039 3473 2105 negotiis
3502 2049 3551 2093 et
3581 2055 3675 2107 pe-

2087 2119 2270 2174 riculis
2309 2122 2558 2181 liberans.
2595 2130 2652 2175 ιιι
2679 2138 2743 2176 ne
2780 2134 2953 2176 melus
3000 2124 3156 2178 fidem
3200 2128 3451 2182 turbaret.
3507 2129 3558 2183 8.
3608 2129 3674 2183 Et

2088 2212 2314 2265 exierunt
2344 2214 2405 2268 de
2444 2225 2762 2268 monumento
2784 2232 2895 2269 cum
2927 2216 3103 2269 liotore
3138 2228 3182 2269 ct
3226 2220 3410 2288 gaudio
3462 2220 3674 2287 Quare?

2086 2300 2411 2371 Stupendam
2462 2320 2573 2358 rem
2622 2305 2865 2359 viderant
2918 2315 2972 2360 et
3025 2307 3339 2372 inauditam,
3369 2313 3672 2378 sepulcrum

2089 2409 2312 2447 vactttnn
2345 2394 2396 2448 in
2433 2410 2538 2465 quo
2569 2397 2713 2465 prius
2742 2412 2936 2466 corpus
2963 2399 3189 2466 positum
3221 2398 3383 2454 fuisse
3410 2401 3669 2457 viderant.

2087 2484 2262 2552 Quare
2294 2486 2408 2540 illas
2433 2486 2496 2539 ad
2539 2488 2900 2554 Spectaculum
2927 2489 3166 2555 adduxit,
3197 2501 3254 2544 ut
3290 2494 3560 2563 utriusrpu:
3588 2505 3670 2548 tt:-

2088 2588 2197 2630 SIcs
2223 2587 2421 2641 cssrnt,
2439 2588 2493 2630 et
2513 2578 2741 2646 sepulcri
2763 2588 2816 2632 et
2843 2581 3271 2635 resurrectionis.
3299 2584 3503 2638 litenitn
3526 2587 3671 2646 cogi.

2089 2667 2270 2721 labant
2316 2669 2580 2723 nctniuctn
2613 2671 2847 2738 potuisse
2879 2672 3025 2724 illum
3067 2675 3295 2734 auferre.
3326 2684 3399 2728 tot
3426 2679 3670 2731 as~idcn-

2091 2759 2230 2813 thus
2272 2761 2547 2823 militibus,
2592 2762 2689 2813 nisi
2738 2764 2851 2832 ipse
2895 2764 3125 2832 seipsqu
3173 2768 3502 2822 smeitassct.
3549 2771 3671 2823 Idm

2080 2854 2319 2927 gaudent
2356 2860 2411 2907 et
2445 2851 2744 2916 mirantur,
2776 2860 2829 2905 et
2870 2859 3032 2905 tanta:
3069 2853 3489 2921 perseverantiae
3519 2870 3665 2910 mer-

2080 2944 2270 3001 cedem
2320 2944 2631 3014 accipiunt,
2683 2942 2829 3013 quod
2884 2942 3071 3013 prima:
3117 2943 3361 2998 riderent
3405 2953 3457 2999 et
3507 2962 3667 2999 unn-

2078 3035 2304 3099 tiarent,
2335 3049 2447 3089 non
2479 3033 2655 3089 solum
2691 3049 2812 3103 qua:
2845 3032 3154 3099 audierant,
3194 3033 3289 3089 sed
3322 3043 3375 3089 et
3413 3051 3535 3105 qua:
3578 3037 3663 3091 vi-

2078 3124 2293 3181 derant.

2155 3294 2212 3349 3.
2244 3293 2379 3348 Cum
2426 3294 2583 3363 igitur
2611 3292 2901 3349 exivissent
2949 3308 3070 3347 cum
3122 3294 3314 3349 timore
3343 3305 3396 3349 et
3435 3296 3665 3365 gaudio,

2084 3385 2142 3442 9.
2176 3384 2244 3440 Et
2270 3402 2384 3440 ecce
2405 3383 2558 3439 Jesns
2581 3387 2803 3439 occurrit
2832 3387 2937 3439 illis
2959 3386 3129 3439 dicens
3155 3403 3175 3441 :
3207 3387 3375 3441 Aucte.
3408 3386 3523 3443 Illa:
3552 3405 3668 3445 vero

2088 3491 2352 3537 tenuerunt
2376 3482 2525 3552 pedes
2570 3485 2713 3551 eius,
2742 3492 2796 3538 et
2823 3499 2945 3538 cum
2991 3484 3189 3554 ingenti
3222 3485 3399 3539 lzctitia
3425 3484 3491 3538 ad
3520 3485 3668 3539 illum

2087 3582 2429 3629 accurrentes
2450 3615 2464 3637 ,
2494 3589 2589 3644 per
2616 3583 2813 3628 tactum
2845 3577 3251 3631 resurrectionis
3279 3586 3482 3632 certum
3507 3593 3668 3647 argu-

2088 3673 2327 3718 mentum
2352 3676 2691 3734 acceperunt,
2725 3664 2789 3718 Et
2814 3665 3153 3720 adorarerunt
3180 3685 3312 3722 eum.
3341 3668 3477 3736 Quid
3510 3668 3669 3739 igitur

2089 3755 2216 3810 ille?
2242 3755 2328 3810 l0.
2355 3754 2531 3810 Nolite
2558 3757 2751 3810 timere.
2804 3758 3006 3812 Rursus
3029 3767 3083 3812 et
3108 3758 3222 3828 ipse
3254 3760 3496 3815 timorem
3515 3777 3669 3816 anto-

2090 3855 2213 3913 vet,
2247 3846 2368 3902 fidei
2399 3848 2535 3901 viam
2568 3863 2783 3917 parans.
2835 3848 2940 3904 Sed
2966 3852 3062 3913 ite,
3095 3860 3141 3902 et
3172 3852 3399 3904 nuntiate
3428 3852 3670 3922 fratribus

2090 3939 2232 4005 meis,
2264 3948 2316 3992 ut
2337 3949 2450 3992 eant
2471 3940 2523 3993 in
2563 3938 2825 3994 Galila'am
2847 3950 2928 3994 :ct
2954 3942 3021 3994 ibi
3050 3957 3127 3994 me
3154 3941 3405 3995 videbunt.
3439 3943 3672 4012 Perpen-

2089 4029 2157 4084 de
2186 4030 2453 4099 quomodo
2484 4031 2596 4100 ipse
2624 4030 2807 4085 harum
2838 4046 2999 4101 opera
3042 4031 3314 4102 discipulis
3358 4035 3668 4096 ammntiet,

2091 4130 2145 4173 ut
2176 4136 2317 4192 sa'pe
2345 4121 2449 4174 dixi
2470 4162 2485 4186 ,
2512 4138 2695 4174 sexum
2725 4121 3097 4176 inhonoratum
3138 4123 3203 4177 ad
3238 4124 3492 4179 honorem
3523 4134 3577 4178 et
3602 4124 3670 4178 ad

2093 4213 2286 4266 bonam
2335 4228 2485 4283 spem
2534 4227 2791 4267 revocans
2814 4256 2828 4278 ,
2856 4198 2913 4267 et
2951 4214 3089 4283 quod
3140 4213 3407 4269 infirmum
3434 4223 3549 4270 erat
3587 4230 3672 4268 sa-

2095 4319 2245 4356 nans.
2279 4304 2480 4372 Aliquis
2510 4305 2732 4359 fortasse
2759 4314 2996 4359 vestrum
3022 4315 3246 4374 cupi-ret
3290 4306 3570 4376 insignium
3603 4306 3671 4358 il-

2097 4394 2264 4448 larum
2316 4395 2484 4449 instar
2531 4397 2811 4450 mulierum
2860 4397 3023 4466 pedes
3061 4397 3187 4451 Jesu
3240 4399 3462 4453 tenere?
3520 4398 3671 4452 Nunc

2093 4487 2251 4538 ctiam
2286 4487 2542 4555 potestis,
2576 4488 2617 4540 si
2650 4493 2738 4557 qui
2769 4489 2928 4542 vultis
2953 4530 2966 4547 ,
2998 4506 3172 4560 tthtte
3214 4491 3374 4558 pedes
3400 4500 3454 4545 et
3482 4505 3673 4544 manus

2095 4590 2332 4641 latttttttl,
2384 4578 2476 4630 sed
2506 4578 2664 4632 etiam
2695 4589 2847 4648 caput
2900 4579 3027 4632 illud
3073 4595 3282 4633 SaCt‘tlttt
3323 4582 3671 4649 cotttir'gerc,

2093 4666 2217 4720 dum
2244 4682 2375 4736 pura
2397 4669 2725 4722 conscientia
2757 4684 3028 4723 sacrorum
3053 4672 3425 4741 tttyslt't'iorttttt
3453 4686 3675 4725 Consor-

2096 4770 2174 4811 tcs
2200 4761 2349 4812 estis.
2382 4759 2561 4828 Neque
2611 4761 2696 4814 hic
2745 4769 2985 4826 tantum,
3032 4763 3123 4814 sed
3168 4762 3219 4815 in
3272 4762 3357 4815 illa
3397 4762 3556 4815 etiam
3586 4761 3675 4815 die

2093 4851 2265 4920 ipsum
2287 4851 2535 4905 videbitis
2556 4893 2570 4916 ,
2603 4868 2723 4906 cum
2750 4853 3005 4907 ineffabili
3045 4854 3129 4907 illa
3163 4854 3329 4923 gloria
3356 4862 3550 4906 etcum
3581 4867 3677 4904 an-

2090 4945 2332 5013 gelorum
2366 4944 2703 4999 multitudine
2732 4946 3052 5007 venientem.
3081 4948 3125 4998 si
3159 4947 3534 4999 tliiSerictirdcs
3554 4958 3678 4999 esse

2095 5037 2369 5091 voiueritis
2401 5053 2416 5089 :
2445 5046 2499 5091 et
2519 5037 2745 5092 audietis
2776 5053 2882 5091 non
2914 5038 3028 5091 haec
3057 5038 3213 5091 verba
3249 5047 3471 5101 tantum,
3507 5037 3675 5099 Aucte,

2090 5130 2186 5184 sed
2219 5131 2377 5183 etiam
2404 5129 2488 5182 illa
2517 5147 2534 5183 τ
2575 5129 2748 5184 Venite
2785 5130 3029 5184 benedicti
3068 5130 3235 5183 Patris
3268 5133 3383 5196 mei,
3430 5130 3679 5200 possidete

2094 5238 2303 5287 regnum
2326 5232 2558 5289 paratum
2578 5223 2712 5275 vobis
2734 5239 2765 5273 α
2785 5223 3144 5275 constitutione
3159 5223 3334 5276 mundi
3352 5222 3564 5293 (Matth.
3582 5221 3675 5275 25.

2085 5326 2201 5395 54).
2237 5323 2425 5379 Estotc
2458 5325 2624 5395 igitur
2668 5322 3075 5386 misericordes,
3130 5335 3186 5375 ιιι
3241 5324 3353 5376 lucc
3390 5324 3549 5376 verba
3574 5338 3677 5376 au-
3708 5395 3717 5403 _

2084 5417 2271 5479 diatis,
2300 5431 2392 5469 vos
2424 5431 2643 5485 quoque
2670 5431 2809 5467 sum
2836 5426 3048 5468 ornatae
3083 5413 3358 5476 mulieres,
3409 5429 3531 5482 qua:
3571 5413 3671 5467 ha-

2086 5525 2210 5562 rum
2246 5509 2536 5561 mulierum
2573 5523 2791 5561 cursum
2839 5507 3069 5571 vidistis,
3118 5522 3240 5561 sero
3277 5508 3494 5561 tandem
3529 5508 3676 5561 hunc

2091 5602 2343 5657 morbum
2375 5601 2727 5672 dcponentes,
2760 5600 2877 5655 auri
2908 5615 3099 5671 nempe
3147 5600 3521 5669 cupiditatem.
3566 5596 3677 5653 Ita-
