4058 6144
301 373 399 430 7ὶό

300 504 406 558 que
460 485 504 542 si
557 485 744 539 beatas
783 485 944 537 hasce
989 480 1245 535 mulieres
1298 477 1501 532 imitari
1549 475 1736 538 vultis,
1787 486 1880 525 or-

303 590 490 635 natum
544 579 706 633 istum
760 577 1015 640 vendite,
1081 586 1139 628 ut
1188 574 1532 642 eleemosyua
1583 567 1878 622 oruemini.

302 669 433 733 Quae
464 667 708 728 utilitas,
753 681 976 735 quaso,
1040 680 1104 717 ex
1157 663 1238 716 his
1285 660 1553 730 lapidibus
1605 657 1878 727 pretiosis,

297 767 350 808 et
377 769 444 809 ex
469 753 704 807 vestibus
731 767 862 806 auro
893 752 1150 806 intextis?
1177 751 1268 805 llis
1293 751 1517 822 gaudet,
1551 750 1758 820 inquies
1779 791 1792 812 ,
1819 760 1874 804 et

301 847 512 899 laetatur
532 846 730 899 anima.
755 845 866 911 Ego
893 853 943 898 te
967 844 1034 899 de
1063 845 1210 897 lucro
1235 852 1292 897 et
1313 844 1536 897 utilitate
1566 843 1871 912 interrogo;

302 945 356 988 ttt
410 934 538 989 mihi
585 934 838 988 damnum
882 949 1084 988 narras.
1137 933 1230 988 I-Iis
1258 934 1400 987 enim
1444 948 1662 1000 operam
1704 932 1873 998 dare,

299 1025 554 1093 gaudere,
584 1025 807 1089 luet-ere,
835 1025 964 1078 nihil
995 1024 1162 1094 pejus.
1185 1023 1335 1077 Tunc
1358 1024 1602 1078 acerbior
1627 1021 1742 1078 hac
1762 1038 1873 1078 ser-

301 1112 440 1164 vitus
467 1121 584 1174 est,
615 1125 733 1163 eum
759 1109 877 1179 quis
905 1109 1144 1162 serviens
1187 1108 1415 1161 Iit-tatur.
1446 1107 1542 1162 Cui
1589 1108 1732 1162 enim
1761 1106 1875 1174 spi-

303 1202 576 1256 ritualium
624 1216 842 1269 operum
889 1215 1136 1269 umquam
1185 1209 1239 1253 ut
1278 1199 1529 1254 convenit
1571 1197 1877 1253 incumbet?

301 1293 515 1361 quando
546 1293 669 1345 item
701 1291 928 1346 utdccet
955 1306 1041 1345 res
1069 1289 1328 1346 humanas
1352 1289 1616 1346 deridebit
1640 1305 1759 1358 quae
1783 1303 1879 1343 au-

303 1400 364 1438 ro
395 1383 580 1438 vinciri
629 1391 774 1451 putat
818 1397 937 1436 esse
979 1381 1174 1452 gaudio
1219 1381 1478 1451 dignum?
1527 1380 1658 1436 Nam
1685 1381 1775 1452 qui
1823 1382 1876 1434 in

304 1490 519 1529 carcere
549 1475 739 1528 lubens
767 1475 964 1528 habitat
989 1515 1005 1541 ,
1053 1489 1340 1542 numquam
1370 1475 1496 1529 hinc
1533 1474 1664 1544 eripi
1694 1474 1834 1528 volet
1862 1489 1876 1526 :

303 1564 744 1634 quemadmodqu
777 1575 832 1620 et
861 1566 1001 1635 ipsa,
1039 1565 1131 1619 sed
1155 1565 1303 1632 quasi
1331 1565 1543 1632 captiva
1573 1579 1751 1634 prava!
1782 1565 1880 1618 ltu-

298 1658 450 1725 jusce
494 1657 831 1726 cupiditatis,
865 1671 1036 1727 neque
1059 1673 1245 1712 vocem
1285 1659 1609 1728 spiritualem
1637 1674 1757 1712 cum
1796 1657 1880 1711 di-

303 1752 442 1804 centi
468 1751 660 1819 gaudio
681 1751 866 1805 audire
895 1752 1211 1814 sustinebit,
1238 1751 1430 1806 nedum
1455 1767 1590 1821 opus
1607 1750 1884 1820 aggredia-

305 1853 408 1895 tur.
468 1841 618 1908 Quod
649 1857 777 1911 ergo
825 1843 1031 1896 lucrum
1080 1859 1143 1897 ex
1179 1843 1279 1898 hoc
1322 1853 1543 1907 ornatu,
1587 1851 1643 1897 et
1685 1857 1750 1897 ex
1784 1841 1883 1896 hac

308 1933 569 1986 mollitie?
621 1933 895 1997 Delector,
929 1933 1115 2002 inquit.
1165 1935 1394 1987 Rursum
1428 1934 1556 1987 mihi
1585 1947 1880 1986 nocumen-

306 2033 416 2100 tum
449 2038 630 2077 narras
656 2033 710 2076 et
759 2024 1065 2091 perniciem.
1107 2022 1212 2078 Sed
1255 2024 1420 2077 multo
1451 2023 1598 2078 fruor
1637 2023 1842 2077 honore
1864 2062 1881 2088 ,

306 2115 510 2182 inquit,
543 2115 680 2182 apud
723 2122 1070 2181 spectatores.
1104 2114 1172 2168 Et
1205 2115 1329 2184 quid
1372 2116 1472 2170 hoc
1508 2117 1624 2169 est?
1652 2115 1884 2169 Alterius

306 2207 502 2260 scilicet
531 2208 890 2275 corruptionis
929 2217 1336 2277 argumentum,
1377 2224 1498 2262 cum
1547 2209 1599 2263 in
1650 2208 1882 2274 fastum,

305 2312 426 2347 ιιιιιι
459 2297 506 2348 iu
548 2298 909 2366 arrogantiam
949 2298 1230 2351 attollcris.
1277 2302 1387 2368 Age
1427 2301 1603 2370 igitur,
1635 2302 1884 2370 quoitiatn

309 2397 362 2437 ιιι
396 2387 599 2439 lucrum
635 2402 736 2438 non
763 2386 970 2451 dixisti,
999 2388 1114 2441 sine
1134 2430 1148 2451 ,
1179 2403 1362 2456 qttzcso
1385 2430 1399 2450 .
1431 2399 1746 2444 nocumcuta
1788 2407 1887 2444 ex-

309 2495 499 2548 ponam
527 2479 640 2532 tibi.
689 2479 818 2546 Qua:
848 2494 977 2549 ergo
1026 2480 1147 2534 inde
1188 2492 1502 2535 nocumenta
1525 2483 1548 2535 ?
1575 2482 1887 2537 Sollicitudo

308 2573 480 2639 major
507 2588 661 2639 quam
690 2572 952 2640 voluptas.
993 2570 1128 2626 Ideo.
1153 2573 1390 2643 plerique
1415 2576 1764 2643 spectantium
1795 2591 1886 2628 ru-

306 2665 516 2718 dI-Jl'lmt
563 2664 730 2732 magis
758 2663 1118 2724 delectantur.
1149 2679 1306 2729 quam
1331 2680 1446 2734 qua:
1477 2665 1574 2718 ista
1605 2674 1774 2734 gestat
1797 2680 1885 2718 or-

310 2765 578 2808 namcnta.
602 2755 680 2807 'l‘u
703 2756 842 2808 enim
866 2770 985 2808 cum
1017 2755 1371 2810 sollicitudine
1397 2757 1633 2818 ornaris;
1659 2756 1746 2810 ille
1773 2757 1890 2811 sine

307 2864 432 2902 cura
488 2849 652 2916 pascit
697 2850 900 2901 out'os.
948 2849 1100 2901 Aliud
1148 2850 1272 2902 item
1328 2849 1718 2902 incommodum
1771 2858 1886 2914 est,

308 2941 449 3009 quod
503 2940 588 2993 illa
632 2941 808 2992 animo
837 2939 1116 3007 dejicialur
1140 2982 1154 3004 ,
1183 2949 1237 2993 et
1283 2939 1533 2993 invidiam
1579 2941 1808 3008 undique
1836 2949 1892 2994 et

311 3036 504 3103 ubique
544 3043 768 3088 moveat.
809 3031 1004 3086 Vicinae
1032 3033 1174 3086 enim
1217 3032 1495 3086 concitata:
1537 3043 1721 3086 contra
1749 3032 1892 3086 virus

310 3145 436 3182 suos
466 3137 756 3190 armantur,
786 3138 832 3179 et
870 3125 1003 3178 bella
1034 3125 1208 3194 gravia
1233 3125 1484 3178 excitant.
1515 3125 1591 3178 Ad
1625 3125 1738 3177 hmc
1763 3138 1892 3176 vero

311 3221 478 3272 otium
511 3233 702 3282 omne,
750 3215 1050 3272 sollicitudo
1081 3217 1255 3268 omnis
1305 3216 1356 3268 in
1399 3217 1480 3268 his
1517 3215 1848 3269 consumitur
1872 3255 1886 3276 ,

313 3309 676 3376 spiritualibus
719 3309 972 3377 operibus
1018 3322 1122 3361 non
1169 3307 1452 3361 admodum
1491 3321 1651 3375 opera
1700 3306 1890 3369 datur;

315 3399 640 3468 insuporque
669 3400 807 3452 fasm
831 3440 846 3464 ,
875 3397 1197 3466 arrogantia,
1229 3414 1362 3450 vana
1391 3398 1554 3466 gloria
1585 3396 1888 3466 Imjusmodi

315 3491 506 3544 mulier
531 3491 796 3559 impletur,
827 3505 888 3544 ac
917 3500 1072 3542 terrae
1101 3498 1207 3543 tota
1235 3489 1491 3555 adha-ret,
1522 3491 1658 3560 quod
1691 3505 1892 3557 pennas

314 3582 554 3640 amittat,
582 3591 633 3634 et
661 3595 756 3650 pro
784 3580 958 3648 aquila
1003 3579 1094 3633 fiat
1122 3581 1271 3633 cauis
1294 3590 1344 3634 et
1375 3595 1587 3648 porcus.
1630 3579 1892 3634 Omittens

317 3675 460 3725 enim
503 3672 554 3726 in
583 3673 772 3726 Caelum
797 3672 1038 3740 aspicere
1085 3680 1138 3725 et
1181 3672 1398 3736 volare,
1446 3671 1890 3739 quemadmodum

318 3765 464 3834 porci
494 3765 712 3818 humum
761 3764 1014 3832 respicis,
1063 3763 1272 3817 metalla
1307 3763 1516 3817 curiose
1561 3764 1814 3822 scrutaris
1842 3773 1893 3816 et

317 3868 492 3918 antra,
523 3856 864 3924 animumque
895 3853 1108 3907 mollem
1139 3862 1192 3907 ct
1220 3853 1532 3907 illiberalem
1562 3852 1762 3906 reddis.
1786 3851 1889 3906 Sed

316 3949 369 4001 in
403 3945 519 4001 foro
546 3956 597 3999 te
624 3953 916 4009 ostentans,
950 3944 1185 3997 omnium
1214 3943 1395 3997 oculos
1427 3944 1476 3996 itt
1507 3953 1555 3997 te
1583 3944 1892 3998 convertis?

319 4039 604 4105 Propterea
628 4051 816 4090 aurum
843 4045 1053 4105 gestare
1077 4050 1182 4087 non
1212 4025 1445 4103 oportuit
1469 4075 1482 4098 ,
1512 4049 1578 4087 ne
1607 4047 1890 4087 commune

318 4131 579 4182 theatrum
610 4128 766 4182 fieres
785 4167 800 4192 ,
832 4127 1166 4194 pluriumqne
1189 4133 1554 4178 accusatorum
1584 4139 1674 4178 ora
1715 4124 1892 4192 aperi-

318 4236 424 4272 res.
457 4218 642 4272 anlus
675 4220 814 4270 enim
847 4215 1243 4284 reSpicieutium
1273 4223 1323 4268 te
1352 4215 1602 4278 miratur,
1641 4213 1735 4268 scd
1765 4215 1893 4268 irri-

318 4311 443 4362 dent
493 4318 550 4362 ut
598 4316 814 4361 ornatus
862 4307 1102 4371 avidam,
1153 4315 1492 4374 arrogantem
1524 4315 1578 4360 et
1623 4307 1891 4361 carnalem

318 4400 614 4454 mulierem.
648 4397 800 4465 Quod
846 4399 888 4452 si
940 4400 990 4452 in
1033 4398 1314 4451 ecclesiam
1366 4398 1719 4466 ingrediaris,
1769 4398 1891 4453 inde

317 4491 586 4560 egrederis
616 4492 745 4545 nihil
777 4491 985 4560 adepta,
1021 4492 1116 4544 nisi
1141 4500 1388 4545 sexcenta
1419 4491 1639 4546 dicteria
1661 4533 1675 4554 ,
1705 4493 1891 4545 convi-

315 4585 433 4646 cia,
487 4583 808 4648 maledicta,
857 4599 960 4636 non
1008 4599 1034 4635 a
1102 4583 1463 4650 spectantibus
1511 4591 1747 4643 tantum,
1797 4583 1890 4636 sed

315 4676 474 4727 etiam
505 4689 532 4726 a
565 4674 816 4742 propheta
862 4674 990 4727 Nam
1009 4677 1184 4726 statim
1227 4675 1312 4727 ille
1333 4674 1698 4727 vocalissimus
1734 4672 1892 4726 Isaias

316 4777 367 4820 te
395 4767 728 4834 conspiciens
757 4765 1004 4820 clamabit
1037 4784 1048 4818 :
1087 4765 1208 4818 Ilaec
1250 4767 1371 4817 dicit
1415 4765 1657 4818 Dominus
1697 4765 1764 4816 ad
1794 4765 1891 4816 do-

315 4863 602 4912 minatrices
633 4860 766 4927 filias
797 4859 924 4912 Sion
954 4874 973 4911 :
1001 4858 1101 4911 Pro
1129 4875 1185 4911 eo
1213 4858 1347 4928 quod
1376 4857 1753 4910 ambulaverunt
1781 4874 1890 4911 ere-

312 4961 391 5002 cto
417 4951 568 5013 collo,
598 4961 642 5003 et
686 4951 886 5002 nutibus
921 4949 1180 5002 orulorum
1202 4991 1214 5014 ,
1248 4959 1296 5002 et
1335 4965 1507 5018 gressu
1541 4949 1723 5019 pedum
1772 4960 1894 5001 tra—

314 5042 484 5094 hentes
536 5041 751 5106 tunicas,
800 5050 846 5093 et
892 5040 1101 5107 pedibus
1146 5039 1296 5093 simul
1330 5040 1555 5093 ludentes
1601 5055 1619 5094 :
1657 5041 1892 5094 reuelabit

312 5129 563 5183 llontintts
612 5139 849 5182 ornatum
903 5131 1161 5199 ipsarum,
1213 5139 1261 5184 et
1307 5130 1397 5183 erit
1431 5147 1521 5198 pro
1548 5136 1691 5183 suavi
1740 5131 1893 5185 odore

312 5220 477 5286 pulvis
497 5261 510 5282 ,
544 5230 590 5272 et
619 5235 710 5288 pro
739 5236 868 5272 zona
895 5219 1121 5289 funiculo
1166 5220 1379 5290 cingeris
1407 5223 1421 5288 (
1452 5217 1575 5271 lsai.
1605 5221 1656 5274 5.
1687 5221 1770 5274 16.
1809 5223 1888 5272 l7.

307 5309 425 5377 Eli).
464 5309 587 5363 llaec
614 5309 705 5362 tibi
734 5325 829 5378 pro
860 5319 1049 5362 ornatu
1086 5319 1259 5363 erunt.
1305 5309 1486 5378 Neque
1511 5310 1652 5363 enim
1679 5310 1744 5362 ad
1771 5311 1887 5362 illas

312 5411 516 5453 tantum
571 5398 685 5452 hate
714 5399 853 5453 dicta
901 5409 1058 5463 stntt,
1094 5399 1186 5453 sed
1229 5398 1291 5451 ad
1337 5400 1598 5467 quaslibet
1645 5401 1891 5452 mulieres

309 5491 427 5544 illas
457 5491 745 5544 imitantes.
775 5490 839 5544 Et
868 5501 982 5560 post
1011 5491 1180 5560 ipsum
1205 5490 1395 5544 Paulus
1418 5500 1694 5544 accusator
1718 5501 1818 5543 szat
1850 5491 1888 5554 ¹,

308 5581 631 5637 Tltimolheo
661 5582 921 5650 scribens,
946 5591 1002 5636 ιιι
1034 5581 1346 5635 mulieribus
1371 5584 1661 5651 pra'cipiat,
1700 5579 1815 5634 Non
1841 5583 1889 5635 in

374 5737 395 5786 ἓ
432 5737 482 5786 In
509 5737 795 5786 Commelin.
825 5746 874 5787 et
899 5737 1061 5788 Morel.
1089 5737 1268 5800 legitur
1300 5751 1310 5785 :
1336 5745 1386 5787 [ξι
1411 5745 1511 5801 res:
1537 5737 1690 5799 ipsr'm
1720 5737 1891 5788 Paulus

313 5795 492 5848 clamat
524 5805 570 5850 et
587 5809 834 5849 accusator
858 5807 965 5850 stat.

1247 364 1312 420 IN
1349 358 1758 418 MATTIIASUM
1799 355 2026 413 IIt).\lIL.
2072 359 2360 414 LXXXIX.
2401 360 2470 414 al.
2515 359 2622 416 XC.

3451 367 3557 418 786

1980 477 2125 528 tertia
2147 475 2382 540 crinibus,
2412 486 2498 528 aut
2524 492 2672 540 auro,
2701 485 2790 528 aut
2809 479 3096 548 margaritis
3115 519 3128 542 ,
3159 491 3248 531 aut
3274 481 3558 534 vestimento
3610 495 3618 501 '

1977 575 2272 637 stnnptuoso
2300 581 2407 619 sese
2427 575 2669 619 exornent
2697 566 2714 636 (
2738 568 2790 620 l.
2816 563 2953 620 Tim.
2973 565 3027 621 2.
3051 567 3130 638 9).
3165 570 3342 640 Itaque
3368 586 3557 624 aurum

1977 666 2189 726 gestare
2226 656 2420 726 ubique
2467 658 2820 726 perniciosum
2860 670 2976 724 est;
3007 661 3240 717 maxime
3281 677 3412 718 vero
3437 679 3557 718 cum

1981 747 2032 800 in
2053 747 2331 809 ecclesiam
2359 747 2682 815 ingrederis,
2705 749 2915 816 quando
2936 763 3031 819 per
3055 765 3317 822 pauperes
3342 753 3554 808 transis.

1961 836 2113 892 .Nam
2139 837 2183 890 si
2216 837 2442 904 teipsutn
2473 836 2821 892 vehementer
2844 839 3114 895 criminari
3140 841 3384 897 studeres
3403 884 3418 907 ,
3451 860 3559 898 non

1981 929 2086 982 alio
2135 929 2366 983 utereris
2417 930 2774 997 vestimento,
2819 945 2980 1000 quam
3026 931 3126 986 hac
3153 933 3484 988 crudelitatis
3507 945 3563 989 et

1983 1022 2384 1076 inhtttnanitatis
2421 1021 2589 1074 larva.

2053 1115 2104 1166 4.
2153 1112 2342 1166 Contra
2367 1113 2621 1164 inaurittm
2647 1111 2844 1165 luxum.
2870 1141 2942 1152 —
2958 1112 3141 1182 Cogita
3169 1125 3297 1182 quot
3322 1117 3561 1169 esurien-

1982 1204 2182 1257 rieutes
2209 1213 2417 1256 ventres
2445 1218 2564 1257 cum
2593 1201 2682 1256 tali
2709 1201 2890 1256 habitu
2921 1213 3236 1272 praetereas,
3265 1215 3395 1274 quot
3424 1205 3561 1258 nuda

1983 1310 2208 1363 corpora
2263 1311 2383 1353 cum
2434 1295 2671 1348 satanico
2727 1294 3030 1364 hujusmodi
3087 1307 3298 1348 ornatu.
3356 1297 3565 1363 Quamo

1985 1389 2174 1442 melius
2221 1397 2364 1441 esset
2415 1387 2710 1442 esurientes
2739 1389 2942 1442 animas
2973 1389 3152 1448 alere,
3198 1402 3356 1456 quam
3405 1390 3564 1442 imam

1988 1477 2283 1532 auriculam
2311 1476 2583 1545 perforare
2601 1518 2616 1543 ,
2648 1489 2701 1531 et
2731 1479 2800 1532 ibi
2829 1478 2971 1532 mille
2999 1494 3290 1548 pauperum
3315 1479 3565 1534 alimenta

1987 1567 2181 1621 frustra
2226 1565 2573 1635 suspendere.
2622 1566 2758 1621 Num
2807 1566 2904 1621 tibi
2949 1566 3210 1622 ditescere
3239 1569 3568 1638 gloriosum?

1987 1673 2111 1711 num
2162 1658 2252 1712 tibi
2303 1673 2488 1711 aurum
2537 1669 2747 1728 gestare
2777 1657 3078 1714 laudabile?
3107 1659 3330 1715 Etiamsi
3371 1663 3468 1714 ista
3500 1677 3567 1715 ex

1980 1752 2139 1821 justis
2165 1751 2257 1805 tibi
2290 1761 2434 1820 parta
2461 1761 2639 1805 essent
2668 1750 2970 1818 laboribus,
2993 1750 3072 1806 sic
3099 1751 3258 1806 etiam
3289 1767 3377 1806 res
3402 1767 3569 1806 maxi-

1988 1859 2076 1897 me
2105 1843 2367 1913 culpanda
2411 1854 2556 1899 esset
2589 1860 2602 1898 :
2632 1859 2753 1898 cum
2796 1853 2976 1898 autem
3003 1843 3198 1914 injuste
3226 1854 3376 1914 parta
3404 1856 3527 1899 sunt
3549 1887 3565 1909 ,

1987 1936 2158 2007 cogita
2183 1952 2341 2006 quam
2374 1936 2560 2005 ingens
2589 1937 2659 1991 sit
2701 1936 2984 2006 ﬂagitium.
3018 1938 3084 1990 At
3114 1936 3320 1991 Iaudem
3343 1951 3491 1990 antas
3513 1949 3570 1990 et

1988 2029 2252 2100 gloriam?
2279 2029 2416 2099 Ergo
2443 2029 2723 2083 ridiculum
2765 2028 2908 2082 hunc
2931 2027 3182 2081 amictum
3209 2043 3345 2082 exue
3369 2069 3385 2094 ,
3415 2039 3570 2082 tunc-

1987 2136 2092 2190 que
2116 2127 2171 2174 te
2191 2133 2382 2173 omnes
2410 2118 2743 2172 mirabuntur
2767 2157 2782 2182 ,
2813 2127 2939 2171 tunc
2977 2117 3146 2185 gloria
3171 2127 3226 2170 et
3252 2132 3380 2187 pura
3412 2119 3568 2170 volu-

1991 2219 2134 2278 ptate
2165 2210 2353 2264 frueris
2378 2227 2392 2262 :
2420 2217 2477 2262 ttt
2519 2223 2660 2262 nunc
2683 2207 2922 2262 dicteriis
2945 2209 3186 2277 exposita
3217 2223 3274 2262 es
3295 2249 3310 2272 ,
3343 2209 3568 2261 multas-

1989 2315 2095 2367 que
2152 2299 2247 2354 tibi
2279 2298 2523 2353 maeroris
2553 2297 2864 2351 occasiones
2892 2297 3015 2351 hinc
3042 2300 3316 2353 concilias.
3368 2300 3496 2354 Nam
3526 2302 3568 2353 si

1992 2390 2181 2443 horum
2206 2390 2474 2459 quidpiam
2505 2388 2783 2451 exciderit,
2817 2388 2987 2456 cogita
3016 2399 3209 2458 quanta
3241 2389 3362 2442 hinc
3387 2389 3567 2442 orian—

1995 2491 2082 2535 tur
2111 2481 2269 2544 mala,
2302 2489 2426 2550 quot
2451 2479 2658 2532 ancilla:
2690 2479 3056 2542 verberentur,
3091 2491 3214 2549 quot
3242 2480 3336 2532 viri
3366 2489 3572 2550 pertur-

1992 2573 2185 2627 bentur
2204 2613 2220 2637 ,
2249 2581 2379 2641 quot
2420 2570 2752 2626 abducantur
2775 2612 2789 2635 ,
2820 2581 2947 2640 quot
2978 2572 3029 2626 in
3057 2586 3276 2626 carcere
3307 2571 3568 2626 habitent.

1994 2664 2129 2719 I'Iinc
2153 2663 2346 2734 judicia
2368 2703 2383 2728 ,
2413 2663 2648 2717 actiones
2675 2673 2729 2716 ct
2759 2663 2904 2717 mille
2935 2664 3166 2733 undique
3210 2663 3488 2718 maledicta
3519 2674 3574 2716 et

1993 2757 2232 2810 convicia
2278 2754 2430 2808 uxori
2480 2769 2509 2808 a
2551 2753 2668 2808 viro
2713 2769 2832 2817 suo,
2870 2754 2986 2809 viro
3031 2755 3098 2809 ab
3130 2755 3347 2818 amicis;
3379 2755 3572 2808 auinne

1994 2859 2203 2915 quoque
2229 2859 2258 2897 a
2287 2845 2481 2912 seipsa.
2526 2843 2632 2898 Sed
2682 2843 2798 2899 Iure
2827 2857 2931 2898 non
2965 2844 3227 2913 peribunt.
3260 2847 3327 2899 At
3353 2861 3568 2898 servare

1996 2951 2100 2991 non
2133 2937 2199 2990 ita
2232 2936 2385 2990 facile
2411 2945 2508 2989 est.
2540 2935 2760 2991 Etiamsi
2788 2945 2964 2990 autem
2994 2947 3251 3006 perpetuo
3271 2949 3569 3001 serventur,

1997 3028 2214 3081 multant
2249 3028 2487 3096 przrhent
2511 3027 2945 3092 Sollicitudinem,
2978 3042 3183 3092 curam,
3235 3029 3528 3083 molestiam
3557 3073 3571 3091 ,

1997 3117 2128 3173 lucri
2162 3118 2312 3173 nihil.
2342 3117 2472 3186 Quis
2501 3118 2622 3172 inde
2652 3126 2936 3186 proventus
2964 3118 3185 3172 domui?
3211 3135 3329 3189 qua:
3369 3120 3574 3173 utilitas

1997 3223 2060 3262 ex
2089 3217 2275 3261 ornatu
2300 3207 2504 3261 nmlicri
2523 3206 2545 3260 ?
2566 3205 2718 3260 Nulla
2741 3217 2887 3261 certe
2909 3248 2924 3272 ,
2953 3207 3046 3261 sed
3069 3206 3299 3263 dedecus
3329 3224 3575 3279 magnum

1997 3312 2044 3352 et
2070 3299 2368 3352 criminatio
2395 3296 2644 3366 undique.
2668 3296 2948 3363 Quomodo
2972 3298 3169 3366 poteris
3195 3299 3388 3352 Christi
3417 3299 3578 3368 pedes

1998 3390 2226 3445 osculari
2273 3399 2327 3443 et
2374 3398 2556 3443 tenere
2585 3404 2704 3442 cum
2757 3390 2849 3443 tali
2895 3389 3125 3444 ornatu?
3156 3391 3305 3445 Hune
3329 3403 3576 3446 ornatum

1999 3480 2087 3533 ille
2113 3489 2408 3532 aversatur.
2457 3479 2687 3547 Ideoque
2737 3479 2788 3533 in
2843 3479 2973 3534 fabri
3005 3480 3165 3534 domo
3207 3483 3352 3537 nasci
3378 3483 3577 3548 voluit;

1999 3574 2106 3627 imo
2136 3590 2262 3628 vero
2306 3590 2408 3629 non
2456 3576 2507 3630 in
2534 3575 2693 3630 domo
2723 3576 2807 3629 illa
2834 3615 2850 3640 ,
2882 3577 2973 3631 sed
3004 3577 3054 3631 in
3085 3578 3324 3649 tugurio.
3354 3578 3409 3634 in
3441 3596 3580 3649 pra-

1997 3667 2164 3732 svpio.
2194 3667 2292 3732 Qui
2339 3683 2466 3736 ergo
2491 3668 2690 3736 poteris
2736 3668 2886 3722 illum
2919 3669 3098 3725 videre
3124 3708 3142 3733 ,
3171 3684 3292 3724 cum
3344 3687 3449 3725 non
3481 3672 3577 3740 ipsi

1996 3765 2197 3824 gratam
2248 3754 2470 3810 formant
2501 3765 2558 3811 et
2585 3763 2827 3811 ornatum
2849 3799 2864 3824 ,
2911 3757 3004 3812 sed
3057 3759 3302 3814 odiosum
3335 3758 3578 3815 habeas?

1998 3845 2128 3899 Nam
2161 3849 2247 3915 qtti
2282 3849 2427 3903 illum
2471 3849 2703 3913 adeunt,
2755 3866 2859 3903 non
2904 3851 3100 3904 talibus
3151 3851 3349 3920 debent
3397 3855 3574 3906 ornari

1997 3936 2362 4000 vestimentis.
2403 3938 2496 3992 sed
2546 3939 2738 3994 virtute
2788 3939 3049 3994 decorari.
3099 3941 3280 4010 COgita
3333 3944 3459 4012 qmd
3509 3948 3578 3998 sit

1997 4041 2182 4080 aurum
2213 4026 2358 4082 illud.
2393 4028 2529 4083 Niltil
2563 4029 2663 4083 nisi
2696 4039 2834 4084 terra
2877 4041 2932 4083 et
2968 4017 3121 4085 ciuis.
3158 4032 3318 4101 lujice
3347 4049 3536 4103 aquam
3559 4077 3573 4097 ,

1954 4153 1956 4156 μ
1997 4127 2050 4169 et
2077 4116 2136 4170 fit
2163 4116 2350 4172 lutmn.
2379 4118 2671 4175 Considera
2702 4128 2755 4174 et
2784 4120 3076 4187 erubesce,
3107 4124 3248 4192 quod
3283 4125 3448 4178 lutqu
3479 4125 3576 4180 do-

1998 4212 2199 4265 minum
2227 4219 2374 4266 tuum
2401 4213 2720 4275 constituas,
2747 4223 2798 4267 et
2833 4213 2907 4285 (α)
2943 4212 3210 4287 [omnibus
3239 4218 3452 4272 omissis
3478 4218 3577 4287 ipsi

1978 4296 2248 4373 assidch
2274 4303 2465 4371 ubiqtte
2495 4305 2666 4373 ipsum
2691 4315 2868 4374 gestas
2898 4316 2951 4358 et
2975 4308 3304 4362 circumfers.
3328 4309 3391 4362 Et
3412 4324 3580 4380 quan-

1998 4391 2069 4445 do
2099 4393 2149 4446 in
2173 4393 2453 4447 ecclesiam
2482 4394 2649 4448 intras
2670 4437 2684 4459 ,
2719 4405 2826 4449 tum
2873 4399 3107 4454 maxime
3149 4399 3319 4468 ipsum
3343 4403 3578 4455 amoveri

1998 4485 2293 4550 oportebat.
2321 4481 2502 4553 Neque
2531 4487 2671 4540 enim
2712 4485 2833 4541 ideo
2863 4497 3064 4542 structa
3103 4488 3200 4542 fuit
3223 4491 3467 4550 ecclesia.
3524 4503 3578 4545 ιιι

1999 4573 2067 4626 ibi
2102 4573 2196 4627 has
2222 4574 2430 4627 divitias
2458 4585 2758 4631 ostentares
2781 4617 2796 4640 ,
2827 4577 2920 4630 sed
2949 4587 3004 4631 ttt
3031 4580 3332 4647 spirituales
3369 4580 3581 4633 divitias

1999 4665 2301 4719 exhiberes.
2329 4666 2405 4719 Tu
2430 4682 2557 4720 vero
2583 4683 2684 4722 ceu
2716 4668 2766 4720 iu
2797 4683 3042 4737 pompam
3071 4671 3392 4738 ingressum,
3423 4672 3499 4723 sic
3528 4686 3578 4724 te

2000 4755 2231 4824 undique
2268 4771 2463 4821 ornas,
2493 4757 2837 4825 scenicasque
2877 4757 3132 4812 mulieres
3159 4759 3417 4824 imitaris,
3445 4776 3566 4814 cmn

1999 4858 2146 4902 tanto
2171 4857 2426 4918 apparatu
2449 4848 2698 4902 ridiculas
2726 4850 2819 4903 has
2844 4859 3059 4920 gestans
3081 4849 3286 4905 sordes.
3319 4851 3575 4920 Propter-

1997 4954 2059 4994 ea
2086 4939 2140 4993 in
2168 4940 2455 4993 multorum
2502 4939 2795 5009 ingrederis
2834 4941 3123 5010 perniciem
3151 4959 3165 4996 :
3195 4948 3252 4996 et
3283 4942 3454 4996 soluta
3483 4959 3576 4997 ee-

1997 5033 2175 5087 clesize
2202 5033 2424 5088 collecta
2443 5073 2458 5097 ,
2489 5033 2542 5086 in
2584 5033 2862 5100 domibus,
2891 5034 2958 5089 ad
2985 5049 3223 5089 mensam
3247 5034 3360 5090 haec
3384 5035 3574 5090 multos

1999 5133 2278 5178 narrantes
2306 5122 2512 5178 audias.
2561 5123 2654 5178 llis
2690 5140 2884 5193 nempe
2929 5125 3108 5179 missis
3135 5125 3309 5180 verbis
3334 5166 3348 5189 ,
3381 5126 3490 5180 lloc
3526 5135 3580 5179 et

2000 5217 2100 5270 hoc
2127 5216 2260 5270 dixit
2291 5215 2545 5285 propheta
2571 5256 2587 5279 ,
2613 5215 2714 5269 hoc
2739 5218 3043 5284 apOstolus,
3069 5217 3137 5272 de
3159 5218 3384 5272 vestium
3415 5217 3538 5270 luxu
3563 5257 3578 5279 ,

1999 5307 2066 5360 de
2092 5304 2454 5376 magnitudine
2480 5320 2808 5375 gemmarum
2833 5348 2847 5372 ,
2882 5307 2948 5360 de
2976 5308 3187 5376 aliaque
3216 5304 3376 5362 simili
3414 5309 3572 5374 turpi.

2001 5397 2181 5451 tudine
2230 5396 2389 5451 verba
2440 5396 2659 5450 faciunt.
2706 5397 2832 5451 Hmc
2880 5412 3010 5462 vos,
3067 5414 3274 5454 necnon
3321 5400 3578 5467 conjuges

2001 5498 2243 5550 vestros,
2298 5486 2363 5540 ad
2391 5488 2784 5557 eleemosynam
2834 5489 3153 5558 erogandam
3200 5489 3412 5542 inutiles
3456 5493 3577 5544 red-

1997 5579 2146 5632 dunt.
2178 5578 2359 5649 Neque
2385 5576 2542 5633 facile
2567 5579 2826 5649 quispiam
2857 5595 2924 5634 ex
2964 5581 3063 5636 hoc
3090 5594 3222 5635 auro
3263 5581 3386 5651 quid
3438 5584 3578 5636 hau-

2060 5733 2132 5793 (a)
2165 5741 2275 5804 Qua!
2299 5731 2493 5841 uncilnis
2519 5732 2823 5795 clauduntur,
2850 5748 2943 5785 non
2969 5734 3198 5798 leguntur
3217 5737 3267 5786 in
3291 5735 3570 5789 Comtnel'm.

2060 5809 2162 5841 :ttuc
2198 5809 2243 5841 tu
2282 5803 2403 5841 More
2427 5827 2441 5841 .

2002 5809 2162 5854 neque
2198 5809 2243 5843 tu
2282 5803 2441 5843 Morel.
