4058 6144
535 363 635 421 78'!

537 483 661 546 gat,
707 480 763 526 ut
813 470 1136 526 esurientem
1185 465 1308 519 alat.
1359 463 1496 519 Cum
1542 465 1683 517 enim
1733 463 1843 532 ipsa
1870 459 2100 514 malisin

539 564 776 635 angustia
829 577 980 625 esse,
1035 575 1190 628 quain
1245 558 1355 614 lia-ti
1407 556 1570 610 fracta
1621 555 1800 608 videre
1847 550 2116 622 quomodo

539 659 702 710 alium
731 670 798 710 ex
827 654 907 707 his
933 651 1084 705 alas?
1112 649 1242 704 Nam
1272 645 1450 702 multa!
1475 662 1598 716 erga
1629 647 1724 698 ista
1757 644 1971 714 perinde
1995 650 2118 696 sunt

539 746 777 807 allectat,
803 755 963 811 atque
987 757 1112 810 erga
1157 755 1245 794 res
1287 740 1576 801 animatas,
1631 752 1728 790 nec
1757 736 1932 790 minus
1959 747 2115 803 quam

539 851 666 904 erga
715 833 964 887 infantes.
1010 833 1220 900 Apage,
1253 828 1457 882 dicetis.
1493 827 1603 880 lloc
1633 826 1788 895 igitur
1816 824 2113 888 05Iendite,

542 941 635 993 per
662 937 822 993 opera
847 922 1190 991 comprobato
1221 935 1235 972 :
1267 933 1405 971 nunc
1431 932 1556 971 vero
1589 915 1912 971 contrarium
1943 914 2116 967 video.

545 1015 723 1083 Ecqua
756 1015 896 1068 enim
929 1029 993 1067 ex
1038 1013 1101 1065 iis
1127 1027 1244 1080 qure
1275 1009 1376 1063 hoc
1417 1007 1604 1061 inorbo
1631 1006 1913 1060 admodum
1968 1004 2116 1058 labo-

543 1115 701 1172 rant,
735 1106 818 1160 bis
841 1104 1082 1158 conflatis
1112 1104 1223 1155 auri
1251 1102 1574 1155 ornamentis
1601 1141 1615 1163 ,
1641 1115 1859 1168 puerum
1887 1113 1914 1149 a
1948 1107 2118 1150 morte

546 1198 783 1268 eripuit?
830 1195 1027 1265 Ecquid
1074 1195 1194 1248 dico
1241 1192 1648 1261 puertim?qiiis
1693 1190 1919 1242 animam
1967 1203 2115 1239 suam

547 1297 854 1360 pereuntem
903 1289 1023 1342 hinc
1068 1286 1333 1341 redemit?
1375 1285 1569 1336 Contra
1601 1297 1726 1335 vero
1776 1281 1924 1333 multi
1973 1280 2117 1334 illam

544 1380 780 1449 quotidie
808 1378 904 1431 hac
930 1377 997 1430 de
1026 1392 1186 1430 causa
1216 1373 1469 1428 vendunt.
1500 1374 1564 1427 Et
1589 1373 1630 1424 si
1660 1371 1956 1439 corporalis
1982 1369 2120 1423 adsit

544 1469 825 1538 aigritudo,
847 1467 974 1520 nihil
999 1482 1104 1520 non
1130 1473 1322 1533 agunt;
1348 1465 1390 1516 si
1415 1478 1539 1516 vero
1561 1461 1793 1515 animam
1815 1469 2118 1527 corruptam

548 1562 812 1625 viderint,
845 1559 973 1612 nihil
1017 1558 1188 1612 simile
1226 1556 1454 1620 faciunt,
1480 1555 1573 1608 sed
1595 1564 1646 1607 et
1673 1553 1901 1606 filiorum
1951 1566 2119 1620 nepo-

547 1662 763 1720 tumque
784 1651 1035 1711 animam,
1055 1657 1109 1700 et
1132 1663 1281 1700 suam
1309 1647 1609 1715 negligant;
1634 1654 1687 1696 ut
1711 1643 1823 1696 h:ec
1849 1649 2117 1706 maneant,

549 1746 894 1814 rubigincque
926 1750 1165 1810 pereant.
1197 1739 1262 1792 Et
1293 1748 1350 1791 ut
1373 1738 1588 1806 quidem
1620 1736 1762 1790 inille
1797 1734 2118 1788 talentorum

547 1851 706 1889 aurea
727 1833 1102 1901 eireumpopis,
1127 1829 1251 1882 dum
1272 1828 1466 1882 Christi
1499 1826 1794 1880 membrum
1819 1840 1886 1878 ne
1907 1824 2119 1893 quidem

548 1923 847 1980 necessaria
903 1923 1088 1975 fruitur
1132 1933 1275 1974 esca.
1307 1918 1410 1972 Sed
1458 1917 1545 1971 ille
1573 1917 1783 1985 quidem
1823 1914 2121 1969 communis

546 2017 780 2070 omnium
807 2014 1057 2067 Dominus
1077 2053 1091 2077 ,
1120 2021 1173 2064 et
1200 2011 1450 2064 (Li-lorum
1474 2017 1528 2062 et
1552 2007 1840 2060 czclestium
1867 2005 2120 2071 Spiritua-

548 2108 650 2162 lem
685 2120 922 2160 mensam
949 2103 1197 2156 omnibus
1224 2118 1286 2155 ex
1318 2115 1470 2170 :cqiio
1501 2098 1750 2168 apponit;
1786 2106 1840 2151 tu
1872 2113 1997 2152 vero
2023 2111 2121 2151 uec

1263 353 1317 409 S.
1358 349 1630 408 JOANNIS
1667 347 2135 406 CHRYSOSTOMI
2177 347 2484 402 ARCIIIEP.
2526 348 3052 407 CUN’S’I‘AN'I‘INOP.

3695 353 3803 409 788

2213 461 2546 528 pereuntium
2572 478 2747 514 rerum
2771 473 3073 517 consortem
3103 462 3258 527 facis,
3283 473 3339 518 ut
3370 465 3516 520 hisee
3545 469 3798 536 gravibus

2221 552 2421 605 catenis
2441 554 2726 606 constricta
2753 568 2988 607 maneas.
3015 553 3146 608 llinc
3174 555 3314 609 mala
3341 557 3641 617 innumera.
3675 560 3801 615 hinc

2221 643 2497 713 zelotypiie
2517 682 2532 708 ,
2569 643 2690 697 hinc
2721 646 2951 699 virorum
2979 647 3236 700 adulteria
3257 688 3273 714 ,
3302 650 3512 717 quando
3537 651 3656 704 illos
3691 668 3800 706 non

2221 733 2286 786 ad
2315 733 2791 803 philosophandum
2833 737 3086 802 incitatis,
3111 738 3202 792 sed
3231 739 3348 793 illos
3379 741 3581 794 docetis
3613 742 3675 794 iis
3705 744 3802 797 de—

2224 823 2404 878 lectari
2431 827 2622 894 quibus
2650 828 2961 881 meretrices
3004 839 3350 882 exornantur.
3407 829 3529 884 Ideo
3576 833 3648 885 illi
3690 835 3802 887 cito

2221 917 2523 983 rapiuntur.
2554 916 2606 970 Si
2638 920 2778 971 enim
2826 919 2973 973 illum
3016 920 3086 973 ita
3126 921 3446 976 instituisses
3479 934 3532 974 ut
3564 923 3676 978 hmc
3699 925 3804 978 dc-

2221 1007 2488 1073 spiceret,
2534 1015 2587 1060 et
2632 1008 2698 1062 de
2729 1009 2974 1063 castitate
3021 1013 3312 1080 gauderet,
3344 1013 3410 1066 de
3460 1015 3686 1081 pietate,
3728 1017 3804 1071 de

2225 1096 2520 1153 humilitate
2546 1141 2560 1162 ,
2589 1116 2692 1154 non
2725 1101 2879 1155 facile
2908 1119 2935 1155 a
2965 1103 3326 1162 fornicationis
3347 1110 3578 1174 appetitu
3609 1118 3800 1177 captus

2223 1189 2424 1244 fuisset.
2461 1193 2570 1246 lloc
2595 1194 2733 1246 enim
2763 1204 2816 1247 et
2844 1194 3030 1263 majori
3084 1197 3242 1250 modo
3268 1200 3445 1251 ornari
3479 1209 3653 1268 potest
3682 1217 3803 1254 mc-

2226 1284 2422 1346 retrix;
2471 1283 2575 1336 illis
2602 1299 2727 1338 vero
2757 1300 2860 1338 non
2893 1286 3035 1339 item.
3084 1286 3257 1355 Ipsum
3306 1289 3480 1359 itaque
3526 1307 3590 1344 eo
3632 1293 3802 1348 laetari

2225 1383 2416 1427 ornatu
2447 1377 2790 1442 assuefaeito,
2820 1395 2977 1448 quem
3021 1395 3125 1432 non
3169 1391 3344 1449 potest
3383 1397 3431 1449 ai
3454 1383 3521 1435 ud
3557 1385 3803 1439 meretri-

2224 1480 2339 1519 cem
2371 1466 2568 1521 videre.
2595 1469 2872 1534 Quomodo
2897 1479 3072 1524 autem
3098 1472 3240 1533 illum
3267 1473 3317 1525 in
3349 1473 3483 1528 hanc
3507 1487 3801 1530 eonsuetii-

2224 1556 2402 1611 dinem
2435 1558 2696 1612 induces?
2726 1560 2779 1614 Si
2807 1559 2947 1615 hunc
2977 1562 3260 1615 abstuleris
3282 1605 3296 1628 ,
3342 1563 3486 1617 illum
3531 1567 3791 1624 iuduaris.

2225 1648 2312 1703 Sic
2339 1659 2392 1703 ct
2425 1650 2506 1704 vir
2537 1651 2587 1704 in
2611 1655 2916 1715 securitate,
2952 1663 3004 1707 tu
3038 1655 3086 1707 in
3118 1655 3318 1709 honore
3355 1674 3368 1709 :
3396 1671 3458 1709 ac
3488 1658 3624 1710 Deus
3648 1659 3798 1712 vobis

2229 1741 2484 1810 propitius
2513 1743 2613 1795 erit
2640 1784 2654 1808 ,
2683 1754 2730 1796 et
2764 1744 3006 1799 homines
3027 1762 3213 1798 milites
3239 1762 3332 1800 vos
3362 1748 3800 1815 admirabuntur,

2226 1845 2288 1883 ac
2335 1831 2509 1884 futura
2555 1833 2689 1886 bona
2719 1837 3117 1902 consequemini
3140 1877 3155 1899 ,
3197 1839 3362 1906 gratia
3393 1849 3446 1891 et
3477 1839 3803 1908 benignitate

2231 1921 2433 1975 Domini
2484 1923 2648 1975 nostri
2695 1922 2818 1976 Jesu
2847 1923 3042 1977 Christi
3066 1966 3079 1988 ,
3111 1925 3194 1979 cui
3230 1927 3397 1997 gloria
3416 1930 3801 1999 etimperiuui,

2228 2012 2279 2065 iii
2307 2012 2499 2066 sa-cula
2530 2013 2868 2067 Sicculoruin.
2904 2017 3095 2071 Amen.

548 2226 3804 2250 MM

1771 2302 2115 2367 HOMILIA
2158 2300 2292 2364 XC.
2337 2301 2421 2361 al.
2467 2301 2628 2362 XC].

560 2455 691 2512 Car.
741 2457 828 2512 28.
881 2473 932 2510 v.
991 2457 1076 2511 11.
1134 2455 1232 2520 Qui
1279 2470 1389 2507 cum
1445 2451 1718 2516 abiisscnt,
1769 2466 1880 2503 ecce
1924 2446 2128 2518 quidam

629 2553 694 2606 de
731 2548 1019 2602 custodibus
1071 2548 1314 2600 venientes
1359 2547 1410 2597 in
1457 2544 1722 2607 civitatem,
1776 2542 2128 2594 nuntiaverunt

625 2640 932 2708 principibus
955 2636 1270 2690 sacerdotum
1297 2636 1465 2687 omnia
1490 2649 1601 2698 qua:
1621 2635 1757 2703 facta
1784 2635 2004 2702 fuerant.
2039 2629 2126 2683 12.

627 2729 695 2782 Et
723 2729 1008 2798 congregati
1036 2744 1149 2781 cum
1178 2725 1476 2788 senioribus,
1522 2725 1730 2776 consilio
1769 2724 1893 2775 inito
1911 2762 1925 2784 ,
1977 2737 2128 2788 pecu-

628 2822 765 2874 niam
794 2820 1004 2873 multant
1025 2818 1265 2870 dederunt
1295 2815 1554 2878 militibus,
1610 2814 1694 2867 13.
1745 2814 1962 2866 dicentes
1997 2811 2131 2864 :Di-

630 2911 726 2964 cite
749 2909 883 2980 quod
913 2909 1145 2976 discipuli
1171 2909 1279 2974 ejus
1301 2915 1443 2958 nocte
1472 2913 1729 2965 renerunt,
1757 2913 1800 2955 et
1833 2903 1987 2973 furati
2013 2911 2129 2955 sunt

626 3017 760 3062 cum,
807 2998 948 3051 nobis
997 2996 1379 3049 dormientibus.
1430 2995 1515 3048 M.
1548 2993 1611 3046 Et
1635 2995 1679 3046 si
1711 2994 1803 3045 hoc
1830 2992 2066 3044 audiatur
2099 3006 2130 3043 α

628 3091 860 3161 praeside,
889 3105 978 3143 nos
1015 3087 1338 3143 suadebimus
1366 3087 1409 3139 ei
1418 3126 1432 3150 ,
1483 3094 1529 3138 et
1566 3100 1649 3139 vos
1675 3094 1804 3138 tutos
1830 3084 2091 3154 faciemus.

629 3225 678 3277 1.
725 3223 946 3289 Propter
977 3221 1073 3274 hos
1106 3221 1301 3273 milites
1327 3228 1482 3273 terrm
1513 3228 1688 3272 motus
1718 3217 1805 3270 ille
1827 3216 1995 3270 factus
2025 3225 2126 3281 est,

556 3313 626 3367 ita
654 3323 707 3366 ut
751 3311 1209 3382 obstupescerent,
1259 3319 1313 3364 et
1351 3310 1419 3362 ab
1458 3310 1584 3378 ipsis
1616 3309 1972 3363 testimonium
2005 3324 2130 3377 pro-

560 3403 827 3468 ferretur;
861 3404 1000 3471 quod
1030 3403 1187 3456 etiam
1220 3401 1414 3455 evenit.
1449 3400 1538 3454 Sic
1576 3401 1716 3454 enim
1745 3400 1945 3469 prolata
1975 3417 2002 3454 a
2035 3416 2130 3453 cu-

557 3493 798 3546 stodibus
830 3493 965 3546 fama
1012 3504 1254 3561 suspecta
1285 3508 1388 3545 non
1426 3491 1541 3544 fuit.
1589 3491 1748 3560 Signa
1796 3493 1989 3561 quippe
2031 3493 2132 3546 alia

563 3583 884 3652 generaliter
913 3598 1005 3652 per
1033 3583 1242 3647 orbem,
1290 3582 1387 3636 alia
1419 3581 1659 3650 privatim
1689 3581 1756 3635 ibi
1780 3582 2134 3651 praesentibus

561 3677 696 3728 facta
724 3683 848 3728 sunt
878 3691 891 3726 :
924 3674 1038 3728 orbi
1065 3673 1276 3737 quidem
1310 3673 1402 3726 toti
1430 3672 1700 3736 tenebric;
1751 3673 1994 3742 privatim
2041 3688 2133 3726 au:

561 3778 669 3821 tem
701 3766 870 3835 angeli
903 3765 1055 3831 visio,
1082 3776 1133 3818 et
1162 3774 1320 3818 terra:
1360 3774 1555 3818 motus.
1589 3764 1719 3831 Quia
1778 3765 1934 3832 igitur
1977 3779 2135 3819 vene-

561 3867 683 3912 ruut
715 3867 766 3909 et
795 3857 882 3910 illa
929 3857 1236 3910 nuntiarunt
1279 3856 1515 3925 (veritas
1549 3855 1692 3908 enim
1724 3855 1789 3910 ab
1818 3854 2136 3910 adversariis

565 3949 851 4019 praedicata
899 3947 1200 4014 reSpleudi-t
1227 3949 1265 4014 ),
1311 3962 1490 4001 rursus
1533 3948 1808 4015 pecuniam
1853 3946 2130 4012 dederunt,

563 4050 619 4091 iit
663 4039 893 4093 dicerent
923 4038 1209 4106 discipulos
1236 4037 1351 4104 ejus
1381 4038 1608 4099 venisse,
1641 4039 1915 4107 ipsumque
1939 4038 2138 4092 furatos

561 4146 700 4184 esse.
749 4130 1024 4195 Quomodo
1069 4128 1223 4180 furati
1265 4139 1408 4191 sunt,
1453 4143 1486 4181 ο
1530 4130 1764 4181 οιιιηὶιιιιι
1797 4129 2138 4182 stultissimi?

563 4221 694 4274 Nam
725 4219 863 4287 quod
893 4218 1086 4271 veritas
1113 4220 1180 4271 ita
1209 4217 1817 4288 fulgeatspleiideatque,
1838 4233 1903 4273 ne
1924 4221 2135 4290 quidem

565 4312 764 4379 lingere
812 4317 1032 4378 possunt
1062 4311 1100 4359 ⁸.
1153 4309 1356 4361 liti-nim
1407 4309 1530 4363 illud
1573 4327 1791 4378 prorsus
1829 4313 2137 4368 incredibile

567 4411 701 4466 erat,
732 4409 785 4452 et
821 4397 1163 4465 improbabile
1189 4399 1404 4452 omnino
1433 4400 1787 4454 mendacium.
1821 4402 2098 4470 Quomodo
2118 4445 2134 4471 ,

565 4504 766 4560 quaeso,
801 4490 951 4542 furati
977 4499 1097 4541 sunt
1125 4487 1388 4557 discipuli,
1418 4490 1660 4544 homines
1690 4507 1943 4560 pauperes
1970 4509 2021 4549 et
2051 4512 2138 4548 ru-

565 4579 682 4644 des,
726 4579 811 4648 qui
842 4593 908 4632 ne
938 4578 987 4631 in
1014 4586 1356 4646 υοιιειιρειιιηι
1395 4579 1605 4646 quidem
1635 4582 1815 4636 venire
1836 4583 2139 4638 audebant?

566 4679 758 4728 Annon
787 4671 1016 4741 sigillum
1048 4679 1163 4725 erat
1187 4671 1486 4740 appositum
1509 4671 1531 4723 ?
1557 4688 1732 4726 annon
1777 4682 1852 4726 tot
1890 4675 2139 4730 ciismdes

564 4764 888 4827 assidehant,
935 4772 987 4816 et
1015 4762 1228 4825 milites,
1271 4770 1322 4814 ct
1370 4761 1582 4816 Judaei?
1622 4779 1796 4817 annon
1825 4765 1901 4818 illi
1928 4767 2027 4820 hoc
2051 4783 2139 4820 su-

565 4855 926 4924 spicabantur,
964 4862 1017 4905 et
1042 4852 1251 4905 solliciti
1281 4853 1566 4920 vigilabant
1591 4856 1983 4924 curabantquel
2035 4858 2142 4912 Cur

566 4957 743 5000 autem
773 4946 928 4999 furati
960 4944 1121 4998 sunt?
1169 4961 1235 4998 an
1265 4953 1318 4996 ιιι
1349 4948 1753 5001 resurrectionis
1783 4947 1970 5016 dogma
2007 4966 2138 5004 cou-

569 5042 860 5108 lingerent?
893 5037 954 5089 Et
981 5037 1246 5105 quomodo
1274 5037 1374 5091 illis
1403 5038 1453 5089 in
1488 5048 1718 5092 mentem
1751 5039 1984 5095 venisset
2019 5043 2137 5096 talia

567 5132 891 5197 contingere,
925 5127 1244 5189 hominibus,
1286 5129 1478 5195 quibus
1511 5130 1636 5183 illud
1669 5131 1838 5185 solum
1869 5133 1918 5185 in
1946 5136 2140 5202 optatis

569 5229 703 5282 erat,
733 5228 788 5272 ut
808 5220 998 5272 oeculti
1018 5220 1250 5272 viverent
1270 5219 1291 5270 ‘t
1314 5221 1579 5287 quomodo
1600 5222 1826 5291 lapidem
1856 5225 1999 5278 illum
2025 5243 2140 5279 mii-

571 5312 740 5365 nituiu
773 5311 1093 5364 amovissent
1118 5310 1180 5362 ’?
1225 5310 1490 5378 quomodo
1526 5323 1627 5364 iam
1661 5313 1840 5368 multis
1867 5319 2140 5384 presenti-

571 5403 669 5456 bus
714 5400 1033 5455 latuissent?
1081 5401 1238 5470 Atqui
1282 5402 1486 5456 etiamsi
1529 5416 1752 5459 mortem
1793 5420 2039 5477 contenip
2071 5409 2140 5463 is-

633 5556 649 5586 ι
686 5561 825 5621 .t_ux_ta
857 5553 1140 5604 Commelin.
1174 5561 1224 5602 et
1251 5555 1410 5605 Morel.
1440 5556 1701 5617 legendum
1728 5566 1887 5621 esset,
1913 5561 1961 5609 in
2002 5575 2137 5612 erro-

571 5627 672 5663 rem
697 5614 924 5664 inducere
945 5628 1036 5664 non
1061 5623 1267 5676 possunt.

578 5738 603 5747 __
634 5677 825 5784 allec,
849 5675 1080 5737 quomodo
1125 5675 1491 5738 lapidem........
1539 5680 1843 5743 ainorissent,
1878 5683 2053 5732 desunt
2089 5688 2136 5734 in

578 5750 629 5784 ιιι
670 5749 766 5784 ein.

575 5749 766 5787 inueni.

2192 2497 2204 2504 ,
2235 2451 2371 2509 sent,
2422 2461 2707 2515 numquam
2750 2447 2799 2500 id
2833 2456 3032 2504 temere
3060 2459 3112 2504 et
3138 2449 3329 2505 frustra
3357 2456 3600 2507 tentaturi
3634 2467 3806 2524 erant,

2232 2549 2352 2588 cum
2384 2544 2458 2588 tot
2487 2546 2665 2590 essent
2692 2540 2959 2593 custodes.
3011 2541 3160 2609 Quod
3193 2553 3367 2597 autem
3399 2547 3562 2600 timidi
3605 2561 3804 2614 essent,

2232 2641 2349 2695 qua:
2378 2626 2524 2695 prius
2549 2626 2682 2681 facta
2707 2637 2830 2682 sunt
2853 2630 3212 2688 declarabant.
3228 2635 3359 2688 Cum
3389 2638 3528 2690 enim
3549 2638 3694 2692 illum
3721 2655 3809 2692 ea-

2236 2727 2380 2786 ptuiii
2412 2719 2689 2785 vidissent,
2732 2723 3048 2792 aufugerunt
3074 2741 3280 2780 omnes.
3327 2730 3380 2782 Si
3409 2745 3536 2799 ergo
3564 2741 3688 2785 tunc
3719 2735 3810 2788 illo

2234 2810 2410 2864 adhuc
2448 2811 2658 2868 vivente
2699 2830 2764 2867 ne
2803 2824 2944 2869 stare
2984 2818 3195 2884 quidem
3220 2821 3332 2873 ausi
3366 2832 3508 2886 sum,
3539 2823 3808 2890 quomodo

2234 2914 2353 2973 post
2393 2915 2617 2960 mortem
2658 2907 2770 2975 ejus
2815 2918 3011 2963 tantam
3059 2913 3279 2966 militum
3322 2925 3547 2969 turmam
3593 2934 3696 2970 non
3745 2919 3809 2972 ti-

2234 2995 2535 3051 muissent?
2575 2997 2706 3052 Nunt
2741 2999 2897 3066 jauiia
2930 3009 3130 3055 tantum
3160 3006 3442 3060 evellenda
3475 3010 3632 3061 erat?
3682 3027 3806 3065 num

2239 3084 2319 3137 vel
2343 3100 2477 3137 unus
2503 3086 2666 3140 latere
2689 3091 2925 3156 poterat?
2948 3089 3106 3160 Lapis
3128 3102 3240 3147 erat
3269 3112 3487 3164 magnus
3514 3101 3806 3168 appositus,

2235 3175 2316 3228 eui
2344 3176 2639 3230 amovenda
2671 3178 2852 3233 multis
2880 3190 2994 3234 erat
3034 3197 3167 3251 Opus
3209 3188 3470 3240 manibus.
3513 3189 3641 3244 Jiirc
3679 3207 3808 3261 ergo

2235 3267 2482 3321 dicebant
2514 3287 2527 3322 :
2563 3268 2627 3322 Et
2649 3271 2739 3324 erit
2761 3274 3056 3329 novissimus
3077 3293 3218 3329 error
3238 3279 3381 3347 pejor
3409 3282 3573 3346 priore
3595 3283 3804 3352 (.llattli.

2234 3357 2323 3410 27.
2358 3359 2479 3427 lii);
2530 3370 2712 3413 contra
2752 3378 2811 3416 se
2858 3364 2999 3432 ipsos
3043 3366 3141 3420 hoc
3186 3372 3614 3438 pronuntiantes,
3668 3376 3808 3443 quod

2239 3457 2356 3516 post.
2386 3458 2587 3504 tantum
2633 3450 2886 3514 furorem,
2932 3471 3050 3509 cum
3091 3458 3406 3526 resipiscere
3447 3466 3804 3530 Oportuisset,

2239 3540 2413 3606 priora
2446 3556 2698 3610 superare
2727 3555 3048 3600 conarentur
3075 3563 3145 3602 ex
3173 3550 3408 3604 ridiculis
3445 3553 3547 3606 illis
3589 3554 3807 3622 figmen-

2241 3630 2338 3695 tis;
2371 3641 2424 3685 et
2468 3633 2556 3701 qui
2586 3634 2806 3689 viventis
2835 3639 3146 3706 sanguinem
3174 3652 3434 3706 emerant,
3484 3646 3726 3700 crucifixi
3757 3658 3811 3700 et

2240 3732 2418 3789 pastea
2445 3728 2768 3795 resurgentis
2799 3729 3014 3796 pecunia
3045 3736 3488 3790 resurrectionem
3512 3738 3807 3793 subducere

2242 3816 2531 3869 tentabant.
2569 3816 2647 3872 Tu
2676 3835 2802 3893 vero
2827 3821 3186 3878 animadverte
3216 3825 3484 3894 quomodo
3511 3830 3677 3896 gestis
3701 3832 3812 3884 suis

2240 3907 2433 3976 ubique
2457 3909 2747 3977 capiantur.
2773 3911 2826 3967 Si
2853 3913 2992 3969 enim
3021 3914 3244 3970 Pilatum
3278 3934 3381 3972 non
3403 3920 3678 3987 adiisseut,
3714 3939 3812 3977 nec

2242 3999 2536 4054 custodiam
2567 4002 2866 4070 petiissent,
2913 4004 3119 4060 facilius
3151 4009 3445 4077 potuissent
3491 4011 3604 4065 bare
3638 4013 3812 4081 impii-

2240 4087 2429 4144 denter
2467 4106 2772 4149 asseverare
2805 4111 2818 4146 :
2849 4112 2987 4151 nunc
3032 4113 3159 4153 vero
3201 4116 3304 4155 non
3352 4103 3495 4156 item.
3548 4105 3677 4158 Nam
3736 4108 3812 4160 sic

2241 4180 2417 4235 omnia
2450 4181 2707 4247 fecerunt,
2756 4200 2818 4239 ac
2847 4187 2891 4240 si
2920 4188 3212 4244 voluissent.
3252 4193 3350 4246 sibi
3395 4209 3486 4247 ora
3529 4211 3812 4252 constiere.

2243 4269 2297 4323 Si
2327 4273 2466 4324 eiiim
2495 4271 2736 4342 discipuli
2763 4277 2977 4345 vigilare
2999 4295 3117 4333 cum
3144 4281 3355 4336 Christo
3380 4300 3482 4338 non
3511 4296 3812 4354 potuerant,

2242 4364 2399 4417 etiam
2445 4364 2534 4418 illo
2582 4366 2632 4419 id
2681 4370 3057 4438 exprobrante,
3098 4376 3364 4443 quomodo
3403 4377 3500 4432 hoc
3535 4381 3649 4433 ausi
3684 4381 3818 4435 fuis-

2242 4453 2397 4506 sent?
2424 4454 2530 4508 Cur
2549 4467 2724 4511 autem
2751 4458 2876 4514 illud
2902 4478 3005 4515 non
3039 4464 3181 4530 prius
3203 4464 3355 4520 furati
3379 4477 3519 4533 sunt,
3544 4470 3637 4522 sed
3669 4482 3816 4539 post-

2241 4557 2398 4611 quam
2448 4559 2541 4598 vos
2581 4551 2964 4605 aeeesseratis?
3013 4551 3069 4607 Si
3110 4554 3249 4608 enim
3297 4556 3425 4610 illud
3469 4558 3643 4614 facere
3674 4563 3818 4616 volc-

2243 4632 2400 4700 baut,
2447 4651 2566 4690 eum
2609 4639 2840 4695 nondum
2890 4645 3246 4699 custodiretur
3287 4649 3621 4717 sepulcrum,
3670 4653 3719 4704 id
3766 4655 3816 4708 in

2244 4726 2410 4793 prima
2441 4737 2595 4783 nocte
2634 4729 2904 4798 fecissent,
2941 4749 3062 4790 cum
3102 4736 3153 4790 id
3200 4747 3311 4791 tuto
3337 4748 3391 4793 et
3419 4739 3533 4794 sine
3569 4744 3808 4812 periculo

2245 4817 2356 4872 fieri
2389 4830 2588 4888 posset.
2639 4821 2770 4876 Nam
2815 4825 3036 4879 sabbato
3080 4829 3396 4885 accedentes
3441 4834 3736 4888 cusmdiam
3787 4851 3816 4889 a

2246 4908 2412 4963 Pilato
2445 4913 2704 4978 petierunt
2737 4924 2789 4967 ct
2835 4917 3102 4972 custodire
3146 4931 3420 4988 cmperunt
3453 4939 3465 4975 :
3502 4924 3666 4992 prima
3691 4941 3820 4982 vero

2245 5011 2400 5056 nocte
2426 5020 2581 5058 nemo
2613 5007 2829 5060 istorum
2857 5010 3103 5078 sepulcro
3131 5013 3333 5069 aderat.

2313 5093 2366 5145 2.
2410 5095 2514 5148 Sed
2561 5098 2686 5164 quid
2729 5099 2827 5152 sibi
2875 5100 3056 5156 volunt
3106 5105 3318 5158 sudaria
3362 5122 3479 5175 qua:
3509 5123 3572 5162 ex
3602 5109 3818 5178 myrrha

2243 5186 2599 5256 conglutinata
2632 5191 2822 5243 erant?
2853 5191 2978 5245 lla-c
3006 5195 3147 5248 enim
3171 5195 3399 5264 jacciitia
3444 5199 3629 5253 Petrus
3667 5203 3817 5257 vidit.

2243 5275 2373 5330 Nam
2401 5277 2446 5330 si
2479 5278 2637 5334 furari
2670 5280 2982 5348 voluissent,
3030 5300 3135 5337 ιιοιι
3182 5286 3377 5340 nudum
3421 5303 3616 5357 corpus
3665 5292 3820 5346 furati

2243 5380 2422 5423 essent
2448 5389 2461 5434 ;
2507 5388 2610 5426 non
2653 5374 2811 5426 modo
2841 5390 2906 5427 ne
2937 5375 2983 5430 id
3012 5390 3129 5430 esse
3157 5379 3477 5432 contumelia
3511 5382 3819 5451 videretur,

2243 5464 2335 5516 sed
2372 5468 2529 5516 etiam
2579 5480 2664 5527 ne,
2706 5466 2831 5520 dum
2861 5479 3136 5532 exuerent,
3171 5487 3353 5525 moras
3383 5473 3673 5538 traherent,
3719 5477 3815 5529 da-

2245 5563 2466 5622 rentque
2496 5554 2667 5608 locum
2707 5555 2810 5610 illis
2841 5559 3154 5626 exsurgendi
3181 5601 3195 5622 ,
3222 5577 3386 5630 seque
3417 5563 3821 5630 deprehenden-

2241 5644 2333 5707 di;
2367 5661 2484 5697 cum
2517 5647 2744 5699 maxime
2784 5649 2994 5718 myrrha
3035 5659 3194 5713 esset,
3244 5652 3463 5722 glutinis
3494 5656 3658 5707 instar
3697 5672 3816 5710 cor-

2245 5737 2356 5805 pori
2403 5746 2455 5790 et
2504 5737 2828 5792 vestimentis
2865 5739 3101 5805 lim-rens;
3149 5755 3468 5808 quaprODlt‘t‘
3517 5760 3618 5799 non
3660 5747 3815 5806 facile
