4058 6144
339 283 444 340 ῗὸὓ

336 405 457 453 erat
478 393 796 450 vestimenta
824 407 855 446 a
888 403 1116 459 corpore
1153 388 1407 453 avellere,
1448 384 1543 443 sed
1569 384 1736 440 multo
1757 382 1826 438 ad
1855 381 1906 436 id

337 498 579 555 tempore
622 497 758 554 opus
799 491 952 538 erat:
1001 482 1071 535 ita
1101 488 1159 534 ut
1193 479 1277 534 vel
1306 477 1431 532 hinc
1459 476 1655 530 furtum
1680 472 1811 527 illud
1839 472 1911 526 sit

334 576 667 637 incredibile.
716 575 799 629 An
849 588 982 628 vero
1023 570 1301 627 Judaicum
1338 568 1572 623 furorem
1614 579 1720 619 non
1746 575 1911 616 nove-

335 675 477 734 rant,
520 666 612 736 qui
640 665 695 720 in
725 679 785 719 se
804 662 1198 719 convertendus
1230 659 1393 716 erat?
1434 656 1571 725 Quid
1598 670 1758 727 porro
1787 654 1909 708 hinc

334 760 469 816 lucri
496 758 626 823 illis,
655 758 701 813 si
726 772 835 812 non
865 752 1284 811 nesarrexisset?
1337 751 1462 806 llaec
1507 758 1685 804 autem
1727 745 1906 800 omnia

332 865 458 906 cum
504 864 566 905 se
604 849 826 904 ﬁnxisse
849 847 949 904 sibi
973 845 1175 901 conscii
1198 852 1412 908 essent,
1461 841 1738 911 pecuniam
1774 838 1908 893 dant

332 949 388 995 et
412 940 592 994 dicunt
622 957 647 991 :.
668 939 794 993 Haec
834 952 931 992 vos
953 936 1135 999 dicite,
1161 943 1222 991 et
1248 948 1347 989 nos
1378 931 1586 1003 prasidi
1615 929 1905 1000 persuade-

334 1030 529 1084 bimus.
557 1028 710 1083 l-Iunc
737 1027 878 1083 enim
906 1039 1175 1080 rumorem
1205 1023 1383 1094 spargi
1406 1021 1678 1084 volebant,
1709 1019 1906 1074 frustra

333 1128 524 1175 contra
553 1119 829 1173 veritatem
850 1117 1215 1180 decertantes,
1242 1128 1308 1168 ac
1331 1128 1427 1183 per
1453 1127 1517 1168 ea
1540 1112 1731 1181 quibus
1759 1109 1905 1165 illam

332 1208 625 1264 obscurare
669 1207 996 1278 satagebant,
1045 1204 1459 1274 splendidiorem
1484 1203 1567 1257 vel
1593 1200 1741 1256 inviti
1777 1200 1906 1256 red.

332 1300 544 1355 dentes.
592 1298 724 1353 Nam
773 1297 877 1352 hoc
914 1296 1364 1351 resurrectionem
1407 1293 1721 1359 conﬁrmat,
1759 1292 1905 1363 quod

333 1390 514 1446 dicant
558 1389 847 1459 discipulos
888 1388 1035 1443 illum
1084 1387 1285 1443 atratos
1346 1400 1467 1441 esse
1517 1402 1531 1438 :
1587 1384 1908 1440 conﬁtentur

331 1480 476 1535 enim
521 1493 714 1549 corpus
757 1488 886 1534 tunc
924 1477 997 1533 ibi
1038 1492 1143 1531 non
1169 1476 1352 1532 fuisse.
1376 1474 1511 1531 Cum
1535 1483 1712 1528 autem
1735 1471 1906 1527 conﬂ-

335 1579 545 1626 teantur
571 1584 768 1639 corpus
809 1569 882 1624 ibi
928 1583 1035 1623 non
1076 1567 1258 1631 fuisse,
1303 1564 1607 1634 furtumque
1631 1562 1823 1617 falsum
1852 1568 1907 1615 et

332 1661 644 1716 incredibile
682 1659 955 1715 declarent
994 1658 1220 1713 militum
1267 1654 1568 1726 praesentia,
1612 1651 1900 1723 signacula,

330 1751 817 1821 discipulorumque
844 1749 1117 1815 timiditas,
1142 1747 1377 1802 indubita
1406 1745 1530 1801 hinc
1557 1743 1906 1800 resurrectio-

333 1843 416 1895 nis
461 1841 846 1898 demonstratio
891 1844 1113 1894 eruitur.
1164 1841 1410 1893 Attamen
1449 1833 1787 1903 impudentes
1826 1832 1905 1887 illi

332 1931 422 1998 qui
448 1930 584 1984 nihil
611 1945 716 1985 non
743 1929 1026 1994 audebant,
1058 1929 1182 1983 licet
1211 1936 1287 1983 tot
1315 1937 1563 1996 tantaque
1589 1934 1768 1979 essent
1785 1937 1905 1993 qua:

332 2023 451 2076 illos
465 2022 835 2076 obmutescere
845 2028 1117 2089 cogerent,
1140 2018 1318 2085 Dicite,
1337 2017 1505 2079 aiunt,
1523 2025 1573 2070 et
1593 2031 1684 2069 nos
1697 2028 1904 2083 persua-

331 2114 579 2179 debimtts,
608 2130 668 2167 ac
707 2130 794 2168 nos
821 2129 1023 2168 securos
1051 2111 1336 2165 reddemus.
1366 2108 1551 2164 Viden'
1578 2121 1765 2163 omnes
1782 2120 1904 2160 cor-

329 2204 556 2272 ruptos?
591 2204 856 2258 Pilatum?
906 2203 1020 2273 Ipse
1054 2201 1195 2257 enim
1225 2198 1631 2269 obtemperavit.
1676 2193 1903 2251 milites?

331 2295 582 2364 populum
607 2294 928 2349 Judaicum?
966 2292 1070 2348 Sed
1100 2306 1167 2346 ne
1193 2291 1403 2345 mireris
1428 2290 1472 2343 si
1501 2286 1738 2357 pecunia:
1760 2286 1902 2339 mili-

331 2394 411 2438 tes
454 2385 779 2453 subcgerint.
826 2381 961 2436 Nam
1009 2382 1052 2436 si
1102 2389 1301 2435 tantam
1342 2379 1396 2432 in
1437 2377 1751 2446 discipulum
1794 2375 1902 2429 vim

331 2474 645 2540 habuerunt,
688 2475 855 2529 multo
895 2473 1062 2543 magis
1101 2470 1240 2541 apud
1290 2469 1426 2524 illos.
1482 2467 1547 2520 Et
1587 2466 1902 2538 divulgatum

330 2578 426 2636 est,
455 2569 641 2637 inquit,
672 2567 875 2622 verbum
903 2567 1168 2632 hocusque
1191 2564 1244 2617 in
1272 2571 1567 2634 prcseutem
1585 2560 1718 2613 diem
1738 2560 1778 2612 ί.
1807 2560 1900 2615 Vi-

332 2658 452 2714 dcn’
508 2672 714 2712 rursum
762 2655 1144 2725 discipulorum
1194 2651 1580 2708 veracitatem?
1630 2648 1901 2719 quomodo

331 2766 436 2805 non
461 2750 777 2805 erubescant
802 2749 1007 2809 dicere,
1046 2746 1181 2800 hanc
1206 2755 1390 2800 contra
1425 2743 1546 2798 illos
1576 2740 1769 2795 famam
1796 2739 1899 2795 ob-

332 2842 596 2897 tinuisse?
633 2840 720 2896 l6.
771 2839 1023 2894 Undecint
1069 2848 1234 2892 autem
1281 2835 1518 2904 discipuli
1565 2834 1798 2887 abierunt
1845 2831 1900 2885 in

331 2932 639 2997 Galilaeam;
685 2932 772 2985 l7.
819 2939 869 2984 et
906 2929 996 2982 alii
1031 2928 1239 2996 quidem
1276 2926 1630 2989 adoraverunt,
1662 2923 1753 2976 alii
1786 2937 1901 2974 cum

329 3027 494 3094 ipsum
520 3024 778 3088 uidissent,
806 3020 1177 3074 dubitaverunt.
1220 3018 1317 3072 llic
1360 3015 1489 3071 mihi
1521 3024 1789 3083 postremo
1818 3011 1905 3066 vi-

327 3115 485 3170 detur
510 3115 655 3169 visus
680 3126 802 3166 esse
842 3112 893 3165 in
922 3110 1160 3173 Galilzea,
1202 3107 1417 3177 quando
1462 3105 1578 3158 illos
1620 3104 1801 3157 emisit
1844 3111 1911 3156 ut

329 3208 677 3277 baptizareut.
707 3203 859 3273 Quod
882 3203 926 3257 si
955 3202 1170 3273 quidam
1200 3199 1578 3263 dubitaverint,
1617 3196 1740 3250 hinc
1768 3210 1903 3265 quo—

327 3313 431 3368 que
456 3297 666 3351 illorum
697 3294 1041 3350 veracitatem
1072 3292 1283 3355 mirare,
1326 3285 1593 3357 quotnodo
1619 3300 1809 3353 nempe
1831 3284 1898 3339 ad

329 3389 568 3443 ultimam
595 3401 763 3455 usque
790 3384 932 3439 diem
962 3382 1301 3437 infirmitates
1321 3393 1445 3434 suas
1474 3392 1580 3432 non
1606 3377 1891 3431 occultent.

328 3482 576 3533 Attamen
621 3492 689 3531 ex
730 3476 868 3530 illius
907 3481 1196 3541 conspectu
1242 3468 1544 3526 confirmati
1587 3477 1729 3521 sunt.
1760 3467 1898 3533 Quid

326 3583 453 3638 ergo
481 3568 599 3621 illos
626 3564 964 3634 conspiciens
995 3561 1170 3615 dixit?
1198 3560 1286 3615 l8.
1320 3559 1455 3612 Data
1481 3567 1553 3611 est
1581 3557 1707 3610 mihi
1735 3556 1899 3610 clunis

326 3668 549 3730 potestas
588 3658 641 3711 in
669 3655 795 3711 calo
821 3664 869 3709 et
897 3656 951 3708 in
982 3664 1133 3707 terra.
1161 3654 1362 3706 Rursus
1387 3650 1619 3704 humano
1642 3662 1795 3704 more
1820 3647 1901 3700 Io-

326 3753 508 3822 quitur
532 3751 636 3804 illis
660 3769 675 3817 ;
710 3749 947 3803 nondum
976 3747 1122 3802 enim
1145 3752 1464 3813 acceperant
1491 3743 1745 3814 Spiritum
1770 3757 1895 3796 san-

325 3855 492 3909 ctum,
519 3842 607 3913 qui
638 3841 757 3895 illos
796 3839 1135 3894 sublimiores
1160 3835 1414 3891 efficeret.
1456 3835 1544 3890 19.
1574 3832 1766 3887 Euntes
1798 3833 1900 3886 do-

324 3945 430 3988 cete
455 3949 624 3987 omnes
662 3941 852 4002 gentes,
884 3930 1192 4000 baptizantes
1236 3942 1319 3981 eos
1344 3926 1397 3978 in
1422 3926 1621 3979 nomine
1655 3923 1828 3977 Patris
1851 3932 1899 3975 et

329 4024 453 4077 Filii
482 4035 528 4077 et
566 4022 796 4091 Spiritus
837 4018 998 4073 sancti
1024 4035 1042 4072 :
1065 4017 1155 4072 20.
1202 4017 1435 4069 docentes
1458 4030 1541 4069 eos
1567 4028 1765 4068 seruare
1785 4027 1896 4065 om-

327 4119 412 4169 nia
453 4130 773 4185 quwcmuquc
816 4111 1053 4165 "mndavi
1094 4108 1250 4162 vobis.
1289 4107 1364 4160 De
1389 4105 1743 4175 dogmatibus,
1770 4104 1895 4159 item

325 4210 393 4262 de
425 4207 708 4278 praeceptis
746 4188 1027 4267 mandans,
1071 4198 1378 4255 Judzeorum
1406 4211 1473 4251 ne
1502 4195 1746 4251 meminit
1775 4195 1895 4264 qui-

325 4302 470 4365 dem,
501 4314 672 4368 neque
698 4298 750 4350 in
779 4295 1010 4349 medium
1043 4290 1245 4361 profert
1270 4305 1332 4346 ea
1361 4305 1478 4359 qua:
1501 4288 1633 4343 facta
1663 4289 1892 4355 fuerant,

327 4405 499 4459 neque
525 4389 683 4442 Petro
713 4384 1068 4455 negationem,
1097 4381 1181 4437 vel
1205 4381 1429 4434 aliorum
1476 4378 1567 4434 ulli
1601 4378 1776 4448 fugam
1804 4393 1899 4433 ex-

328 4481 578 4550 probrat;
605 4478 756 4546 jubet
781 4485 958 4530 autem
987 4489 1091 4543 per-
1109 4472 1293 4527 orbem
1321 4470 1521 4527 cll'uudi
1549 4468 1897 4538 compendio—

328 4586 439 4627 sam
465 4570 608 4624 illam
647 4566 893 4637 baptismi
929 4565 1248 4620 doctrinam.
1292 4562 1495 4617 Deinde
1539 4563 1661 4631 quia
1708 4574 1898 4629 magna

326 4664 433 4718 illis
454 4668 797 4732 praeceperat,
827 4659 1060 4728 ipsorum
1096 4658 1303 4710 animos
1323 4654 1593 4718 attollens,
1629 4652 1735 4704 ait:
1769 4649 1901 4703 Ecce

325 4769 417 4822 ego
442 4752 691 4805 vobiscum
712 4766 823 4803 sunt
850 4747 1080 4801 omnibus
1101 4743 1275 4797 diebus
1301 4758 1456 4810 usque
1482 4742 1549 4794 ad
1573 4755 1896 4793 consumma-

326 4847 512 4898 tionem
552 4841 744 4895 swculi.
786 4839 974 4893 Viden’
1009 4851 1220 4892 rursum
1267 4831 1680 4886 auctoritatem?
1724 4828 1898 4883 viden’

323 4933 596 5006 quomodo
624 4932 707 4985 illa
738 4944 857 4985 sese
883 4923 1272 4995 attemperaudi
1311 4936 1473 4977 causa
1507 4918 1739 4974 dixerit?
1779 4916 1893 4970 Non

322 5043 444 5082 cum
472 5026 575 5079 illis
600 5025 771 5078 solum
794 5037 853 5076 se
881 5022 990 5074 fore
1011 5019 1165 5082 dixit,
1194 5015 1290 5071 sed
1316 5015 1474 5067 etiam
1502 5026 1622 5064 cum
1649 5008 1898 5063 omnibus

324 5119 412 5187 qui
444 5115 707 5185 postillos
736 5111 991 5166 credituri
1019 5118 1192 5162 erant.
1245 5105 1425 5173 Neque
1471 5100 1617 5156 enim
1669 5098 1896 5168 apostoli

326 5222 492 5275 usque
542 5205 606 5256 ad
658 5199 1171 5256 consummationem
1200 5195 1378 5250 saaculi
1410 5192 1649 5246 mansuri
1691 5199 1847 5245 erant
1878 5205 1893 5241 :

325 5297 419 5352 sed
458 5293 702 5349 fidelibus
748 5290 994 5344 omnibus
1052 5288 1203 5357 quasi
1242 5286 1329 5340 uni
1381 5282 1590 5351 corpori
1637 5281 1892 5350 loquitur.

323 5387 402 5444 Ne
448 5386 600 5451 mihi,
631 5382 822 5452 inquit,
864 5379 1230 5435 difficultatem
1258 5393 1435 5432 rerum
1477 5373 1721 5428 dixeritis
1761 5386 1897 5441 tego

323 5481 468 5534 enim
511 5477 783 5531 vobiscum
814 5487 954 5537 sum,
997 5471 1088 5540 qui
1116 5470 1296 5525 omnia
1338 5468 1510 5523 facilia
1553 5465 1741 5520 reddo.
1785 5464 1897 5518 Iloc

388 5612 407 5646 ι
442 5608 726 5662 Commelin.
763 5613 814 5656 et
849 5602 1012 5653 Morel.
1034 5601 1243 5660 habent,
1270 5606 1324 5650 Et
1363 5599 1655 5662 divulgatum
1690 5603 1760 5646 est
1795 5605 1901 5645 ver-

325 5673 439 5723 bum
456 5672 547 5725 hoc
562 5670 695 5734 apud
708 5672 920 5718 Judwos.

621 5756 897 5815 ΡΑτιιοι.
944 5753 1061 5815 Gn.
1109 5750 1322 5815 LVIII.

1347 274 1416 332 IN
1453 268 1858 328 MATTILEUM
1896 268 2125 325 ιιωιιι.
2151 268 2263 327 XC.
2293 274 2364 328 al.
2405 272 2543 332 XCI.

3485 279 3594 337 790

2019 382 2180 436 etiam
2230 383 2505 454 prophetis
2548 387 2600 440 in
2649 388 2815 443 veteri
2837 387 2957 461 lege
2982 390 3236 450 dicebat:
3265 400 3322 448 ct
3342 374 3593 450 Ieremia;

2015 474 2293 540 pueritiam
2335 475 2668 544 obtendenti,
2711 486 2767 534 et
2811 480 2979 552 Moysi
3012 491 3068 536 et
3094 481 3362 539 Ezechiell
3383 483 3596 540 subter-

2013 560 2358 632 fugientibus,
2391 564 2499 638 Ego
2519 568 2769 623 uobiscum
2792 586 2923 637 sum,
2951 571 3142 641 inquit.
3169 572 3282 630 Hoc
3307 572 3412 629 illis
3451 588 3594 630 nunc

2012 651 2158 707 dicit.
2204 654 2301 709 llic
2328 670 2457 711 vero
2482 659 2611 713 mihi
2636 661 2851 716 illorum
2879 662 3231 721 differentiam
3259 667 3586 724 consideres.

2013 741 2095 797 Illi
2123 744 2264 799 enim
2292 745 2358 800 ad
2387 761 2544 802 unam
2569 751 2717 806 missi
2745 762 2983 822 gentem,
3031 770 3177 828 saepe
3223 768 3538 815 recusarunt
3570 777 3586 814 :

2013 831 2068 885 hi
2114 832 2245 887 nihil
2270 833 2575 904 bujusmodi
2604 839 2811 910 loquuti
2834 853 2982 912 sunt,
3029 846 3082 901 in
3112 847 3297 903 orbem
3325 859 3586 905 terrarum

2011 927 2179 983 missi.
2222 928 2330 986 Illis
2355 946 2485 987 vero
2521 939 3034 995 consummationem
3074 951 3479 1008 commemorat,
3530 951 3588 998 ut

2012 1019 2182 1090 magis
2202 1022 2324 1078 illos
2348 1025 2703 1095 pertraheret,
2743 1037 2799 1083 et
2841 1045 2909 1084 ne
2938 1034 3217 1099 praesentia
3246 1034 3419 1089 solum
3449 1034 3588 1103 inju-

2011 1108 2183 1164 cunda
2209 1113 2598 1182 conSpicerent,
2631 1117 2727 1172 sed
2747 1116 2925 1173 futura
2953 1119 3038 1173 illa
3061 1120 3263 1176 infinita
3290 1121 3447 1178 bona.
3475 1123 3586 1177 Ad-

2013 1214 2168 1255 versa
2211 1203 2375 1272 enim,
2424 1204 2616 1277 inquit,
2662 1222 2782 1278 qua:
2824 1210 3031 1279 passuri
3071 1212 3221 1278 estis,
3252 1213 3305 1267 in
3334 1214 3581 1283 prtesenti

2010 1289 2118 1345 vita
2163 1291 2463 1360 solvuntur,
2502 1295 2931 1368 quandoquidem
2958 1309 3012 1355 et
3038 1301 3211 1372 ipsum
3248 1304 3500 1358 stcculum
3527 1304 3582 1359 in

2014 1384 2529 1439 consummationem
2575 1388 2800 1443 veniet:
2835 1389 2975 1444 bona
3000 1405 3152 1454 vero,
3198 1391 3391 1461 quibus
3437 1393 3580 1449 frue-

2012 1469 2162 1535 mini,
2192 1481 2390 1527 aeterna
2419 1484 2659 1541 manent,
2692 1486 2749 1531 ut
2774 1492 2917 1548 saepe
2945 1479 3054 1535 dixi
3084 1481 3348 1550 superius.
3378 1481 3468 1538 Sic
3488 1497 3580 1538 eo-

2009 1574 2129 1614 rum
2174 1561 2381 1617 animos
2423 1566 2664 1621 excitans
2686 1581 2797 1637 ,per
2822 1568 2963 1624 illius
2988 1569 3095 1626 diei
3117 1571 3583 1633 commemoratio-

2010 1662 2133 1702 nem
2170 1650 2316 1705 misit
2350 1666 2464 1708 eos.
2512 1655 2634 1711 Dies
2652 1659 2796 1713 enim
2820 1657 2910 1713 illa
2931 1670 3078 1716 recte
3102 1660 3401 1717 viventibus
3426 1669 3581 1731 opta-

2010 1738 2151 1805 bilis,
2201 1749 2259 1795 ut
2298 1745 2665 1811 peceatoribus
2707 1748 2979 1813 terribilis,
3028 1758 3209 1819 utpote
3241 1750 3579 1807 damnandis.

2009 1824 2115 1882 Sed
2161 1844 2227 1883 ne
2260 1829 2558 1899 timeamus,
2606 1849 2706 1890 nec
2737 1834 3053 1919 horreamus
3080 1846 3303 1905 tantum,
3330 1839 3426 1895 sed
3452 1839 3582 1895 dum

2010 1926 2220 1988 tempus
2245 1929 2349 1987 est,
2376 1922 2741 1993 immutantur,
2775 1935 2829 1983 et
2854 1942 2921 1983 ex
2943 1927 3177 1999 nequitia
3202 1944 3535 2001 emergamus
3562 1948 3577 1985 :

2008 2025 2293 2080 possumus
2322 2015 2487 2082 enim,
2515 2016 2561 2071 si
2584 2018 2926 2074 voluerimus.
2977 2020 3111 2076 Nam
3135 2022 3179 2076 si
3209 2030 3337 2078 ante
3358 2022 3581 2093 gratiam

2008 2102 2159 2155 multi
2185 2101 2285 2157 hoc
2316 2102 2572 2170 fecerunt,
2613 2107 2781 2163 multo
2805 2109 2972 2178 magis
3000 2118 3120 2179 post
3141 2112 3365 2180 gratiam
3397 2113 3506 2169 fiet.

2077 2192 2131 2245 5.
2175 2190 2325 2246 Nihil
2349 2193 2549 2263 diﬁcile
2571 2195 2624 2249 in
2655 2198 2918 2267 prwceptis
2945 2197 3153 2254 Christi.
3176 2230 3247 2242 —-
3272 2202 3410 2270 Quid
3436 2205 3580 2260 enim

2007 2293 2169 2348 grave
2195 2291 2514 2352 praeceptum
2540 2285 2697 2341 nobis
2721 2286 2846 2340 est?
2885 2301 2952 2342 an
2998 2299 3208 2346 montes
3248 2294 3471 2348 secare?
3510 2309 3581 2351 an

2007 2370 2186 2426 volare
2214 2386 2309 2441 per
2335 2388 2512 2429 aerem
2532 2375 2557 2429 1'
2574 2385 2669 2431 aut
2694 2376 3023 2449 Tyrrhenum
3053 2381 3272 2453 pelagus
3303 2384 3581 2454 tmjicere?

2007 2459 2346 2532 Nequaquam
2376 2483 2388 2517 :
2415 2465 2508 2521 sed
2537 2467 2695 2522 vitam
2728 2468 2799 2524 ita
2835 2467 3041 2526 facilem
3065 2473 3220 2527 nobis
3248 2475 3494 2545 iniunxit,
3522 2489 3582 2533 ut

2010 2555 2380 2614 instrumentis
2408 2561 2540 2615 nihil
2568 2577 2703 2631 opus
2731 2564 2821 2628 sit,
2866 2565 2959 2620 sed
2996 2566 3177 2622 animo
3214 2576 3271 2623 et
3313 2568 3583 2625 voluntate

2008 2652 2234 2702 tantum.
2283 2649 2413 2715 Qua:
2458 2652 2808 2710 instrumenta
2846 2654 3145 2713 habuerunt
3187 2661 3437 2729 apostoli,
3490 2663 3581 2732 qui

2008 2745 2090 2792 tot
2112 2739 2364 2808 praeclara
2389 2746 2707 2812 gesserunt?
2750 2746 2940 2802 Annon
2967 2763 3071 2802 una
3099 2748 3265 2805 induti
3293 2752 3493 2817 tunica,
3526 2765 3582 2808 et

2008 2829 2165 2885 nudis
2209 2831 2433 2901 pedibus
2485 2844 2669 2901 erant,
2720 2846 2775 2891 et
2820 2837 2997 2893 omnia
3042 2842 3400 2910 superarunt?
3441 2842 3580 2910 Quid

2008 2919 2148 2974 enim
2178 2919 2394 2976 difficile
2420 2922 2471 2977 in
2502 2926 2791 2995 przeceptis.
2819 2925 3014 2984 Christi
3062 2930 3188 2985 est?
3224 2930 3436 2988 Nullum
3479 2933 3579 2989 ba-

2006 3008 2135 3064 beas
2160 3010 2465 3077 inimicum;
2496 3016 2761 3071 neminem
2788 3017 2912 3073 odio
2937 3017 3163 3086 habeas;
3192 3024 3388 3080 nemini
3416 3025 3579 3082 male-

2006 3097 2173 3154 dicas.
2216 3099 2345 3166 Qua
2370 3100 2454 3156 bis
2481 3112 2603 3158 sunt
2629 3107 2917 3173 contraria,
2950 3108 3247 3167 difficiliora
3285 3124 3430 3170 sunt.
3471 3115 3576 3172 Sed

2007 3190 2158 3256 dixit,
2188 3193 2414 3263 inquies,
2447 3197 2704 3253 Pecunias
2728 3198 2916 3269 ahjice.
2942 3199 3013 3256 Et
3030 3201 3132 3257 hoc
3151 3220 3436 3262 onerosum
3462 3210 3580 3263 est?

2006 3286 2120 3340 Ima
2150 3302 2278 3342 vero
2305 3302 2409 3343 non
2439 3292 2712 3361 prmecpit,
2744 3293 2836 3348 sed
2860 3293 2959 3349 hoc
2979 3295 3258 3352 consilium
3286 3298 3447 3354 dedit.
3472 3299 3577 3357 Sed

2005 3381 2131 3435 volo
2156 3379 2257 3434 hoc
2282 3395 2402 3436 csse
2432 3392 2774 3452 prteceptum,
2801 3400 2941 3440 anne
2962 3401 3119 3456 grave
3147 3396 3248 3456 est,
3282 3405 3446 3446 ontera
3470 3407 3577 3447 non

2006 3469 2166 3536 ferre,
2195 3487 2294 3526 nec
2323 3471 2711 3529 sollicitudines
2746 3475 3180 3547 intempestivas?
3221 3478 3327 3537 Sed
3357 3498 3391 3537 ο
3421 3484 3581 3540 misc-

2005 3576 2121 3616 ram
2156 3564 2495 3630 pecuniarum
2541 3564 2881 3621 aviditatem!
2932 3566 3119 3622 Omnia
3155 3572 3395 3640 pecunite
3439 3573 3577 3631 facta

2005 3662 2149 3720 sunt,
2177 3653 2297 3710 ideo
2321 3655 2499 3710 omnia
2528 3670 2621 3711 sus
2647 3656 2817 3727 deque
2843 3660 3012 3728 posita
3042 3671 3186 3717 sunt.
3215 3663 3270 3720 Si
3299 3666 3418 3736 quis
3449 3666 3582 3724 beao

2007 3751 2117 3797 tum
2147 3744 2448 3813 quempiam
2474 3746 2722 3813 aestimet,
2771 3748 2988 3804 istarum
3039 3754 3363 3809 mentionem
3403 3755 3529 3813 facit
3560 3776 3575 3812 :

2005 3835 2050 3887 si
2097 3833 2347 3888 miserum
2394 3842 2541 3902 putet
2564 3874 2579 3898 ,
2642 3834 2767 3891 hinc
2810 3838 3225 3896 commiseratio.
3274 3842 3581 3916 Omnesque

2004 3937 2282 3977 sermones
2304 3922 2388 3977 his
2414 3924 2467 3978 in
2496 3924 2658 3978 rebus
2677 3935 2955 3981 versantur
3000 3945 3015 3981 :
3060 3928 3339 3997 Quomodo
3371 3932 3458 3989 hic
3499 3935 3581 3991 di-

2005 4012 2202 4067 tescit?
2252 4013 2521 4081 quomodo
2563 4012 2652 4067 ille
2703 4029 2902 4085 pauper
2929 4016 3044 4072 est?
3071 4017 3128 4073 Si
3163 4021 3282 4090 quis
3311 4022 3576 4092 militiam,

2005 4105 2049 4158 si
2077 4104 2421 4172 connubium,
2449 4105 2493 4158 si
2525 4116 2716 4170 artem,
2747 4106 2792 4160 si
2824 4108 3032 4176 quidvis
3059 4110 3201 4165 aliud
3228 4118 3440 4184 tractet,
3472 4130 3578 4172 non

2004 4196 2150 4265 prius
2179 4194 2254 4250 rei
2286 4209 2498 4249 manum
2525 4195 2789 4261 admovet,
2813 4211 2969 4267 quam
2998 4199 3187 4256 viderit
3214 4217 3300 4257 res
3327 4219 3582 4275 prospere

2004 4297 2060 4343 et
2085 4296 2328 4357 prompte
2350 4286 2452 4344 sibi
2472 4301 2715 4343 cessuras
2740 4302 2869 4343 esse
2907 4288 3106 4361 Hisque
3129 4294 3431 4365 conspectis
3453 4310 3581 4353 con-

2004 4380 2203 4450 gregati
2233 4395 2338 4434 non
2363 4379 2807 4448 consultabimus,
2849 4383 3118 4451 quomodo
3151 4384 3293 4441 hunc
3332 4389 3579 4446 morbum

2007 4470 2307 4541 pellemus?
2342 4485 2449 4526 non
2490 4485 2590 4525 nos
2637 4470 2851 4538 pudebit
2897 4485 3082 4527 eorum
3131 4488 3250 4544 quae
3283 4491 3314 4530 a
3340 4477 3580 4546 patribus

2006 4563 2261 4634 prmclare
2287 4562 2428 4618 facta
2457 4561 2616 4617 sunt?
2646 4577 2744 4617 nec
2772 4574 2855 4616 tcr
2882 4563 3027 4617 mille
3048 4563 3188 4632 illos,
3218 4573 3274 4621 et
3297 4568 3580 4638 quinquies

2005 4656 2170 4720 mille,
2197 4655 2284 4723 qui
2306 4656 2609 4709 communia
2640 4655 2905 4709 habebant
2933 4654 3133 4720 omnia,
3180 4658 3581 4725 spectabimus?

2005 4744 2134 4810 Quae
2163 4744 2439 4813 praesentis
2465 4745 2588 4797 vitae
2616 4744 2840 4808 utilitas,
2863 4744 2907 4796 si
2932 4744 3044 4813 ipsa
3068 4744 3136 4797 ad
3165 4745 3393 4801 futuram
3418 4764 3581 4816 nego-

2008 4836 2275 4889 tiationem
2307 4848 2412 4887 non
2442 4842 2652 4888 utamur
2670 4835 2695 4886 ?
2727 4833 3014 4904 Quousque
3041 4834 3281 4890 servituti
3314 4851 3418 4891 non
3448 4839 3565 4893 sub-

2002 4926 2196 4995 jicietis
2228 4940 2582 4980 mammonam
2603 4965 2620 4991 ,
2664 4925 2754 4995 qui
2791 4925 2844 4979 in
2872 4925 3182 4981 servitutem
3209 4941 3305 4982 vos
3331 4928 3580 4999 redegit?

2006 5017 2114 5069 imo
2143 5015 2317 5085 potius
2336 5028 2615 5083 quousque,
2632 5015 2770 5069 servi
2795 5013 2943 5069 eritis
2961 5015 3298 5084 pecuniarum
3321 5017 3345 5068 ἳ
3371 5032 3576 5088 quous-

2006 5122 2110 5176 que
2158 5121 2266 5160 non
2296 5105 2538 5159 amabitis
2565 5102 2889 5172 libertatem,
2930 5121 3030 5159 nec
3072 5106 3306 5160 avaritiae
3334 5108 3579 5177 negotia-

2008 5198 2179 5251 tiones
2205 5196 2556 5264 dirumpetis?
2585 5195 2689 5250 Sed
2733 5197 2777 5249 si
2808 5195 3083 5250 hominum
3113 5197 3253 5251 servi
3280 5197 3416 5265 sitis,
3443 5197 3575 5252 nihil

2006 5304 2112 5342 non
2140 5287 2315 5357 agitis,
2359 5287 2403 5340 si
2438 5287 2555 5353 quis
2579 5287 2731 5341 vobis
2758 5286 3052 5341 libertatem
3079 5287 3349 5356 promittat
3380 5304 3393 5341 :
3422 5300 3579 5345 cum-

2006 5393 2112 5445 que
2153 5375 2269 5430 sitis
2313 5375 2551 5429 avaritia:
2587 5377 2802 5445 captivi,
2834 5391 2934 5430 nec
2964 5375 3208 5445 cogitatis
3231 5388 3332 5443 qua
3362 5376 3571 5430 ratione

2006 5465 2221 5535 possitis
2249 5466 2315 5520 ab
2348 5465 2446 5520 hac
2470 5464 2604 5521 dura
2646 5466 2946 5535 captivitate
2987 5465 3222 5521 liberari.
3270 5465 3428 5536 Atqui
3482 5466 3572 5521 illa

2008 5573 2112 5612 non
2157 5558 2331 5628 gravis
2369 5566 2484 5622 est;
2533 5557 2646 5612 haec
2671 5573 2798 5611 vero
2839 5557 3074 5628 tyrannis
3101 5566 3182 5611 est
3209 5555 3572 5612 acerbissima.

2008 5647 2246 5718 Cogitate
2269 5658 2520 5720 quantum
2545 5664 2644 5715 pro
2669 5649 2820 5705 nobis
2834 5649 3064 5713 pretium
3092 5645 3565 5713 deposuerittlhri-

3116 5753 3192 5815 21
