4058 6144
431 238 529 294 τθι
1155 221 1211 276 s.
1252 215 1527 273 JOANNIS
1563 207 2031 281 cutn'sosront
2074 170 2953 267 AlttllllEP.CONSTANTINOP.

441 360 575 408 stus.
602 346 922 418 Sanguinem
942 357 1106 399 suam
1128 329 1347 395 obfudit,
1380 327 1613 396 seipsnm
1643 321 1881 378 tradidit.
1912 318 2021 418 \los

442 450 619 497 autem
644 411 764 507 post
794 436 908 489 hanc
934 431 1113 487 omnia
1140 418 1426 482 decidistis
1468 434 1486 507 ξ
1527 414 1773 507 quodque
1815 411 2025 507 gravius

444 540 547 594 cst,
572 500 922 585 ln‘scrvitute
963 509 1336 575 delcetamint’.
1380 507 1432 561 in
1476 503 1765 594 ignominia
1804 500 2026 594 deiicia-

446 589 596 686 miui,
616 615 832 686 etquod
864 610 1167 682 fugiendum
1193 614 1331 667 erat,
1368 598 1520 651 vobis
1545 591 1779 663 optabile
1802 590 1904 686 fuit
1922 589 2024 686 (tt).

464 686 468 690 Δ
498 682 732 766 Paccium
740 705 1062 778 cupiditatem
1074 697 1340 754 etauitm'am
1347 687 1735 748 mtimationem
1748 682 2026 778 redarguit,

454 801 686 856 Pecunia:
704 768 959 853 seruanda:
979 786 1315 847 incommoda.
1338 777 1671 848 Paupertatis
1698 768 2030 827 bona.—Sed

384 924 393 934 ν
448 892 569 961 quia
596 904 701 944 non
735 882 1125 956 deplorandum
1150 876 1407 935 modeest
1447 878 1505 924 ct
1534 864 1904 961 incusandum,
1933 859 2031 961 sed

449 953 608 1038 etiam
641 953 1052 1037 emendandum,
1081 971 1353 1027 videamus
1391 961 1661 1019 undenam
1703 956 1789 1011 hic
1815 953 2031 1008 morbus

452 1073 607 1127 nobis
628 1068 869 1125 amabilis
885 1067 1027 1121 visus
1046 1064 1134 1118 sit.
1158 1057 1456 1119 Undeuam,
1476 1050 1617 1106 unde
1634 1045 1877 1102 amabilis
1898 1042 2031 1096 fuit?

452 1164 584 1230 Quia
605 1159 854 1230 ingloria,
872 1155 1098 1225 inquies,
1115 1161 1169 1207 et
1185 1151 1237 1205 in
1254 1146 1538 1202 securitate
1548 1136 1839 1194 constituit.
1861 1134 1915 1189 In
1929 1148 2032 1203 qua

455 1267 656 1325 qumSo,
678 1246 998 1306 securitate?
1018 1241 1167 1313 Quod
1189 1236 1516 1295 conﬁdamus
1532 1231 1646 1325 fore
1667 1239 1725 1325 ut
1745 1240 2033 1296 numquam

403 1334 406 1337 ’
456 1319 774 1406 esuriamus,
816 1349 1104 1406 numquam
1143 1331 1432 1401 algeamns,
1474 1339 1587 1377 non
1624 1319 1899 1384 lzrdamur,
1927 1332 2033 1372 non

457 1444 878 1493 contemnantur.
900 1427 1079 1495 Itaque
1092 1422 1134 1478 si
1150 1421 1287 1476 hanc
1303 1417 1393 1472 tibi
1407 1413 1743 1475 securitatem
1761 1409 2034 1480 pollicear,

467 1521 759 1578 abstinebis
782 1535 812 1573 a
841 1516 1143 1572 divitiarum
1168 1506 1489 1579 cupiditate?
1524 1503 1575 1559 si
1594 1503 1737 1558 enim
1765 1501 1885 1556 ideo
1912 1506 2036 1557 sunt

463 1614 660 1673 uiritim
688 1603 1104 1679 expetendm,-si
1146 1601 1355 1670 absque
1375 1596 1488 1651 illis
1514 1593 1860 1679 securitatem
1901 1604 2035 1643 nan-

448 1701 586 1757 .eisci
618 1678 902 1770 possimus,
922 1693 1057 1765 quid
1091 1690 1191 1747 tibi
1209 1689 1316 1760 jam
1345 1687 1449 1741 illis
1469 1698 1605 1753 opus
1638 1680 1783 1737 erit?
1806 1678 1873 1735 Et
1898 1693 2036 1749 quo-

464 1791 621 1844 modo
652 1795 841 1857 potest,
873 1783 1099 1853 inquies,
1132 1780 1179 1834 is
1201 1779 1291 1848 qui
1319 1777 1469 1832 dives
1504 1788 1610 1829 non
1631 1780 1731 1837 est,
1764 1770 1879 1829 hzrc
1906 1783 2040 1857 cen-

460 1868 618 1938 sequi
640 1856 790 1921 ‘Hmn
804 1879 936 1921 vero
961 1862 1238 1935 quomodo
1272 1864 1394 1931 (ego
1410 1859 1557 1915 enim
1585 1857 1935 1915 contrarium
1965 1856 2054 1914 die

456 1956 608 2028 .catn)
660 1956 707 2012 is
741 1955 837 2027 qui
890 1954 1045 2010 dives
1095 1952 1224 2009 est?
1272 1950 1411 2006 Nam
1458 1958 1520 2006 ut
1566 1950 1755 2005 nmltis
1800 1949 2056 2006 aduletur

469 2069 689 2110 necesse
713 2059 815 2117 est,
844 2057 905 2107 et
931 2046 1255 2120 principibus
1281 2042 1608 2109 et-subditis,
1654 2049 1715 2097 ut
1753 2040 2048 2096 innumeris

470 2160 603 2214 opus
626 2141 815 2197 haheat
835 2149 891 2195 et
919 2136 1247 2195 illiberaliter
1275 2134 1493 2201 serviat,
1525 2140 1751 2197 tremat,
1768 2140 2047 2201 suspectos

473 2234 687 2298 haheat,
730 2230 1032 2289 invidorum
1079 2227 1287 2294 oculos,
1330 2224 1781 2297 sycophantarum
1808 2237 1902 2279 ora
1931 2237 2046 2278 me-

474 2334 604 2389 tuat,
652 2323 981 2392 aliorumque
1013 2333 1295 2375 avarorum
1328 2315 1666 2387 cupiditates.
1708 2315 1778 2369 At
1817 2327 2047 2383 pauper-

473 2428 557 2475 tas
584 2430 689 2469 non
714 2414 854 2477 talis,
881 2411 974 2467 sed
1001 2410 1155 2480 plane
1175 2408 1257 2463 his
1278 2406 1569 2463 contraria.
1596 2405 1770 2469 Locus
1799 2412 1880 2460 cst
1909 2412 2053 2458 tutus

473 2518 781 2570 ctseeurus,
810 2512 994 2576 portus
1016 2499 1352 2571 tranquillus,
1373 2497 1615 2568 palaestra
1638 2505 1693 2551 et
1717 2494 2056 2567 gymnasium

438 2594 445 2600 ’
480 2598 863 2671 philosophia},
902 2596 1155 2668 angelicae
1198 2592 1323 2650 vitae
1373 2590 1621 2648 imitatio.
1666 2588 1795 2645 llaec
1838 2587 2056 2655 audite,

477 2698 735 2761 quotquot
781 2701 1041 2759 pauperes
1087 2684 1255 2750 estis;
1306 2685 1415 2738 imo
1455 2696 1583 2736 vero
1618 2687 1881 2750 quotquot
1916 2678 2058 2735 dite-

479 2799 633 2838 scere
655 2781 837 2837 vultis.
864 2779 980 2835 Non
1003 2792 1289 2851 pauperem
1315 2789 1456 2841 esse,
1482 2773 1576 2830 sed
1603 2772 1745 2829 nolle
1771 2786 2067 2843 pauperem.

482 2889 621 2939 esse,
648 2875 845 2928 malum
867 2878 970 2927 est.
1002 2869 1080 2927 Ne
1104 2884 1264 2940 grave
1283 2866 1554 2945 quidpiam
1587 2877 1740 2934 putes
1780 2878 1903 2920 esse
1935 2878 2063 2933 pau-

483 2972 767 3034 pertatem,
806 2976 990 3032 neque
1017 2961 1195 3032 gravis
1223 2959 1328 3014 erit
1366 2957 1464 3013 illa
1508 2957 1622 3015 tibi.
1665 2956 1781 3013 Non
1825 2957 1967 3011 enim
2008 2958 2062 3011 in

486 3063 670 3109 natura
721 3054 820 3119 rei,
870 3053 963 3109 sed
1005 3053 1059 3106 in
1105 3051 1344 3106 mollium
1373 3049 1609 3104 virorum
1646 3047 1848 3116 judicio
1891 3058 2066 3103 metus

486 3146 588 3199 iste
614 3144 786 3198 locum
820 3142 995 3197 habet.
1017 3140 1154 3207 Quin
1177 3141 1336 3195 etiam
1363 3153 1451 3196 me
1475 3137 1717 3209 puderet,
1740 3138 1786 3193 si
1816 3136 1919 3192 hoc
1947 3146 2065 3191 tan-

489 3244 597 3289 tum
629 3233 695 3287 dc
740 3241 1047 3309 paupertate
1076 3230 1253 3287 dicere
1288 3244 1525 3301 possem,
1569 3228 1714 3298 quod
1754 3244 1818 3285 ea
1870 3228 2066 3284 malum

489 3342 593 3401 non
620 3326 727 3389 sit;
774 3339 895 3381 nam
936 3324 982 3379 si
1022 3323 1436 3394 philosopheris,
1482 3321 1628 3376 mille
1671 3320 1766 3375 tibi
1809 3319 2068 3375 bonorum

491 3418 610 3471 fons
647 3416 768 3470 erit.
804 3416 871 3470 Et
896 3414 943 3469 si
969 3415 1088 3484 quis
1118 3414 1210 3468 tibi
1239 3413 1362 3467 hinc
1392 3413 1675 3481 imperium
1695 3451 1711 3475 ,
1739 3410 1924 3466 civiles
1950 3424 2070 3464 ma-

494 3509 765 3576 gistratus,
805 3504 1037 3569 divitias,
1079 3502 1422 3572 deliciasque,
1455 3501 1579 3557 inde
1625 3515 1751 3556 vero
1787 3510 2070 3570 pauperta-

497 3608 602 3653 tem
630 3602 967 3666 proponeret,
996 3593 1382 3664 optionemque
1408 3593 1582 3657 daret,
1619 3591 1760 3648 hanc
1788 3592 1964 3649 subito
1988 3608 2075 3648 ra-

498 3698 671 3757 percs,
693 3685 740 3740 si
762 3684 881 3754 ejus
907 3693 1085 3739 notam
1115 3682 1342 3738 haberes
1367 3681 1762 3739 excellentiam.

563 3776 618 3832 4.
664 3772 986 3846 Paupertatis
1005 3772 1401 3829 laudem—Scio
1419 3771 1635 3844 quidem
1666 3771 1863 3827 multos
1875 3770 2075 3838 ridere,

497 3865 624 3922 dum
654 3865 767 3922 haec
782 3866 1061 3929 dicuntur;
1088 3864 1182 3920 sed
1210 3877 1307 3919 nos
1327 3862 1546 3919 minime
1572 3863 1867 3919 turbamur.
1886 3862 2079 3930 Qumso

500 3964 723 4023 unitum,
750 3955 1009 4026 patienter
1037 3954 1284 4033 audiatis,
1315 3962 1371 4010 et
1394 3954 1502 4009 cito
1522 3951 1798 4009 nobiscum
1813 3953 2077 4011 calculum

501 4048 703 4105 iet-etis.
745 4047 870 4102 Mihi
919 4055 1201 4117 paupertas
1251 4046 1439 4101 similis
1476 4059 1598 4100 esse
1643 4044 1853 4102 videtur
1891 4045 2083 4115 puella:

501 4148 721 4204 omnia),
745 4137 977 4209 pulchrae
1001 4145 1056 4191 et
1073 4135 1352 4191 formosae:
1383 4135 1607 4191 avaritia
1621 4149 1750 4192 vero
1765 4146 2084 4192 monstrosa:

505 4228 736 4293 mulieri,
763 4226 978 4297 Scyllae,
1012 4225 1216 4296 hydrzc,
1250 4224 1619 4294 similibusque
1649 4224 1905 4279 monstris
1924 4265 1940 4287 .
1964 4240 2083 4295 quat

508 4323 707 4374 tinxere
752 4316 1067 4388 mythologi.
1112 4315 1189 4370 Nc
1223 4314 1352 4370 mihi
1393 4315 1719 4385 paupertatis
1747 4324 2087 4371 accusatores

508 4414 560 4466 in
606 4407 839 4466 medium
882 4406 1094 4477 ail‘eras,
1138 4406 1232 4462 sed
1261 4420 1355 4461 eos
1382 4407 1472 4477 qui
1516 4421 1612 4476 per
1656 4406 1826 4477 ipsam
1855 4406 2087 4462 illustres

509 4506 739 4561 fuerunt.
782 4501 916 4557 Cum
960 4501 1060 4557 hac
1097 4500 1353 4567 educatus
1385 4501 1554 4567 Elias,
1593 4511 1749 4570 raptu
1792 4501 1886 4556 illo
1930 4501 2086 4557 beato

507 4599 752 4670 dignatus
777 4603 895 4661 est;
926 4609 1047 4649 cum
1087 4592 1188 4648 hac
1212 4594 1389 4649 clarus
1425 4593 1521 4648 fuit
1550 4593 1809 4660 Elisatus;
1840 4608 1962 4648 cum
1986 4592 2089 4648 hac

510 4693 746 4750 Joannes
773 4704 828 4750 et
851 4693 1075 4765 apostoli
1104 4708 1293 4748 omnes
1324 4709 1338 4748 :
1367 4706 1489 4748 cum
1508 4692 1596 4746 illa
1615 4706 1744 4747 vero
1764 4690 1967 4756 Achab,
1996 4689 2091 4745 .leo‘

508 4783 682 4851 zabel,
709 4784 875 4850 Giczi,
902 4783 1091 4851 ludas,
1117 4783 1281 4849 Nero,
1304 4782 1534 4853 Caiphas
1558 4781 1793 4837 damnati
1818 4789 1958 4836 sunt.
1981 4781 2089 4837 Sed

510 4876 552 4928 si
584 4875 778 4945 placet,
810 4891 878 4931 ne
907 4875 1028 4930 illos
1054 4884 1256 4930 tantum
1285 4875 1374 4943 qui
1405 4875 1456 4927 in
1484 4880 1797 4943 paupertate
1813 4870 2044 4927 ﬂoruere
2066 4911 2083 4939 ,

510 4966 606 5022 sed
626 4967 768 5021 illam
799 4967 963 5036 ipsam
982 4966 1173 5036 puellae
1192 4964 1641 5035 pulchritudinem
1667 4963 2087 5020 consideremus.

513 5056 570 5111 Si
593 5055 807 5126 quidem
854 5057 1042 5112 oculus
1074 5055 1191 5126 ejus
1220 5069 1382 5126 purus
1415 5062 1501 5110 est
1542 5063 1598 5109 ct
1634 5053 1918 5118 dilucidus,
1959 5053 2092 5109 nihil

514 5146 783 5204 turbidum
812 5146 1037 5211 habens,
1057 5153 1115 5201 ut
1137 5145 1303 5201 habet
1325 5145 1513 5201 oculus
1533 5144 1796 5210 avaritiae,
1830 5142 1919 5213 qui
1951 5158 2094 5199 nunc

517 5240 619 5307 ira,
650 5253 792 5295 nunc
833 5237 1101 5307 voluptate
1141 5236 1333 5307 plenus
1357 5246 1440 5291 est
1463 5277 1479 5302 ,
1519 5249 1661 5291 nunc
1685 5233 2093 5305 intemperantia

516 5330 781 5386 turbatus.
810 5328 881 5384 At
906 5344 1011 5384 non
1040 5326 1259 5397 perinde
1278 5341 1338 5384 se
1354 5324 1522 5382 habet
1535 5325 1720 5381 oculus
1746 5324 2092 5396 paupertatis,

514 5421 609 5477 sed
638 5430 949 5477 mansuetus
979 5428 1082 5485 est,
1111 5431 1353 5484 serenus,
1382 5417 1617 5471 suaviter
1640 5430 1827 5471 omnes
1856 5415 2091 5479 intuens,

579 5557 653 5618 (tr)
683 5556 742 5606 In
780 5556 1105 5618 sequentibus
1140 5553 1290 5603 multa
1322 5553 1552 5618 omittunt
1577 5559 1628 5600 et
1651 5550 1846 5618 turbant
1869 5549 2092 5599 Comme-

520 5614 606 5666 lin.
631 5614 684 5667 et
705 5614 869 5666 Mercii
885 5629 995 5678 quae
1016 5629 1083 5665 ex
1107 5623 1212 5665 Mss.
1233 5623 1283 5665 et
1316 5628 1378 5664 ex
1405 5614 1545 5663 Savil.
1571 5614 1910 5663 restituuntur.

3597 216 3706 277 792

2131 319 2284 382 lenis,
2327 321 2611 390 iucundus,
2658 327 2922 379 neminem
2971 327 3094 383 odio
3142 326 3382 395 habens,
3437 303 3737 385 nemiuem.

2131 424 2402 465 aversaris.
2436 412 2533 466 Ubi
2561 414 2702 466 enim
2734 417 2976 482 pecunia,
3022 417 3092 471 ibi
3132 419 3424 475 inimicitia:
3453 430 3508 475 et
3534 422 3707 477 bello-

2133 515 2248 554 rum
2277 503 2514 556 materia.
2543 503 2616 557 Os
2649 505 2722 558 illi
2753 507 3090 560 contumeliis
3132 519 3215 562 est
3250 511 3501 564 refertum
3527 553 3542 575 ,
3573 510 3710 565 fastu

2133 590 2383 658 quodam,
2413 595 2709 663 arrogantia
2740 595 2927 663 multa,
2948 596 3266 664 maledictis,
3284 598 3439 666 dolo;
3469 600 3625 669 hujus
3651 618 3713 655 us

2134 690 2322 737 contra
2351 691 2406 739 et
2435 683 2609 752 lingua
2635 698 2763 740 satia
2785 693 2901 751 est,
2928 688 3216 756 gratiarum
3247 690 3457 746 actione
3492 692 3717 759 perenni

2137 771 2312 839 plena,
2370 771 2762 841 benedictione,
2818 777 2994 832 verbis
3029 777 3339 844 mansuetis,
3399 779 3671 835 benevolis
3698 821 3713 841 .

2137 863 2394 935 obsequio
2428 865 2629 934 plenis,
2672 875 2726 922 et
2768 866 3010 923 laudibus
3056 859 3439 940 encomiisque.
3484 869 3541 926 Si
3588 887 3719 927 vero

2136 965 2314 1025 aptam
2354 957 2715 1014 membrorum
2760 961 3203 1029 compositionem
3242 961 3507 1031 dispicere
3545 964 3715 1026 velis,

2139 1063 2358 1117 procera
2400 1058 2482 1103 est
2522 1049 2609 1104 illa
2639 1049 2901 1120 longeque
2923 1053 3206 1107 sublimior
3228 1054 3518 1123 opulentia.
3562 1054 3717 1123 Quod

2139 1141 2186 1194 si
2216 1140 2366 1194 multi
2389 1140 2530 1194 illam
2556 1139 2778 1210 fugiant,
2813 1156 2880 1194 ne
2900 1143 3112 1197 mireris
3143 1161 3158 1197 :
3184 1158 3304 1197 nam
3347 1144 3479 1198 alias
3505 1159 3721 1215 quoque

2142 1230 2369 1285 virtutes
2387 1230 2532 1285 stulti
2559 1230 2784 1300 fugiunt.
2817 1231 2989 1287 Sed’a.
3007 1232 3172 1288 divite
3196 1272 3211 1297 ,
3262 1234 3488 1304 inquies,
3516 1247 3722 1305 panper

2142 1321 2464 1379 eorttuntelia
2491 1320 2744 1378 afficitur.
2791 1322 2995 1379 Rursus
3041 1324 3169 1379 mihi
3201 1326 3526 1394 paupertatis
3550 1339 3720 1380 enco-

2143 1415 2533 1467 minm‘narras.
2563 1412 2692 1480 Quis
2710 1414 2875 1477 enim,
2908 1428 3108 1484 quieso,
3145 1415 3369 1480 beatus,
3408 1417 3498 1485 qui
3535 1425 3723 1471 contu-

2143 1504 2304 1558 melia
2331 1502 2515 1563 afﬁcit.
2542 1518 2609 1558 an
2630 1504 2720 1573 qui
2742 1504 3011 1560 afﬁcitur?
3034 1504 3194 1561 Certe
3220 1506 3262 1561 is
3282 1506 3371 1577 qui
3387 1505 3727 1561 contumeliis

2143 1596 2391 1663 afﬁcitur,
2422 1605 2477 1651 et
2523 1596 2624 1652 fert
2664 1595 2892 1652 fortiter.
2938 1596 3173 1652 Avaritia
3214 1598 3375 1668 igitur
3402 1596 3725 1653 centnmelia

2145 1685 2359 1742 afﬁcere
2373 1686 2552 1756 jubet;
2586 1696 2869 1756 paupertas
2897 1702 3027 1743 vero
3053 1688 3117 1741 ad
3146 1688 3421 1743 ferendam
3448 1696 3729 1743 contume-

2147 1776 2270 1830 liam
2290 1776 2550 1831 hortatnr.
2586 1778 2671 1841 At,
2697 1777 2925 1846 inquies,
2944 1792 3146 1847 pauper
3164 1779 3353 1832 esurit.
3377 1777 3576 1833 Paulus
3593 1792 3730 1847 quo-

2148 1881 2252 1936 que
2275 1866 2566 1922 esuriebat.
2596 1865 2703 1922 Sed
2730 1882 2838 1921 non
2880 1867 3040 1922 habet
3065 1867 3154 1921 ubi
3176 1868 3438 1937 quiescat.
3468 1867 3528 1922 Et
3562 1865 3730 1921 Filius

2149 1955 2381 2012 hominis
2403 1972 2509 2012 non
2559 1957 2790 2014 habebat
2833 1958 2923 2015 ubi
2970 1969 3131 2029 caput
3184 1960 3489 2015 reclinaret.
3546 1958 3734 2014 Viden’

2150 2063 2430 2118 quousque
2483 2049 2797 2120 perveniant
2837 2053 3164 2121 paupertatis
3205 2052 3483 2119 cncomia,
3532 2051 3624 2106 ubi
3680 2060 3737 2106 te

2151 2139 2498 2204 constituant,
2527 2138 2594 2195 ad
2619 2141 2852 2211 qualium
2881 2150 2933 2196 te
2957 2142 3194 2199 virorum
3219 2141 3620 2197 similitudinem
3639 2141 3739 2198 dc-

2153 2227 2368 2295 ducant,
2403 2239 2457 2285 et
2477 2228 2744 2299 quomodo
2769 2239 2822 2285 te
2847 2230 3055 2285 Domini
3086 2230 3404 2309 imitatorem
3432 2230 3658 2285 faciant?
3678 2230 3739 2286 Si

2154 2334 2343 2374 aurum
2376 2320 2650 2389 possidere
2671 2320 2871 2375 bonum
2900 2331 3064 2388 esset,
3096 2320 3147 2375 id
3187 2320 3466 2391 discipulis
3502 2320 3740 2377 dedisset

2156 2412 2417 2477 Christus,
2442 2414 2531 2484 qui
2574 2413 2856 2469 ined‘abilia
2890 2415 2978 2469 illa
3004 2415 3140 2470 bona
3175 2413 3322 2469 dedit
3361 2414 3511 2483 ipsis.
3538 2415 3607 2469 At
3630 2429 3740 2468 non

2159 2504 2320 2558 modo
2346 2518 2450 2558 non
2481 2503 2646 2569 dedit,
2678 2504 2771 2559 sed
2802 2504 2962 2560 etiam
2983 2504 3178 2560 habere
3196 2504 3482 2574 prohibuit.
3512 2504 3745 2574 Ideoque

2161 2593 2352 2649 Petrus
2381 2609 2485 2648 non
2532 2594 2692 2649 modo
2720 2611 2827 2649 non
2873 2595 3143 2651 erubescit
3182 2596 3251 2650 de
3287 2602 3620 2665 paupertate,
3645 2594 3743 2649 sed

2162 2686 2324 2740 etiam
2350 2686 2418 2740 de
2446 2685 2533 2739 illa
2552 2685 2812 2756 gloriatur
2839 2685 2924 2740 his
2949 2685 3124 2741 verbis
3146 2701 3171 2739 ς
3197 2686 3473 2756 Argentum
3492 2696 3539 2739 et
3561 2700 3751 2738 aurum

2165 2794 2266 2832 non
2291 2787 2362 2831 est
2389 2777 2548 2842 mihi;
2588 2777 2723 2846 quod
2750 2787 2918 2832 autem
2944 2777 3122 2844 habeo,
3165 2779 3261 2832 hoc
3303 2778 3392 2832 tibi
3416 2777 3483 2832 de
3511 2775 3661 2850 (Act.
3688 2776 3746 2831 5.

2167 2868 2244 2939 6).
2281 2869 2413 2935 Quis
2457 2877 2694 2925 vestrum
2742 2868 2908 2923 nollet
2928 2869 2979 2923 in
3027 2870 3164 2924 hanc
3207 2882 3492 2937 erumpere
3523 2866 3788 2935 vocetni.

2168 2958 2367 3015 Omnes
2392 2960 2591 3030 utique,
2615 2958 2757 3015 dicet
2783 2958 2919 3014 forte
2937 2959 3220 3029 quispiam.
3248 2958 3392 3029 Ergo
3428 2958 3629 3028 projice
3662 2972 3750 3012 ar—
3788 3017 3793 3021 ,

2168 3060 2407 3121 gentum,
2455 3051 2656 3122 projice
2703 3066 2913 3111 aurum.
2963 3052 3025 3106 Et
3074 3052 3119 3106 si
3170 3051 3466 3121 pmjerero,
3520 3050 3751 3119 inquies,

2172 3158 2539 3211 eonsequaroe
2565 3144 2705 3199 Petri
2737 3142 3070 3213 potentiam?
3094 3142 3198 3201 Sed
3228 3140 3352 3211 quid
3372 3182 3387 3207 ,
3418 3155 3622 3211 qua‘so,
3647 3139 3753 3194 Pc-

2174 3244 2316 3290 trnm
2335 3235 2546 3291 beatum
2569 3234 2782 3291 eﬁ‘ecit?
2811 3250 2878 3288 an
2903 3233 3041 3304 quod
3077 3230 3327 3287 claudum
3354 3230 3626 3286 erexerit?
3655 3229 3756 3284 Mi-

2177 3327 2319 3381 nime
2354 3325 2488 3381 :sed
2529 3326 2669 3395 quod
2694 3340 2881 3380 aurum
2906 3340 3011 3379 non
3034 3323 3301 3390 habuerit,
3329 3322 3431 3378 hoc
3452 3322 3527 3377 illi
3563 3321 3759 3377 caelum

2177 3418 2496 3474 conciliavit.
2531 3416 2609 3472 Ex
2654 3418 2721 3472 iis
2759 3418 2936 3482 enim,
2984 3415 3076 3486 qui
3118 3415 3266 3486 signa
3318 3413 3576 3478 fecerunt,
3606 3412 3761 3467 multi

2179 3507 2480 3563 inciderunt
2507 3509 2557 3562 in
2584 3507 2884 3578 gehennam
2917 3525 2928 3560 :
2959 3507 3049 3576 qui
3073 3521 3202 3562 vero
3229 3505 3344 3561 hanc
3372 3504 3633 3568 fecerunt,
3670 3519 3759 3558 re-

2179 3613 2342 3669 gnum
2364 3607 2489 3653 snnt
2529 3599 2867 3668 consequuti.
2912 3597 2983 3653 Et
3007 3599 3105 3653 hoc
3142 3594 3210 3651 ab
3245 3596 3361 3666 ipso
3390 3594 3549 3650 Petro
3573 3593 3759 3651 disce:

2180 3691 2289 3747 duo
2313 3691 2455 3747 enim
2485 3691 2617 3746 dixit
2646 3708 2660 3744 :
2686 3690 2957 3762 Argentum
2980 3700 3027 3745 et
3055 3706 3237 3744 aurum
3261 3706 3361 3743 non
3398 3697 3470 3742 est
3497 3687 3655 3751 mihi;
3684 3695 3762 3753 et,

2183 3784 2248 3839 In
2268 3785 2470 3840 nomine
2489 3785 2615 3839 Jesu
2636 3783 2826 3839 Christi
2850 3798 3002 3855 surge
3024 3790 3069 3837 et
3090 3780 3314 3836 ambula.
3350 3780 3538 3836 Utrum
3569 3780 3765 3834 horum

2186 3876 2310 3931 fecit
2336 3877 2484 3931 illum
2532 3875 2743 3930 beatum
2799 3884 2856 3930 et
2906 3873 3275 3943 conspicuum,
3324 3871 3465 3942 quod
3513 3869 3765 3925 claudum

2183 3969 2433 4032 erexerit,
2458 3980 2526 4020 an
2547 3964 2688 4035 quod
2728 3963 2982 4034 pecunias
3026 3960 3350 4034 proiecerit?
3388 3960 3514 4015 Hinc
3556 3959 3625 4014 ab
3652 3961 3770 4029 ipso

2185 4057 2504 4129 agnitotheta
2545 4056 2711 4110 disce.
2741 4053 2878 4123 Quid
2906 4069 3035 4125 ergo
3056 4056 3133 4107 ait
3174 4051 3264 4107 ille
3311 4050 3460 4106 diviti
3505 4049 3766 4119 qumrenti

2188 4150 2346 4204 vitam
2393 4146 2692 4203 :eternam?
2744 4145 2861 4201 Non
2904 4144 3075 4209 dixit,
3131 4142 3364 4196 Claudos
3409 4142 3593 4211 erige;
3647 4140 3767 4206 sed,

2198 4240 2364 4295 Vende
2389 4239 2682 4312 quahabes,
2708 4247 2755 4294 et
2776 4237 2844 4292 da
2867 4235 3187 4308 pauperibus,
3215 4243 3261 4287 et
3290 4232 3415 4291 seni.
3432 4248 3634 4301 sequere
3657 4247 3770 4286 me:

2191 4343 2236 4388 et
2263 4331 2462 4386 habebis
2482 4331 2769 4385 thesaurum
2787 4330 2842 4384 in
2868 4328 3044 4398 εωιίε(
3071 4324 3194 4380 Luc.
3224 4324 3314 4381 18.
3334 4323 3427 4378 22.
3473 4321 3640 4376 Marc.
3675 4321 3767 4377 10.

2189 4428 2301 4497 21).
2332 4426 2401 4480 Et
2427 4425 2617 4480 Petrus
2638 4436 2847 4478 rursum
2878 4436 2982 4477 non
3003 4419 3157 4484 dixit,
3190 4417 3330 4473 Ecce
3350 4417 3401 4471 in
3429 4415 3648 4472 nomine
3678 4424 3773 4469 tuo

2191 4516 2450 4572 daemonia
2477 4514 2740 4583 ejicimns,
2766 4512 2974 4567 etiamsi
2993 4511 3246 4580 ejiceret;
3278 4506 3396 4573 sed,
3416 4505 3547 4561 Ecce
3571 4505 3772 4575 reliqui-

2192 4623 2305 4661 mus
2333 4606 2522 4669 omnia,
2552 4614 2597 4657 et
2636 4604 2832 4668 sequuti
2864 4617 3037 4656 sumus
3063 4611 3147 4665 te;
3185 4599 3307 4667 quid
3344 4614 3461 4668 ergo
3509 4598 3605 4651 erit
3627 4597 3772 4651 nobis

2192 4696 2404 4769 (Matth.
2432 4695 2523 4751 19.
2547 4692 2678 4766 27)?
2697 4691 2943 4747 Christus
2969 4705 3097 4746 vero
3121 4689 3244 4745 huic
3272 4688 3603 4758 respondens
3621 4728 3637 4754 ,
3663 4701 3772 4743 non

2192 4789 2348 4855 dixit,
2375 4788 2429 4843 Si
2461 4788 2580 4857 quis
2604 4785 2849 4840 claudum
2887 4783 3152 4845 erexerit;
3199 4781 3316 4845 sed,
3353 4781 3670 4848 Quicumque
3692 4794 3774 4834 ro-

2194 4880 2395 4949 liquerit
2424 4879 2601 4931 domos
2625 4886 2673 4930 et
2700 4891 2848 4946 agros
2878 4882 3080 4944 prapter
3099 4887 3182 4925 me
3197 4880 3243 4925 et
3264 4870 3627 4942 Evangelium,
3651 4883 3770 4920 ceu-

2197 4971 2393 5041 tuplum
2416 4969 2622 5038 accipiet
2648 4967 2701 5020 in
2725 4966 2822 5018 hoc
2848 4962 3056 5026 serente,
3080 4971 3127 5017 et
3161 4962 3311 5014 vitam
3336 4968 3580 5014 aeterm»:
3605 4957 3773 5026 poni-

2196 5060 2505 5129 debt'tUbid.
2529 5075 2578 5113 υ.
2604 5056 2717 5129 29).
2748 5057 2812 5111 Et
2833 5071 2929 5109 nos
2961 5067 3173 5124 quoque
3202 5052 3344 5106 hunc
3383 5050 3678 5111 imitemur,
3714 5056 3774 5103 ut

2197 5168 2302 5207 non
2332 5149 2750 5211 confundamur;
2781 5146 2875 5201 sed
2915 5160 3036 5199 cmn
3074 5142 3265 5196 ﬁducia
3303 5140 3576 5195 adstemus
3603 5139 3774 5195 tribu—

2199 5242 2304 5299 nali
2327 5242 2548 5303 Christi,
2572 5239 2829 5307 illumque
2854 5235 3184 5289 attrahamus
3214 5238 3271 5284 ut
3293 5230 3364 5284 sit
3390 5229 3688 5292 nobiscum,
3721 5238 3775 5283 nt

2194 5342 2251 5390 et
2267 5346 2391 5388 eum
2410 5328 2696 5399 discipulis
2721 5325 2823 5380 fuit
2844 5323 2980 5392 ;erit
3003 5321 3149 5377 enim
3178 5319 3463 5375 nobiscum
3487 5317 3634 5372 sicut
3650 5327 3774 5369 cum

2196 5424 2308 5479 illis
2339 5421 2518 5486 fuit,si
2539 5419 2662 5473 illos
2683 5416 2886 5471 imitari
2900 5413 3156 5476 velimus,
3178 5411 3510 5478 illorumque
3525 5406 3693 5460 vitam
3716 5409 3773 5457 et

2198 5513 2510 5569 institutum
2554 5506 2822 5563 aemulari.
2864 5504 3070 5559 Horum
3112 5515 3275 5557 causa
3315 5499 3457 5554 Deus
3489 5499 3773 5551 coronatet

2202 5604 2479 5675 pradicat,
2516 5616 2621 5655 non
2664 5598 2886 5669 exigens
2922 5606 2980 5649 ut
3016 5589 3609 5648 mortuumsusciteset
3624 5584 3777 5642 clau-
