  <div class='ocr_page' id='page_1' title='image "/cluster/home/n/w/nwhite01/storage/ocr_20150623/58/hvd.32044015706401/010.png"; bbox 0 0 4086 6328; ppageno 0'>
   <div class='ocr_carea' id='block_1_1' title="bbox 291 347 3529 399">
    <p class='ocr_par' dir='ltr' id='par_1_1' title="bbox 291 347 3527 399">
     <span class='ocr_line' id='line_1_1' title="bbox 291 347 3527 399; baseline -0.003 -4"><span class='ocrx_word' id='word_1_1' title='bbox 291 347 3527 399; x_wconf 60' lang='grc' dir='ltr'><strong>εΞΞΞΞΞΞΞΞΞΞΞΞΞΞΞΞΞΞΞΞΞΞΞΞΞΞΞΞΞΕΞΕΕΕΕΕΞΞΞΞΞΞΞΞΞξεΙΙΙΕΕΕΙΕΕΕΕΞ-ΙἓΞΞΒΞξΞΒΕΕΕΞΕΕΙΙΙΙΙΙ1ΙΙΕΕΕΞΞΞΞΞΞΞΞΞΞΞΞΞΞΞΞΞΞΞΞ</strong></span> 
     </span>
    </p>
   </div>
   <div class='ocr_carea' id='block_1_2' title="bbox 1392 461 2542 532">
    <p class='ocr_par' dir='ltr' id='par_1_2' title="bbox 1392 461 2542 532">
     <span class='ocr_line' id='line_1_2' title="bbox 1392 461 2542 532; baseline -0.003 -3"><span class='ocrx_word' id='word_1_2' title='bbox 1392 488 1538 530; x_wconf 61' lang='grc' dir='ltr'><strong>ΜΝ.</strong></span> <span class='ocrx_word' id='word_1_3' title='bbox 1586 487 1816 531; x_wconf 73' lang='lat' dir='ltr'><strong>norum</strong></span> <span class='ocrx_word' id='word_1_4' title='bbox 1860 486 2473 532; x_wconf 67' lang='lat' dir='ltr'><strong>ccccnxr-ccccun.</strong></span> <span class='ocrx_word' id='word_1_5' title='bbox 2531 461 2542 471; x_wconf 77' lang='grc'><em>’</em></span> 
     </span>
    </p>
   </div>
   <div class='ocr_carea' id='block_1_3' title="bbox 357 542 3605 1035">
    <p class='ocr_par' dir='ltr' id='par_1_3' title="bbox 357 542 3605 1035">
     <span class='ocr_line' id='line_1_3' title="bbox 357 542 3605 1035; baseline -0.001 -126"><span class='ocrx_word' id='word_1_6' title='bbox 357 637 628 910; x_wconf 85' lang='lat' dir='ltr'><strong>S.</strong></span> <span class='ocrx_word' id='word_1_7' title='bbox 830 542 2366 1035; x_wconf 65' lang='lat' dir='ltr'><strong>H1LA_1§_t_I_J_s&#39;</strong></span> <span class='ocrx_word' id='word_1_8' title='bbox 2495 593 3605 920; x_wconf 26' lang='lat' dir='ltr'><strong>PAPA.‘</strong></span> 
     </span>
    </p>
   </div>
   <div class='ocr_carea' id='block_1_4' title="bbox 1481 1115 2331 1189">
    <p class='ocr_par' dir='ltr' id='par_1_4' title="bbox 1481 1115 2331 1189">
     <span class='ocr_line' id='line_1_4' title="bbox 1481 1115 2331 1189; baseline -0.001 -2"><span class='ocrx_word' id='word_1_9' title='bbox 1481 1118 1693 1188; x_wconf 80' lang='grc' dir='ltr'><strong>Ι)Βο</strong></span> <span class='ocrx_word' id='word_1_10' title='bbox 1703 1115 2072 1188; x_wconf 86' lang='lat' dir='ltr'><strong>LEGOM</strong></span> <span class='ocrx_word' id='word_1_11' title='bbox 2082 1115 2291 1189; x_wconf 71' lang='lat' dir='ltr'><strong>ENA</strong></span> <span class='ocrx_word' id='word_1_12' title='bbox 2309 1162 2331 1186; x_wconf 86' lang='lat'><strong>.</strong></span> 
     </span>
    </p>
   </div>
   <div class='ocr_carea' id='block_1_5' title="bbox 1603 1277 2242 1302">
    <p class='ocr_par' dir='ltr' id='par_1_5' title="bbox 1603 1277 2242 1302">
     <span class='ocr_line' id='line_1_5' title="bbox 1603 1277 2242 1302; baseline -0.002 -2"><span class='ocrx_word' id='word_1_13' title='bbox 1603 1277 2242 1302; x_wconf 52' lang='grc' dir='ltr'><strong>*ο-</strong></span> 
     </span>
    </p>
   </div>
   <div class='ocr_carea' id='block_1_6' title="bbox 1279 1331 3277 1527">
    <p class='ocr_par' dir='ltr' id='par_1_6' title="bbox 1279 1331 3277 1527">
     <span class='ocr_line' id='line_1_6' title="bbox 1279 1331 3277 1527; baseline -0.003 -13"><span class='ocrx_word' id='word_1_14' title='bbox 1279 1404 1589 1514; x_wconf 84' lang='lat' dir='ltr'><strong>VITA</strong></span> <span class='ocrx_word' id='word_1_15' title='bbox 1645 1406 2082 1511; x_wconf 81' lang='lat' dir='ltr'><strong>HILARI</strong></span> <span class='ocrx_word' id='word_1_16' title='bbox 2147 1404 2557 1510; x_wconf 66' lang='grc' dir='ltr'><strong>ΡΑΡΑΞ.</strong></span> <span class='ocrx_word' id='word_1_17' title='bbox 3033 1420 3090 1527; x_wconf 55' lang='grc' dir='ltr'><strong>η,</strong></span> <span class='ocrx_word' id='word_1_18' title='bbox 3272 1331 3277 1342; x_wconf 51' lang='grc'><em>’</em></span> 
     </span>
    </p>
   </div>
   <div class='ocr_carea' id='block_1_7' title="bbox 3516 1217 3600 1242">
    <p class='ocr_par' dir='ltr' id='par_1_7' title="bbox 3516 1217 3600 1242">
     <span class='ocr_line' id='line_1_7' title="bbox 3516 1217 3600 1242; baseline 0 0"><span class='ocrx_word' id='word_1_19' title='bbox 3516 1233 3522 1239; x_wconf 82' lang='grc'><em>.</em></span> <span class='ocrx_word' id='word_1_20' title='bbox 3592 1217 3600 1242; x_wconf 80' lang='grc' dir='ltr'><strong><em>ι</em></strong></span> 
     </span>
    </p>
   </div>
   <div class='ocr_carea' id='block_1_8' title="bbox 1610 1593 2219 1658">
    <p class='ocr_par' dir='ltr' id='par_1_8' title="bbox 1610 1593 2219 1658">
     <span class='ocr_line' id='line_1_8' title="bbox 1610 1593 2219 1658; baseline -0.005 -13"><span class='ocrx_word' id='word_1_21' title='bbox 1610 1593 1706 1658; x_wconf 81' lang='lat' dir='ltr'><strong>(Ex</strong></span> <span class='ocrx_word' id='word_1_22' title='bbox 1735 1595 1865 1645; x_wconf 88' lang='lat' dir='ltr'><strong>libro</strong></span> <span class='ocrx_word' id='word_1_23' title='bbox 1900 1595 2219 1654; x_wconf 86' lang='lat' dir='ltr'><strong>Pontiﬁcali.)</strong></span> 
     </span>
    </p>
   </div>
   <div class='ocr_carea' id='block_1_9' title="bbox 1452 1744 2288 1773">
    <p class='ocr_par' dir='ltr' id='par_1_9' title="bbox 1452 1744 2288 1773">
     <span class='ocr_line' id='line_1_9' title="bbox 1452 1744 2288 1773; baseline 0.002 -2"><span class='ocrx_word' id='word_1_24' title='bbox 1452 1744 2288 1773; x_wconf 80' lang='lat'><strong>———-—-——————</strong></span> 
     </span>
    </p>
   </div>
   <div class='ocr_carea' id='block_1_10' title="bbox 2291 1752 2387 1761">
    <p class='ocr_par' dir='ltr' id='par_1_10' title="bbox 2291 1752 2387 1761">
     <span class='ocr_line' id='line_1_10' title="bbox 2291 1752 2387 1761; baseline -0.01 0"><span class='ocrx_word' id='word_1_25' title='bbox 2291 1752 2387 1761; x_wconf 72' lang='lat'><strong>.—</strong></span> 
     </span>
    </p>
   </div>
   <div class='ocr_carea' id='block_1_11' title="bbox 358 1875 3567 1951">
    <p class='ocr_par' dir='ltr' id='par_1_11' title="bbox 358 1875 3567 1951">
     <span class='ocr_line' id='line_1_11' title="bbox 358 1875 3567 1951; baseline 0.002 -21"><span class='ocrx_word' id='word_1_26' title='bbox 358 1880 373 1910; x_wconf 74' lang='grc' dir='ltr'><strong><em>ι</em></strong></span> <span class='ocrx_word' id='word_1_27' title='bbox 421 1876 622 1932; x_wconf 81' lang='lat' dir='ltr'><strong>Hilarus</strong></span> <span class='ocrx_word' id='word_1_28' title='bbox 676 1876 888 1932; x_wconf 89' lang='lat' dir='ltr'><strong>natione</strong></span> <span class='ocrx_word' id='word_1_29' title='bbox 927 1875 1150 1941; x_wconf 78' lang='lat' dir='ltr'><strong>Sardus,</strong></span> <span class='ocrx_word' id='word_1_30' title='bbox 1181 1890 1250 1931; x_wconf 76' lang='lat' dir='ltr'><strong>ex</strong></span> <span class='ocrx_word' id='word_1_31' title='bbox 1285 1884 1433 1944; x_wconf 89' lang='lat' dir='ltr'><strong>patre</strong></span> <span class='ocrx_word' id='word_1_32' title='bbox 1460 1875 1706 1946; x_wconf 88' lang='lat' dir='ltr'><strong>Crispino</strong></span> <span class='ocrx_word' id='word_1_33' title='bbox 1736 1875 1872 1950; x_wconf 85' lang='lat' dir='ltr'><strong>[Cri-</strong></span> <span class='ocrx_word' id='word_1_34' title='bbox 1897 1887 1954 1945; x_wconf 67' lang='grc' dir='ltr'>Α</span> <span class='ocrx_word' id='word_1_35' title='bbox 1980 1878 2160 1948; x_wconf 93' lang='lat' dir='ltr'><strong>posuit</strong></span> <span class='ocrx_word' id='word_1_36' title='bbox 2186 1877 2537 1941; x_wconf 88' lang='lat' dir='ltr'><strong>dominicum,</strong></span> <span class='ocrx_word' id='word_1_37' title='bbox 2581 1884 2634 1932; x_wconf 91' lang='lat' dir='ltr'><strong>et</strong></span> <span class='ocrx_word' id='word_1_38' title='bbox 2659 1890 2874 1934; x_wconf 90' lang='lat' dir='ltr'><strong>crucem</strong></span> <span class='ocrx_word' id='word_1_39' title='bbox 2907 1893 3124 1934; x_wconf 86' lang='lat' dir='ltr'><strong>auream</strong></span> <span class='ocrx_word' id='word_1_40' title='bbox 3167 1893 3288 1934; x_wconf 92' lang='lat' dir='ltr'><strong>eum</strong></span> <span class='ocrx_word' id='word_1_41' title='bbox 3317 1885 3567 1951; x_wconf 83' lang='lat' dir='ltr'><strong>gemmis,</strong></span> 
     </span>
    </p>
   </div>
   <div class='ocr_carea' id='block_1_12' title="bbox 288 1969 1863 2044">
    <p class='ocr_par' dir='ltr' id='par_1_12' title="bbox 288 1969 1863 2044">
     <span class='ocr_line' id='line_1_12' title="bbox 288 1969 1863 2044; baseline -0.001 -16"><span class='ocrx_word' id='word_1_42' title='bbox 288 1971 572 2044; x_wconf 81' lang='lat' dir='ltr'><strong>spiuiano].</strong></span> <span class='ocrx_word' id='word_1_43' title='bbox 607 1974 626 2003; x_wconf 84' lang='grc'>²</span> <span class='ocrx_word' id='word_1_44' title='bbox 666 1969 800 2025; x_wconf 90' lang='lat' dir='ltr'><strong>sedit</strong></span> <span class='ocrx_word' id='word_1_45' title='bbox 851 1985 1022 2026; x_wconf 87' lang='lat' dir='ltr'><strong>annos</strong></span> <span class='ocrx_word' id='word_1_46' title='bbox 1071 1984 1190 2039; x_wconf 84' lang='lat' dir='ltr'><strong>sex,</strong></span> <span class='ocrx_word' id='word_1_47' title='bbox 1223 1984 1440 2026; x_wconf 80' lang='lat' dir='ltr'><strong>menses</strong></span> <span class='ocrx_word' id='word_1_48' title='bbox 1472 1979 1601 2034; x_wconf 88' lang='lat' dir='ltr'><strong>tres,</strong></span> <span class='ocrx_word' id='word_1_49' title='bbox 1631 1969 1746 2025; x_wconf 83' lang='lat' dir='ltr'><strong>dies</strong></span> <span class='ocrx_word' id='word_1_50' title='bbox 1779 1970 1863 2026; x_wconf 83' lang='lat' dir='ltr'><strong>I0.</strong></span> 
     </span>
    </p>
   </div>
   <div class='ocr_carea' id='block_1_13' title="bbox 280 2061 1867 2131">
    <p class='ocr_par' dir='ltr' id='par_1_13' title="bbox 280 2061 1867 2131">
     <span class='ocr_line' id='line_1_13' title="bbox 280 2061 1867 2131; baseline -0.002 -12"><span class='ocrx_word' id='word_1_51' title='bbox 280 2064 376 2119; x_wconf 80' lang='lat' dir='ltr'><strong>llic</strong></span> <span class='ocrx_word' id='word_1_52' title='bbox 423 2063 545 2118; x_wconf 83' lang='lat' dir='ltr'><strong>fecit</strong></span> <span class='ocrx_word' id='word_1_53' title='bbox 592 2061 914 2116; x_wconf 87' lang='lat' dir='ltr'><strong>decretalem</strong></span> <span class='ocrx_word' id='word_1_54' title='bbox 941 2103 957 2127; x_wconf 89' lang='lat'><strong>,</strong></span> <span class='ocrx_word' id='word_1_55' title='bbox 1006 2072 1062 2117; x_wconf 85' lang='lat' dir='ltr'><strong>et</strong></span> <span class='ocrx_word' id='word_1_56' title='bbox 1105 2077 1202 2131; x_wconf 89' lang='lat' dir='ltr'><strong>per</strong></span> <span class='ocrx_word' id='word_1_57' title='bbox 1249 2062 1558 2117; x_wconf 91' lang='lat' dir='ltr'><strong>universum</strong></span> <span class='ocrx_word' id='word_1_58' title='bbox 1595 2062 1867 2118; x_wconf 73' lang='lat' dir='ltr'><strong>Orientem</strong></span> 
     </span>
    </p>
   </div>
   <div class='ocr_carea' id='block_1_14' title="bbox 275 2152 1864 2225">
    <p class='ocr_par' dir='ltr' id='par_1_14' title="bbox 275 2152 1864 2225">
     <span class='ocr_line' id='line_1_14' title="bbox 275 2152 1864 2225; baseline 0.001 -20"><span class='ocrx_word' id='word_1_59' title='bbox 275 2161 301 2191; x_wconf 76' lang='grc' dir='ltr'>ι</span> <span class='ocrx_word' id='word_1_60' title='bbox 330 2153 524 2221; x_wconf 75' lang='lat' dir='ltr'><strong>sparsit</strong></span> <span class='ocrx_word' id='word_1_61' title='bbox 553 2152 682 2224; x_wconf 81' lang='lat' dir='ltr'><strong>[lege</strong></span> <span class='ocrx_word' id='word_1_62' title='bbox 707 2152 926 2225; x_wconf 76' lang='lat' dir='ltr'><strong>direxit]</strong></span> <span class='ocrx_word' id='word_1_63' title='bbox 945 2196 959 2219; x_wconf 92' lang='lat'><strong>,</strong></span> <span class='ocrx_word' id='word_1_64' title='bbox 989 2161 1045 2207; x_wconf 90' lang='lat' dir='ltr'><strong>et</strong></span> <span class='ocrx_word' id='word_1_65' title='bbox 1069 2152 1326 2222; x_wconf 76' lang='lat' dir='ltr'><strong>epistolas</strong></span> <span class='ocrx_word' id='word_1_66' title='bbox 1360 2154 1428 2208; x_wconf 90' lang='lat' dir='ltr'><strong>de</strong></span> <span class='ocrx_word' id='word_1_67' title='bbox 1457 2154 1558 2209; x_wconf 92' lang='lat' dir='ltr'><strong>ﬁde</strong></span> <span class='ocrx_word' id='word_1_68' title='bbox 1581 2155 1864 2220; x_wconf 88' lang='lat' dir='ltr'><strong>catholica,</strong></span> 
     </span>
    </p>
   </div>
   <div class='ocr_carea' id='block_1_15' title="bbox 270 2243 1869 2314">
    <p class='ocr_par' dir='ltr' id='par_1_15' title="bbox 270 2243 1869 2314">
     <span class='ocr_line' id='line_1_15' title="bbox 270 2243 1869 2314; baseline 0.001 -17"><span class='ocrx_word' id='word_1_69' title='bbox 270 2245 592 2298; x_wconf 86' lang='lat' dir='ltr'><strong>conﬁrmans</strong></span> <span class='ocrx_word' id='word_1_70' title='bbox 610 2253 714 2298; x_wconf 88' lang='lat' dir='ltr'><strong>tres</strong></span> <span class='ocrx_word' id='word_1_71' title='bbox 729 2244 964 2314; x_wconf 85' lang='lat' dir='ltr'><strong>synodos</strong></span> <span class='ocrx_word' id='word_1_72' title='bbox 976 2243 1267 2308; x_wconf 74' lang='lat' dir='ltr'><strong>Nicaenam,</strong></span> <span class='ocrx_word' id='word_1_73' title='bbox 1285 2243 1633 2314; x_wconf 84' lang='lat' dir='ltr'><strong>Ephesinam,</strong></span> <span class='ocrx_word' id='word_1_74' title='bbox 1647 2255 1700 2299; x_wconf 92' lang='lat' dir='ltr'><strong>et</strong></span> <span class='ocrx_word' id='word_1_75' title='bbox 1715 2244 1869 2300; x_wconf 80' lang='lat' dir='ltr'><strong>Chal-</strong></span> 
     </span>
    </p>
   </div>
   <div class='ocr_carea' id='block_1_16' title="bbox 265 2335 1862 2408">
    <p class='ocr_par' dir='ltr' id='par_1_16' title="bbox 265 2335 1862 2408">
     <span class='ocr_line' id='line_1_16' title="bbox 265 2335 1862 2408; baseline 0 -16"><span class='ocrx_word' id='word_1_76' title='bbox 265 2336 652 2405; x_wconf 88' lang='lat' dir='ltr'><strong>cedoneusem,</strong></span> <span class='ocrx_word' id='word_1_77' title='bbox 675 2335 703 2376; x_wconf 70' lang='grc' dir='ltr'>δ</span> <span class='ocrx_word' id='word_1_78' title='bbox 728 2347 782 2392; x_wconf 88' lang='lat' dir='ltr'><strong>et</strong></span> <span class='ocrx_word' id='word_1_79' title='bbox 808 2347 1008 2392; x_wconf 91' lang='lat' dir='ltr'><strong>tomum</strong></span> <span class='ocrx_word' id='word_1_80' title='bbox 1037 2340 1203 2393; x_wconf 88' lang='lat' dir='ltr'><strong>sancti</strong></span> <span class='ocrx_word' id='word_1_81' title='bbox 1228 2337 1617 2408; x_wconf 85' lang='lat' dir='ltr'><strong>archiepiscopi</strong></span> <span class='ocrx_word' id='word_1_82' title='bbox 1647 2337 1862 2393; x_wconf 83' lang='lat' dir='ltr'><strong>Leonis.</strong></span> 
     </span>
    </p>
   </div>
   <div class='ocr_carea' id='block_1_17' title="bbox 267 2428 1866 2500">
    <p class='ocr_par' dir='ltr' id='par_1_17' title="bbox 267 2428 1866 2500">
     <span class='ocr_line' id='line_1_17' title="bbox 267 2428 1866 2500; baseline 0 -17"><span class='ocrx_word' id='word_1_83' title='bbox 267 2429 331 2483; x_wconf 86' lang='lat' dir='ltr'><strong>Et</strong></span> <span class='ocrx_word' id='word_1_84' title='bbox 361 2428 638 2484; x_wconf 88' lang='lat' dir='ltr'><strong>damnavit</strong></span> <span class='ocrx_word' id='word_1_85' title='bbox 668 2429 964 2500; x_wconf 85' lang='lat' dir='ltr'><strong>Eutychem</strong></span> <span class='ocrx_word' id='word_1_86' title='bbox 1008 2438 1062 2484; x_wconf 86' lang='lat' dir='ltr'><strong>et</strong></span> <span class='ocrx_word' id='word_1_87' title='bbox 1101 2429 1405 2484; x_wconf 82' lang='lat' dir='ltr'><strong>Nestorium</strong></span> <span class='ocrx_word' id='word_1_88' title='bbox 1425 2471 1441 2495; x_wconf 91' lang='lat'><strong>,</strong></span> <span class='ocrx_word' id='word_1_89' title='bbox 1472 2437 1527 2484; x_wconf 90' lang='lat' dir='ltr'><strong>et</strong></span> <span class='ocrx_word' id='word_1_90' title='bbox 1555 2443 1742 2484; x_wconf 89' lang='lat' dir='ltr'><strong>omnes</strong></span> <span class='ocrx_word' id='word_1_91' title='bbox 1769 2444 1866 2483; x_wconf 87' lang='lat' dir='ltr'><strong>eo-</strong></span> 
     </span>
    </p>
   </div>
   <div class='ocr_carea' id='block_1_18' title="bbox 259 2521 1862 2593">
    <p class='ocr_par' dir='ltr' id='par_1_18' title="bbox 259 2521 1862 2593">
     <span class='ocr_line' id='line_1_18' title="bbox 259 2521 1862 2593; baseline -0.001 -16"><span class='ocrx_word' id='word_1_92' title='bbox 259 2538 383 2577; x_wconf 91' lang='lat' dir='ltr'><strong>rum</strong></span> <span class='ocrx_word' id='word_1_93' title='bbox 409 2537 693 2593; x_wconf 83' lang='lat' dir='ltr'><strong>sequaces,</strong></span> <span class='ocrx_word' id='word_1_94' title='bbox 719 2533 772 2577; x_wconf 88' lang='lat' dir='ltr'><strong>et</strong></span> <span class='ocrx_word' id='word_1_95' title='bbox 791 2537 978 2578; x_wconf 89' lang='lat' dir='ltr'><strong>omnes</strong></span> <span class='ocrx_word' id='word_1_96' title='bbox 1006 2524 1261 2588; x_wconf 62' lang='lat' dir='ltr'><strong>hereses,</strong></span> <span class='ocrx_word' id='word_1_97' title='bbox 1289 2523 1616 2576; x_wconf 89' lang='lat' dir='ltr'><strong>conﬁrmans</strong></span> <span class='ocrx_word' id='word_1_98' title='bbox 1641 2521 1862 2576; x_wconf 76' lang='lat' dir='ltr'><strong>damna-</strong></span> 
     </span>
    </p>
   </div>
   <div class='ocr_carea' id='block_1_19' title="bbox 258 2615 1867 2689">
    <p class='ocr_par' dir='ltr' id='par_1_19' title="bbox 258 2615 1867 2689">
     <span class='ocr_line' id='line_1_19' title="bbox 258 2615 1867 2689; baseline -0.001 -17"><span class='ocrx_word' id='word_1_99' title='bbox 258 2619 464 2672; x_wconf 89' lang='lat' dir='ltr'><strong>tionem</strong></span> <span class='ocrx_word' id='word_1_100' title='bbox 489 2617 619 2689; x_wconf 81' lang='lat' dir='ltr'><strong>[lege</strong></span> <span class='ocrx_word' id='word_1_101' title='bbox 640 2616 1081 2673; x_wconf 86' lang='lat' dir='ltr'><strong>dominationem.</strong></span> <span class='ocrx_word' id='word_1_102' title='bbox 1102 2615 1188 2670; x_wconf 84' lang='lat' dir='ltr'><strong>Ita</strong></span> <span class='ocrx_word' id='word_1_103' title='bbox 1205 2628 1250 2672; x_wconf 85' lang='lat' dir='ltr'><strong>et</strong></span> <span class='ocrx_word' id='word_1_104' title='bbox 1271 2617 1424 2688; x_wconf 63' lang='lat' dir='ltr'><strong>Lua]</strong></span> <span class='ocrx_word' id='word_1_105' title='bbox 1444 2626 1496 2672; x_wconf 90' lang='lat' dir='ltr'><strong>et</strong></span> <span class='ocrx_word' id='word_1_106' title='bbox 1513 2615 1867 2686; x_wconf 87' lang='lat' dir='ltr'><strong>principatum</strong></span> 
     </span>
    </p>
   </div>
   <div class='ocr_carea' id='block_1_20' title="bbox 251 2708 1869 2780">
    <p class='ocr_par' dir='ltr' id='par_1_20' title="bbox 251 2708 1869 2780">
     <span class='ocr_line' id='line_1_20' title="bbox 251 2708 1869 2780; baseline -0.001 -14"><span class='ocrx_word' id='word_1_107' title='bbox 251 2723 465 2768; x_wconf 69' lang='lat' dir='ltr'><strong>sancta:</strong></span> <span class='ocrx_word' id='word_1_108' title='bbox 494 2713 640 2767; x_wconf 88' lang='lat' dir='ltr'><strong>sedis</strong></span> <span class='ocrx_word' id='word_1_109' title='bbox 672 2711 953 2767; x_wconf 69' lang='lat' dir='ltr'><strong>catholicae</strong></span> <span class='ocrx_word' id='word_1_110' title='bbox 977 2721 1030 2766; x_wconf 89' lang='lat' dir='ltr'><strong>et</strong></span> <span class='ocrx_word' id='word_1_111' title='bbox 1051 2711 1379 2780; x_wconf 67' lang='lat' dir='ltr'><strong>apostolicae.</strong></span> <span class='ocrx_word' id='word_1_112' title='bbox 1407 2710 1502 2764; x_wconf 87' lang='lat' dir='ltr'><strong>Hic</strong></span> <span class='ocrx_word' id='word_1_113' title='bbox 1532 2709 1552 2739; x_wconf 90' lang='grc'>³</span> <span class='ocrx_word' id='word_1_114' title='bbox 1581 2708 1709 2764; x_wconf 88' lang='lat' dir='ltr'><strong>fecit</strong></span> <span class='ocrx_word' id='word_1_115' title='bbox 1741 2724 1869 2764; x_wconf 84' lang='lat' dir='ltr'><strong>con-</strong></span> 
     </span>
    </p>
   </div>
   <div class='ocr_carea' id='block_1_21' title="bbox 249 2803 1864 2870">
    <p class='ocr_par' dir='ltr' id='par_1_21' title="bbox 249 2803 1864 2870">
     <span class='ocr_line' id='line_1_21' title="bbox 249 2803 1864 2870; baseline -0.001 -10"><span class='ocrx_word' id='word_1_116' title='bbox 249 2807 512 2861; x_wconf 87' lang='lat' dir='ltr'><strong>stitutum</strong></span> <span class='ocrx_word' id='word_1_117' title='bbox 542 2806 608 2860; x_wconf 92' lang='lat' dir='ltr'><strong>de</strong></span> <span class='ocrx_word' id='word_1_118' title='bbox 641 2805 880 2860; x_wconf 85' lang='lat' dir='ltr'><strong>Ecclesia</strong></span> <span class='ocrx_word' id='word_1_119' title='bbox 910 2806 962 2859; x_wconf 88' lang='lat' dir='ltr'><strong>in</strong></span> <span class='ocrx_word' id='word_1_120' title='bbox 998 2807 1212 2862; x_wconf 89' lang='lat' dir='ltr'><strong>basilica</strong></span> <span class='ocrx_word' id='word_1_121' title='bbox 1243 2806 1310 2860; x_wconf 91' lang='lat' dir='ltr'><strong>ad</strong></span> <span class='ocrx_word' id='word_1_122' title='bbox 1340 2805 1590 2860; x_wconf 76' lang='lat' dir='ltr'><strong>Sanctam</strong></span> <span class='ocrx_word' id='word_1_123' title='bbox 1621 2803 1864 2870; x_wconf 80' lang='lat' dir='ltr'><strong>Mariam,</strong></span> 
     </span>
    </p>
   </div>
   <div class='ocr_carea' id='block_1_22' title="bbox 247 2896 1868 2963">
    <p class='ocr_par' dir='ltr' id='par_1_22' title="bbox 247 2896 1868 2963">
     <span class='ocr_line' id='line_1_22' title="bbox 247 2896 1868 2963; baseline -0.002 -9"><span class='ocrx_word' id='word_1_124' title='bbox 247 2899 550 2954; x_wconf 89' lang='lat' dir='ltr'><strong>consulatu</strong></span> <span class='ocrx_word' id='word_1_125' title='bbox 606 2899 846 2954; x_wconf 74' lang='lat' dir='ltr'><strong>Ba~ilisei</strong></span> <span class='ocrx_word' id='word_1_126' title='bbox 910 2910 965 2954; x_wconf 89' lang='lat' dir='ltr'><strong>et</strong></span> <span class='ocrx_word' id='word_1_127' title='bbox 1015 2898 1421 2963; x_wconf 83' lang='lat' dir='ltr'><strong>Hermenerici,</strong></span> <span class='ocrx_word' id='word_1_128' title='bbox 1474 2914 1565 2952; x_wconf 90' lang='lat' dir='ltr'><strong>xvt</strong></span> <span class='ocrx_word' id='word_1_129' title='bbox 1615 2896 1868 2952; x_wconf 90' lang='lat' dir='ltr'><strong>calendas</strong></span> 
     </span>
    </p>
   </div>
   <div class='ocr_carea' id='block_1_23' title="bbox 247 2989 1869 3048">
    <p class='ocr_par' dir='ltr' id='par_1_23' title="bbox 247 2989 1869 3048">
     <span class='ocr_line' id='line_1_23' title="bbox 247 2989 1869 3048; baseline -0.003 0"><span class='ocrx_word' id='word_1_130' title='bbox 247 2989 614 3048; x_wconf 81' lang='lat' dir='ltr'><strong>Decembres.</strong></span> <span class='ocrx_word' id='word_1_131' title='bbox 660 2991 758 3046; x_wconf 87' lang='lat' dir='ltr'><strong>llic</strong></span> <span class='ocrx_word' id='word_1_132' title='bbox 789 2991 916 3046; x_wconf 91' lang='lat' dir='ltr'><strong>fecit</strong></span> <span class='ocrx_word' id='word_1_133' title='bbox 957 2993 1193 3047; x_wconf 83' lang='lat' dir='ltr'><strong>oratoria</strong></span> <span class='ocrx_word' id='word_1_134' title='bbox 1236 2993 1334 3046; x_wconf 89' lang='lat' dir='ltr'><strong>tria</strong></span> <span class='ocrx_word' id='word_1_135' title='bbox 1366 2993 1417 3046; x_wconf 92' lang='lat' dir='ltr'><strong>in</strong></span> <span class='ocrx_word' id='word_1_136' title='bbox 1462 2990 1700 3045; x_wconf 75' lang='lat' dir='ltr'><strong>basilicae</strong></span> <span class='ocrx_word' id='word_1_137' title='bbox 1725 2989 1869 3044; x_wconf 90' lang='lat' dir='ltr'><strong>Con-</strong></span> 
     </span>
    </p>
   </div>
   <div class='ocr_carea' id='block_1_24' title="bbox 243 3083 1869 3154">
    <p class='ocr_par' dir='ltr' id='par_1_24' title="bbox 243 3083 1869 3154">
     <span class='ocr_line' id='line_1_24' title="bbox 243 3083 1869 3154; baseline -0.002 -13"><span class='ocrx_word' id='word_1_138' title='bbox 243 3085 610 3141; x_wconf 73' lang='lat' dir='ltr'><strong>stantiniana:</strong></span> <span class='ocrx_word' id='word_1_139' title='bbox 647 3084 960 3154; x_wconf 89' lang='lat' dir='ltr'><strong>baptisterio</strong></span> <span class='ocrx_word' id='word_1_140' title='bbox 985 3124 1002 3152; x_wconf 92' lang='lat'><strong>,</strong></span> <span class='ocrx_word' id='word_1_141' title='bbox 1039 3085 1209 3140; x_wconf 86' lang='lat' dir='ltr'><strong>sancti</strong></span> <span class='ocrx_word' id='word_1_142' title='bbox 1241 3084 1462 3138; x_wconf 82' lang='lat' dir='ltr'><strong>Joannis</strong></span> <span class='ocrx_word' id='word_1_143' title='bbox 1491 3083 1744 3150; x_wconf 59' lang='lat' dir='ltr'><strong>Baptista</strong></span> <span class='ocrx_word' id='word_1_144' title='bbox 1766 3123 1782 3150; x_wconf 93' lang='lat'><strong>,</strong></span> <span class='ocrx_word' id='word_1_145' title='bbox 1813 3092 1869 3138; x_wconf 90' lang='lat' dir='ltr'><strong>et</strong></span> 
     </span>
    </p>
   </div>
   <div class='ocr_carea' id='block_1_25' title="bbox 241 3175 1866 3252">
    <p class='ocr_par' dir='ltr' id='par_1_25' title="bbox 241 3175 1866 3252">
     <span class='ocr_line' id='line_1_25' title="bbox 241 3175 1866 3252; baseline -0.001 -20"><span class='ocrx_word' id='word_1_146' title='bbox 241 3179 427 3234; x_wconf 80' lang='lat' dir='ltr'><strong>sancti</strong></span> <span class='ocrx_word' id='word_1_147' title='bbox 456 3176 686 3252; x_wconf 78' lang='lat' dir='ltr'><strong>Joannis</strong></span> <span class='ocrx_word' id='word_1_148' title='bbox 711 3175 1056 3246; x_wconf 84' lang='lat' dir='ltr'><strong>evangelistae</strong></span> <span class='ocrx_word' id='word_1_149' title='bbox 1080 3215 1097 3243; x_wconf 93' lang='lat'><strong>,</strong></span> <span class='ocrx_word' id='word_1_150' title='bbox 1130 3187 1184 3231; x_wconf 91' lang='lat' dir='ltr'><strong>et</strong></span> <span class='ocrx_word' id='word_1_151' title='bbox 1213 3185 1414 3230; x_wconf 68' lang='lat' dir='ltr'><strong>sanctae</strong></span> <span class='ocrx_word' id='word_1_152' title='bbox 1441 3178 1618 3230; x_wconf 89' lang='lat' dir='ltr'><strong>crucis</strong></span> <span class='ocrx_word' id='word_1_153' title='bbox 1638 3216 1653 3242; x_wconf 88' lang='lat'><strong>,</strong></span> <span class='ocrx_word' id='word_1_154' title='bbox 1687 3175 1866 3230; x_wconf 86' lang='lat' dir='ltr'><strong>omnia</strong></span> 
     </span>
    </p>
   </div>
   <div class='ocr_carea' id='block_1_26' title="bbox 1978 1969 3570 2040">
    <p class='ocr_par' dir='ltr' id='par_1_26' title="bbox 1978 1969 3570 2040">
     <span class='ocr_line' id='line_1_26' title="bbox 1978 1969 3570 2040; baseline 0.005 -16"><span class='ocrx_word' id='word_1_155' title='bbox 1978 1977 2291 2038; x_wconf 86' lang='lat' dir='ltr'><strong>pensantem</strong></span> <span class='ocrx_word' id='word_1_156' title='bbox 2335 1969 2512 2040; x_wconf 91' lang='lat' dir='ltr'><strong>pondo</strong></span> <span class='ocrx_word' id='word_1_157' title='bbox 2538 1969 2911 2027; x_wconf 58' lang='lat' dir='ltr'><strong>lihrarumio.</strong></span> <span class='ocrx_word' id='word_1_158' title='bbox 2962 1972 3018 2027; x_wconf 93' lang='lat' dir='ltr'><strong>In</strong></span> <span class='ocrx_word' id='word_1_159' title='bbox 3065 1974 3404 2030; x_wconf 87' lang='lat' dir='ltr'><strong>confessione</strong></span> <span class='ocrx_word' id='word_1_160' title='bbox 3444 1975 3570 2032; x_wconf 88' lang='lat' dir='ltr'><strong>fecit</strong></span> 
     </span>
    </p>
   </div>
   <div class='ocr_carea' id='block_1_27' title="bbox 1969 2061 3569 2134">
    <p class='ocr_par' dir='ltr' id='par_1_27' title="bbox 1969 2061 3569 2134">
     <span class='ocr_line' id='line_1_27' title="bbox 1969 2061 3569 2134; baseline 0.007 -21"><span class='ocrx_word' id='word_1_161' title='bbox 1969 2061 2161 2131; x_wconf 88' lang='lat' dir='ltr'><strong>januas</strong></span> <span class='ocrx_word' id='word_1_162' title='bbox 2192 2078 2257 2117; x_wconf 84' lang='lat' dir='ltr'><strong>ex</strong></span> <span class='ocrx_word' id='word_1_163' title='bbox 2291 2071 2513 2132; x_wconf 87' lang='lat' dir='ltr'><strong>argento</strong></span> <span class='ocrx_word' id='word_1_164' title='bbox 2538 2103 2552 2128; x_wconf 94' lang='lat'><strong>,</strong></span> <span class='ocrx_word' id='word_1_165' title='bbox 2597 2074 2881 2131; x_wconf 84' lang='lat' dir='ltr'><strong>pensantes</strong></span> <span class='ocrx_word' id='word_1_166' title='bbox 2924 2064 3019 2119; x_wconf 86' lang='lat' dir='ltr'><strong>lib.</strong></span> <span class='ocrx_word' id='word_1_167' title='bbox 3053 2065 3121 2119; x_wconf 85' lang='lat'><strong>50</strong></span> <span class='ocrx_word' id='word_1_168' title='bbox 3159 2079 3316 2134; x_wconf 90' lang='lat' dir='ltr'><strong>supra</strong></span> <span class='ocrx_word' id='word_1_169' title='bbox 3357 2069 3569 2123; x_wconf 80' lang='lat' dir='ltr'><strong>confes-</strong></span> 
     </span>
    </p>
   </div>
   <div class='ocr_carea' id='block_1_28' title="bbox 1974 2155 3565 2227">
    <p class='ocr_par' dir='ltr' id='par_1_28' title="bbox 1974 2155 3565 2227">
     <span class='ocr_line' id='line_1_28' title="bbox 1974 2155 3565 2227; baseline 0.004 -20"><span class='ocrx_word' id='word_1_170' title='bbox 1974 2155 2180 2209; x_wconf 88' lang='lat' dir='ltr'><strong>sionem</strong></span> <span class='ocrx_word' id='word_1_171' title='bbox 2224 2168 2407 2208; x_wconf 89' lang='lat' dir='ltr'><strong>arcum</strong></span> <span class='ocrx_word' id='word_1_172' title='bbox 2449 2169 2671 2208; x_wconf 87' lang='lat' dir='ltr'><strong>aureum</strong></span> <span class='ocrx_word' id='word_1_173' title='bbox 2701 2195 2714 2218; x_wconf 89' lang='lat'><strong>,</strong></span> <span class='ocrx_word' id='word_1_174' title='bbox 2762 2155 2851 2224; x_wconf 90' lang='lat' dir='ltr'><strong>qui</strong></span> <span class='ocrx_word' id='word_1_175' title='bbox 2897 2163 3088 2224; x_wconf 87' lang='lat' dir='ltr'><strong>pensat</strong></span> <span class='ocrx_word' id='word_1_176' title='bbox 3132 2155 3296 2209; x_wconf 89' lang='lat' dir='ltr'><strong>libras</strong></span> <span class='ocrx_word' id='word_1_177' title='bbox 3332 2157 3366 2209; x_wconf 76' lang='lat'>4</span> <span class='ocrx_word' id='word_1_178' title='bbox 3405 2174 3565 2227; x_wconf 84' lang='lat' dir='ltr'><strong>quem</strong></span> 
     </span>
    </p>
   </div>
   <div class='ocr_carea' id='block_1_29' title="bbox 1976 2248 3566 2321">
    <p class='ocr_par' dir='ltr' id='par_1_29' title="bbox 1976 2248 3566 2321">
     <span class='ocr_line' id='line_1_29' title="bbox 1976 2248 3566 2321; baseline 0.002 -17"><span class='ocrx_word' id='word_1_179' title='bbox 1976 2261 2189 2321; x_wconf 90' lang='lat' dir='ltr'><strong>portant</strong></span> <span class='ocrx_word' id='word_1_180' title='bbox 2231 2251 2496 2304; x_wconf 64' lang='lat' dir='ltr'><strong>columna:</strong></span> <span class='ocrx_word' id='word_1_181' title='bbox 2535 2248 2816 2320; x_wconf 70' lang='lat' dir='ltr'><strong>onychinre</strong></span> <span class='ocrx_word' id='word_1_182' title='bbox 2849 2268 2860 2302; x_wconf 93' lang='lat'>:</span> <span class='ocrx_word' id='word_1_183' title='bbox 2896 2261 2948 2304; x_wconf 89' lang='lat' dir='ltr'><strong>et</strong></span> <span class='ocrx_word' id='word_1_184' title='bbox 2994 2265 3059 2304; x_wconf 90' lang='lat' dir='ltr'><strong>eo</strong></span> <span class='ocrx_word' id='word_1_185' title='bbox 3105 2249 3207 2304; x_wconf 90' lang='lat' dir='ltr'><strong>loci</strong></span> <span class='ocrx_word' id='word_1_186' title='bbox 3248 2260 3353 2305; x_wconf 87' lang='lat' dir='ltr'><strong>stat</strong></span> <span class='ocrx_word' id='word_1_187' title='bbox 3399 2268 3566 2320; x_wconf 75' lang='lat' dir='ltr'><strong>agnus</strong></span> 
     </span>
    </p>
   </div>
   <div class='ocr_carea' id='block_1_30' title="bbox 1972 2340 3567 2410">
    <p class='ocr_par' dir='ltr' id='par_1_30' title="bbox 1972 2340 3567 2410">
     <span class='ocr_line' id='line_1_30' title="bbox 1972 2340 3567 2410; baseline 0.003 -14"><span class='ocrx_word' id='word_1_188' title='bbox 1972 2357 2190 2408; x_wconf 87' lang='lat' dir='ltr'><strong>aureus,</strong></span> <span class='ocrx_word' id='word_1_189' title='bbox 2215 2342 2303 2410; x_wconf 87' lang='lat' dir='ltr'><strong>qui</strong></span> <span class='ocrx_word' id='word_1_190' title='bbox 2331 2351 2518 2410; x_wconf 83' lang='lat' dir='ltr'><strong>pensat</strong></span> <span class='ocrx_word' id='word_1_191' title='bbox 2542 2341 2707 2396; x_wconf 86' lang='lat' dir='ltr'><strong>libras</strong></span> <span class='ocrx_word' id='word_1_192' title='bbox 2726 2340 2878 2396; x_wconf 87' lang='lat' dir='ltr'><strong>duas.</strong></span> <span class='ocrx_word' id='word_1_193' title='bbox 2908 2341 3174 2396; x_wconf 88' lang='lat' dir='ltr'><strong>Coronam</strong></span> <span class='ocrx_word' id='word_1_194' title='bbox 3203 2357 3416 2398; x_wconf 90' lang='lat' dir='ltr'><strong>auream</strong></span> <span class='ocrx_word' id='word_1_195' title='bbox 3440 2353 3567 2400; x_wconf 88' lang='lat' dir='ltr'><strong>ante</strong></span> 
     </span>
    </p>
   </div>
   <div class='ocr_carea' id='block_1_31' title="bbox 1973 2432 3565 2502">
    <p class='ocr_par' dir='ltr' id='par_1_31' title="bbox 1973 2432 3565 2502">
     <span class='ocr_line' id='line_1_31' title="bbox 1973 2432 3565 2502; baseline 0.002 -14"><span class='ocrx_word' id='word_1_196' title='bbox 1973 2432 2390 2489; x_wconf 79' lang='lat' dir='ltr'><strong>confessionem.</strong></span> <span class='ocrx_word' id='word_1_197' title='bbox 2445 2433 2678 2487; x_wconf 82' lang='lat' dir='ltr'><strong>Pharum</strong></span> <span class='ocrx_word' id='word_1_198' title='bbox 2729 2449 2849 2487; x_wconf 91' lang='lat' dir='ltr'><strong>cum</strong></span> <span class='ocrx_word' id='word_1_199' title='bbox 2899 2433 3203 2500; x_wconf 78' lang='lat' dir='ltr'><strong>delphinis,</strong></span> <span class='ocrx_word' id='word_1_200' title='bbox 3251 2446 3565 2502; x_wconf 76' lang='lat' dir='ltr'><strong>pensantem</strong></span> 
     </span>
    </p>
   </div>
   <div class='ocr_carea' id='block_1_32' title="bbox 1975 2525 3566 2596">
    <p class='ocr_par' dir='ltr' id='par_1_32' title="bbox 1975 2525 3566 2596">
     <span class='ocr_line' id='line_1_32' title="bbox 1975 2525 3566 2596; baseline 0.003 -16"><span class='ocrx_word' id='word_1_201' title='bbox 1975 2527 2140 2581; x_wconf 89' lang='lat' dir='ltr'><strong>libras</strong></span> <span class='ocrx_word' id='word_1_202' title='bbox 2169 2526 2428 2595; x_wconf 91' lang='lat' dir='ltr'><strong>quinque.</strong></span> <span class='ocrx_word' id='word_1_203' title='bbox 2464 2525 2758 2593; x_wconf 91' lang='lat' dir='ltr'><strong>Lampades</strong></span> <span class='ocrx_word' id='word_1_204' title='bbox 2785 2540 2974 2580; x_wconf 89' lang='lat' dir='ltr'><strong>aureas</strong></span> <span class='ocrx_word' id='word_1_205' title='bbox 3012 2525 3045 2579; x_wconf 86' lang='grc'><strong>4</strong></span> <span class='ocrx_word' id='word_1_206' title='bbox 3083 2537 3368 2596; x_wconf 86' lang='lat' dir='ltr'><strong>pensantes</strong></span> <span class='ocrx_word' id='word_1_207' title='bbox 3401 2529 3566 2585; x_wconf 89' lang='lat' dir='ltr'><strong>lihras</strong></span> 
     </span>
    </p>
   </div>
   <div class='ocr_carea' id='block_1_33' title="bbox 1973 2619 3567 2690">
    <p class='ocr_par' dir='ltr' id='par_1_33' title="bbox 1973 2619 3567 2690">
     <span class='ocr_line' id='line_1_33' title="bbox 1973 2619 3567 2690; baseline 0.004 -17"><span class='ocrx_word' id='word_1_208' title='bbox 1973 2619 2127 2674; x_wconf 92' lang='lat' dir='ltr'><strong>duas.</strong></span> <span class='ocrx_word' id='word_1_209' title='bbox 2161 2619 2496 2690; x_wconf 83' lang='lat' dir='ltr'><strong>Nympheum</strong></span> <span class='ocrx_word' id='word_1_210' title='bbox 2525 2631 2578 2674; x_wconf 87' lang='lat' dir='ltr'><strong>et</strong></span> <span class='ocrx_word' id='word_1_211' title='bbox 2607 2621 2939 2689; x_wconf 88' lang='lat' dir='ltr'><strong>triporticum</strong></span> <span class='ocrx_word' id='word_1_212' title='bbox 2971 2630 3094 2677; x_wconf 88' lang='lat' dir='ltr'><strong>ante</strong></span> <span class='ocrx_word' id='word_1_213' title='bbox 3125 2623 3413 2677; x_wconf 90' lang='lat' dir='ltr'><strong>oratorium</strong></span> <span class='ocrx_word' id='word_1_214' title='bbox 3442 2639 3567 2679; x_wconf 87' lang='lat' dir='ltr'><strong>san-</strong></span> 
     </span>
    </p>
   </div>
   <div class='ocr_carea' id='block_1_34' title="bbox 1972 2711 3564 2784">
    <p class='ocr_par' dir='ltr' id='par_1_34' title="bbox 1972 2711 3564 2784">
     <span class='ocr_line' id='line_1_34' title="bbox 1972 2711 3564 2784; baseline 0.003 -18"><span class='ocrx_word' id='word_1_215' title='bbox 1972 2722 2073 2766; x_wconf 68' lang='lat' dir='ltr'><strong>cta:</strong></span> <span class='ocrx_word' id='word_1_216' title='bbox 2100 2711 2288 2766; x_wconf 90' lang='lat' dir='ltr'><strong>Crucis</strong></span> <span class='ocrx_word' id='word_1_217' title='bbox 2314 2754 2326 2777; x_wconf 94' lang='lat'><strong>,</strong></span> <span class='ocrx_word' id='word_1_218' title='bbox 2364 2712 2452 2766; x_wconf 90' lang='lat' dir='ltr'><strong>ubi</strong></span> <span class='ocrx_word' id='word_1_219' title='bbox 2501 2721 2626 2766; x_wconf 90' lang='lat' dir='ltr'><strong>sunt</strong></span> <span class='ocrx_word' id='word_1_220' title='bbox 2663 2712 2928 2767; x_wconf 70' lang='lat' dir='ltr'><strong>columnre</strong></span> <span class='ocrx_word' id='word_1_221' title='bbox 2974 2714 3122 2768; x_wconf 72' lang='lat' dir='ltr'><strong>mira:</strong></span> <span class='ocrx_word' id='word_1_222' title='bbox 3163 2716 3564 2784; x_wconf 81' lang='lat' dir='ltr'><strong>magnitudinis,</strong></span> 
     </span>
    </p>
   </div>
   <div class='ocr_carea' id='block_1_35' title="bbox 1973 2803 3567 2873">
    <p class='ocr_par' dir='ltr' id='par_1_35' title="bbox 1973 2803 3567 2873">
     <span class='ocr_line' id='line_1_35' title="bbox 1973 2803 3567 2873; baseline 0.005 -16"><span class='ocrx_word' id='word_1_223' title='bbox 1973 2819 2092 2872; x_wconf 74' lang='lat' dir='ltr'><strong>qua:</strong></span> <span class='ocrx_word' id='word_1_224' title='bbox 2131 2804 2379 2858; x_wconf 90' lang='lat' dir='ltr'><strong>dicuntur</strong></span> <span class='ocrx_word' id='word_1_225' title='bbox 2412 2813 2434 2840; x_wconf 79' lang='grc' dir='ltr'><strong>ο</strong></span> <span class='ocrx_word' id='word_1_226' title='bbox 2478 2803 2900 2873; x_wconf 85' lang='lat' dir='ltr'><strong>I-Iecatonpenta.</strong></span> <span class='ocrx_word' id='word_1_227' title='bbox 2948 2805 3120 2860; x_wconf 90' lang='lat' dir='ltr'><strong>Lacus</strong></span> <span class='ocrx_word' id='word_1_228' title='bbox 3160 2817 3214 2862; x_wconf 91' lang='lat' dir='ltr'><strong>et</strong></span> <span class='ocrx_word' id='word_1_229' title='bbox 3264 2807 3280 2843; x_wconf 69' lang='grc' dir='ltr'>ί</span> <span class='ocrx_word' id='word_1_230' title='bbox 3332 2809 3567 2865; x_wconf 84' lang='lat' dir='ltr'><strong>conchas</strong></span> 
     </span>
    </p>
   </div>
   <div class='ocr_carea' id='block_1_36' title="bbox 1972 2896 3563 2969">
    <p class='ocr_par' dir='ltr' id='par_1_36' title="bbox 1972 2896 3563 2969">
     <span class='ocr_line' id='line_1_36' title="bbox 1972 2896 3563 2969; baseline 0.003 -18"><span class='ocrx_word' id='word_1_231' title='bbox 1972 2896 2292 2951; x_wconf 86' lang='lat' dir='ltr'><strong>cithariacas</strong></span> <span class='ocrx_word' id='word_1_232' title='bbox 2307 2896 2461 2960; x_wconf 89' lang='lat' dir='ltr'><strong>duas,</strong></span> <span class='ocrx_word' id='word_1_233' title='bbox 2479 2911 2600 2950; x_wconf 91' lang='lat' dir='ltr'><strong>cum</strong></span> <span class='ocrx_word' id='word_1_234' title='bbox 2619 2898 2882 2950; x_wconf 89' lang='lat' dir='ltr'><strong>columnis</strong></span> <span class='ocrx_word' id='word_1_235' title='bbox 2901 2898 3295 2969; x_wconf 88' lang='lat' dir='ltr'><strong>porphyreticis</strong></span> <span class='ocrx_word' id='word_1_236' title='bbox 3309 2910 3333 2947; x_wconf 74' lang='lat'><strong>8</strong></span> <span class='ocrx_word' id='word_1_237' title='bbox 3349 2903 3563 2956; x_wconf 90' lang='lat' dir='ltr'><strong>soraitis</strong></span> 
     </span>
    </p>
   </div>
   <div class='ocr_carea' id='block_1_37' title="bbox 1975 2985 3560 3059">
    <p class='ocr_par' dir='ltr' id='par_1_37' title="bbox 1975 2985 3560 3059">
     <span class='ocr_line' id='line_1_37' title="bbox 1975 2985 3560 3059; baseline 0.003 -18"><span class='ocrx_word' id='word_1_238' title='bbox 1975 2987 2105 3059; x_wconf 80' lang='lat' dir='ltr'><strong>[lege</strong></span> <span class='ocrx_word' id='word_1_239' title='bbox 2127 2985 2456 3058; x_wconf 80' lang='lat' dir='ltr'><strong>perforatis],</strong></span> <span class='ocrx_word' id='word_1_240' title='bbox 2475 3003 2664 3056; x_wconf 88' lang='lat' dir='ltr'><strong>aquam</strong></span> <span class='ocrx_word' id='word_1_241' title='bbox 2687 2987 2988 3042; x_wconf 84' lang='lat' dir='ltr'><strong>fundentes.</strong></span> <span class='ocrx_word' id='word_1_242' title='bbox 3013 2988 3078 3042; x_wconf 84' lang='lat' dir='ltr'><strong>Et</strong></span> <span class='ocrx_word' id='word_1_243' title='bbox 3104 2989 3157 3043; x_wconf 93' lang='lat' dir='ltr'><strong>in</strong></span> <span class='ocrx_word' id='word_1_244' title='bbox 3183 2991 3360 3044; x_wconf 89' lang='lat' dir='ltr'><strong>medio</strong></span> <span class='ocrx_word' id='word_1_245' title='bbox 3389 2994 3560 3046; x_wconf 89' lang='lat' dir='ltr'><strong>lacum</strong></span> 
     </span>
    </p>
   </div>
   <div class='ocr_carea' id='block_1_38' title="bbox 1974 3078 3559 3153">
    <p class='ocr_par' dir='ltr' id='par_1_38' title="bbox 1974 3078 3559 3153">
     <span class='ocr_line' id='line_1_38' title="bbox 1974 3078 3559 3153; baseline 0.002 -19"><span class='ocrx_word' id='word_1_246' title='bbox 1974 3079 2409 3150; x_wconf 82' lang='lat' dir='ltr'><strong>porphyreticum</strong></span> <span class='ocrx_word' id='word_1_247' title='bbox 2434 3094 2554 3134; x_wconf 83' lang='lat' dir='ltr'><strong>curn</strong></span> <span class='ocrx_word' id='word_1_248' title='bbox 2577 3079 2779 3133; x_wconf 83' lang='lat' dir='ltr'><strong>concha</strong></span> <span class='ocrx_word' id='word_1_249' title='bbox 2811 3078 2836 3113; x_wconf 61' lang='grc' dir='ltr'><strong>τι</strong></span> <span class='ocrx_word' id='word_1_250' title='bbox 2865 3080 2997 3134; x_wconf 87' lang='lat' dir='ltr'><strong>raita</strong></span> <span class='ocrx_word' id='word_1_251' title='bbox 3024 3079 3154 3152; x_wconf 84' lang='lat' dir='ltr'><strong>[lege</strong></span> <span class='ocrx_word' id='word_1_252' title='bbox 3171 3095 3202 3135; x_wconf 93' lang='lat' dir='ltr'><strong>c</strong></span> <span class='ocrx_word' id='word_1_253' title='bbox 3226 3082 3483 3153; x_wconf 82' lang='lat' dir='ltr'><strong>thariacaj</strong></span> <span class='ocrx_word' id='word_1_254' title='bbox 3509 3084 3559 3138; x_wconf 93' lang='lat' dir='ltr'><strong>in</strong></span> 
     </span>
    </p>
   </div>
   <div class='ocr_carea' id='block_1_39' title="bbox 1973 3169 3562 3240">
    <p class='ocr_par' dir='ltr' id='par_1_39' title="bbox 1973 3169 3562 3240">
     <span class='ocr_line' id='line_1_39' title="bbox 1973 3169 3562 3240; baseline 0.002 -15"><span class='ocrx_word' id='word_1_255' title='bbox 1973 3172 2168 3236; x_wconf 90' lang='lat' dir='ltr'><strong>medio,</strong></span> <span class='ocrx_word' id='word_1_256' title='bbox 2197 3185 2387 3240; x_wconf 87' lang='lat' dir='ltr'><strong>aquam</strong></span> <span class='ocrx_word' id='word_1_257' title='bbox 2414 3169 2689 3236; x_wconf 81' lang='lat' dir='ltr'><strong>fundente,</strong></span> <span class='ocrx_word' id='word_1_258' title='bbox 2721 3171 3050 3226; x_wconf 88' lang='lat' dir='ltr'><strong>circumdata</strong></span> <span class='ocrx_word' id='word_1_259' title='bbox 3081 3181 3134 3226; x_wconf 91' lang='lat' dir='ltr'><strong>et</strong></span> <span class='ocrx_word' id='word_1_260' title='bbox 3161 3187 3190 3225; x_wconf 88' lang='lat' dir='ltr'><strong>a</strong></span> <span class='ocrx_word' id='word_1_261' title='bbox 3222 3173 3425 3228; x_wconf 85' lang='lat' dir='ltr'><strong>dextris</strong></span> <span class='ocrx_word' id='word_1_262' title='bbox 3447 3185 3500 3230; x_wconf 89' lang='lat' dir='ltr'><strong>et</strong></span> <span class='ocrx_word' id='word_1_263' title='bbox 3532 3191 3562 3228; x_wconf 90' lang='lat' dir='ltr'><strong>a</strong></span> 
     </span>
    </p>
   </div>
   <div class='ocr_carea' id='block_1_40' title="bbox 241 3264 3560 3345">
    <p class='ocr_par' dir='ltr' id='par_1_40' title="bbox 241 3264 3560 3345">
     <span class='ocr_line' id='line_1_40' title="bbox 241 3264 3560 3345; baseline -0.001 -19"><span class='ocrx_word' id='word_1_264' title='bbox 241 3287 310 3327; x_wconf 89' lang='lat' dir='ltr'><strong>ex</strong></span> <span class='ocrx_word' id='word_1_265' title='bbox 342 3278 587 3342; x_wconf 85' lang='lat' dir='ltr'><strong>argento</strong></span> <span class='ocrx_word' id='word_1_266' title='bbox 614 3277 670 3325; x_wconf 92' lang='lat' dir='ltr'><strong>et</strong></span> <span class='ocrx_word' id='word_1_267' title='bbox 698 3269 960 3340; x_wconf 88' lang='lat' dir='ltr'><strong>lapidibus</strong></span> <span class='ocrx_word' id='word_1_268' title='bbox 989 3269 1254 3338; x_wconf 87' lang='lat' dir='ltr'><strong>pretiosis.</strong></span> <span class='ocrx_word' id='word_1_269' title='bbox 1287 3268 1691 3324; x_wconf 87' lang='lat' dir='ltr'><strong>Confessiouem</strong></span> <span class='ocrx_word' id='word_1_270' title='bbox 1727 3279 1748 3307; x_wconf 72' lang='grc' dir='ltr'><strong>ε</strong></span> <span class='ocrx_word' id='word_1_271' title='bbox 1775 3284 1870 3323; x_wconf 89' lang='lat' dir='ltr'><strong>au-</strong></span> <span class='ocrx_word' id='word_1_272' title='bbox 1897 3285 1948 3345; x_wconf 78' lang='lat' dir='ltr'><strong>B</strong></span> <span class='ocrx_word' id='word_1_273' title='bbox 1973 3265 2208 3320; x_wconf 86' lang='lat' dir='ltr'><strong>sinistris</strong></span> <span class='ocrx_word' id='word_1_274' title='bbox 2247 3265 2299 3319; x_wconf 92' lang='lat' dir='ltr'><strong>in</strong></span> <span class='ocrx_word' id='word_1_275' title='bbox 2336 3264 2514 3319; x_wconf 92' lang='lat' dir='ltr'><strong>medio</strong></span> <span class='ocrx_word' id='word_1_276' title='bbox 2540 3264 2800 3321; x_wconf 84' lang='lat' dir='ltr'><strong>cancellis</strong></span> <span class='ocrx_word' id='word_1_277' title='bbox 2837 3266 2991 3320; x_wconf 70' lang='lat' dir='ltr'><strong>aereis</strong></span> <span class='ocrx_word' id='word_1_278' title='bbox 3019 3276 3074 3320; x_wconf 92' lang='lat' dir='ltr'><strong>et</strong></span> <span class='ocrx_word' id='word_1_279' title='bbox 3103 3267 3370 3322; x_wconf 89' lang='lat' dir='ltr'><strong>columnis</strong></span> <span class='ocrx_word' id='word_1_280' title='bbox 3393 3313 3406 3334; x_wconf 93' lang='lat'><strong>,</strong></span> <span class='ocrx_word' id='word_1_281' title='bbox 3439 3285 3560 3323; x_wconf 91' lang='lat' dir='ltr'><strong>cum</strong></span> 
     </span>
    </p>
   </div>
   <div class='ocr_carea' id='block_1_41' title="bbox 245 3361 1866 3431">
    <p class='ocr_par' dir='ltr' id='par_1_41' title="bbox 245 3361 1866 3431">
     <span class='ocr_line' id='line_1_41' title="bbox 245 3361 1866 3431; baseline -0.004 -11"><span class='ocrx_word' id='word_1_282' title='bbox 245 3375 361 3420; x_wconf 90' lang='lat' dir='ltr'><strong>tem</strong></span> <span class='ocrx_word' id='word_1_283' title='bbox 397 3362 584 3418; x_wconf 87' lang='lat' dir='ltr'><strong>sancti</strong></span> <span class='ocrx_word' id='word_1_284' title='bbox 611 3361 828 3416; x_wconf 78' lang='lat' dir='ltr'><strong>Joannis</strong></span> <span class='ocrx_word' id='word_1_285' title='bbox 854 3361 1104 3431; x_wconf 81' lang='lat' dir='ltr'><strong>Baptista:</strong></span> <span class='ocrx_word' id='word_1_286' title='bbox 1128 3361 1255 3417; x_wconf 84' lang='lat' dir='ltr'><strong>fecit</strong></span> <span class='ocrx_word' id='word_1_287' title='bbox 1278 3376 1344 3415; x_wconf 83' lang='lat' dir='ltr'><strong>ex</strong></span> <span class='ocrx_word' id='word_1_288' title='bbox 1369 3369 1612 3430; x_wconf 90' lang='lat' dir='ltr'><strong>argento,</strong></span> <span class='ocrx_word' id='word_1_289' title='bbox 1638 3374 1866 3430; x_wconf 88' lang='lat' dir='ltr'><strong>pensan-</strong></span> 
     </span>
    </p>
   </div>
   <div class='ocr_carea' id='block_1_42' title="bbox 239 3453 1866 3515">
    <p class='ocr_par' dir='ltr' id='par_1_42' title="bbox 239 3453 1866 3515">
     <span class='ocr_line' id='line_1_42' title="bbox 239 3453 1866 3515; baseline -0.004 0"><span class='ocrx_word' id='word_1_290' title='bbox 239 3467 358 3515; x_wconf 88' lang='lat' dir='ltr'><strong>tem</strong></span> <span class='ocrx_word' id='word_1_291' title='bbox 412 3458 591 3512; x_wconf 75' lang='lat' dir='ltr'><strong>libras</strong></span> <span class='ocrx_word' id='word_1_292' title='bbox 628 3455 728 3511; x_wconf 80' lang='grc'><strong>100</strong></span> <span class='ocrx_word' id='word_1_293' title='bbox 756 3464 812 3510; x_wconf 92' lang='lat' dir='ltr'><strong>et</strong></span> <span class='ocrx_word' id='word_1_294' title='bbox 839 3471 1054 3510; x_wconf 90' lang='lat' dir='ltr'><strong>crucem</strong></span> <span class='ocrx_word' id='word_1_295' title='bbox 1094 3470 1333 3510; x_wconf 90' lang='lat' dir='ltr'><strong>auream.</strong></span> <span class='ocrx_word' id='word_1_296' title='bbox 1381 3454 1448 3509; x_wconf 88' lang='lat' dir='ltr'><strong>Et</strong></span> <span class='ocrx_word' id='word_1_297' title='bbox 1475 3453 1866 3509; x_wconf 81' lang='lat' dir='ltr'><strong>confessionem</strong></span> 
     </span>
    </p>
   </div>
   <div class='ocr_carea' id='block_1_43' title="bbox 233 3547 1866 3617">
    <p class='ocr_par' dir='ltr' id='par_1_43' title="bbox 233 3547 1866 3617">
     <span class='ocr_line' id='line_1_43' title="bbox 233 3547 1866 3617; baseline -0.004 -11"><span class='ocrx_word' id='word_1_298' title='bbox 233 3550 431 3606; x_wconf 81' lang='lat' dir='ltr'><strong>sancti</strong></span> <span class='ocrx_word' id='word_1_299' title='bbox 462 3547 690 3604; x_wconf 88' lang='lat' dir='ltr'><strong>Joannis</strong></span> <span class='ocrx_word' id='word_1_300' title='bbox 715 3548 1061 3617; x_wconf 74' lang='lat' dir='ltr'><strong>evangelista:</strong></span> <span class='ocrx_word' id='word_1_301' title='bbox 1091 3547 1217 3602; x_wconf 87' lang='lat' dir='ltr'><strong>fecit</strong></span> <span class='ocrx_word' id='word_1_302' title='bbox 1242 3562 1306 3601; x_wconf 83' lang='lat' dir='ltr'><strong>ex</strong></span> <span class='ocrx_word' id='word_1_303' title='bbox 1340 3556 1563 3616; x_wconf 88' lang='lat' dir='ltr'><strong>argento</strong></span> <span class='ocrx_word' id='word_1_304' title='bbox 1583 3586 1598 3612; x_wconf 92' lang='lat'><strong>,</strong></span> <span class='ocrx_word' id='word_1_305' title='bbox 1633 3561 1866 3616; x_wconf 87' lang='lat' dir='ltr'><strong>pensan-</strong></span> 
     </span>
    </p>
   </div>
   <div class='ocr_carea' id='block_1_44' title="bbox 236 3636 1870 3699">
    <p class='ocr_par' dir='ltr' id='par_1_44' title="bbox 236 3636 1870 3699">
     <span class='ocr_line' id='line_1_44' title="bbox 236 3636 1870 3699; baseline -0.006 0"><span class='ocrx_word' id='word_1_306' title='bbox 236 3652 358 3699; x_wconf 87' lang='lat' dir='ltr'><strong>tem</strong></span> <span class='ocrx_word' id='word_1_307' title='bbox 412 3641 592 3695; x_wconf 85' lang='lat' dir='ltr'><strong>libras</strong></span> <span class='ocrx_word' id='word_1_308' title='bbox 634 3639 735 3694; x_wconf 79' lang='grc'><strong>100</strong></span> <span class='ocrx_word' id='word_1_309' title='bbox 783 3647 838 3692; x_wconf 91' lang='lat' dir='ltr'><strong>et</strong></span> <span class='ocrx_word' id='word_1_310' title='bbox 880 3652 1092 3691; x_wconf 90' lang='lat' dir='ltr'><strong>crucem</strong></span> <span class='ocrx_word' id='word_1_311' title='bbox 1136 3652 1371 3691; x_wconf 91' lang='lat' dir='ltr'><strong>auream.</strong></span> <span class='ocrx_word' id='word_1_312' title='bbox 1424 3637 1489 3691; x_wconf 84' lang='lat' dir='ltr'><strong>Et</strong></span> <span class='ocrx_word' id='word_1_313' title='bbox 1527 3637 1580 3690; x_wconf 91' lang='lat' dir='ltr'><strong>in</strong></span> <span class='ocrx_word' id='word_1_314' title='bbox 1610 3636 1870 3690; x_wconf 86' lang='lat' dir='ltr'><strong>ambobus</strong></span> 
     </span>
    </p>
   </div>
   <div class='ocr_carea' id='block_1_45' title="bbox 232 3728 1869 3804">
    <p class='ocr_par' dir='ltr' id='par_1_45' title="bbox 232 3728 1869 3804">
     <span class='ocr_line' id='line_1_45' title="bbox 232 3728 1869 3804; baseline -0.007 -10"><span class='ocrx_word' id='word_1_315' title='bbox 232 3735 525 3794; x_wconf 86' lang='lat' dir='ltr'><strong>oratoriis</strong></span> <span class='ocrx_word' id='word_1_316' title='bbox 566 3732 763 3804; x_wconf 85' lang='lat' dir='ltr'><strong>januas</strong></span> <span class='ocrx_word' id='word_1_317' title='bbox 812 3744 982 3786; x_wconf 66' lang='lat' dir='ltr'><strong>aereas</strong></span> <span class='ocrx_word' id='word_1_318' title='bbox 1023 3739 1247 3800; x_wconf 88' lang='lat' dir='ltr'><strong>argento</strong></span> <span class='ocrx_word' id='word_1_319' title='bbox 1296 3729 1492 3784; x_wconf 87' lang='lat' dir='ltr'><strong>clusas.</strong></span> <span class='ocrx_word' id='word_1_320' title='bbox 1544 3729 1600 3783; x_wconf 93' lang='lat' dir='ltr'><strong>In</strong></span> <span class='ocrx_word' id='word_1_321' title='bbox 1630 3728 1869 3783; x_wconf 91' lang='lat' dir='ltr'><strong>oratorio</strong></span> 
     </span>
    </p>
   </div>
   <div class='ocr_carea' id='block_1_46' title="bbox 233 3817 1865 3890">
    <p class='ocr_par' dir='ltr' id='par_1_46' title="bbox 233 3817 1865 3890">
     <span class='ocr_line' id='line_1_46' title="bbox 233 3817 1865 3890; baseline -0.003 -9"><span class='ocrx_word' id='word_1_322' title='bbox 233 3844 379 3887; x_wconf 80' lang='lat' dir='ltr'><strong>vero</strong></span> <span class='ocrx_word' id='word_1_323' title='bbox 420 3834 634 3882; x_wconf 68' lang='lat' dir='ltr'><strong>sanctae</strong></span> <span class='ocrx_word' id='word_1_324' title='bbox 661 3823 849 3880; x_wconf 86' lang='lat' dir='ltr'><strong>Crucis</strong></span> <span class='ocrx_word' id='word_1_325' title='bbox 886 3822 1013 3879; x_wconf 84' lang='lat' dir='ltr'><strong>fecit</strong></span> <span class='ocrx_word' id='word_1_326' title='bbox 1038 3820 1454 3888; x_wconf 82' lang='lat' dir='ltr'><strong>confessionem,</strong></span> <span class='ocrx_word' id='word_1_327' title='bbox 1487 3820 1577 3876; x_wconf 91' lang='lat' dir='ltr'><strong>ubi</strong></span> <span class='ocrx_word' id='word_1_328' title='bbox 1603 3817 1630 3858; x_wconf 73' lang='grc' dir='ltr'><strong><em>ἀ</em></strong></span> <span class='ocrx_word' id='word_1_329' title='bbox 1665 3820 1865 3890; x_wconf 89' lang='lat' dir='ltr'><strong>lignum</strong></span> 
     </span>
    </p>
   </div>
   <div class='ocr_carea' id='block_1_47' title="bbox 309 3957 1262 4027">
    <p class='ocr_par' dir='ltr' id='par_1_47' title="bbox 309 3957 1262 4027">
     <span class='ocr_line' id='line_1_47' title="bbox 309 3957 1262 4027; baseline -0.009 -9"><span class='ocrx_word' id='word_1_330' title='bbox 309 3973 339 4000; x_wconf 74' lang='grc'>⁸</span> <span class='ocrx_word' id='word_1_331' title='bbox 374 3959 530 4017; x_wconf 88' lang='lat' dir='ltr'><strong>Cod.</strong></span> <span class='ocrx_word' id='word_1_332' title='bbox 562 3958 668 4013; x_wconf 71' lang='grc'><strong>490</strong></span> <span class='ocrx_word' id='word_1_333' title='bbox 691 3957 968 4022; x_wconf 86' lang='lat' dir='ltr'><strong>Lucensis,</strong></span> <span class='ocrx_word' id='word_1_334' title='bbox 993 3958 1262 4027; x_wconf 74' lang='lat' dir='ltr'><strong>exsparsit.</strong></span> 
     </span>
    </p>
   </div>
   <div class='ocr_carea' id='block_1_48' title="bbox 307 4029 1509 4098">
    <p class='ocr_par' dir='ltr' id='par_1_48' title="bbox 307 4029 1509 4098">
     <span class='ocr_line' id='line_1_48' title="bbox 307 4029 1509 4098; baseline -0.004 -10"><span class='ocrx_word' id='word_1_335' title='bbox 307 4033 338 4072; x_wconf 75' lang='grc' dir='ltr'><strong>ι)</strong></span> <span class='ocrx_word' id='word_1_336' title='bbox 375 4034 538 4088; x_wconf 88' lang='lat' dir='ltr'><strong>Idem</strong></span> <span class='ocrx_word' id='word_1_337' title='bbox 571 4030 716 4094; x_wconf 89' lang='lat' dir='ltr'><strong>cod.,</strong></span> <span class='ocrx_word' id='word_1_338' title='bbox 749 4029 825 4082; x_wconf 82' lang='lat' dir='ltr'><strong>vel</strong></span> <span class='ocrx_word' id='word_1_339' title='bbox 855 4039 1047 4082; x_wconf 87' lang='lat' dir='ltr'><strong>tomum</strong></span> <span class='ocrx_word' id='word_1_340' title='bbox 1074 4031 1236 4082; x_wconf 80' lang='lat' dir='ltr'><strong>sancti</strong></span> <span class='ocrx_word' id='word_1_341' title='bbox 1265 4029 1509 4098; x_wconf 81' lang='lat' dir='ltr'><strong>episcOpi.</strong></span> 
     </span>
    </p>
   </div>
   <div class='ocr_carea' id='block_1_49' title="bbox 315 4099 1856 4167">
    <p class='ocr_par' dir='ltr' id='par_1_49' title="bbox 315 4099 1856 4167">
     <span class='ocr_line' id='line_1_49' title="bbox 315 4099 1856 4167; baseline -0.003 -9"><span class='ocrx_word' id='word_1_342' title='bbox 315 4116 340 4143; x_wconf 72' lang='grc' dir='ltr'>ε</span> <span class='ocrx_word' id='word_1_343' title='bbox 381 4105 448 4158; x_wconf 89' lang='lat' dir='ltr'><strong>In</strong></span> <span class='ocrx_word' id='word_1_344' title='bbox 480 4101 677 4157; x_wconf 89' lang='lat' dir='ltr'><strong>eodem</strong></span> <span class='ocrx_word' id='word_1_345' title='bbox 703 4100 822 4155; x_wconf 91' lang='lat' dir='ltr'><strong>cod.</strong></span> <span class='ocrx_word' id='word_1_346' title='bbox 842 4100 992 4154; x_wconf 87' lang='lat' dir='ltr'><strong>deest</strong></span> <span class='ocrx_word' id='word_1_347' title='bbox 1015 4110 1184 4155; x_wconf 86' lang='lat' dir='ltr'><strong>autem</strong></span> <span class='ocrx_word' id='word_1_348' title='bbox 1213 4109 1266 4155; x_wconf 89' lang='lat' dir='ltr'><strong>et</strong></span> <span class='ocrx_word' id='word_1_349' title='bbox 1296 4102 1514 4155; x_wconf 87' lang='lat' dir='ltr'><strong>interius</strong></span> <span class='ocrx_word' id='word_1_350' title='bbox 1539 4099 1690 4156; x_wconf 91' lang='lat' dir='ltr'><strong>deest</strong></span> <span class='ocrx_word' id='word_1_351' title='bbox 1716 4099 1856 4167; x_wconf 80' lang='lat' dir='ltr'><strong>fecit.</strong></span> 
     </span>
    </p>
   </div>
   <div class='ocr_carea' id='block_1_50' title="bbox 309 4171 959 4244">
    <p class='ocr_par' dir='ltr' id='par_1_50' title="bbox 309 4171 959 4244">
     <span class='ocr_line' id='line_1_50' title="bbox 309 4171 959 4244; baseline -0.011 -13"><span class='ocrx_word' id='word_1_352' title='bbox 309 4173 340 4212; x_wconf 73' lang='grc' dir='ltr'><em>ά</em></span> <span class='ocrx_word' id='word_1_353' title='bbox 377 4176 546 4230; x_wconf 80' lang='lat' dir='ltr'><strong>Idem</strong></span> <span class='ocrx_word' id='word_1_354' title='bbox 577 4171 722 4238; x_wconf 87' lang='lat' dir='ltr'><strong>cod.,</strong></span> <span class='ocrx_word' id='word_1_355' title='bbox 751 4187 959 4244; x_wconf 84' lang='lat' dir='ltr'><strong>agnum.</strong></span> 
     </span>
    </p>
   </div>
   <div class='ocr_carea' id='block_1_51' title="bbox 314 4309 1859 4379">
    <p class='ocr_par' dir='ltr' id='par_1_51' title="bbox 314 4309 1859 4379">
     <span class='ocr_line' id='line_1_51' title="bbox 314 4309 1859 4379; baseline -0.001 -12"><span class='ocrx_word' id='word_1_356' title='bbox 314 4317 330 4345; x_wconf 77' lang='grc'>³</span> <span class='ocrx_word' id='word_1_357' title='bbox 368 4312 522 4367; x_wconf 88' lang='lat' dir='ltr'><strong>Post</strong></span> <span class='ocrx_word' id='word_1_358' title='bbox 569 4309 930 4377; x_wconf 86' lang='lat' dir='ltr'><strong>interregnum</strong></span> <span class='ocrx_word' id='word_1_359' title='bbox 973 4318 1178 4379; x_wconf 86' lang='lat' dir='ltr'><strong>septem</strong></span> <span class='ocrx_word' id='word_1_360' title='bbox 1221 4310 1330 4364; x_wconf 86' lang='lat' dir='ltr'><strong>fere</strong></span> <span class='ocrx_word' id='word_1_361' title='bbox 1377 4311 1662 4374; x_wconf 89' lang='lat' dir='ltr'><strong>mensium,</strong></span> <span class='ocrx_word' id='word_1_362' title='bbox 1691 4309 1859 4378; x_wconf 88' lang='lat' dir='ltr'><strong>pridie</strong></span> 
     </span>
    </p>
   </div>
   <div class='ocr_carea' id='block_1_52' title="bbox 233 4379 1859 4450">
    <p class='ocr_par' dir='ltr' id='par_1_52' title="bbox 233 4379 1859 4450">
     <span class='ocr_line' id='line_1_52' title="bbox 233 4379 1859 4450; baseline -0.002 -12"><span class='ocrx_word' id='word_1_363' title='bbox 233 4385 365 4443; x_wconf 89' lang='lat' dir='ltr'><strong>idus</strong></span> <span class='ocrx_word' id='word_1_364' title='bbox 397 4379 736 4438; x_wconf 82' lang='lat' dir='ltr'><strong>Novembris</strong></span> <span class='ocrx_word' id='word_1_365' title='bbox 765 4380 889 4433; x_wconf 89' lang='lat' dir='ltr'><strong>anni</strong></span> <span class='ocrx_word' id='word_1_366' title='bbox 911 4381 1034 4446; x_wconf 69' lang='grc'><strong>461,</strong></span> <span class='ocrx_word' id='word_1_367' title='bbox 1061 4382 1147 4449; x_wconf 87' lang='lat' dir='ltr'><strong>qui</strong></span> <span class='ocrx_word' id='word_1_368' title='bbox 1180 4391 1261 4435; x_wconf 91' lang='lat' dir='ltr'><strong>est</strong></span> <span class='ocrx_word' id='word_1_369' title='bbox 1290 4380 1486 4436; x_wconf 83' lang='lat' dir='ltr'><strong>Leonis</strong></span> <span class='ocrx_word' id='word_1_370' title='bbox 1518 4383 1859 4450; x_wconf 85' lang='lat' dir='ltr'><strong>imperatoris</strong></span> 
     </span>
    </p>
   </div>
   <div class='ocr_carea' id='block_1_53' title="bbox 231 4450 1856 4526">
    <p class='ocr_par' dir='ltr' id='par_1_53' title="bbox 231 4450 1856 4526">
     <span class='ocr_line' id='line_1_53' title="bbox 231 4450 1856 4526; baseline -0.001 -18"><span class='ocrx_word' id='word_1_371' title='bbox 231 4458 510 4526; x_wconf 74' lang='lat' dir='ltr'><strong>quintus,</strong></span> <span class='ocrx_word' id='word_1_372' title='bbox 536 4450 993 4526; x_wconf 72' lang='lat' dir='ltr'><strong>llilarusnatione</strong></span> <span class='ocrx_word' id='word_1_373' title='bbox 1014 4451 1234 4526; x_wconf 83' lang='lat' dir='ltr'><strong>Sardus,</strong></span> <span class='ocrx_word' id='word_1_374' title='bbox 1263 4453 1390 4506; x_wconf 88' lang='lat' dir='ltr'><strong>olim</strong></span> <span class='ocrx_word' id='word_1_375' title='bbox 1419 4453 1696 4526; x_wconf 84' lang='lat' dir='ltr'><strong>diaconus,</strong></span> <span class='ocrx_word' id='word_1_376' title='bbox 1722 4463 1776 4507; x_wconf 89' lang='lat' dir='ltr'><strong>et</strong></span> <span class='ocrx_word' id='word_1_377' title='bbox 1806 4454 1856 4506; x_wconf 91' lang='lat' dir='ltr'><strong>in</strong></span> 
     </span>
    </p>
   </div>
   <div class='ocr_carea' id='block_1_54' title="bbox 232 4521 1856 4590">
    <p class='ocr_par' dir='ltr' id='par_1_54' title="bbox 232 4521 1856 4590">
     <span class='ocr_line' id='line_1_54' title="bbox 232 4521 1856 4590; baseline -0.003 -8"><span class='ocrx_word' id='word_1_378' title='bbox 232 4521 630 4582; x_wconf 70' lang='lat' dir='ltr'><strong>concilialiulo</strong></span> <span class='ocrx_word' id='word_1_379' title='bbox 668 4521 940 4590; x_wconf 82' lang='lat' dir='ltr'><strong>Ephesino</strong></span> <span class='ocrx_word' id='word_1_380' title='bbox 983 4522 1242 4588; x_wconf 71' lang='lat' dir='ltr'><strong>legatione</strong></span> <span class='ocrx_word' id='word_1_381' title='bbox 1291 4527 1498 4577; x_wconf 82' lang='lat' dir='ltr'><strong>functus</strong></span> <span class='ocrx_word' id='word_1_382' title='bbox 1525 4566 1538 4585; x_wconf 92' lang='lat'><strong>,</strong></span> <span class='ocrx_word' id='word_1_383' title='bbox 1582 4525 1633 4577; x_wconf 93' lang='lat' dir='ltr'><strong>in</strong></span> <span class='ocrx_word' id='word_1_384' title='bbox 1682 4525 1856 4578; x_wconf 92' lang='lat' dir='ltr'><strong>locum</strong></span> 
     </span>
    </p>
   </div>
   <div class='ocr_carea' id='block_1_55' title="bbox 232 4593 1856 4663">
    <p class='ocr_par' dir='ltr' id='par_1_55' title="bbox 232 4593 1856 4663">
     <span class='ocr_line' id='line_1_55' title="bbox 232 4593 1856 4663; baseline -0.004 -8"><span class='ocrx_word' id='word_1_385' title='bbox 232 4597 426 4655; x_wconf 89' lang='lat' dir='ltr'><strong>sancti</strong></span> <span class='ocrx_word' id='word_1_386' title='bbox 463 4594 668 4648; x_wconf 88' lang='lat' dir='ltr'><strong>Leonis</strong></span> <span class='ocrx_word' id='word_1_387' title='bbox 699 4595 1017 4659; x_wconf 81' lang='lat' dir='ltr'><strong>subrogatus</strong></span> <span class='ocrx_word' id='word_1_388' title='bbox 1048 4593 1159 4646; x_wconf 92' lang='lat' dir='ltr'><strong>fuit.</strong></span> <span class='ocrx_word' id='word_1_389' title='bbox 1216 4595 1368 4648; x_wconf 90' lang='lat' dir='ltr'><strong>Initio</strong></span> <span class='ocrx_word' id='word_1_390' title='bbox 1415 4594 1754 4663; x_wconf 88' lang='lat' dir='ltr'><strong>pontiﬁcatus</strong></span> <span class='ocrx_word' id='word_1_391' title='bbox 1795 4611 1856 4649; x_wconf 88' lang='lat' dir='ltr'><strong>ea</strong></span> 
     </span>
    </p>
   </div>
   <div class='ocr_carea' id='block_1_56' title="bbox 232 4665 1853 4737">
    <p class='ocr_par' dir='ltr' id='par_1_56' title="bbox 232 4665 1853 4737">
     <span class='ocr_line' id='line_1_56' title="bbox 232 4665 1853 4737; baseline -0.002 -15"><span class='ocrx_word' id='word_1_392' title='bbox 232 4687 364 4737; x_wconf 73' lang='lat' dir='ltr'><strong>quae</strong></span> <span class='ocrx_word' id='word_1_393' title='bbox 421 4665 611 4720; x_wconf 83' lang='lat' dir='ltr'><strong>tribus</strong></span> <span class='ocrx_word' id='word_1_394' title='bbox 654 4665 998 4737; x_wconf 72' lang='lat' dir='ltr'><strong>meumenicis</strong></span> <span class='ocrx_word' id='word_1_395' title='bbox 1059 4665 1299 4718; x_wconf 90' lang='lat' dir='ltr'><strong>conciliis</strong></span> <span class='ocrx_word' id='word_1_396' title='bbox 1351 4675 1534 4719; x_wconf 89' lang='lat' dir='ltr'><strong>contra</strong></span> <span class='ocrx_word' id='word_1_397' title='bbox 1581 4667 1853 4730; x_wconf 86' lang='lat' dir='ltr'><strong>Arianam,</strong></span> 
     </span>
    </p>
   </div>
   <div class='ocr_carea' id='block_1_57' title="bbox 1975 3357 3562 3429">
    <p class='ocr_par' dir='ltr' id='par_1_57' title="bbox 1975 3357 3562 3429">
     <span class='ocr_line' id='line_1_57' title="bbox 1975 3357 3562 3429; baseline 0.001 -17"><span class='ocrx_word' id='word_1_398' title='bbox 1975 3357 2197 3428; x_wconf 85' lang='lat' dir='ltr'><strong>fastigiis</strong></span> <span class='ocrx_word' id='word_1_399' title='bbox 2214 3366 2270 3414; x_wconf 88' lang='lat' dir='ltr'><strong>et</strong></span> <span class='ocrx_word' id='word_1_400' title='bbox 2284 3359 2547 3429; x_wconf 90' lang='lat' dir='ltr'><strong>epistyliis</strong></span> <span class='ocrx_word' id='word_1_401' title='bbox 2579 3358 2814 3428; x_wconf 86' lang='lat' dir='ltr'><strong>undique</strong></span> <span class='ocrx_word' id='word_1_402' title='bbox 2829 3360 3034 3413; x_wconf 86' lang='lat' dir='ltr'><strong>ornatis</strong></span> <span class='ocrx_word' id='word_1_403' title='bbox 3049 3375 3114 3415; x_wconf 86' lang='lat' dir='ltr'><strong>ex</strong></span> <span class='ocrx_word' id='word_1_404' title='bbox 3151 3363 3376 3422; x_wconf 82' lang='lat' dir='ltr'><strong>musivo.</strong></span> <span class='ocrx_word' id='word_1_405' title='bbox 3397 3357 3450 3416; x_wconf 87' lang='lat' dir='ltr'><strong>et</strong></span> <span class='ocrx_word' id='word_1_406' title='bbox 3469 3378 3562 3416; x_wconf 90' lang='lat' dir='ltr'><strong>co-</strong></span> 
     </span>
    </p>
   </div>
   <div class='ocr_carea' id='block_1_58' title="bbox 1974 3450 3561 3523">
    <p class='ocr_par' dir='ltr' id='par_1_58' title="bbox 1974 3450 3561 3523">
     <span class='ocr_line' id='line_1_58' title="bbox 1974 3450 3561 3523; baseline 0.004 -20"><span class='ocrx_word' id='word_1_407' title='bbox 1974 3451 2170 3505; x_wconf 89' lang='lat' dir='ltr'><strong>lumnis</strong></span> <span class='ocrx_word' id='word_1_408' title='bbox 2187 3451 2539 3520; x_wconf 85' lang='lat' dir='ltr'><strong>Aquitanicis,</strong></span> <span class='ocrx_word' id='word_1_409' title='bbox 2555 3460 2604 3504; x_wconf 92' lang='lat' dir='ltr'><strong>et</strong></span> <span class='ocrx_word' id='word_1_410' title='bbox 2621 3450 2871 3520; x_wconf 88' lang='lat' dir='ltr'><strong>tripolitis</strong></span> <span class='ocrx_word' id='word_1_411' title='bbox 2901 3462 2954 3505; x_wconf 91' lang='lat' dir='ltr'><strong>et</strong></span> <span class='ocrx_word' id='word_1_412' title='bbox 2981 3452 3390 3523; x_wconf 78' lang='lat' dir='ltr'><strong>porphyreticis.</strong></span> <span class='ocrx_word' id='word_1_413' title='bbox 3421 3457 3561 3510; x_wconf 83' lang='lat' dir='ltr'><strong>Ante</strong></span> 
     </span>
    </p>
   </div>
   <div class='ocr_carea' id='block_1_59' title="bbox 1971 3543 3558 3618">
    <p class='ocr_par' dir='ltr' id='par_1_59' title="bbox 1971 3543 3558 3618">
     <span class='ocr_line' id='line_1_59' title="bbox 1971 3543 3558 3618; baseline 0.003 -21"><span class='ocrx_word' id='word_1_414' title='bbox 1971 3543 2368 3598; x_wconf 80' lang='lat' dir='ltr'><strong>confessionem</strong></span> <span class='ocrx_word' id='word_1_415' title='bbox 2385 3544 2520 3598; x_wconf 88' lang='lat' dir='ltr'><strong>beati</strong></span> <span class='ocrx_word' id='word_1_416' title='bbox 2535 3543 2756 3598; x_wconf 89' lang='lat' dir='ltr'><strong>Joannis</strong></span> <span class='ocrx_word' id='word_1_417' title='bbox 2770 3546 2944 3612; x_wconf 89' lang='lat' dir='ltr'><strong>posuit</strong></span> <span class='ocrx_word' id='word_1_418' title='bbox 2961 3560 3213 3600; x_wconf 91' lang='lat' dir='ltr'><strong>coronam</strong></span> <span class='ocrx_word' id='word_1_419' title='bbox 3228 3557 3558 3618; x_wconf 82' lang='lat' dir='ltr'><strong>argenteam,</strong></span> 
     </span>
    </p>
   </div>
   <div class='ocr_carea' id='block_1_60' title="bbox 1972 3635 3559 3706">
    <p class='ocr_par' dir='ltr' id='par_1_60' title="bbox 1972 3635 3559 3706">
     <span class='ocr_line' id='line_1_60' title="bbox 1972 3635 3559 3706; baseline 0.003 -17"><span class='ocrx_word' id='word_1_420' title='bbox 1972 3645 2284 3704; x_wconf 89' lang='lat' dir='ltr'><strong>pensantem</strong></span> <span class='ocrx_word' id='word_1_421' title='bbox 2331 3636 2494 3689; x_wconf 89' lang='lat' dir='ltr'><strong>libras</strong></span> <span class='ocrx_word' id='word_1_422' title='bbox 2522 3637 2612 3691; x_wconf 74' lang='lat' dir='ltr'><strong>2t).</strong></span> <span class='ocrx_word' id='word_1_423' title='bbox 2659 3635 2889 3689; x_wconf 87' lang='lat' dir='ltr'><strong>Pharum</strong></span> <span class='ocrx_word' id='word_1_424' title='bbox 2919 3646 3215 3700; x_wconf 82' lang='lat' dir='ltr'><strong>cantarunt,</strong></span> <span class='ocrx_word' id='word_1_425' title='bbox 3241 3652 3559 3706; x_wconf 86' lang='lat' dir='ltr'><strong>pensantem</strong></span> 
     </span>
    </p>
   </div>
   <div class='ocr_carea' id='block_1_61' title="bbox 1972 3726 3562 3787">
    <p class='ocr_par' dir='ltr' id='par_1_61' title="bbox 1972 3726 3562 3787">
     <span class='ocr_line' id='line_1_61' title="bbox 1972 3726 3562 3787; baseline 0.003 -6"><span class='ocrx_word' id='word_1_426' title='bbox 1972 3727 2138 3781; x_wconf 88' lang='lat' dir='ltr'><strong>libras</strong></span> <span class='ocrx_word' id='word_1_427' title='bbox 2180 3727 2270 3782; x_wconf 76' lang='lat'><strong>25.</strong></span> <span class='ocrx_word' id='word_1_428' title='bbox 2300 3727 2433 3781; x_wconf 91' lang='lat' dir='ltr'><strong>Item</strong></span> <span class='ocrx_word' id='word_1_429' title='bbox 2477 3726 2544 3781; x_wconf 89' lang='lat' dir='ltr'><strong>ad</strong></span> <span class='ocrx_word' id='word_1_430' title='bbox 2571 3738 2812 3782; x_wconf 89' lang='lat' dir='ltr'><strong>sanctum</strong></span> <span class='ocrx_word' id='word_1_431' title='bbox 2847 3727 3108 3783; x_wconf 91' lang='lat' dir='ltr'><strong>Joannem</strong></span> <span class='ocrx_word' id='word_1_432' title='bbox 3152 3732 3288 3784; x_wconf 89' lang='lat' dir='ltr'><strong>intra</strong></span> <span class='ocrx_word' id='word_1_433' title='bbox 3314 3741 3562 3787; x_wconf 89' lang='lat' dir='ltr'><strong>sanctum</strong></span> 
     </span>
    </p>
   </div>
   <div class='ocr_carea' id='block_1_62' title="bbox 1971 3818 3561 3895">
    <p class='ocr_par' dir='ltr' id='par_1_62' title="bbox 1971 3818 3561 3895">
     <span class='ocr_line' id='line_1_62' title="bbox 1971 3818 3561 3895; baseline 0.004 -21"><span class='ocrx_word' id='word_1_434' title='bbox 1971 3818 2175 3875; x_wconf 90' lang='lat' dir='ltr'><strong>fontem</strong></span> <span class='ocrx_word' id='word_1_435' title='bbox 2221 3819 2497 3874; x_wconf 88' lang='lat' dir='ltr'><strong>lucernam</strong></span> <span class='ocrx_word' id='word_1_436' title='bbox 2550 3835 2766 3875; x_wconf 88' lang='lat' dir='ltr'><strong>auream</strong></span> <span class='ocrx_word' id='word_1_437' title='bbox 2813 3835 2932 3875; x_wconf 88' lang='lat' dir='ltr'><strong>cum</strong></span> <span class='ocrx_word' id='word_1_438' title='bbox 2982 3823 3121 3877; x_wconf 84' lang='lat' dir='ltr'><strong>nixis</strong></span> <span class='ocrx_word' id='word_1_439' title='bbox 3152 3822 3298 3895; x_wconf 83' lang='lat' dir='ltr'><strong>[lege</strong></span> <span class='ocrx_word' id='word_1_440' title='bbox 3352 3824 3561 3894; x_wconf 88' lang='lat' dir='ltr'><strong>lychnis</strong></span> 
     </span>
    </p>
   </div>
   <div class='ocr_carea' id='block_1_63' title="bbox 2045 3954 2932 4022">
    <p class='ocr_par' dir='ltr' id='par_1_63' title="bbox 2045 3954 2932 4022">
     <span class='ocr_line' id='line_1_63' title="bbox 2045 3954 2932 4022; baseline 0 -13"><span class='ocrx_word' id='word_1_441' title='bbox 2045 3964 2066 3992; x_wconf 75' lang='grc' dir='ltr'>ε</span> <span class='ocrx_word' id='word_1_442' title='bbox 2100 3954 2241 4010; x_wconf 88' lang='lat' dir='ltr'><strong>Idem</strong></span> <span class='ocrx_word' id='word_1_443' title='bbox 2271 3955 2414 4022; x_wconf 89' lang='lat' dir='ltr'><strong>cod.,</strong></span> <span class='ocrx_word' id='word_1_444' title='bbox 2447 3954 2932 4022; x_wconf 71' lang='lat' dir='ltr'><strong>Exatonpentaicas.</strong></span> 
     </span>
    </p>
   </div>
   <div class='ocr_carea' id='block_1_64' title="bbox 2040 4024 2867 4093">
    <p class='ocr_par' dir='ltr' id='par_1_64' title="bbox 2040 4024 2867 4093">
     <span class='ocr_line' id='line_1_64' title="bbox 2040 4024 2867 4093; baseline 0.002 -13"><span class='ocrx_word' id='word_1_445' title='bbox 2040 4024 2058 4063; x_wconf 72' lang='grc' dir='ltr'>ί</span> <span class='ocrx_word' id='word_1_446' title='bbox 2095 4026 2237 4080; x_wconf 85' lang='lat' dir='ltr'><strong>Idem</strong></span> <span class='ocrx_word' id='word_1_447' title='bbox 2268 4026 2389 4080; x_wconf 91' lang='lat' dir='ltr'><strong>cod.</strong></span> <span class='ocrx_word' id='word_1_448' title='bbox 2411 4070 2424 4093; x_wconf 93' lang='lat'><strong>,</strong></span> <span class='ocrx_word' id='word_1_449' title='bbox 2461 4042 2642 4079; x_wconf 82' lang='lat' dir='ltr'><strong>concas</strong></span> <span class='ocrx_word' id='word_1_450' title='bbox 2671 4028 2867 4083; x_wconf 76' lang='lat' dir='ltr'><strong>triatas.</strong></span> 
     </span>
    </p>
   </div>
   <div class='ocr_carea' id='block_1_65' title="bbox 2043 4098 2634 4165">
    <p class='ocr_par' dir='ltr' id='par_1_65' title="bbox 2043 4098 2634 4165">
     <span class='ocr_line' id='line_1_65' title="bbox 2043 4098 2634 4165; baseline 0.003 -15"><span class='ocrx_word' id='word_1_451' title='bbox 2043 4107 2067 4141; x_wconf 75' lang='grc' dir='ltr'>ε</span> <span class='ocrx_word' id='word_1_452' title='bbox 2100 4098 2242 4152; x_wconf 84' lang='lat' dir='ltr'><strong>Idem</strong></span> <span class='ocrx_word' id='word_1_453' title='bbox 2267 4098 2412 4165; x_wconf 87' lang='lat' dir='ltr'><strong>cod.,</strong></span> <span class='ocrx_word' id='word_1_454' title='bbox 2437 4098 2634 4152; x_wconf 78' lang='lat' dir='ltr'><strong>ralatis.</strong></span> 
     </span>
    </p>
   </div>
   <div class='ocr_carea' id='block_1_66' title="bbox 2042 4166 2643 4235">
    <p class='ocr_par' dir='ltr' id='par_1_66' title="bbox 2042 4166 2643 4235">
     <span class='ocr_line' id='line_1_66' title="bbox 2042 4166 2643 4235; baseline 0 -12"><span class='ocrx_word' id='word_1_455' title='bbox 2042 4166 2070 4202; x_wconf 65' lang='grc' dir='ltr'><strong>ιι</strong></span> <span class='ocrx_word' id='word_1_456' title='bbox 2103 4170 2243 4223; x_wconf 85' lang='lat' dir='ltr'><strong>Idem</strong></span> <span class='ocrx_word' id='word_1_457' title='bbox 2273 4169 2393 4223; x_wconf 89' lang='lat' dir='ltr'><strong>cod.</strong></span> <span class='ocrx_word' id='word_1_458' title='bbox 2414 4209 2427 4235; x_wconf 90' lang='lat'><strong>,</strong></span> <span class='ocrx_word' id='word_1_459' title='bbox 2457 4170 2643 4223; x_wconf 86' lang='lat' dir='ltr'><strong>ralata.</strong></span> 
     </span>
    </p>
   </div>
   <div class='ocr_carea' id='block_1_67' title="bbox 1969 4309 3562 4380">
    <p class='ocr_par' dir='ltr' id='par_1_67' title="bbox 1969 4309 3562 4380">
     <span class='ocr_line' id='line_1_67' title="bbox 1969 4309 3562 4380; baseline 0.008 -17"><span class='ocrx_word' id='word_1_460' title='bbox 1969 4309 2156 4364; x_wconf 83' lang='lat' dir='ltr'><strong>Daniel</strong></span> <span class='ocrx_word' id='word_1_461' title='bbox 2197 4309 2386 4380; x_wconf 88' lang='lat' dir='ltr'><strong>Stylita</strong></span> <span class='ocrx_word' id='word_1_462' title='bbox 2428 4311 2709 4364; x_wconf 88' lang='lat' dir='ltr'><strong>sanctitate</strong></span> <span class='ocrx_word' id='word_1_463' title='bbox 2757 4321 2810 4365; x_wconf 90' lang='lat' dir='ltr'><strong>et</strong></span> <span class='ocrx_word' id='word_1_464' title='bbox 2859 4313 3130 4369; x_wconf 89' lang='lat' dir='ltr'><strong>miraculis</strong></span> <span class='ocrx_word' id='word_1_465' title='bbox 3176 4317 3562 4378; x_wconf 84' lang='lat' dir='ltr'><strong>celeberrimus</strong></span> 
     </span>
    </p>
   </div>
   <div class='ocr_carea' id='block_1_68' title="bbox 1967 4381 3557 4457">
    <p class='ocr_par' dir='ltr' id='par_1_68' title="bbox 1967 4381 3557 4457">
     <span class='ocr_line' id='line_1_68' title="bbox 1967 4381 3557 4457; baseline 0.008 -23"><span class='ocrx_word' id='word_1_466' title='bbox 1967 4381 2178 4457; x_wconf 69' lang='lat' dir='ltr'><strong>claruit,</strong></span> <span class='ocrx_word' id='word_1_467' title='bbox 2206 4381 2295 4451; x_wconf 92' lang='lat' dir='ltr'><strong>qui</strong></span> <span class='ocrx_word' id='word_1_468' title='bbox 2328 4382 2709 4457; x_wconf 72' lang='lat' dir='ltr'><strong>precibus_sni3</strong></span> <span class='ocrx_word' id='word_1_469' title='bbox 2735 4423 2749 4445; x_wconf 94' lang='lat'><strong>,</strong></span> <span class='ocrx_word' id='word_1_470' title='bbox 2778 4392 2837 4436; x_wconf 88' lang='lat' dir='ltr'><strong>ttt</strong></span> <span class='ocrx_word' id='word_1_471' title='bbox 2868 4383 3108 4457; x_wconf 87' lang='lat' dir='ltr'><strong>referunt</strong></span> <span class='ocrx_word' id='word_1_472' title='bbox 3136 4396 3250 4439; x_wconf 89' lang='lat' dir='ltr'><strong>acta</strong></span> <span class='ocrx_word' id='word_1_473' title='bbox 3293 4391 3557 4457; x_wconf 86' lang='lat' dir='ltr'><strong>ejusdem,</strong></span> 
     </span>
    </p>
   </div>
   <div class='ocr_carea' id='block_1_69' title="bbox 1969 4451 3558 4524">
    <p class='ocr_par' dir='ltr' id='par_1_69' title="bbox 1969 4451 3558 4524">
     <span class='ocr_line' id='line_1_69' title="bbox 1969 4451 3558 4524; baseline 0.008 -18"><span class='ocrx_word' id='word_1_474' title='bbox 1969 4451 2133 4506; x_wconf 88' lang='lat' dir='ltr'><strong>Leoni</strong></span> <span class='ocrx_word' id='word_1_475' title='bbox 2158 4452 2463 4524; x_wconf 88' lang='lat' dir='ltr'><strong>imperatori</strong></span> <span class='ocrx_word' id='word_1_476' title='bbox 2487 4467 2551 4524; x_wconf 84' lang='lat' dir='ltr'><strong>ex</strong></span> <span class='ocrx_word' id='word_1_477' title='bbox 2577 4452 2770 4506; x_wconf 82' lang='lat' dir='ltr'><strong>Verina</strong></span> <span class='ocrx_word' id='word_1_478' title='bbox 2792 4456 3019 4522; x_wconf 78' lang='lat' dir='ltr'><strong>conjuge</strong></span> <span class='ocrx_word' id='word_1_479' title='bbox 3042 4457 3243 4524; x_wconf 90' lang='lat' dir='ltr'><strong>prolem</strong></span> <span class='ocrx_word' id='word_1_480' title='bbox 3268 4451 3558 4519; x_wconf 74' lang='lat' dir='ltr'><strong>masculam</strong></span> 
     </span>
    </p>
   </div>
   <div class='ocr_carea' id='block_1_70' title="bbox 1967 4523 3560 4596">
    <p class='ocr_par' dir='ltr' id='par_1_70' title="bbox 1967 4523 3560 4596">
     <span class='ocr_line' id='line_1_70' title="bbox 1967 4523 3560 4596; baseline 0.007 -20"><span class='ocrx_word' id='word_1_481' title='bbox 1967 4523 2200 4596; x_wconf 82' lang='lat' dir='ltr'><strong>obtinuit</strong></span> <span class='ocrx_word' id='word_1_482' title='bbox 2228 4533 2280 4576; x_wconf 91' lang='lat' dir='ltr'><strong>et</strong></span> <span class='ocrx_word' id='word_1_483' title='bbox 2300 4525 2448 4577; x_wconf 85' lang='lat' dir='ltr'><strong>urbis</strong></span> <span class='ocrx_word' id='word_1_484' title='bbox 2472 4523 3077 4596; x_wconf 76' lang='lat' dir='ltr'><strong>Constantinopolitana:</strong></span> <span class='ocrx_word' id='word_1_485' title='bbox 3101 4529 3403 4585; x_wconf 90' lang='lat' dir='ltr'><strong>incendium</strong></span> <span class='ocrx_word' id='word_1_486' title='bbox 3428 4551 3560 4596; x_wconf 80' lang='lat' dir='ltr'><strong>qna-</strong></span> 
     </span>
    </p>
   </div>
   <div class='ocr_carea' id='block_1_71' title="bbox 1968 4593 3561 4662">
    <p class='ocr_par' dir='ltr' id='par_1_71' title="bbox 1968 4593 3561 4662">
     <span class='ocr_line' id='line_1_71' title="bbox 1968 4593 3561 4662; baseline 0.008 -14"><span class='ocrx_word' id='word_1_487' title='bbox 1968 4593 2271 4648; x_wconf 89' lang='lat' dir='ltr'><strong>triduanum</strong></span> <span class='ocrx_word' id='word_1_488' title='bbox 2330 4594 2606 4648; x_wconf 82' lang='lat' dir='ltr'><strong>exstinxit.</strong></span> <span class='ocrx_word' id='word_1_489' title='bbox 2661 4596 2774 4662; x_wconf 78' lang='lat' dir='ltr'><strong>Qua</strong></span> <span class='ocrx_word' id='word_1_490' title='bbox 2824 4596 3034 4651; x_wconf 84' lang='lat' dir='ltr'><strong>fortuna</strong></span> <span class='ocrx_word' id='word_1_491' title='bbox 3091 4598 3299 4655; x_wconf 89' lang='lat' dir='ltr'><strong>llilarus</strong></span> <span class='ocrx_word' id='word_1_492' title='bbox 3353 4593 3561 4661; x_wconf 85' lang='lat' dir='ltr'><strong>insidiis</strong></span> 
     </span>
    </p>
   </div>
   <div class='ocr_carea' id='block_1_72' title="bbox 1971 4665 3556 4742">
    <p class='ocr_par' dir='ltr' id='par_1_72' title="bbox 1971 4665 3556 4742">
     <span class='ocr_line' id='line_1_72' title="bbox 1971 4665 3556 4742; baseline 0.006 -24"><span class='ocrx_word' id='word_1_493' title='bbox 1971 4665 2207 4742; x_wconf 84' lang='lat' dir='ltr'><strong>Dioscori</strong></span> <span class='ocrx_word' id='word_1_494' title='bbox 2241 4665 2585 4742; x_wconf 78' lang='lat' dir='ltr'><strong>Alexandrini</strong></span> <span class='ocrx_word' id='word_1_495' title='bbox 2617 4682 2646 4720; x_wconf 90' lang='lat' dir='ltr'><strong>e</strong></span> <span class='ocrx_word' id='word_1_496' title='bbox 2674 4667 2955 4742; x_wconf 69' lang='lat' dir='ltr'><strong>latrocinio</strong></span> <span class='ocrx_word' id='word_1_497' title='bbox 3002 4669 3273 4736; x_wconf 83' lang='lat' dir='ltr'><strong>Ephesino</strong></span> <span class='ocrx_word' id='word_1_498' title='bbox 3320 4674 3556 4742; x_wconf 77' lang='lat' dir='ltr'><strong>elapsus,</strong></span> 
     </span>
    </p>
   </div>
   <div class='ocr_carea' id='block_1_73' title="bbox 231 4723 3558 4812">
    <p class='ocr_par' dir='ltr' id='par_1_73' title="bbox 231 4723 3558 4812">
     <span class='ocr_line' id='line_1_73' title="bbox 231 4723 3558 4812; baseline 0.001 -16"><span class='ocrx_word' id='word_1_499' title='bbox 231 4723 647 4812; x_wconf 50' lang='lat' dir='ltr'><strong>fiestoriauam</strong></span> <span class='ocrx_word' id='word_1_500' title='bbox 693 4743 747 4812; x_wconf 84' lang='lat' dir='ltr'><strong>et</strong></span> <span class='ocrx_word' id='word_1_501' title='bbox 780 4734 1175 4812; x_wconf 79' lang='lat' dir='ltr'><strong>Eutychianam</strong></span> <span class='ocrx_word' id='word_1_502' title='bbox 1210 4737 1474 4812; x_wconf 66' lang='lat' dir='ltr'><strong>haeresim</strong></span> <span class='ocrx_word' id='word_1_503' title='bbox 1500 4737 1715 4790; x_wconf 89' lang='lat' dir='ltr'><strong>decreta</strong></span> <span class='ocrx_word' id='word_1_504' title='bbox 1749 4723 1861 4790; x_wconf 74' lang='lat' dir='ltr'><strong>fue-</strong></span> <span class='ocrx_word' id='word_1_505' title='bbox 1892 4723 1938 4789; x_wconf 89' lang='lat' dir='ltr'><strong>C</strong></span> <span class='ocrx_word' id='word_1_506' title='bbox 1973 4745 2110 4812; x_wconf 87' lang='lat' dir='ltr'><strong>pust_</strong></span> <span class='ocrx_word' id='word_1_507' title='bbox 2144 4737 2456 4812; x_wconf 70' lang='lat' dir='ltr'><strong>legationem</strong></span> <span class='ocrx_word' id='word_1_508' title='bbox 2506 4747 2771 4812; x_wconf 79' lang='lat' dir='ltr'><strong>peractam</strong></span> <span class='ocrx_word' id='word_1_509' title='bbox 2822 4723 3060 4812; x_wconf 46' lang='lat' dir='ltr'><strong>Romam.</strong></span> <span class='ocrx_word' id='word_1_510' title='bbox 3089 4723 3290 4812; x_wconf 64' lang='lat' dir='ltr'><strong>venerit</strong></span> <span class='ocrx_word' id='word_1_511' title='bbox 3314 4723 3558 4812; x_wconf 49' lang='lat' dir='ltr'><strong>,‘iiiid’v&#39;é</strong></span> 
     </span>
    </p>
   </div>
   <div class='ocr_carea' id='block_1_74' title="bbox 231 4806 1860 4876">
    <p class='ocr_par' dir='ltr' id='par_1_74' title="bbox 231 4806 1860 4876">
     <span class='ocr_line' id='line_1_74' title="bbox 231 4806 1860 4876; baseline -0.004 -9"><span class='ocrx_word' id='word_1_512' title='bbox 231 4821 370 4867; x_wconf 83' lang='lat' dir='ltr'><strong>runt</strong></span> <span class='ocrx_word' id='word_1_513' title='bbox 399 4806 782 4865; x_wconf 84' lang='lat' dir='ltr'><strong>confirmavit,</strong></span> <span class='ocrx_word' id='word_1_514' title='bbox 809 4821 1001 4859; x_wconf 89' lang='lat' dir='ltr'><strong>novum</strong></span> <span class='ocrx_word' id='word_1_515' title='bbox 1035 4808 1336 4872; x_wconf 78' lang='lat' dir='ltr'><strong>paschale-ut</strong></span> <span class='ocrx_word' id='word_1_516' title='bbox 1365 4808 1570 4876; x_wconf 84' lang='lat' dir='ltr'><strong>cyclum</strong></span> <span class='ocrx_word' id='word_1_517' title='bbox 1597 4823 1860 4860; x_wconf 89' lang='lat' dir='ltr'><strong>annorum</strong></span> 
     </span>
    </p>
   </div>
   <div class='ocr_carea' id='block_1_75' title="bbox 230 4876 1860 4951">
    <p class='ocr_par' dir='ltr' id='par_1_75' title="bbox 230 4876 1860 4951">
     <span class='ocr_line' id='line_1_75' title="bbox 230 4876 1860 4951; baseline -0.001 -18"><span class='ocrx_word' id='word_1_518' title='bbox 230 4884 688 4951; x_wconf 73' lang='lat' dir='ltr'><strong>quingentorum</strong></span> <span class='ocrx_word' id='word_1_519' title='bbox 740 4878 1085 4951; x_wconf 65' lang='lat' dir='ltr'><strong>quadraginta</strong></span> <span class='ocrx_word' id='word_1_520' title='bbox 1152 4878 1380 4951; x_wconf 81' lang='lat' dir='ltr'><strong>duorum</strong></span> <span class='ocrx_word' id='word_1_521' title='bbox 1427 4894 1542 4951; x_wconf 84' lang='lat' dir='ltr'><strong>per_</strong></span> <span class='ocrx_word' id='word_1_522' title='bbox 1571 4876 1860 4951; x_wconf 67' lang='lat' dir='ltr'><strong>Victorjum</strong></span> 
     </span>
    </p>
   </div>
   <div class='ocr_carea' id='block_1_76' title="bbox 232 4946 1865 5021">
    <p class='ocr_par' dir='ltr' id='par_1_76' title="bbox 232 4946 1865 5021">
     <span class='ocr_line' id='line_1_76' title="bbox 232 4946 1865 5021; baseline -0.004 -13"><span class='ocrx_word' id='word_1_523' title='bbox 232 4946 743 5021; x_wconf 64' lang='lat' dir='ltr'><strong>Aquitanntuejus</strong></span> <span class='ocrx_word' id='word_1_524' title='bbox 766 4946 1028 5021; x_wconf 73' lang='lat' dir='ltr'><strong>facultatis</strong></span> <span class='ocrx_word' id='word_1_525' title='bbox 1055 4957 1163 5000; x_wconf 90' lang='lat' dir='ltr'><strong>tum</strong></span> <span class='ocrx_word' id='word_1_526' title='bbox 1196 4947 1349 5021; x_wconf 80' lang='lat' dir='ltr'><strong>facile</strong></span> <span class='ocrx_word' id='word_1_527' title='bbox 1378 4948 1696 5021; x_wconf 80' lang='lat' dir='ltr'><strong>principem,</strong></span> <span class='ocrx_word' id='word_1_528' title='bbox 1726 4947 1865 5021; x_wconf 83' lang='lat' dir='ltr'><strong>Geu-</strong></span> 
     </span>
    </p>
   </div>
   <div class='ocr_carea' id='block_1_77' title="bbox 234 5016 1858 5081">
    <p class='ocr_par' dir='ltr' id='par_1_77' title="bbox 234 5016 1858 5081">
     <span class='ocr_line' id='line_1_77' title="bbox 234 5016 1858 5081; baseline -0.003 -5"><span class='ocrx_word' id='word_1_529' title='bbox 234 5016 414 5078; x_wconf 76' lang='lat' dir='ltr'><strong>nadio</strong></span> <span class='ocrx_word' id='word_1_530' title='bbox 461 5030 526 5075; x_wconf 88' lang='lat' dir='ltr'><strong>et</strong></span> <span class='ocrx_word' id='word_1_531' title='bbox 573 5017 808 5072; x_wconf 85' lang='lat' dir='ltr'><strong>Mariano</strong></span> <span class='ocrx_word' id='word_1_532' title='bbox 852 5016 1012 5072; x_wconf 89' lang='lat' dir='ltr'><strong>Scoto</strong></span> <span class='ocrx_word' id='word_1_533' title='bbox 1058 5018 1401 5081; x_wconf 72' lang='lat' dir='ltr'><strong>auctoribus,</strong></span> <span class='ocrx_word' id='word_1_534' title='bbox 1446 5018 1564 5072; x_wconf 86' lang='lat' dir='ltr'><strong>ﬁeri</strong></span> <span class='ocrx_word' id='word_1_535' title='bbox 1609 5018 1858 5074; x_wconf 89' lang='lat' dir='ltr'><strong>curavit:</strong></span> 
     </span>
    </p>
   </div>
   <div class='ocr_carea' id='block_1_78' title="bbox 232 5087 1864 5157">
    <p class='ocr_par' dir='ltr' id='par_1_78' title="bbox 232 5087 1864 5157">
     <span class='ocr_line' id='line_1_78' title="bbox 232 5087 1864 5157; baseline -0.002 -9"><span class='ocrx_word' id='word_1_536' title='bbox 232 5092 608 5148; x_wconf 79' lang='lat' dir='ltr'><strong>Anthemium</strong></span> <span class='ocrx_word' id='word_1_537' title='bbox 650 5089 1003 5157; x_wconf 77' lang='lat' dir='ltr'><strong>imperatorem</strong></span> <span class='ocrx_word' id='word_1_538' title='bbox 1045 5087 1329 5141; x_wconf 81' lang='lat' dir='ltr'><strong>Occidentis</strong></span> <span class='ocrx_word' id='word_1_539' title='bbox 1355 5133 1368 5157; x_wconf 84' lang='lat'><strong>,</strong></span> <span class='ocrx_word' id='word_1_540' title='bbox 1410 5089 1579 5155; x_wconf 86' lang='lat' dir='ltr'><strong>inquit</strong></span> <span class='ocrx_word' id='word_1_541' title='bbox 1624 5090 1864 5145; x_wconf 83' lang='lat' dir='ltr'><strong>Gelasius</strong></span> 
     </span>
    </p>
   </div>
   <div class='ocr_carea' id='block_1_79' title="bbox 233 5157 1862 5235">
    <p class='ocr_par' dir='ltr' id='par_1_79' title="bbox 233 5157 1862 5235">
     <span class='ocr_line' id='line_1_79' title="bbox 233 5157 1862 5235; baseline -0.003 -14"><span class='ocrx_word' id='word_1_542' title='bbox 233 5166 411 5235; x_wconf 87' lang='lat' dir='ltr'><strong>epist.</strong></span> <span class='ocrx_word' id='word_1_543' title='bbox 455 5163 524 5215; x_wconf 81' lang='lat' dir='ltr'><strong>II</strong></span> <span class='ocrx_word' id='word_1_544' title='bbox 555 5159 631 5235; x_wconf 63' lang='lat' dir='ltr'><strong>ad</strong></span> <span class='ocrx_word' id='word_1_545' title='bbox 655 5159 918 5235; x_wconf 76' lang='lat' dir='ltr'><strong>_D.trdan_.,</strong></span> <span class='ocrx_word' id='word_1_546' title='bbox 950 5175 1064 5212; x_wconf 88' lang='lat' dir='ltr'><strong>cum</strong></span> <span class='ocrx_word' id='word_1_547' title='bbox 1107 5157 1410 5235; x_wconf 73' lang='lat' dir='ltr'><strong>Philotheus</strong></span> <span class='ocrx_word' id='word_1_548' title='bbox 1443 5160 1862 5235; x_wconf 57' lang='lat' dir='ltr'><strong>(llaccdonianus,</strong></span> 
     </span>
    </p>
   </div>
   <div class='ocr_carea' id='block_1_80' title="bbox 234 5229 1864 5307">
    <p class='ocr_par' dir='ltr' id='par_1_80' title="bbox 234 5229 1864 5307">
     <span class='ocr_line' id='line_1_80' title="bbox 234 5229 1864 5307; baseline -0.001 -19"><span class='ocrx_word' id='word_1_549' title='bbox 234 5229 358 5307; x_wconf 75' lang='lat' dir='ltr'><strong>ejus</strong></span> <span class='ocrx_word' id='word_1_550' title='bbox 391 5241 532 5305; x_wconf 76' lang='lat' dir='ltr'><strong>[am</strong></span> <span class='ocrx_word' id='word_1_551' title='bbox 547 5231 772 5307; x_wconf 68' lang='lat' dir='ltr'><strong>liarittttc</strong></span> <span class='ocrx_word' id='word_1_552' title='bbox 790 5229 1051 5307; x_wconf 68' lang='lat' dir='ltr'><strong>stt/fultus,</strong></span> <span class='ocrx_word' id='word_1_553' title='bbox 1073 5245 1202 5307; x_wconf 64' lang='lat' dir='ltr'><strong>noua</strong></span> <span class='ocrx_word' id='word_1_554' title='bbox 1226 5231 1564 5307; x_wconf 67' lang='lat' dir='ltr'><strong>conciliabula</strong></span> <span class='ocrx_word' id='word_1_555' title='bbox 1589 5233 1864 5307; x_wconf 62' lang='lat' dir='ltr'><strong>divisurum</strong></span> 
     </span>
    </p>
   </div>
   <div class='ocr_carea' id='block_1_81' title="bbox 234 5301 1864 5369">
    <p class='ocr_par' dir='ltr' id='par_1_81' title="bbox 234 5301 1864 5369">
     <span class='ocr_line' id='line_1_81' title="bbox 234 5301 1864 5369; baseline -0.004 -8"><span class='ocrx_word' id='word_1_556' title='bbox 234 5301 522 5361; x_wconf 65' lang='lat' dir='ltr'><strong>sectarum</strong></span> <span class='ocrx_word' id='word_1_557' title='bbox 554 5303 607 5354; x_wconf 86' lang='lat' dir='ltr'><strong>in</strong></span> <span class='ocrx_word' id='word_1_558' title='bbox 629 5305 800 5355; x_wconf 86' lang='lat' dir='ltr'><strong>urbem</strong></span> <span class='ocrx_word' id='word_1_559' title='bbox 823 5302 1057 5355; x_wconf 82' lang='lat' dir='ltr'><strong>inducere</strong></span> <span class='ocrx_word' id='word_1_560' title='bbox 1075 5301 1244 5361; x_wconf 80' lang='lat' dir='ltr'><strong>vellet.</strong></span> <span class='ocrx_word' id='word_1_561' title='bbox 1267 5304 1406 5369; x_wconf 88' lang='lat' dir='ltr'><strong>apud</strong></span> <span class='ocrx_word' id='word_1_562' title='bbox 1429 5304 1627 5357; x_wconf 82' lang='lat' dir='ltr'><strong>beatum</strong></span> <span class='ocrx_word' id='word_1_563' title='bbox 1654 5302 1864 5356; x_wconf 72' lang='lat' dir='ltr'><strong>Petrum</strong></span> 
     </span>
    </p>
   </div>
   <div class='ocr_carea' id='block_1_82' title="bbox 235 5372 1863 5447">
    <p class='ocr_par' dir='ltr' id='par_1_82' title="bbox 235 5372 1863 5447">
     <span class='ocr_line' id='line_1_82' title="bbox 235 5372 1863 5447; baseline -0.002 -16"><span class='ocrx_word' id='word_1_564' title='bbox 235 5377 571 5447; x_wconf 66' lang='lat' dir='ltr'><strong>apostolum</strong></span> <span class='ocrx_word' id='word_1_565' title='bbox 600 5373 769 5440; x_wconf 85' lang='lat' dir='ltr'><strong>palam</strong></span> <span class='ocrx_word' id='word_1_566' title='bbox 790 5388 849 5424; x_wconf 87' lang='lat' dir='ltr'><strong>ne</strong></span> <span class='ocrx_word' id='word_1_567' title='bbox 875 5373 932 5447; x_wconf 78' lang='lat' dir='ltr'><strong>id</strong></span> <span class='ocrx_word' id='word_1_568' title='bbox 953 5373 1119 5447; x_wconf 72' lang='lat' dir='ltr'><strong>ﬁeret,</strong></span> <span class='ocrx_word' id='word_1_569' title='bbox 1147 5372 1289 5425; x_wconf 88' lang='lat' dir='ltr'><strong>clara</strong></span> <span class='ocrx_word' id='word_1_570' title='bbox 1312 5389 1434 5447; x_wconf 65' lang='lat' dir='ltr'><strong>recc</strong></span> <span class='ocrx_word' id='word_1_571' title='bbox 1461 5374 1778 5447; x_wconf 73' lang='lat' dir='ltr'><strong>constrinxit,</strong></span> <span class='ocrx_word' id='word_1_572' title='bbox 1812 5376 1863 5428; x_wconf 86' lang='lat' dir='ltr'><strong>in</strong></span> 
     </span>
    </p>
   </div>
   <div class='ocr_carea' id='block_1_83' title="bbox 236 5442 1866 5515">
    <p class='ocr_par' dir='ltr' id='par_1_83' title="bbox 236 5442 1866 5515">
     <span class='ocr_line' id='line_1_83' title="bbox 236 5442 1866 5515; baseline 0.001 -19"><span class='ocrx_word' id='word_1_573' title='bbox 236 5442 463 5502; x_wconf 64' lang='lat' dir='ltr'><strong>tantum</strong></span> <span class='ocrx_word' id='word_1_574' title='bbox 486 5487 506 5511; x_wconf 86' lang='lat'><strong>,</strong></span> <span class='ocrx_word' id='word_1_575' title='bbox 564 5452 746 5497; x_wconf 75' lang='lat' dir='ltr'><strong>utnon</strong></span> <span class='ocrx_word' id='word_1_576' title='bbox 773 5459 832 5496; x_wconf 86' lang='lat' dir='ltr'><strong>ea</strong></span> <span class='ocrx_word' id='word_1_577' title='bbox 863 5442 1096 5511; x_wconf 78' lang='lat' dir='ltr'><strong>facienda</strong></span> <span class='ocrx_word' id='word_1_578' title='bbox 1141 5459 1256 5497; x_wconf 88' lang='lat' dir='ltr'><strong>cum</strong></span> <span class='ocrx_word' id='word_1_579' title='bbox 1306 5444 1684 5515; x_wconf 80' lang='lat' dir='ltr'><strong>interpositione</strong></span> <span class='ocrx_word' id='word_1_580' title='bbox 1712 5447 1866 5515; x_wconf 85' lang='lat' dir='ltr'><strong>jura-</strong></span> 
     </span>
    </p>
   </div>
   <div class='ocr_carea' id='block_1_84' title="bbox 237 5515 1866 5583">
    <p class='ocr_par' dir='ltr' id='par_1_84' title="bbox 237 5515 1866 5583">
     <span class='ocr_line' id='line_1_84' title="bbox 237 5515 1866 5583; baseline 0.001 -11"><span class='ocrx_word' id='word_1_581' title='bbox 237 5520 412 5574; x_wconf 75' lang='grc' dir='ltr'><strong>πιεηεὶ</strong></span> <span class='ocrx_word' id='word_1_582' title='bbox 447 5518 602 5571; x_wconf 83' lang='lat' dir='ltr'><strong>idem</strong></span> <span class='ocrx_word' id='word_1_583' title='bbox 643 5515 921 5579; x_wconf 84' lang='lat' dir='ltr'><strong>imperator</strong></span> <span class='ocrx_word' id='word_1_584' title='bbox 963 5515 1289 5582; x_wconf 86' lang='lat' dir='ltr'><strong>promitteret.</strong></span> <span class='ocrx_word' id='word_1_585' title='bbox 1341 5516 1504 5583; x_wconf 78' lang='lat' dir='ltr'><strong>llujus</strong></span> <span class='ocrx_word' id='word_1_586' title='bbox 1537 5517 1866 5583; x_wconf 86' lang='lat' dir='ltr'><strong>temporibus</strong></span> 
     </span>
    </p>
   </div>
   <div class='ocr_carea' id='block_1_85' title="bbox 235 5583 1866 5653">
    <p class='ocr_par' dir='ltr' id='par_1_85' title="bbox 235 5583 1866 5653">
     <span class='ocr_line' id='line_1_85' title="bbox 235 5583 1866 5653; baseline -0.002 -7"><span class='ocrx_word' id='word_1_587' title='bbox 235 5584 744 5653; x_wconf 86' lang='lat' dir='ltr'><strong>Constantinopoli</strong></span> <span class='ocrx_word' id='word_1_588' title='bbox 771 5625 785 5650; x_wconf 93' lang='lat'><strong>,</strong></span> <span class='ocrx_word' id='word_1_589' title='bbox 818 5583 1026 5638; x_wconf 88' lang='lat' dir='ltr'><strong>cuidam</strong></span> <span class='ocrx_word' id='word_1_590' title='bbox 1061 5585 1246 5650; x_wconf 91' lang='lat' dir='ltr'><strong>pictori</strong></span> <span class='ocrx_word' id='word_1_591' title='bbox 1273 5584 1542 5640; x_wconf 88' lang='lat' dir='ltr'><strong>Christum</strong></span> <span class='ocrx_word' id='word_1_592' title='bbox 1577 5587 1744 5640; x_wconf 89' lang='lat' dir='ltr'><strong>forma</strong></span> <span class='ocrx_word' id='word_1_593' title='bbox 1775 5587 1866 5642; x_wconf 92' lang='lat' dir='ltr'><strong>Jo-</strong></span> 
     </span>
    </p>
   </div>
   <div class='ocr_carea' id='block_1_86' title="bbox 236 5657 1864 5730">
    <p class='ocr_par' dir='ltr' id='par_1_86' title="bbox 236 5657 1864 5730">
     <span class='ocr_line' id='line_1_86' title="bbox 236 5657 1864 5730; baseline 0.004 -24"><span class='ocrx_word' id='word_1_594' title='bbox 236 5663 325 5715; x_wconf 69' lang='grc' dir='ltr'><strong>τίς</strong></span> <span class='ocrx_word' id='word_1_595' title='bbox 359 5659 870 5730; x_wconf 70' lang='lat' dir='ltr'><strong>pingereconauti,</strong></span> <span class='ocrx_word' id='word_1_596' title='bbox 898 5669 1085 5730; x_wconf 61' lang='lat' dir='ltr'><strong>manus</strong></span> <span class='ocrx_word' id='word_1_597' title='bbox 1115 5657 1316 5730; x_wconf 74' lang='lat' dir='ltr'><strong>exaruit</strong></span> <span class='ocrx_word' id='word_1_598' title='bbox 1339 5673 1368 5730; x_wconf 87' lang='lat'><strong>;_</strong></span> <span class='ocrx_word' id='word_1_599' title='bbox 1387 5666 1504 5724; x_wconf 87' lang='lat' dir='ltr'><strong>post</strong></span> <span class='ocrx_word' id='word_1_600' title='bbox 1529 5657 1786 5730; x_wconf 78' lang='lat' dir='ltr'><strong>facinoris</strong></span> <span class='ocrx_word' id='word_1_601' title='bbox 1810 5667 1864 5714; x_wconf 89' lang='lat' dir='ltr'><strong>et</strong></span> 
     </span>
    </p>
   </div>
   <div class='ocr_carea' id='block_1_87' title="bbox 239 5723 1861 5796">
    <p class='ocr_par' dir='ltr' id='par_1_87' title="bbox 239 5723 1861 5796">
     <span class='ocr_line' id='line_1_87' title="bbox 239 5723 1861 5796; baseline -0.002 -9"><span class='ocrx_word' id='word_1_602' title='bbox 239 5723 444 5787; x_wconf 77' lang='lat' dir='ltr'><strong>delicti</strong></span> <span class='ocrx_word' id='word_1_603' title='bbox 473 5723 884 5782; x_wconf 61' lang='lat' dir='ltr'><strong>confessionem</strong></span> <span class='ocrx_word' id='word_1_604' title='bbox 911 5767 926 5792; x_wconf 92' lang='lat'><strong>,</strong></span> <span class='ocrx_word' id='word_1_605' title='bbox 960 5723 1265 5782; x_wconf 87' lang='lat' dir='ltr'><strong>Gennadius</strong></span> <span class='ocrx_word' id='word_1_606' title='bbox 1289 5723 1568 5796; x_wconf 89' lang='lat' dir='ltr'><strong>episcopus</strong></span> <span class='ocrx_word' id='word_1_607' title='bbox 1597 5727 1861 5785; x_wconf 73' lang='lat' dir='ltr'><strong>Constan-</strong></span> 
     </span>
    </p>
   </div>
   <div class='ocr_carea' id='block_1_88' title="bbox 240 5798 1861 5873">
    <p class='ocr_par' dir='ltr' id='par_1_88' title="bbox 240 5798 1861 5873">
     <span class='ocr_line' id='line_1_88' title="bbox 240 5798 1861 5873; baseline -0.002 -15"><span class='ocrx_word' id='word_1_608' title='bbox 240 5800 670 5873; x_wconf 85' lang='lat' dir='ltr'><strong>tinopolitanus</strong></span> <span class='ocrx_word' id='word_1_609' title='bbox 697 5811 819 5850; x_wconf 90' lang='lat' dir='ltr'><strong>eum</strong></span> <span class='ocrx_word' id='word_1_610' title='bbox 863 5800 1092 5851; x_wconf 84' lang='lat' dir='ltr'><strong>sanavit.</strong></span> <span class='ocrx_word' id='word_1_611' title='bbox 1149 5798 1403 5852; x_wconf 81' lang='lat' dir='ltr'><strong>Cedrenus</strong></span> <span class='ocrx_word' id='word_1_612' title='bbox 1447 5800 1498 5851; x_wconf 83' lang='lat' dir='ltr'><strong>in</strong></span> <span class='ocrx_word' id='word_1_613' title='bbox 1537 5815 1765 5868; x_wconf 72' lang='lat' dir='ltr'><strong>comperi.</strong></span> <span class='ocrx_word' id='word_1_614' title='bbox 1809 5803 1861 5855; x_wconf 75' lang='grc' dir='ltr'><strong>ά.</strong></span> 
     </span>
    </p>
   </div>
   <div class='ocr_carea' id='block_1_89' title="bbox 525 5891 1068 5953">
    <p class='ocr_par' dir='ltr' id='par_1_89' title="bbox 525 5891 1068 5953">
     <span class='ocr_line' id='line_1_89' title="bbox 525 5891 1068 5953; baseline -0.004 -1"><span class='ocrx_word' id='word_1_615' title='bbox 525 5893 802 5953; x_wconf 69' lang='lat' dir='ltr'><strong>Parnm.</strong></span> <span class='ocrx_word' id='word_1_616' title='bbox 854 5891 1068 5952; x_wconf 84' lang='lat' dir='ltr'><strong>LVIII.</strong></span> 
     </span>
    </p>
   </div>
   <div class='ocr_carea' id='block_1_90' title="bbox 1972 4807 3553 4883">
    <p class='ocr_par' dir='ltr' id='par_1_90' title="bbox 1972 4807 3553 4883">
     <span class='ocr_line' id='line_1_90' title="bbox 1972 4807 3553 4883; baseline 0.008 -25"><span class='ocrx_word' id='word_1_617' title='bbox 1972 4808 2135 4883; x_wconf 70' lang='lat' dir='ltr'><strong>egerit</strong></span> <span class='ocrx_word' id='word_1_618' title='bbox 2162 4845 2177 4869; x_wconf 95' lang='lat'><strong>,</strong></span> <span class='ocrx_word' id='word_1_619' title='bbox 2209 4807 2634 4883; x_wconf 59' lang='lat' dir='ltr'><strong>dI_X_ltlItl§_Sttpra</strong></span> <span class='ocrx_word' id='word_1_620' title='bbox 2664 4807 2715 4860; x_wconf 91' lang='lat' dir='ltr'><strong>in</strong></span> <span class='ocrx_word' id='word_1_621' title='bbox 2734 4808 2889 4883; x_wconf 60' lang='lat' dir='ltr'><strong>_npti_s</strong></span> <span class='ocrx_word' id='word_1_622' title='bbox 2911 4810 3166 4883; x_wconf 52' lang='lat' dir='ltr'><strong>epistolas</strong></span> <span class='ocrx_word' id='word_1_623' title='bbox 3186 4812 3328 4864; x_wconf 89' lang='lat' dir='ltr'><strong>illius</strong></span> <span class='ocrx_word' id='word_1_624' title='bbox 3353 4807 3553 4883; x_wconf 44' lang='lat' dir='ltr'><strong>[quam</strong></span> 
     </span>
    </p>
   </div>
   <div class='ocr_carea' id='block_1_91' title="bbox 1975 4876 3558 4950">
    <p class='ocr_par' dir='ltr' id='par_1_91' title="bbox 1975 4876 3558 4950">
     <span class='ocr_line' id='line_1_91' title="bbox 1975 4876 3558 4950; baseline 0.009 -22"><span class='ocrx_word' id='word_1_625' title='bbox 1975 4876 2185 4950; x_wconf 69' lang='lat' dir='ltr'><strong>Hilarus</strong></span> <span class='ocrx_word' id='word_1_626' title='bbox 2212 4876 2382 4950; x_wconf 55' lang='lat' dir='ltr'><strong>adhuc</strong></span> <span class='ocrx_word' id='word_1_627' title='bbox 2407 4876 2662 4950; x_wconf 77' lang='lat' dir='ltr'><strong>diaconus</strong></span> <span class='ocrx_word' id='word_1_628' title='bbox 2683 4877 2747 4950; x_wconf 71' lang='lat' dir='ltr'><strong>ad</strong></span> <span class='ocrx_word' id='word_1_629' title='bbox 2777 4877 3109 4950; x_wconf 73' lang='lat' dir='ltr'><strong>Pulcheriam</strong></span> <span class='ocrx_word' id='word_1_630' title='bbox 3142 4876 3430 4950; x_wconf 80' lang='lat' dir='ltr'><strong>Augustam</strong></span> <span class='ocrx_word' id='word_1_631' title='bbox 3457 4887 3558 4943; x_wconf 85' lang='lat' dir='ltr'><strong>hac</strong></span> 
     </span>
    </p>
   </div>
   <div class='ocr_carea' id='block_1_92' title="bbox 1973 4947 3558 5022">
    <p class='ocr_par' dir='ltr' id='par_1_92' title="bbox 1973 4947 3558 5022">
     <span class='ocr_line' id='line_1_92' title="bbox 1973 4947 3558 5022; baseline 0.008 -20"><span class='ocrx_word' id='word_1_632' title='bbox 1973 4948 2127 5022; x_wconf 89' lang='lat' dir='ltr'><strong>dere</strong></span> <span class='ocrx_word' id='word_1_633' title='bbox 2152 4947 2500 5022; x_wconf 65' lang='lat' dir='ltr'><strong>conscripsit.</strong></span> <span class='ocrx_word' id='word_1_634' title='bbox 2545 4948 2671 5022; x_wconf 76' lang='lat' dir='ltr'><strong>Ssv.</strong></span> <span class='ocrx_word' id='word_1_635' title='bbox 2706 4947 2905 5022; x_wconf 51' lang='lat' dir='ltr'><strong>Bavius.</strong></span> <span class='ocrx_word' id='word_1_636' title='bbox 2935 4979 3006 4990; x_wconf 95' lang='lat'><strong><em>—</em></strong></span> <span class='ocrx_word' id='word_1_637' title='bbox 3027 4949 3168 5022; x_wconf 10' lang='lat' dir='ltr'><strong>iVide</strong></span> <span class='ocrx_word' id='word_1_638' title='bbox 3197 4947 3314 5022; x_wconf 64' lang='lat' dir='ltr'><strong>quas</strong></span> <span class='ocrx_word' id='word_1_639' title='bbox 3361 4959 3426 5009; x_wconf 87' lang='lat' dir='ltr'><strong>de</strong></span> <span class='ocrx_word' id='word_1_640' title='bbox 3457 4957 3558 5015; x_wconf 87' lang='lat' dir='ltr'><strong>hac</strong></span> 
     </span>
    </p>
   </div>
   <div class='ocr_carea' id='block_1_93' title="bbox 1974 5017 3556 5144">
    <p class='ocr_par' dir='ltr' id='par_1_93' title="bbox 1974 5017 3556 5144">
     <span class='ocr_line' id='line_1_93' title="bbox 1974 5017 3556 5144; baseline 0.011 -78"><span class='ocrx_word' id='word_1_641' title='bbox 1974 5017 2200 5144; x_wconf 58' lang='lat' dir='ltr'><strong>EpisIOIa</strong></span> <span class='ocrx_word' id='word_1_642' title='bbox 2243 5027 2541 5072; x_wconf 74' lang='lat' dir='ltr'><strong>notuvuuus</strong></span> <span class='ocrx_word' id='word_1_643' title='bbox 2583 5018 2651 5073; x_wconf 87' lang='lat' dir='ltr'><strong>ad</strong></span> <span class='ocrx_word' id='word_1_644' title='bbox 2700 5019 2922 5075; x_wconf 88' lang='lat' dir='ltr'><strong>calicem</strong></span> <span class='ocrx_word' id='word_1_645' title='bbox 2955 5017 3228 5078; x_wconf 62' lang='lat' dir='ltr'><strong>columna!</strong></span> <span class='ocrx_word' id='word_1_646' title='bbox 3259 5029 3556 5095; x_wconf 88' lang='lat' dir='ltr'><strong>sequentis.</strong></span> 
     </span>
     <span class='ocr_line' id='line_1_94' title="bbox 2024 5106 2133 5144; baseline -0.009 0"><span class='ocrx_word' id='word_1_647' title='bbox 2024 5106 2133 5144; x_wconf 88' lang='lat' dir='ltr'><strong>ntr.</strong></span> 
     </span>
    </p>
   </div>
   <div class='ocr_carea' id='block_1_94' title="bbox 2024 5106 2133 5145">
    <p class='ocr_par' dir='ltr' id='par_1_94' title="bbox 2024 5106 2133 5145">
     <span class='ocr_line' id='line_1_95' title="bbox 2024 5106 2133 5145; baseline -0.009 -1"><span class='ocrx_word' id='word_1_648' title='bbox 2024 5106 2133 5145; x_wconf 80' lang='lat' dir='ltr'><strong>DIT.</strong></span> 
     </span>
    </p>
   </div>
   <div class='ocr_carea' id='block_1_95' title="bbox 2047 5159 3556 5233">
    <p class='ocr_par' dir='ltr' id='par_1_95' title="bbox 2047 5159 3556 5233">
     <span class='ocr_line' id='line_1_96' title="bbox 2047 5159 3556 5233; baseline 0.008 -20"><span class='ocrx_word' id='word_1_649' title='bbox 2047 5164 2065 5191; x_wconf 80' lang='grc'>¹</span> <span class='ocrx_word' id='word_1_650' title='bbox 2105 5161 2304 5228; x_wconf 87' lang='lat' dir='ltr'><strong>Quarto</strong></span> <span class='ocrx_word' id='word_1_651' title='bbox 2352 5159 2471 5216; x_wconf 92' lang='lat' dir='ltr'><strong>idus</strong></span> <span class='ocrx_word' id='word_1_652' title='bbox 2518 5162 2848 5233; x_wconf 87' lang='lat' dir='ltr'><strong>Septembris</strong></span> <span class='ocrx_word' id='word_1_653' title='bbox 2878 5164 3000 5216; x_wconf 91' lang='lat' dir='ltr'><strong>anni</strong></span> <span class='ocrx_word' id='word_1_654' title='bbox 3047 5163 3245 5220; x_wconf 90' lang='lat' dir='ltr'><strong>Christi</strong></span> <span class='ocrx_word' id='word_1_655' title='bbox 3289 5169 3395 5223; x_wconf 89' lang='lat' dir='ltr'><strong>nati</strong></span> <span class='ocrx_word' id='word_1_656' title='bbox 3426 5171 3556 5233; x_wconf 71' lang='lat'><strong>467.</strong></span> 
     </span>
    </p>
   </div>
   <div class='ocr_carea' id='block_1_96' title="bbox 1974 5233 3558 5304">
    <p class='ocr_par' dir='ltr' id='par_1_96' title="bbox 1974 5233 3558 5304">
     <span class='ocr_line' id='line_1_97' title="bbox 1974 5233 3558 5304; baseline 0.006 -19"><span class='ocrx_word' id='word_1_657' title='bbox 1974 5233 2062 5301; x_wconf 86' lang='lat' dir='ltr'><strong>qui</strong></span> <span class='ocrx_word' id='word_1_658' title='bbox 2091 5243 2172 5286; x_wconf 55' lang='lat' dir='ltr'><strong>est</strong></span> <span class='ocrx_word' id='word_1_659' title='bbox 2202 5233 2396 5288; x_wconf 89' lang='lat' dir='ltr'><strong>Leonis</strong></span> <span class='ocrx_word' id='word_1_660' title='bbox 2425 5234 2487 5287; x_wconf 80' lang='lat' dir='ltr'><strong>tt</strong></span> <span class='ocrx_word' id='word_1_661' title='bbox 2519 5233 2763 5303; x_wconf 89' lang='lat' dir='ltr'><strong>imperii,</strong></span> <span class='ocrx_word' id='word_1_662' title='bbox 2797 5234 3012 5290; x_wconf 83' lang='lat' dir='ltr'><strong>Hilarus</strong></span> <span class='ocrx_word' id='word_1_663' title='bbox 3033 5237 3134 5289; x_wconf 92' lang='lat' dir='ltr'><strong>vita</strong></span> <span class='ocrx_word' id='word_1_664' title='bbox 3159 5252 3222 5292; x_wconf 89' lang='lat' dir='ltr'><strong>ac</strong></span> <span class='ocrx_word' id='word_1_665' title='bbox 3250 5241 3558 5304; x_wconf 90' lang='lat' dir='ltr'><strong>pontiﬁcatu</strong></span> 
     </span>
    </p>
   </div>
   <div class='ocr_carea' id='block_1_97' title="bbox 1969 5303 3557 5377">
    <p class='ocr_par' dir='ltr' id='par_1_97' title="bbox 1969 5303 3557 5377">
     <span class='ocr_line' id='line_1_98' title="bbox 1969 5303 3557 5377; baseline 0.005 -19"><span class='ocrx_word' id='word_1_666' title='bbox 1969 5305 2271 5377; x_wconf 84' lang='lat' dir='ltr'><strong>defunctus,</strong></span> <span class='ocrx_word' id='word_1_667' title='bbox 2295 5303 2444 5377; x_wconf 85' lang='lat' dir='ltr'><strong>sedit</strong></span> <span class='ocrx_word' id='word_1_668' title='bbox 2471 5306 2625 5377; x_wconf 82' lang='lat' dir='ltr'><strong>annis</strong></span> <span class='ocrx_word' id='word_1_669' title='bbox 2653 5321 2750 5360; x_wconf 85' lang='lat' dir='ltr'><strong>sex</strong></span> <span class='ocrx_word' id='word_1_670' title='bbox 2769 5346 2782 5370; x_wconf 92' lang='lat'><strong>,</strong></span> <span class='ocrx_word' id='word_1_671' title='bbox 2810 5307 3082 5360; x_wconf 88' lang='lat' dir='ltr'><strong>mensibus</strong></span> <span class='ocrx_word' id='word_1_672' title='bbox 3111 5303 3296 5362; x_wconf 89' lang='lat' dir='ltr'><strong>decem</strong></span> <span class='ocrx_word' id='word_1_673' title='bbox 3321 5354 3335 5377; x_wconf 89' lang='lat'><strong>,</strong></span> <span class='ocrx_word' id='word_1_674' title='bbox 3379 5311 3557 5366; x_wconf 89' lang='lat' dir='ltr'><strong>minus</strong></span> 
     </span>
    </p>
   </div>
   <div class='ocr_carea' id='block_1_98' title="bbox 1969 5375 3557 5448">
    <p class='ocr_par' dir='ltr' id='par_1_98' title="bbox 1969 5375 3557 5448">
     <span class='ocr_line' id='line_1_99' title="bbox 1969 5375 3557 5448; baseline 0.005 -20"><span class='ocrx_word' id='word_1_675' title='bbox 1969 5375 2173 5448; x_wconf 87' lang='lat' dir='ltr'><strong>duobus</strong></span> <span class='ocrx_word' id='word_1_676' title='bbox 2201 5375 2408 5429; x_wconf 87' lang='lat' dir='ltr'><strong>diebus.</strong></span> <span class='ocrx_word' id='word_1_677' title='bbox 2458 5376 2734 5431; x_wconf 88' lang='lat' dir='ltr'><strong>Constabit</strong></span> <span class='ocrx_word' id='word_1_678' title='bbox 2773 5391 2956 5430; x_wconf 90' lang='lat' dir='ltr'><strong>verum</strong></span> <span class='ocrx_word' id='word_1_679' title='bbox 3006 5392 3124 5432; x_wconf 68' lang='lat' dir='ltr'><strong>85st:</strong></span> <span class='ocrx_word' id='word_1_680' title='bbox 3153 5380 3294 5448; x_wconf 90' lang='lat' dir='ltr'><strong>quod</strong></span> <span class='ocrx_word' id='word_1_681' title='bbox 3325 5375 3476 5448; x_wconf 87' lang='lat' dir='ltr'><strong>dixi,</strong></span> <span class='ocrx_word' id='word_1_682' title='bbox 3510 5383 3557 5436; x_wconf 89' lang='lat' dir='ltr'><strong>si</strong></span> 
     </span>
    </p>
   </div>
   <div class='ocr_carea' id='block_1_99' title="bbox 1969 5447 3551 5516">
    <p class='ocr_par' dir='ltr' id='par_1_99' title="bbox 1969 5447 3551 5516">
     <span class='ocr_line' id='line_1_100' title="bbox 1969 5447 3551 5516; baseline 0.003 -15"><span class='ocrx_word' id='word_1_683' title='bbox 1969 5447 2178 5501; x_wconf 92' lang='lat' dir='ltr'><strong>initium</strong></span> <span class='ocrx_word' id='word_1_684' title='bbox 2204 5454 2258 5500; x_wconf 86' lang='lat' dir='ltr'><strong>et</strong></span> <span class='ocrx_word' id='word_1_685' title='bbox 2285 5450 2443 5500; x_wconf 89' lang='lat' dir='ltr'><strong>ﬁnem</strong></span> <span class='ocrx_word' id='word_1_686' title='bbox 2474 5449 2813 5516; x_wconf 90' lang='lat' dir='ltr'><strong>pontiﬁcatus</strong></span> <span class='ocrx_word' id='word_1_687' title='bbox 2835 5447 3319 5507; x_wconf 25' lang='lat' dir='ltr'><strong>cnnsideres.’Sr.v.</strong></span> <span class='ocrx_word' id='word_1_688' title='bbox 3353 5447 3551 5507; x_wconf 78' lang='lat' dir='ltr'><strong>Bittius.</strong></span> 
     </span>
    </p>
   </div>
   <div class='ocr_carea' id='block_1_100' title="bbox 2043 5516 3553 5588">
    <p class='ocr_par' dir='ltr' id='par_1_100' title="bbox 2043 5516 3553 5588">
     <span class='ocr_line' id='line_1_101' title="bbox 2043 5516 3553 5588; baseline 0.005 -18"><span class='ocrx_word' id='word_1_689' title='bbox 2043 5517 2063 5547; x_wconf 84' lang='grc'>³</span> <span class='ocrx_word' id='word_1_690' title='bbox 2090 5516 2140 5570; x_wconf 84' lang='grc' dir='ltr'>Μ</span> <span class='ocrx_word' id='word_1_691' title='bbox 2169 5526 2252 5570; x_wconf 90' lang='lat' dir='ltr'><strong>est</strong></span> <span class='ocrx_word' id='word_1_692' title='bbox 2298 5517 2571 5572; x_wconf 90' lang='lat' dir='ltr'><strong>decretum</strong></span> <span class='ocrx_word' id='word_1_693' title='bbox 2598 5518 2873 5588; x_wconf 86' lang='lat' dir='ltr'><strong>synodale.</strong></span> <span class='ocrx_word' id='word_1_694' title='bbox 2898 5518 3011 5575; x_wconf 87' lang='lat' dir='ltr'><strong>lloc</strong></span> <span class='ocrx_word' id='word_1_695' title='bbox 3046 5530 3221 5574; x_wconf 87' lang='lat' dir='ltr'><strong>autem</strong></span> <span class='ocrx_word' id='word_1_696' title='bbox 3254 5522 3553 5587; x_wconf 88' lang='lat' dir='ltr'><strong>decretum,</strong></span> 
     </span>
    </p>
   </div>
   <div class='ocr_carea' id='block_1_101' title="bbox 1971 5588 3555 5659">
    <p class='ocr_par' dir='ltr' id='par_1_101' title="bbox 1971 5588 3555 5659">
     <span class='ocr_line' id='line_1_102' title="bbox 1971 5588 3555 5659; baseline 0.004 -17"><span class='ocrx_word' id='word_1_697' title='bbox 1971 5589 2039 5643; x_wconf 90' lang='lat' dir='ltr'><strong>de</strong></span> <span class='ocrx_word' id='word_1_698' title='bbox 2062 5603 2166 5659; x_wconf 92' lang='lat' dir='ltr'><strong>quo</strong></span> <span class='ocrx_word' id='word_1_699' title='bbox 2187 5588 2418 5658; x_wconf 87' lang='lat' dir='ltr'><strong>loquitur</strong></span> <span class='ocrx_word' id='word_1_700' title='bbox 2443 5597 2629 5642; x_wconf 88' lang='lat' dir='ltr'><strong>auctor</strong></span> <span class='ocrx_word' id='word_1_701' title='bbox 2655 5589 2980 5645; x_wconf 81' lang='lat' dir='ltr'><strong>Pontificalis</strong></span> <span class='ocrx_word' id='word_1_702' title='bbox 3007 5592 3320 5646; x_wconf 86' lang='lat' dir='ltr'><strong>Anastasius</strong></span> <span class='ocrx_word' id='word_1_703' title='bbox 3343 5633 3358 5656; x_wconf 94' lang='lat'><strong>,</strong></span> <span class='ocrx_word' id='word_1_704' title='bbox 3387 5592 3555 5648; x_wconf 88' lang='lat' dir='ltr'><strong>latum</strong></span> 
     </span>
    </p>
   </div>
   <div class='ocr_carea' id='block_1_102' title="bbox 1973 5659 3558 5718">
    <p class='ocr_par' dir='ltr' id='par_1_102' title="bbox 1973 5659 3558 5718">
     <span class='ocr_line' id='line_1_103' title="bbox 1973 5659 3558 5718; baseline 0.003 -4"><span class='ocrx_word' id='word_1_705' title='bbox 1973 5661 2072 5714; x_wconf 92' lang='lat' dir='ltr'><strong>fuit</strong></span> <span class='ocrx_word' id='word_1_706' title='bbox 2111 5660 2164 5714; x_wconf 93' lang='lat' dir='ltr'><strong>in</strong></span> <span class='ocrx_word' id='word_1_707' title='bbox 2196 5659 2424 5713; x_wconf 91' lang='lat' dir='ltr'><strong>concilio</strong></span> <span class='ocrx_word' id='word_1_708' title='bbox 2459 5659 2698 5712; x_wconf 82' lang='lat' dir='ltr'><strong>Romano</strong></span> <span class='ocrx_word' id='word_1_709' title='bbox 2747 5662 2844 5714; x_wconf 90' lang='lat' dir='ltr'><strong>sub</strong></span> <span class='ocrx_word' id='word_1_710' title='bbox 2884 5662 3062 5717; x_wconf 90' lang='lat' dir='ltr'><strong>Hilaro</strong></span> <span class='ocrx_word' id='word_1_711' title='bbox 3099 5664 3370 5718; x_wconf 86' lang='lat' dir='ltr'><strong>celebrato</strong></span> <span class='ocrx_word' id='word_1_712' title='bbox 3413 5678 3558 5718; x_wconf 91' lang='lat' dir='ltr'><strong>anno</strong></span> 
     </span>
    </p>
   </div>
   <div class='ocr_carea' id='block_1_103' title="bbox 1975 5729 3560 5803">
    <p class='ocr_par' dir='ltr' id='par_1_103' title="bbox 1975 5729 3560 5803">
     <span class='ocr_line' id='line_1_104' title="bbox 1975 5729 3560 5803; baseline 0.003 -17"><span class='ocrx_word' id='word_1_713' title='bbox 1975 5731 2182 5786; x_wconf 88' lang='lat' dir='ltr'><strong>Domini</strong></span> <span class='ocrx_word' id='word_1_714' title='bbox 2224 5729 2484 5803; x_wconf 72' lang='grc' dir='ltr'><strong>405,ῳή</strong></span> <span class='ocrx_word' id='word_1_715' title='bbox 2531 5731 2868 5799; x_wconf 90' lang='lat' dir='ltr'><strong>pontiﬁcatus</strong></span> <span class='ocrx_word' id='word_1_716' title='bbox 2910 5733 3075 5789; x_wconf 86' lang='lat' dir='ltr'><strong>Hilari</strong></span> <span class='ocrx_word' id='word_1_717' title='bbox 3125 5733 3342 5803; x_wconf 88' lang='lat' dir='ltr'><strong>quintus</strong></span> <span class='ocrx_word' id='word_1_718' title='bbox 3387 5747 3560 5790; x_wconf 84' lang='lat' dir='ltr'><strong>annus</strong></span> 
     </span>
    </p>
   </div>
   <div class='ocr_carea' id='block_1_104' title="bbox 1969 5801 2462 5859">
    <p class='ocr_par' dir='ltr' id='par_1_104' title="bbox 1969 5801 2462 5859">
     <span class='ocr_line' id='line_1_105' title="bbox 1969 5801 2462 5859; baseline -0.006 -2"><span class='ocrx_word' id='word_1_719' title='bbox 1969 5810 2070 5858; x_wconf 88' lang='lat' dir='ltr'><strong>est.</strong></span> <span class='ocrx_word' id='word_1_720' title='bbox 2099 5803 2226 5859; x_wconf 78' lang='lat' dir='ltr'><strong>Ssv.</strong></span> <span class='ocrx_word' id='word_1_721' title='bbox 2263 5801 2462 5856; x_wconf 75' lang='lat' dir='ltr'><strong>Btutus.</strong></span> 
     </span>
    </p>
   </div>
   <div class='ocr_carea' id='block_1_105' title="bbox 3129 5897 3161 5957">
    <p class='ocr_par' dir='ltr' id='par_1_105' title="bbox 3129 5897 3161 5957">
     <span class='ocr_line' id='line_1_106' title="bbox 3129 5897 3161 5957; baseline 0 -2"><span class='ocrx_word' id='word_1_722' title='bbox 3129 5897 3161 5957; x_wconf 78' lang='lat'><strong>1</strong></span> 
     </span>
    </p>
   </div>
   <div class='ocr_carea' id='block_1_106' title="bbox 3507 1243 3605 1305">
    <p class='ocr_par' dir='ltr' id='par_1_106' title="bbox 3507 1243 3605 1305">
     <span class='ocr_line' id='line_1_107' title="bbox 3507 1243 3605 1305; baseline 0.031 -3"><span class='ocrx_word' id='word_1_723' title='bbox 3507 1243 3605 1305; x_wconf 46' lang='grc' dir='ltr'><strong>φῖ</strong></span> 
     </span>
    </p>
   </div>
  </div>
