4086 6328
552 422 617 480 η
1965 401 2153 459 IIILAI

2261 400 2319 453 Ἀ
2331 397 2433 453 ME
3770 375 3865 451 η’

553 535 760 609 myxis]
809 533 1068 590 luminum
1104 529 1168 583 10
1223 532 1533 596 pensantem
1579 521 1671 576 lib.
1806 516 2006 574 Cervos
2054 531 2139 570 ar-
2166 520 2217 578 Α
2247 520 2561 583 pensantem
2605 511 2765 567 libras
2795 511 2949 566 duas.
2998 509 3210 565 Turrim
3239 518 3544 579 argenteam
3577 522 3696 564 cum
3725 509 3841 565 del-

551 582 775 702 [cineas
831 639 937 683 tres
987 623 1264 679 fundentes
1303 633 1493 689 aquam
1521 658 1536 684 ,
1579 582 1861 686 pensantes
1903 611 2143 684 singulos

553 724 718 778 libras
744 710 834 778 30.
865 718 1076 789 Turrim
1107 721 1414 783 argenteam
1440 725 1560 766 cum
1592 707 1882 779 delphinis,
1914 721 2143 777 pensan-

554 824 662 872 tem
711 814 804 869 lib.
844 811 930 867 60.
968 806 1282 863 Columbam
1331 816 1543 857 auream
1569 843 1583 866 ,
1620 807 1934 871 pensantem
1984 798 2144 852 libras

556 898 707 963 cess.
754 900 811 959 In
854 902 1075 959 basilica
1106 880 1541 953 Constantiniana
1575 902 1598 929 α
1639 892 1923 947 cantharus
1958 905 2146 960 argen-

556 1009 668 1055 teos
694 1042 709 1063 ,
759 992 1055 1066 pendentes
1099 999 1222 1045 ante
1266 989 1432 1043 altare
1460 988 1547 1054 10,
1579 996 1860 1055 pensantes
1910 984 2148 1063 singulos

557 1093 720 1145 libras
741 1088 835 1143 2t).
867 1084 1137 1154 Scyphum
1165 1096 1383 1136 aureum
1418 1087 1727 1147 pensantem
1760 1077 1849 1131 lib.
1885 1076 1939 1131 6.
1970 1076 2146 1129 Alium

558 1180 818 1252 scyphum
848 1192 1067 1232 aureum
1096 1215 1109 1237 ,
1141 1181 1451 1243 pensantem
1484 1171 1556 1225 lib
1584 1170 1638 1225 5.
1668 1168 1873 1225 Calices
1898 1183 2089 1223 aureos
2117 1168 2151 1223 5

558 1280 848 1343 pensantes
870 1268 1108 1337 singulos
1129 1265 1287 1319 libras
1310 1263 1544 1332 singulas
1568 1262 1699 1333 [lege
1714 1259 1890 1332 duas].
1908 1258 2150 1330 Scyphos

560 1371 842 1433 argenteos
879 1361 913 1416 ὅ
938 1366 1221 1430 pensantes
1251 1356 1489 1423 singulos
1516 1355 1675 1409 libras
1710 1354 1792 1408 10.
1818 1353 2024 1408 Calices
2052 1352 2151 1405 mi-

561 1453 864 1509 nisteriales
891 1453 962 1507 10
994 1458 1277 1520 pensantes
1320 1447 1557 1513 singulos
1587 1446 1747 1499 libras
1776 1446 1829 1499 ‘2.
1879 1449 2040 1499 Amas
2068 1458 2154 1498 ar-

562 1554 783 1616 genteas
813 1542 846 1599 5
888 1552 1173 1613 pensantes
1221 1539 1455 1608 singulas
1500 1538 1658 1591 libras
1690 1537 1778 1592 I0.
1832 1538 1909 1591 Ad
1941 1537 2151 1590 beatum

560 1637 779 1692 Petrum
811 1635 1109 1705 apostolum
1151 1632 1408 1703 scyphum
1446 1645 1662 1684 aureum
1689 1670 1703 1693 ,
1742 1639 2052 1698 pensantem
2088 1628 2153 1680 Ii-

564 1729 691 1782 hras
718 1729 770 1783 5.
802 1727 976 1782 Alium
1002 1725 1261 1797 scyphum
1289 1739 1506 1779 aureum
1530 1739 1652 1778 cum
1677 1722 1903 1793 gemmis
1927 1720 2156 1789 prasinis

566 1830 620 1874 et
643 1818 1018 1890 hyacinthinis,
1043 1827 1352 1887 pensantem
1376 1816 1541 1869 libras
1560 1813 1616 1868 4.
1638 1814 1846 1870 Calices
1874 1821 2156 1882 argenteos

2249 606 2451 677 phinis,
2480 616 2793 674 pensantem
2822 604 2985 658 libras
3013 604 3103 658 ‘35.
3135 603 3376 675 Scyphos
3400 612 3683 673 argenteos
3706 612 3838 671 tres,

2251 704 2540 766 pensantes
2564 694 2729 749 libras
2757 692 2850 749 21.
2868 691 3075 748 Calices
3108 694 3480 749 ministeriales
3510 692 3577 747 η
3606 709 3842 763 pensau-

2253 804 2331 848 tes
2353 793 2518 848 libras
2539 795 2593 844 2.
2617 792 2801 846 Altare
2822 799 3158 860 argenteum,
3188 805 3421 860 pensans
3444 790 3536 843 lib.
3559 789 3651 845 10.
3682 790 3840 844 Lam-
3920 828 3925 829 κ

2252 885 2418 954 pades
2461 895 2740 955 argenteas
2772 882 2839 939 10
2876 891 3161 953 pensantes
3201 883 3365 938 libras
3406 881 3495 937 20.
3552 886 3712 938 Amas
3756 899 3847 939 ar-

2251 994 2471 1055 genteas
2499 982 2629 1036 duas
2656 1022 2668 1043 ,
2707 989 2997 1050 pensantes
3030 980 3268 1051 singulas
3302 980 3461 1035 libras
3497 981 3583 1035 10.
3615 981 3670 1035 ln
3702 981 3847 1037 basi-

2254 1076 2353 1130 lica
2382 1075 2520 1128 beati
2544 1073 2813 1129 Laurentii
2836 1076 3105 1145 martyris,
3132 1073 3329 1143 pharos
3348 1073 3634 1127 cantharos
3655 1089 3848 1142 argen-

2255 1175 2369 1220 teos
2397 1165 2612 1231 decem,
2644 1178 2931 1235 pensantes
2962 1165 3124 1220 libras
3159 1174 3181 1201 ο
3216 1163 3303 1219 10.
3342 1163 3642 1219 Cantharus
3676 1181 3849 1221 aereos

2255 1257 2439 1326 Viginti
2470 1272 2583 1312 sex.
2606 1257 2898 1312 Ministeria
2918 1258 2981 1311 ad
3008 1257 3326 1324 baptisnmm
3358 1256 3471 1310 sive
3494 1257 3559 1310 ad
3586 1258 3851 1325 poeniten-

2258 1354 2383 1406 tiam
2411 1363 2685 1422 argentea,
2717 1353 2995 1421 peusantia
3028 1351 3188 1406 libras
3212 1351 3416 1406 decem.
3456 1350 3655 1406 Phares
3676 1367 3852 1407 aereos

2258 1443 2341 1498 50.
2388 1445 2441 1498 In
2474 1444 2605 1498 urbe
2635 1442 2803 1498 Roma
2855 1443 3133 1498 constituit
3163 1442 3180 1481 ί
3221 1442 3597 1499 ministeriales
3626 1443 3715 1514 qui
3744 1445 3852 1500 cir-

2257 1540 2460 1592 cuii-ent
2498 1539 2811 1591 constitutas
2847 1537 3122 1591 stationes.
3150 1536 3420 1608 Scyphum
3445 1552 3666 1592 aureum
3699 1547 3724 1585 Β
3752 1552 3851 1591 an-

2258 1639 2429 1685 satum
2462 1632 2547 1684 νςιι
2574 1631 2968 1693 stationarium,
3005 1642 3313 1697 pensantem
3346 1630 3510 1685 libras
3539 1639 3683 1684 octo.
3715 1630 3850 1701 δρι-

2260 1721 2395 1793 phos
2425 1737 2518 1790 per
2540 1721 2720 1776 titulus
2754 1721 2937 1790 viginti
2960 1721 3217 1790 quinque,
3250 1730 3534 1786 pensantes
3564 1720 3729 1776 libras
3764 1721 3847 1778 10.

2261 1815 2421 1867 Amas
2444 1822 2729 1882 argenteas
2747 1813 2815 1866 23
2844 1823 3132 1882 pensantes
3171 1810 3195 1849 ιι
3217 1813 3378 1869 libras
3409 1813 3493 1867 10.
3519 1811 3726 1868 Calices
3754 1812 3828 1867 mi

568 1908 939 1963 ministeriales
970 1908 1034 1964 10
1080 1913 1366 1976 pensantes
1413 1904 1649 1975 singulos
1694 1905 1857 1960 libras
1895 1904 1950 1958 2.
1992 1903 2156 1959 Amas
2184 1907 2234 1969 Β
2260 1903 2563 1958 nisteriales
2586 1903 2655 1959 50
2680 1914 2966 1974 pensantes
2997 1904 3236 1973 singulos
3259 1903 3425 1959 libras
3439 1904 3493 1958 2.
3520 1903 3648 1957 Haec
3671 1902 3851 1963 omnia

569 2011 849 2073 argenteas
873 2001 908 2054 2
941 2008 1225 2068 pensantes
1252 1999 1490 2069 singulas
1516 1997 1679 2053 libras
1710 1998 1763 2053 8.
1794 1996 1996 2051 Rharos
2021 2011 2152 2052 can-

568 2095 751 2148 tharos
782 2102 1059 2163 argenteos
1094 2090 1122 2129 b
1154 2090 1217 2145 14
1248 2100 1531 2160 pensantes
1568 2090 1806 2160 singulos
1842 2089 2004 2144 libras
2042 2101 2063 2128 ο
2099 2090 2152 2144 3.

566 2185 649 2240 Ad
678 2185 890 2240 beatum
920 2183 944 2221 ά
975 2185 1275 2255 apostolum
1298 2183 1554 2253 scyphum
1578 2198 1819 2252 aureum,
1846 2192 2154 2252 pensantem

566 2279 728 2333 libras
772 2280 824 2333 ὅ.
878 2277 1118 2349 Scyphos
1167 2289 1451 2347 argenteos
1500 2276 1534 2329 4
1586 2286 1872 2346 pensantes
1918 2277 2159 2340 singulos

567 2370 732 2424 libras
764 2369 813 2425 6.
844 2369 1050 2424 Calices
1078 2369 1457 2425 ministeriales
1493 2371 1557 2423 10
1594 2381 1878 2439 pensantes
1921 2368 2158 2437 singulos

568 2461 733 2516 libras
758 2461 906 2515 duas.
937 2464 1098 2515 Amas
1123 2469 1401 2531 argenteas
1421 2460 1576 2529 duas,
1606 2470 1891 2531 pensantes
1918 2462 2155 2533 singulas

566 2552 732 2607 libras
764 2555 848 2607 10.
879 2554 956 2607 Ad
989 2553 1198 2607 beatutn
1216 2552 1558 2611 Laurentium
1583 2564 1871 2626 martyrem
1899 2553 2155 2625 scyphum

568 2661 787 2699 aureum
808 2660 926 2699 cum
946 2646 1168 2716 gemmis
1189 2647 1419 2716 prasinis
1445 2657 1498 2701 et
1526 2646 1902 2716 hyacinthinis,
1927 2660 2155 2714 pensan—

570 2747 676 2790 tem
711 2738 799 2791 lib.
838 2737 891 2791 ι.
925 2738 1221 2793 Lucernam
1255 2755 1469 2794 auream
1503 2739 1746 2793 uixorum
1769 2737 1899 2810 [lege
1930 2738 2156 2808 lychno-

532 2872 540 2880 .
570 2826 713 2900 rum]
747 2829 813 2883 10
838 2840 1143 2897 pensantem
1177 2831 1272 2885 lib.
1302 2829 1355 2885 5.
1387 2829 1653 2899 Scyphum
1682 2845 1905 2885 aureum
1934 2831 2157 2900 purissi-

570 2935 739 2984 mum,
773 2929 1083 2989 pensantem
1117 2921 1207 2975 l'ib.
1240 2923 1294 2977 5.
1326 2921 1621 2991 Lampades
1648 2936 1841 2976 aureas
1865 2920 1901 2975 2
1926 2937 2157 2991 pensan-

571 3024 650 3067 tes
702 3013 864 3069 libras
921 3014 1178 3086 singulas.
1249 3015 1482 3069 Pharum
1539 3016 1854 3072 cantharum
1907 3032 2150 3083 aureum,

642 3201 668 3229 ⁸
696 3192 837 3246 Idem
869 3192 1012 3257 cod.,
1046 3192 1222 3248 Phara
1252 3194 1514 3249 cantharo.

641 3260 671 3300 δ
701 3263 843 3317 Idem
872 3263 1016 3327 cod.,
1052 3279 1191 3318 xxiv.

643 3344 666 3372 ο
700 3334 841 3389 Idem
870 3334 1013 3398 cod.,
1042 3350 1090 3388 ν.

640 3402 668 3440 ά
700 3404 843 3458 Idem
880 3406 1001 3478 cold.
1025 3444 1039 3466 ,
1082 3404 1307 3461 Paulum
1345 3408 1632 3475 apostolum
1666 3408 1910 3478 scyphum
1940 3425 2149 3461 aureum

569 3484 862 3547 pensantem
1019 3490 1069 3541 ν,
1098 3480 1259 3551 alium
1287 3477 1533 3549 scyphum
1557 3475 1767 3535 aureum
1797 3496 1912 3533 cum
1942 3482 2153 3551 gemmis

570 3545 860 3620 pensantem
889 3545 977 3620 lib.
1010 3562 1055 3598 ν.
1088 3546 1319 3620 Scyphos
1341 3545 1626 3619 argenteos,
1656 3560 1763 3605 etc.

646 3624 670 3652 ο
711 3616 853 3671 Idem
877 3616 1021 3682 cod.,
1056 3634 1147 3672 Ls.

648 3683 667 3722 ί
705 3686 852 3743 Idem
881 3688 1029 3754 cod.,
1060 3690 1361 3746 ministeria.

583 3878 3453 3910 WW—

1202 4098 2001 4296 EPISTOLJE
2100 4103 2153 4226 1

2261 3999 2652 4229 ξιΑΒΙ
2750 4098 3230 4228 mea.

2179 3306 2227 3371 ϐ

2262 1999 2314 2053 in
2345 1996 2560 2052 basilica
2588 1998 3048 2059 Constantiniana.
3096 1998 3176 2052 vel
3225 1996 3290 2051 ad
3334 1994 3587 2052 Sanctam
3631 1996 3851 2053 Mariam

2259 2091 2546 2145 constituta
2588 2090 2906 2145 recondidit.
2959 2091 3056 2148 Hic
3101 2090 3225 2145 fecit
3262 2090 3587 2145 monasteria
3626 2089 3692 2143 ad
3726 2104 3854 2145 san—

2260 2192 2404 2237 ctum
2431 2183 2797 2250 Laurentium,
2829 2193 2883 2237 et
2913 2183 3185 2251 balneum,
3218 2182 3231 2219 ί
3263 2191 3317 2239 et
3349 2182 3655 2253 praetorium
3685 2181 3696 2231 i
3730 2197 3854 2236 sau-

2261 2289 2350 2331 cto
2371 2276 2677 2331 Laurentio.
2711 2277 2858 2332 Fecit
2879 2288 3054 2332 autem
3078 2278 3369 2333 oratorium
3398 2274 3569 2332 sancti
3594 2275 3855 2346 Stephani

2264 2370 2317 2423 in
2349 2369 2663 2441 baptisterio
2699 2368 3069 2426 Lateranensi.
3103 2369 3255 2424 Fecit
3284 2376 3463 2423 autem
3490 2376 3546 2423 et
3573 2366 3856 2422 bibliothe-

2264 2481 2355 2519 cas
2384 2465 2518 2519 duas
2549 2467 2599 2519 iu
2628 2464 2816 2519 eodem
2850 2464 2987 2519 loco.
3019 2462 3041 2499 ιε
3072 2464 3148 2517 Ad
3191 2463 3391 2517 Lunam
3426 2476 3550 2515 vero
3580 2470 3856 2516 monaste-

2263 2556 2402 2611 rium
2426 2556 2477 2611 iu
2505 2556 2637 2610 urbe
2661 2556 2983 2610 construxit.
3010 2554 3107 2609 llic
3130 2554 3252 2609 fecit
3280 2553 3671 2607 ordinationem
3697 2566 3855 2606 unam

2262 2648 2317 2702 in
2349 2648 2481 2701 urbe
2512 2646 2676 2700 Roma
2709 2662 2803 2715 per
2833 2662 3074 2702 mensem
3109 2645 3477 2710 Decembrem,
3512 2644 3855 2714 presbyteros

2261 2740 2444 2808 viginti
2488 2739 2743 2809 quinque,
2796 2740 3052 2795 diacones
3101 2738 3117 2776 ι
3154 2740 3413 2810 quinque,
3443 2739 3723 2809 episcows
3764 2751 3856 2806 per

2260 2831 2468 2887 diversa
2499 2832 2614 2886 loca
2646 2832 2834 2902 viginti
2879 2832 3034 2887 duos.
3084 2832 3183 2899 Qui
3225 2832 3384 2887 etiam
3416 2830 3654 2901 sepultus
3680 2839 3760 2885 est
3789 2828 3854 2883 ad

2261 2934 2506 2979 sanctum
2554 2924 2903 2979 Laurentium
2952 2927 3003 2978 in
3037 2935 3245 2994 crypta,
3284 2924 3435 2994 juxta
3475 2937 3673 2992 corpus
3716 2922 3855 2976 beati

2259 3018 2418 3075 Sixti.
2452 3017 2520 3072 Et
2538 3018 2767 3074 cessavit
2792 3017 3132 3089 episcopatus
3154 3017 3271 3072 dies
3293 3017 3499 3073 decem.

2338 3208 2362 3246 8
2399 3199 2543 3254 Idem
2571 3198 2722 3264 cod.,
2752 3207 3008 3264 ansatum,
3041 3201 3117 3253 vel
3145 3199 3312 3255 deest.

2336 3266 2366 3341 ξι
2402 3271 2543 3325 Idem
2578 3270 2700 3326 cod.
2731 3270 2882 3325 addit
2909 3272 3155 3341 singulas.

2341 3339 2355 3377 ί
2404 3341 2547 3395 Idem
2576 3340 2697 3395 cod.
2725 3342 2873 3395 addit
2896 3353 2945 3396 et
2975 3339 3130 3393 aliud
3149 3342 3241 3393 sub
3270 3357 3386 3394 rere.

2333 3412 2345 3459 i
2402 3413 2453 3465 In
2479 3412 2667 3467 eodem
2684 3413 2803 3467 cod.
2828 3416 2975 3467 deest
2995 3410 3053 3464 S.
3078 3411 3440 3474 Laurentio,et
3463 3410 3737 3477 sequentia
3766 3426 3856 3465 us-

2257 3498 2360 3551 que
2386 3484 2451 3537 ad
2480 3484 2823 3538 bibliothecas.

2297 3552 2531 3677 dlileem
2557 3555 2680 3609 cod.
2703 3596 2715 3620 ,
2746 3554 2877 3611 Item
2900 3554 3258 3608 monasterium
3280 3554 3415 3607 intra
3436 3550 3609 3606 urbem
3632 3550 3854 3603 Romam

2407 3641 2584 3677 unam.

2262 3640 2327 3676 aa
2362 3640 2584 3679 Lunam.

2342 3693 2358 3731 ι
2406 3696 2550 3750 ldem
2577 3696 2733 3765 cod.,
2766 3713 2835 3751 γι.

1496 4364 2929 4408 ‘—_-—-—#-——-——————

1184 4565 1199 4594 ¹
1240 4563 1572 4621 EPISTOLA

582 4691 762 4735 IILARI
798 4690 1003 4731 DIACONI
1043 4689 1221 4729 ελαειε
1259 4690 1485 4730 ΒΟΜΛΝΕ
1526 4689 1820 4739 εριιιεευε,
1878 4690 1943 4727 ΕΤ
1980 4688 2166 4727 SANCTI

653 4761 839 4805 ιιεοΝιε
875 4762 1018 4801 ΡΔΡΕ
1056 4760 1276 4812 ιεαλτι,
1317 4764 1382 4800 Al)
1423 4761 1753 4801 PULCIIERIAII
1793 4759 2091 4800 AUGUSTAI.

580 4842 661 4900 De
697 4841 966 4913 Ephesino
994 4839 1352 4964 CODCIIIal‘iUIO
1376 4880 1391 4905 ,
1439 4839 1760 4897 factionibus
1791 4837 2031 4894 Dioscuri
2058 4877 2074 4905 ,
2112 4847 2166 4893 et

1253 4926 1353 4964 una
1385 4926 1501 4964 sua.

1253 4926 1353 4980 uga
1385 4926 1501 4966 sua.

586 4988 975 5062 Cloriosissima:
1001 5013 1047 5058 ct
1074 5003 1318 5124 piissirzte
1343 5001 1631 5056 Pulcheriae
1655 5003 1897 5072 Augustis
1930 4999 2163 5055 Hilarius

1271 5088 1504 5124 taconus.

1271 5088 1504 5126 τασοηκδ.

662 5165 909 5222 Studium
938 5164 1069 5220 mihi
1098 5152 1287 5230 fuisse,
1316 5171 1422 5219 etc.

657 5255 835 5329 (Hanc
878 5256 1166 5327 epistolam,
1209 5271 1324 5325 quae
1360 5266 1434 5309 est
1482 5252 1665 5310 XLVI
1711 5257 1843 5311 inter
1874 5255 2166 5323 Leoninas,

584 5350 893 5420 exscriptam
943 5349 1162 5418 reperies
1220 5346 1537 5417 Patrologt'w
1582 5358 1767 5402 nostra:
1833 5358 1958 5402 tom.
2013 5344 2167 5415 LIV,

588 5441 691 5497 col.
718 5439 870 5512 851.)

655 5605 681 5633 ⁸
710 5596 839 5653 Cod.
874 5597 1028 5665 Luc.,
1063 5596 1190 5663 129,
1214 5599 1448 5668 quadam
1474 5615 1613 5671 qua.

657 5759 673 5788 ί
716 5758 966 5830 Epistolas
1008 5759 1167 5815 Hilari
1213 5776 1361 5830 papae
1406 5762 1614 5817 collata:
1654 5772 1778 5816 sunt
1825 5776 1944 5817 cum
1991 5763 2158 5818 tribus

587 5829 1001 5911 exemplaribus,
1021 5847 1136 5903 quae
1166 5829 1415 5902 epistolas
1442 5849 1628 5888 omnes
1656 5832 2001 5891 continebant
2032 5854 2041 5888 :
2067 5835 2154 5888 I‘i-

2185 4568 2241 4629 D

2831 4569 3166 4628 EPISTOLA
3220 4572 3261 4626 l.

2344 4694 2521 4733 BILAIII
2574 4696 2723 4736 ΡΔΡΒ
2776 4700 2843 4738 AD
2895 4700 3171 4739 EPISCOPOS
3215 4701 3678 4743 TARRACONENSES.
3720 4705 3785 4743 DE

2787 4769 3042 4809 BYNODALI
3084 4772 3346 4811 DECRBTO.

2271 4863 2453 4920 Flavio
2489 4862 2739 4921 Basilisco
2763 4877 2810 4922 ct
2834 4866 3187 4997 Ηενηὶξῗενίεο
3213 4871 3335 4926 viris
3356 4872 3649 4927 clarissimis
3676 4888 3862 4928 consu-

2882 4986 2895 4997 .
2996 4958 3013 4994 t
3051 4959 3128 4996 us.

2882 4986 2895 4999 .
2978 4958 3128 4997 unus.

2350 5164 2610 5231 Quoniam
2647 5167 2964 5238 religiosus,
3013 5176 3200 5224 sancto
3226 5168 3429 5240 Spiritu
3462 5184 3856 5243 congregante,

2278 5269 2573 5315 conventus
2615 5260 2879 5325 hortatur,
2920 5270 2979 5315 ut
3016 5269 3042 5297 α
3082 5275 3415 5330 qutecunquc
3454 5277 3553 5333 pro
3575 5263 3858 5334 disciplina

2278 5351 2639 5407 ecclesiastica
2669 5352 2971 5408 necessaria
3007 5363 3164 5424 sunt,
3212 5369 3338 5409 cura
3381 5355 3720 5428 diligentiore
3753 5370 3861 5415 tra-

2276 5456 2481 5504 ctemus
2512 5465 2526 5501 :
2558 5448 2603 5504 si
2652 5448 2843 5517 placet,
2868 5447 3078 5516 fratres,
3115 5465 3178 5506 ea
3209 5466 3327 5521 qua:
3353 5451 3420 5507 ad
3455 5452 3854 5509 ordinationem

2264 5764 2499 5831 threano,
2528 5766 2827 5822 Arelatensi
2854 5780 2905 5823 et
2928 5767 3226 5831 Lirinensi;
3260 5777 3528 5836 postrema
3552 5770 3709 5824 etiam
3732 5787 3852 5826 cum

2261 5838 2380 5892 aliis
2402 5836 2629 5905 duobus,
2654 5854 2880 5911 quorum
2908 5840 3130 5895 alterum
3153 5838 3492 5894 Corbeiensis
3516 5846 3849 5915 monasterii,

2494 6072 2551 6087 ’.δ
