4086 6328
261 422 323 480 ts
1166 394 1173 405 ’
1676 419 1855 477 εριδτ

1955 426 2008 481 ,Α
2046 424 2086 479 Ι.
2478 472 2481 477 .
3459 433 3528 493 id

262 543 502 592 tenorem
556 514 862 604 pertinent,
892 532 1038 603 juxta
1067 531 1262 589 divina:
1302 532 1433 605 legis
1475 543 1740 604 praecepta
1790 524 2067 603 etAmus
2127 558 2139 594 :
2188 541 2388 597 dictum
2424 550 2506 598 est
2544 543 2873 614 quindecies.
2933 545 3037 602 Ista
3082 561 3179 619 per
3214 546 3244 586 ιι
3285 557 3529 605 sanctum

260 625 598 681 Nicanorum
618 639 882 679 canonum
895 624 1205 691 constituta,
1225 626 1295 680 ita
1308 625 1595 695 adjuvante
1613 626 1842 681 Domino

261 717 311 771 in
338 731 502 772 omne
538 730 716 770 tevum
760 731 1008 769 mansura
1039 716 1363 786 solidemus,
1401 726 1457 771 ut
1487 718 1613 772 nulli
1657 718 1734 773 fas
1778 720 1847 774 sit

262 807 375 862 sine
409 816 582 861 statas
621 806 704 860 sui
757 806 994 875 periculo
1022 807 1103 861 vel
1151 808 1361 862 divinas
1399 809 1844 876 constitutiones,

264 901 341 956 vel
372 899 681 969 apostolicae
708 898 853 952 sedis
881 898 1094 953 decreta
1122 908 1386 954 temerare
1417 916 1431 954 :
1461 901 1583 969 quia
1605 915 1725 968 nos,
1758 902 1845 970 qui

270 990 526 1062 petissitni
576 989 874 1044 sacerdotis
916 989 1357 1045 administramus
1407 990 1617 1058 officia,
1663 992 1845 1047 taliunt

272 1082 749 1152 transgressionum
798 1080 953 1149 culpa
1010 1081 1289 1150 respiciet,
1332 1082 1376 1137 si
1418 1082 1471 1136 in
1525 1083 1699 1137 causis
1746 1084 1844 1138 Dei

273 1176 479 1232 desides
526 1175 783 1231 fuerimus
826 1175 1026 1229 inventi
1062 1191 1075 1227 :
1109 1175 1229 1244 quia
1282 1176 1663 1242 meminimus,
1706 1175 1847 1245 quod

269 1271 454 1325 timere
490 1267 753 1323 debemus
773 1307 789 1332 ,
829 1267 1057 1336 qualiter
1081 1267 1439 1322 comminetur
1463 1267 1719 1323 Dominus
1745 1283 1847 1323 ne-

269 1359 530 1428 gligentia:
573 1357 915 1413 sacerdotum
934 1396 949 1423 ,
991 1350 1254 1426 siquidem
1279 1368 1428 1412 reatu
1457 1360 1659 1428 majore
1679 1359 1851 1414 delin-

270 1450 399 1520 quit,
422 1452 510 1521 qui
541 1449 733 1519 potiori
766 1448 972 1504 honore
1002 1447 1292 1518 perfruitur
1323 1466 1337 1503 :
1367 1458 1421 1504 et
1447 1450 1692 1520 graviora
1723 1451 1850 1505 facit

272 1544 394 1598 vitia
417 1553 778 1613 peccatorum,
801 1541 1102 1597 sublimitas
1130 1541 1471 1612 dignitatum.

339 1725 638 1782 Cavendum
669 1740 799 1796 ergo
827 1725 1090 1795 imprimis
1120 1735 1235 1791 est,
1266 1741 1335 1781 ne
1362 1726 1429 1780 ad
1460 1735 1701 1784 sacratos
1728 1743 1849 1797 gra-

276 1816 401 1883 dus,
431 1817 563 1872 sicut
602 1818 766 1886 gestis
801 1816 1074 1885 prioribus
1115 1827 1239 1873 ante
1279 1826 1304 1854 ⁸
1339 1818 1703 1887 praescriptum
1731 1829 1845 1886 est,

1950 630 2208 700 Petrum,
2263 644 2317 688 ut
2375 635 2427 689 in
2480 645 2791 706 perpetuum
2833 648 2855 673 υ
2895 650 3177 697 serventur
3232 649 3527 711 optamus:

1950 724 2147 779 dictum
2188 733 2271 779 est
2310 725 2497 781 octies.
2538 727 2661 781 llaec
2689 732 3035 798 praesumptio
3066 748 3337 803 nunquam
3380 734 3472 788 fiat
3513 753 3525 787 :

1949 814 2148 870 dictum
2171 827 2254 871 est
2280 815 2481 871 decies.
2510 816 2610 885 Qui
2637 818 2749 873 haec
2778 820 3075 888 violaverit,
3105 824 3158 878 in
3173 838 3234 881 se
3255 825 3489 880 inveniet
3517 842 3528 879 ;

1948 907 2148 964 dictum
2178 921 2257 964 est
2295 910 2515 980 septies.
2552 912 2613 965 Et
2637 912 2776 966 facto
2795 913 3030 982 silentio,
3072 915 3285 972 Hilarus
3324 920 3537 989 episco-

1953 1016 2051 1071 pus
2079 1002 2238 1058 dixit.

2712 1096 2774 1152 V.

2023 1183 2312 1254 Praeterea,
2358 1185 2571 1253 fratres,
2618 1203 2753 1243 nova
2784 1198 2841 1245 et
2869 1190 3105 1245 inaudita
3142 1191 3302 1263 (sicut
3343 1192 3408 1247 ad
3439 1209 3535 1248 nos

1951 1281 2128 1333 missis
2176 1282 2243 1335 de
2291 1280 2561 1350 Hispaniis
2610 1284 2849 1353 epistolis
2876 1326 2889 1350 ,
2932 1284 3034 1340 sub
3079 1294 3226 1341 certa
3271 1286 3536 1342 relatione

1950 1375 2215 1445 pervenit)
2245 1374 2295 1428 in
2331 1376 2647 1445 quihusdam
2700 1378 2830 1433 locis
2871 1380 3279 1448 perversitatum
3323 1379 3543 1445 semina,

1951 1465 2179 1521 subinde
2207 1478 2517 1523 nascuntur.
2554 1469 2793 1540 Denique
2834 1472 3073 1527 nonnulli
3120 1472 3483 1544 episcopatum
3514 1516 3531 1541 ,

1950 1558 2040 1628 qui
2088 1556 2105 1595 τ
2152 1575 2257 1614 non
2304 1561 2402 1615 nisi
2431 1562 2635 1618 meritis
2668 1564 3089 1632 pra-cedentibus
3112 1565 3288 1631 datur,
3320 1581 3426 1620 non
3453 1566 3537 1621 di-

1952 1652 2135 1705 vinum
2168 1668 2394 1717 munus,
2439 1653 2532 1709 sed
2562 1655 2952 1710 haereditarium
2986 1666 3174 1727 putant
3213 1671 3331 1713 esse
3380 1673 3532 1713 com-

1952 1741 2201 1811 pendium
2238 1760 2253 1797 :
2282 1754 2333 1799 et
2361 1743 2620 1810 credunt,
2653 1744 2792 1801 sicut
2836 1762 2921 1801 res
2946 1748 3175 1802 caducas
3204 1758 3362 1818 atque
3394 1765 3537 1802 mor—

1951 1835 2114 1899 tales,
2171 1836 2239 1889 ita
2286 1836 2674 1903 sacerdotium,
2723 1838 2868 1893 velut
2913 1847 2938 1887 ε
2987 1841 3007 1870 ’
3036 1839 3191 1909 legali
3247 1840 3536 1912 [Iegatorio]

281 1909 579 1979 quisquam,
613 1907 698 1978 qui
730 1922 946 1963 uxorem
969 1923 1075 1963 non
1108 1909 1363 1979 virginem
1391 1909 1586 1975 duxit,
1618 1912 1837 1981 aspiret.

1955 1934 2037 1980 aut
2077 1928 2481 1983 testamentario
2513 1927 2634 1997 jure
2656 1968 2672 1996 ,
2704 1944 2859 1999 posse
2889 1907 3105 1984 dimitti.
3137 1907 3269 1985 Nam
3296 1907 3559 2001 plerique'

279 1998 625 2069 Repellendus
652 2008 734 2054 est
757 2002 918 2056 etiam
943 2001 1186 2072 quisque,
1211 2006 1299 2072 qui
1321 2002 1373 2055 in
1396 2002 1644 2058 secunda:
1665 2006 1847 2061 uxoris

273 2093 479 2160 nuptias
516 2103 701 2146 contra
730 2091 1023 2160 apostolica
1055 2102 1327 2163 praecepta
1360 2094 1630 2149 convenit.

1010 2184 1100 2241 lll.

333 2273 489 2331 lnscii
519 2291 728 2347 quoque
754 2277 1077 2343 litterarum,
1110 2291 1317 2332 necnon
1366 2287 1421 2332 et
1466 2276 1642 2346 aliqua
1676 2291 1846 2332 mem-

262 2368 481 2425 brorum
527 2370 720 2426 damua
751 2371 1023 2441 perpessi,
1058 2379 1114 2426 et
1154 2369 1207 2425 lii
1238 2370 1329 2439 qui
1355 2384 1418 2426 ex
1467 2370 1850 2440 paenitentibus

258 2469 381 2515 sunt
411 2461 497 2533 ιη
523 2463 821 2532 ρωηὶιεηιεδ
852 2460 1015 2534 sunt],
1054 2461 1121 2515 ad
1148 2476 1334 2517 sacros
1364 2461 1580 2517 ordines
1607 2461 1850 2531 aspirare

257 2568 363 2609 non
390 2554 649 2610 audeant.
683 2554 934 2625 Quisquis
966 2554 1146 2610 talium
1172 2563 1515 2610 consecratur
1542 2552 1840 2619 exstiterit,

255 2643 455 2701 factum
501 2660 657 2702 suum
696 2645 724 2685 δ
754 2646 1037 2703 dissolvet.

1015 2738 1102 2794 IV.

321 2832 432 2888 Sed
466 2832 689 2900 etquod
719 2834 838 2902 quis
869 2831 1139 2888 commisit
1160 2828 1372 2893 illicite,
1404 2835 1498 2883 aut
1537 2842 1567 2883 a
1594 2828 1847 2884 decesso-

249 2925 401 2982 ribus
431 2926 553 2982 suis
584 2926 788 2982 invenit
816 2927 1132 2989 admissum,
1178 2924 1222 2978 si
1256 2923 1527 2993 proprium
1555 2921 1849 2992 periculum

248 3021 367 3073 vult
398 3019 607 3086 vitare,
657 3017 931 3073 damnabit
962 3034 976 3072 :
1019 3032 1116 3071 nos
1155 3016 1296 3071 enim
1331 3017 1381 3070 in
1426 3016 1575 3071 nullo
1602 3014 1849 3070 volumus

248 3112 612 3166 severitatem
656 3109 873 3164 ultionis
902 3123 1175 3163 exercere.
1211 3107 1313 3163 Sed
1340 3106 1427 3177 qui
1465 3106 1515 3160 in
1546 3107 1723 3160 causis
1753 3105 1847 3160 Dei

245 3201 330 3255 vel
363 3201 736 3264 contumacia,
760 3199 843 3254 vel
873 3199 923 3253 in
948 3199 1128 3269 aliquo
1152 3213 1375 3253 excessu
1399 3197 1722 3267 deliquerit,
1759 3208 1850 3251 aut

244 3294 362 3365 ipse
382 3294 534 3366 quod
556 3308 832 3364 perperam
859 3292 978 3347 fecit
994 3293 1208 3347 abolere
1225 3291 1455 3345 noluerit
1474 3307 1487 3344 :
1505 3291 1559 3344 in
1592 3288 1849 3361 se,‘quid-
1876 3297 1927 3363 ς

242 3386 375 3457 quid
413 3387 469 3442 in
510 3385 678 3439 alium
711 3382 858 3457 [alio]
886 3401 991 3439 non
1040 3382 1291 3438 resecarit
1332 3377 1669 3454 [resecuerit],
1704 3380 1851 3435 inve-

242 3478 380 3533 niet.
416 3476 576 3545 Quod
628 3487 685 3530 ut
712 3476 966 3546 deinceps
1007 3476 1177 3545 possit
1203 3475 1442 3528 tenacius
1478 3471 1779 3537 custodiri,
1802 3470 1848 3526 si

241 3572 459 3641 placet,
496 3569 814 3635 sententias,
845 3582 1035 3622 causas
1062 3576 1116 3621 et
1140 3565 1562 3633 subscriptiones
1606 3563 1848 3631 proprias

237 3674 450 3715 omnes
495 3668 516 3696 α
556 3657 924 3711 cornmendate
972 3652 1355 3726 [commodata],
1397 3661 1455 3707 ut
1492 3653 1731 3723 synodali
1758 3651 1848 3720 ju-

236 3752 393 3807 tlicio
450 3748 666 3803 auditus
681 3747 896 3821 [aditus]
928 3745 1205 3802 claudatur
1238 3743 1437 3798 illicitis
1467 3739 1739 3814 [illicitas].

316 3846 409 3900 Ab
438 3842 713 3897 universis
743 3841 1008 3911 episcopis
1054 3847 1107 3893 et
1135 3836 1464 3907 presbyteris
1498 3834 1847 3889 acclamatum

240 3947 327 3993 est
365 3955 377 3989 :
410 3932 620 3989 Exaudi
642 3931 875 3999 Christe,
904 3930 1084 3984 llilaro
1109 3929 1213 3983 vita
1246 3946 1257 3979 :
1291 3927 1488 3981 dictum
1507 3934 1589 3980 est
1614 3927 1630 3957 ¹
1653 3926 1850 3979 sexies.

241 4020 379 4083 Haec
446 4033 507 4080 et
532 4026 946 4089 confirmamus,
998 4030 1049 4076 et
1089 4021 1201 4073 Itale
1231 4018 1486 4074 docemus
1529 4018 1728 4072 dictum
1771 4022 1855 4070 est

242 4121 448 4174 octies.
471 4116 599 4170 Ila-c
622 4113 847 4169 tenenda
870 4121 1013 4179 sunt,
1039 4112 1153 4166 haec
1176 4110 1434 4165 servanda
1463 4119 1586 4163 sunt
1616 4126 1628 4161 :
1653 4108 1849 4162 dictum

243 4220 331 4265 cst
362 4206 683 4280 iptinqnics.
716 4204 986 4261 Doctrina:
1034 4214 1226 4259 vestra:
1254 4204 1452 4274 gratias
1482 4203 1687 4272 agimus
1719 4217 1732 4253 :
1771 4200 1855 4253 di-

241 4312 393 4357 ctum
420 4311 512 4357 est
540 4298 735 4354 decies.
756 4300 856 4353 ista
875 4306 933 4352 ut
955 4297 1005 4351 in
1031 4309 1349 4368 perpetuum
1376 4306 1678 4356 serventur,
1696 4308 1853 4363 rogao

321 4471 347 4498 ἰ
379 4459 522 4515 Cod.
556 4456 684 4511 Luc.
721 4456 844 4521 1‘29,
874 4455 1231 4525 proscriptum.

320 4532 345 4569 ι’
379 4529 529 4589 Cod.
554 4527 708 4594 Luc.,
737 4529 844 4597 ipse
865 4527 1123 4580 dissolvet.

324 4614 346 4640 ε
381 4601 529 4655 Cod.
563 4598 720 4664 Luc.,
751 4597 1088 4650 commodata.

302 4669 349 4710 ’ά
384 4670 533 4729 Cod.
566 4668 722 4731 Luc.,
758 4667 1032 4721 Damnum.

248 4834 491 4889 alterum
542 4829 859 4899 S._Remigil
912 4828 1210 4883 Remensis.
1262 4827 1328 4882 Et
1356 4836 1642 4897 supersunt
1668 4834 1850 4899 tamen

248 4921 359 4962 non
391 4916 572 4975 pauca
598 4896 719 4972 qua:
739 4896 1161 4959 emendatiorum
1190 4896 1435 4955 codicum
1463 4914 1618 4968 opem
1646 4898 1857 4953 deside-

248 4989 398 5031 rant.

324 5048 470 5120 Tum
502 5042 573 5099 ad
617 5043 780 5120 verba
812 5042 924 5120 haec
952 5040 1191 5120 epistola:
1223 5040 1301 5120 8.:
1330 5038 1394 5092 Et
1421 5048 1555 5120 retro
1584 5045 1701 5091 ante
1725 5035 1861 5120 posi-
1885 5058 1941 5120 Ι)

254 5132 386 5174 tum.
441 5119 524 5171 Ita
567 5123 623 5170 et
647 5111 937 5169 Lirinensis
964 5109 1099 5165 :Vsed
1136 5111 1302 5179 magis
1343 5110 1573 5174 arridet,
1615 5109 1755 5179 quod
1787 5124 1858 5163 ex

252 5190 505 5247 alterius.
537 5187 660 5240 libri
705 5184 940 5253 vestigiis
967 5183 1172 5239 eruitur
1203 5200 1214 5235 :
1249 5191 1295 5234 et
1331 5191 1464 5253 retro
1496 5197 1643 5234 omne
1676 5195 1862 5253 propo-

252 5262 436 5315 situ’m.
486 5256 622 5312 Herc
651 5256 725 5307 vir
766 5248 868 5308 ille'
896 5253 1313 5321 diligentissimus
1359 5252 1546 5305 omissa
1588 5265 1704 5304 cum
1743 5248 1861 5304 aliis

254 5329 534 5385 nonnullis
559 5328 613 5381 in
641 5326 862 5381 editione
887 5324 1045 5393 regia.
1076 5323 1192 5378 Jac.
1218 5323 1535 5378 SIRHONDUS.

336 5404 351 5434 ¹
391 5402 655 5469 Dionys.,
687 5406 883 5469 quater.
910 5395 1079 5469 iisan.

330 5476 351 5505 ¹
382 5464 609 5540 Lupus,
647 5464 705 5521 et
730 5466 1055 5540 liarduinus,
1093 5466 1257 5540 _legati
1300 5474 1388 5540 aut
1420 5464 1699 5540 testamenti
1721 5464 1863 5537 jure.

258 5583 278 5605 .
332 5544 353 5575 ³
390 5535 527 5597 Haec
556 5535 783 5605 epistola
822 5538 956 5592 lecta
984 5546 1066 5591 est
1093 5535 1411 5591 in'concilio
1453 5535 1695 5589 Romano
1722 5535 1864 5588 anno

262 5614 485 5670 Domini
530 5605 640 5665 465
679 5612 861 5663 Romae
891 5607 1177 5671 celebrato,
1208 5607 1275 5662 de
1303 5622 1406 5677 quo
1430 5605 1585 5661 infra.
1620 5607 1754 5677 Dum
1786 5605 1862 5659 le-

265 5694 513 5753 geretur,
546 5682 734 5753 Patrcs
776 5695 898 5734 suas
929 5680 1219 5753 sententias
1244 5679 1664 5753 acclamando‘ct
1697 5676 1861 5730 inter-

267 5747 555 5823 loqnendo
583 5751 916 5806 addiderunt.
943 5750 1062 5823 Hoc
1092 5748 1249 5823 igitur
1278 5747 1396 5801 loco
1428 5748 1622 5823 placuit
1653 5763 1768 5801 eam
1798 5762 1862 5823 ex

266 5818 581 5883 Cresconio
608 5832 659 5877 et
687 5820 1051 5886 manuscripto
1099 5818 1353 5872 Vaticano
1384 5819 1447 5871 ad
1495 5818 1713 5873 verbum
1755 5819 1864 5871 col-

270 5900 478 5967 locare,
504 5896 646 5950 sicut
669 5912 693 5951 a
719 5891 1204 5950 Tarraconensibus
1228 5889 1292 5944 ad
1316 5890 1495 5945 sedem
1521 5889 1863 5961 apostolicam

1950 2019 2257 2074 sacerdotes
2313 2020 2365 2073 in
2402 2022 2588 2075 mortis
2636 2022 2868 2076 confinio
2916 2023 3220 2089 constituti,
3262 2023 3316 2077 in
3358 2023 3535 2077 locum

1949 2122 2102 2165 suum
2138 2111 2379 2167 feruntur
2407 2112 2541 2167 alios
2558 2112 2852 2182 designatis
2874 2114 3176 2169 nominibus
3202 2116 3494 2184 subrogare
3519 2133 3532 2170 :

1950 2212 2007 2257 ut
2031 2203 2233 2257 scilicet
2261 2219 2366 2258 non
2398 2203 2631 2273 legitima
2658 2214 2999 2273 exspectetur
3033 2205 3223 2260 electio
3249 2249 3263 2271 ,
3296 2206 3390 2262 sed
3442 2207 3561 2261 de?

1950 2294 2113 2349 functi
2165 2295 2482 2363 gratificatio
2528 2312 2624 2364 pro
2665 2296 2844 2365 pepuli
2897 2295 3155 2351 habeatur
3203 2296 3535 2371 [praebeatur]

1950 2400 2192 2441 assensu.
2220 2386 2372 2453 Quod
2396 2401 2551 2456 quam
2577 2402 2739 2457 grave
2769 2387 2867 2455 sit,
2890 2389 3181 2456 aestimate,
3205 2398 3364 2460 atque
3393 2388 3537 2457 ideo,

1949 2478 1994 2533 si
2021 2478 2211 2546 placet,
2240 2478 2399 2533 etiam
2432 2479 2569 2533 hanc
2594 2480 2862 2535 licentiam
2906 2482 3229 2549 generaliter
3253 2484 3321 2538 de
3361 2483 3565 2539 eccle-‘

1950 2571 2046 2626 siis
2084 2570 2421 2639 auferamus,
2466 2586 2535 2627 ne
2588 2572 2761 2643 (quod
2795 2583 2947 2643 turpe
2973 2571 3118 2629 dictu
3174 2574 3291 2645 est)
3330 2574 3536 2631 homini

1950 2665 2229 2735 quisquam
2257 2673 2403 2734 putet
2429 2665 2645 2731 deberi,
2693 2666 2836 2737 quod
2868 2667 2960 2722 Dei
2993 2675 3093 2724 est.
3562 2672 3565 2673 ⁷

2024 2756 2111 2824 Ut,
2139 2766 2316 2813 autem
2356 2758 2497 2827 quod
2536 2759 2601 2812 ad
2633 2774 2730 2814 nos
2782 2760 3045 2829 prolatum
3081 2758 3378 2833 [perlatum]
3408 2769 3492 2817 est
3514 2806 3532 2833 ,

1950 2851 2017 2907 ad
2059 2860 2293 2907 vestram
2333 2852 2492 2907 etiam
2520 2854 2687 2921 possit
2719 2855 2995 2922 pervenire
3025 2855 3298 2921 notitiam,
3341 2855 3535 2926 Hispa-

1952 2959 2143 2999 norum
2170 2946 2392 3001 fratrum
2438 2954 2493 3001 et
2518 2947 2961 3016 coepiscoporum
2990 2959 3293 3005 nostrorum
3340 2951 3540 3020 scripta

1952 3038 2216 3108 lcgantur.
2242 3038 2438 3093 Paulus
2469 3038 2709 3092 notarius
2736 3041 2983 3094 recitavit

2010 3127 2051 3166 ἰι
2076 3130 2311 3193 Additur
2336 3130 2387 3181 in
2420 3145 2513 3182 ms.
2544 3128 2751 3183 Justelli
2784 3146 2803 3184 :
2825 3130 2893 3185 Et
2922 3138 3173 3188 statutum
3200 3142 3283 3189 est
3313 3148 3379 3189 ne
3407 3133 3538 3205 quid

1951 3225 2090 3280 ultra
2122 3222 2425 3293 hujusmodi
2452 3238 2481 3277 a
2508 3223 2879 3277 sacerdotibus
2911 3234 3283 3293 prtesumatur.

2540 3359 2560 3390 '
2601 3358 2930 3415 EPISTULA

1953 3489 2421 3532 TAIBACONENSIUI
2475 3489 2832 3530 EPISCOPOBUI
2881 3491 2947 3528 AD
2996 3474 3015 3504 ⁸
3065 3490 3295 3530 ιιιιηωι
3341 3491 3533 3531 ΡΔΡΔΙ.

1954 3566 2032 3621 De
2067 3569 2387 3621 ordinatione
2420 3567 2642 3635 episcopi
2688 3582 2777 3633 per
2818 3566 3087 3620 Silvanum
3113 3566 3538 3637 Calaguritanum

2020 3640 2312 3708 episwpum
2344 3648 2520 3708 contra
2549 3637 2763 3689 Patrum
2794 3636 2992 3708 regulas
3028 3646 3075 3689 et
3118 3636 3359 3692 Nicaenos
3387 3656 3538 3694 cano-

2022 3706 2107 3760 nes
2138 3706 2275 3776 facta
2304 3706 2444 3773 apud
2482 3706 2768 3757 Romanum
2810 3706 3097 3774 pontiﬁcem
3137 3720 3534 3776 conquerantur,

2027 3792 2236 3843 eumque
2263 3777 2554 3848 consulunt,
2585 3776 2708 3841 quid
2739 3776 2792 3848 iu
2822 3777 2915 3828 hoc
2942 3790 3064 3828 casu
3097 3777 3283 3848 facere,
3324 3787 3411 3831 aut
3435 3795 3538 3848 qua

2030 3849 2226 3901 ratione
2252 3847 2488 3901 abusibus
2508 3847 2756 3917 ejusmodi
2786 3861 3048 3899 occurrere
3070 3847 3302 3902 debeant.

1962 3939 2186 3994 Domino
2218 3938 2558 4002 beatissimo,
2588 3947 2639 3992 et
2669 3937 2962 4007 apostolica
2995 3940 3290 3993 reverentia
3325 3954 3354 3993 a
3386 3939 3539 3996 nobis

2031 4014 2082 4065 in
2114 4009 2326 4065 Christo
2356 4008 2582 4064 colendo
2618 4023 2765 4077 papa:
2795 4007 3010 4073 Hilaro,
3042 4010 3300 4063 Ascanius
3326 4012 3538 4078 episco-

2029 4098 2159 4152 pus;
2187 4089 2241 4137 et
2267 4081 2499 4135 universi
2526 4081 2760 4149 episc0pi
2787 4078 3201 4135 Tarraconensis
3231 4082 3535 4150 provinciae.

2029 4196 2049 4226 ³
2089 4193 2306 4249 Etiamsi
2328 4193 2472 4248 nulla
2502 4201 2736 4248 exstaret
2766 4190 3020 4263 [dictaret]
3049 4194 3337 4248 necessitas
3360 4195 3536 4248 eccle—

1957 4287 2188 4345 siasticae
2209 4285 2536 4355 disciplinae,
2578 4283 2932 4353 expetendum
2961 4298 3019 4338 re
3040 4299 3165 4338 vera
3193 4283 3345 4339 nobis
3368 4285 3545 4340 fuerat
3622 4278 3627 4285 ’

2023 4459 2046 4486 ο
2068 4447 2200 4502 Cod.
2225 4446 2381 4511 Luc.,
2402 4446 2458 4499 in
2484 4442 2591 4498 Deo
2620 4453 2894 4499 serventur.

2025 4518 2045 4557 ί
2078 4520 2208 4574 Cod.
2242 4518 2397 4582 Luc.,
2430 4533 2531 4569 non
2559 4516 2688 4570 sine.

2023 4599 2047 4635 κ
2078 4588 2212 4644 Cod.
2244 4588 2402 4648 Luc.,
2431 4587 2583 4656 legati
2610 4596 2698 4638 aut
2728 4586 3014 4658 testamenti
3032 4587 3171 4658 jure.

2022 4657 2051 4697 ιι
2082 4660 2192 4715 lloc
2222 4658 2643 4713 additamentum
2676 4657 2729 4709 in
2755 4657 2875 4711 cod.
2904 4656 3041 4711 Luc.
3064 4657 3234 4712 deest.

1960 4824 2252 4892 scriptaet
2295 4823 2494 4876 directa
2546 4821 2736 4892 fuerat.
2790 4823 2843 4873 In
2894 4821 3097 4889 synodo
3140 4823 3376 4878 Romana
3421 4842 3541 4882 cum

1963 4891 2221 4963 oppositis
2250 4891 2754 4956 acclamationibus,
2789 4892 3307 4963 interlocutionibus,
3336 4905 3392 4950 et
3422 4912 3545 4950 sen-

1967 4961 2146 5021 tentiis
2171 4964 2386 5019 Patrum
2416 4962 2887 5034 excusahhabetnr.
2918 4961 3210 5031 Utrobique
3240 4967 3416 5031 itaque
3451 4984 3547 5034 po-

1968 5036 2138 5091 nenda
2168 5036 2265 5089 fuit
2306 5051 2321 5088 :
2367 5042 2427 5088 ut
2450 5049 2583 5104 quas
2614 5030 2701 5086 illa
2730 5050 2792 5086 ex
2825 5032 3039 5087 Patrum
3070 5030 3349 5089 sententiis
3382 5030 3546 5092 inter-

1964 5106 2154 5179 positis
2183 5105 2482 5179 additiones
2508 5106 2823 5179 accepisset,
2870 5104 3021 5179 facile
3044 5118 3320 5179 consmreﬂ
3339 5120 3540 5175 posset.

1968 5170 2035 5234 Et
2077 5180 2376 5248 quanquam
2409 5170 2719 5231 barbaricus
2761 5174 2909 5248 furor
2938 5170 3229 5248 Gothorum
3262 5170 3539 5246 Hispania-

1954 5244 2395 5304 trum'Ecclesias
2426 5261 2590 5314 prope
2621 5261 2807 5300 omnes
2852 5244 3268 5313 devastantium,
3304 5244 3542 5315 vigorem

1968 5318 2343 5374 ecclesiasticae
2374 5316 2669 5385 disciplinae
2696 5316 2746 5368 in
2779 5315 3043 5383 Hispaniis
3068 5317 3381 5383 relaxassr‘t,
3411 5319 3545 5375 Tan-

1968 5404 2320 5445 raconensem
2360 5399 2536 5441 tamen
2582 5387 2906 5459 provinciam
2947 5388 3223 5443 custodem
3271 5389 3444 5459 legum
3490 5403 3544 5446 et

1970 5475 2235 5516 canonum
2285 5460 2662 5528 permansisse,
2694 5457 2990 5512 Romanum
3020 5457 3544 5527 pontiticem‘obser-

1968 5547 2162 5597 vasse,
2214 5544 2400 5584 omnes
2456 5529 2851 5584 controversias
2895 5528 2957 5581 ad
2999 5530 3242 5585 eumdem
3287 5531 3432 5585 velut
3476 5532 3545 5588 ad

1964 5617 2270 5671 supremum
2313 5599 2543 5671 judicem
2576 5611 2623 5653 et
2670 5608 2938 5671 pastorem
2982 5599 3237 5655 Ecclesia:
3265 5599 3539 5668 detulisse,

1968 5669 2080 5727 huic
2110 5669 2333 5744 epistola
2366 5669 2647 5744 manifeSto
2672 5669 3040 5744 satis_i_mticat.
3077 5673 3203 5744 Ssv.
3232 5672 3434 5744 Biantis.

2038 5744 2057 5774 ⁸
2109 5739 2163 5798 in
2211 5758 2341 5797 mss.
2391 5741 2500 5795 fere
2543 5755 2751 5808 semper
2802 5739 3035 5794 Hilarius
3084 5742 3351 5796 scribitur.
3405 5742 3545 5797 Han-

1969 5831 2173 5873 DUINUS.

2040 5888 2060 5919 ⁸
2098 5886 2202 5942 Has
2251 5883 2502 5956 epistolas
2547 5881 2707 5935 Hilari
2758 5897 2879 5937 cum
2932 5881 3098 5934 tribus
3150 5895 3276 5936 mss.
3324 5881 3545 5941 contulit
