4086 6328
522 364 585 419 l5
1343 406 1349 413 .
1921 350 2128 407 HILAR

2231 353 2278 409 'A
2288 351 2393 409 ΗΕ
3755 353 3820 411 ις

516 478 648 538 illud
678 474 1015 551 privilegium
1044 471 1188 531 sedis
1231 477 1463 541 vestras,
1509 483 1618 541 quo
1665 468 1930 539 susceptis
1960 469 2111 540 regni
2138 471 2448 541 Ascriptio.
2502 467 2756 525 Orantem
2798 482 2898 539 pro
2944 466 3101 525 nobis
3152 474 3397 524 sanctum
3461 468 3824 540 apostolatum

516 574 756 629 rlavibns
805 579 928 642 post
971 564 1424 626 resurrectionem
1452 564 1779 631 Salvatoris,
1822 579 1917 634 per
1945 573 2116 620 totum

520 668 705 730 urbem
743 660 1038 719 beatissimi
1068 658 1210 715 Petri
1248 656 1538 730 singularis
1566 657 1875 728 praedicatio
1903 657 2120 712 univer-

520 774 699 815 sorum
747 752 1130 813 illuminationi
1170 751 1448 821 prospexit
1480 768 1493 804 :
1522 750 1677 821 cujus
1702 749 1888 805 vicarii
1919 749 2119 819 princi-

520 862 673 920 patus
704 851 841 905 sicut
878 845 1103 909 eminet,
1151 844 1222 899 ita
1244 842 1568 900 metuendus
1609 850 1696 898 est
1744 841 1813 896 ab
1841 842 2115 910 omnibus,

521 955 572 999 et
608 941 890 999 amandus.
921 938 1156 995 Proinde
1182 952 1280 993 nos
1310 937 1477 993 Deum
1510 937 1563 992 in
1594 936 1751 992 vobis
1781 936 1997 1006 penitus
2026 933 2124 990 ad-

520 1045 757 1103 orantes,
784 1033 870 1089 cui
889 1033 1005 1088 sine
1025 1030 1244 1102 querela
1267 1029 1501 1097 servitis,
1517 1028 1582 1083 ad
1615 1028 1772 1084 ﬁdem
1793 1027 2123 1083 recurrimus

484 1112 489 1118 ’
521 1129 819 1203 apostolico
857 1142 954 1183 ore
999 1125 1268 1182 laudatam
1294 1167 1312 1196 ,
1351 1125 1478 1180 inde
1505 1137 1766 1194 responsa
1795 1130 2117 1192 qua-rentes,

519 1222 662 1280 unde
693 1222 824 1277 nihil
852 1235 1041 1277 errore
1064 1262 1077 1283 ,
1123 1219 1256 1275 nihil
1284 1219 1705 1291 praesumptione
1730 1258 1745 1283 ,
1788 1216 1881 1273 sed
1910 1215 2126 1287 pontifi-

519 1318 624 1373 cali
656 1325 826 1370 totum
858 1312 1253 1370 deliberatione
1278 1296 1607 1383 praecipitur.

537 1413 725 1490 “Cum
757 1434 871 1488 lucc
902 1430 974 1486 ita
1004 1444 1064 1486 se
1104 1428 1357 1492 habeant,
1400 1436 1484 1483 est
1513 1437 1690 1482 tamen
1722 1425 1863 1483 inter
1892 1439 1990 1480 nos
2020 1423 2125 1479 fal-

523 1541 615 1582 sus
646 1524 832 1589 frater,
866 1521 1021 1593 cujus
1049 1520 1520 1590 praesumptionem
1551 1518 1691 1574 sicut
1718 1517 1918 1573 diutius
1950 1525 2129 1571 tacere

519 1631 629 1672 non
663 1616 830 1680 licuit,
865 1614 936 1669 ita
968 1624 1021 1670 ct
1048 1613 1189 1681 loqui
1220 1612 1378 1666 lulnri
1406 1611 1592 1681 judicii
1634 1612 1927 1666 necessitas
1958 1610 2127 1678 impe-

520 1709 681 1765 ravit.
713 1708 962 1765 Silvanus
986 1707 1201 1775 quidam
1233 1707 1520 1774 episcopus
1548 1703 1827 1773 Calaguraa
1859 1705 1911 1757 iu
1943 1702 2129 1756 ultima

520 1812 680 1867 parte
707 1810 905 1855 nostra:
938 1797 1226 1867 provincia:
1253 1796 1596 1860 ronSIitutus,
1630 1795 1989 1850 divinationes
2022 1794 2129 1868 [or-

2223 575 2463 621 vestrutu
2490 563 2601 636 jugi
2630 578 2749 620 aevo
2779 562 2958 619 divina
2984 573 3269 621 conservet
3293 563 3593 620 aeternitas.

2798 772 2814 803 ¹
2851 767 3178 826 EPISTULA

2279 902 2752 946 TARRACONENSIUI
2791 899 3154 941 EPISCOPORUI
3194 900 3262 939 Αῐ)
3301 898 3534 939 ωιληωι
3576 899 3769 941 ΡΑΡΑΙ.

2226 1004 2557 1071 Beatissimo,
2586 1011 2631 1056 et
2671 1000 2953 1072 apostolica
2982 998 3264 1072 reverentia
3300 1015 3333 1051 a
3360 998 3503 1072 nobis
3532 998 3588 1072 in
3627 998 3829 1072 Cdristo

2298 1075 2515 1131 colendo
2544 1067 3225 1146 papte'Hilaro,_Astauius
3265 1078 3315 1125 et
3353 1067 3577 1124 universi
3605 1069 3831 1142 episcopi

2302 1143 2705 1203 Tarraconensis
2734 1143 3030 1214 provincias.

2298 1262 2471 1333 Quam
2505 1275 2687 1317 curam
2719 1258 3053 1329 apostolatus
3081 1264 3263 1313 vester
3308 1255 3379 1311 de
3426 1254 3829 1325 provinciarum

2231 1375 2450 1420 suarum
2504 1357 2877 1414 sacerdotibus
2907 1364 3077 1425 gerat,
3129 1354 3241 1409 filio
3267 1361 3451 1409 nostro
3479 1352 3675 1408 illustri
3702 1350 3834 1407 Vin-

2227 1456 2408 1512 centio
2437 1454 2727 1525 provincia!
2759 1460 2977 1516 nostras,
3019 1450 3292 1507 referente
3316 1448 3669 1519 cognovimus
3698 1466 3710 1500 :
3739 1463 3832 1503 cu-

2225 1548 2315 1618 jus
2341 1547 2573 1618 impulsu
2601 1546 2785 1602 votum
2810 1554 3052 1601 nostrum
3081 1543 3133 1598 in
3156 1555 3345 1598 ausum
3369 1539 3638 1597 scribendi
3662 1553 3832 1609 prona

2230 1641 2518 1697 devotione
2563 1638 2817 1694 surrexit.
2852 1637 2993 1708 Ergo
3041 1633 3354 1707 provinciali
3406 1632 3672 1688 litterario
3715 1646 3834 1687 ser-

2230 1745 2393 1786 mone
2422 1729 2599 1784 ilebita
2630 1743 2848 1783 corona:
2881 1736 3075 1783 vestra:
3100 1725 3355 1795 obsequia
3383 1722 3713 1788 deferentes,
3745 1722 3833 1781 his

2233 1837 2561 1895 qnmsumus,
2597 1830 2655 1877 ut
2682 1820 3015 1890 dignatione,
3042 1834 3143 1888 qua
3172 1826 3421 1886 caeteros,
3467 1815 3629 1871 etiam
3656 1813 3833 1870 humi-

523 1892 851 1965 dinationes]
920 1876 1022 1948 sibi
1072 1892 1338 1947 itidcbitas
1384 1889 1721 1962 usurpando,
1773 1887 2125 1944 humilitatem
2156 1870 2206 1933 Β
2235 1870 3478 1970 *ξ’ἆᾮτξίίξηξιξυεςξέηεέ’ίη
3524 1916 3706 1964 meme
3732 1906 3834 1964 ιη,

522 2001 765 2047 nostram
795 1990 863 2044 ad
895 1988 998 2044 hoc
1029 2003 1197 2059 usque
1226 1986 1517 2055 perduxit,
1560 1992 1619 2039 ut
1645 1993 1832 2040 contra
1880 1983 1999 2054 t'jtts
2029 1998 2126 2038 va-

522 2085 803 2140 nissimam
834 2082 1270 2153 superstitionem
1300 2079 1444 2135 sedis
1469 2086 1665 2135 vestra:
1697 2078 1911 2132 unicum
1948 2092 2127 2132 reme-

521 2177 671 2232 dium
703 2176 1027 2247 flagitemus.
1080 2174 1177 2228 llic
1229 2187 1459 2242 namque
1484 2171 1595 2240 jam
1644 2181 1771 2225 ante
1802 2180 2008 2237 septem
2037 2177 2132 2223 aut

520 2278 650 2324 octo
679 2267 909 2337 amplius
950 2277 1156 2328 annos,
1189 2271 1521 2333 postponens
1554 2260 1770 2314 Patrum
1809 2259 2044 2329 regulas,
2076 2267 2132 2315 et

524 2371 702 2418 vestra
751 2359 992 2415 instituta
1024 2356 1353 2427 despiciens,
1385 2353 1546 2409 nullis
1575 2353 1879 2422 petentibus
1916 2352 2131 2423 populis

521 2457 835 2527 episcOpum
883 2450 1159 2507 ordinavit
1216 2466 1231 2503 :
1274 2448 1430 2520 cujus
1475 2461 1876 2518 praeproperam
1933 2444 2129 2501 factum

524 2548 901 2605 exi-timentes
949 2547 1184 2601 fraterna
1234 2554 1289 2599 et
1320 2542 1540 2612 pacifica
1572 2555 1728 2610 posse
1759 2539 2131 2595 admonitione

522 2640 728 2710 sanari,
765 2639 993 2711 profecit
1025 2640 1076 2694 in
1107 2639 1280 2709 pejus.
1314 2637 1556 2707 Denique
1584 2646 1774 2691 contra
1805 2644 2130 2690 vetustatem

523 2749 837 2797 canonum,
886 2742 1071 2788 contra
1104 2732 1294 2802 synodi
1343 2729 1654 2795 constituta,
1686 2728 1911 2784 alterius
1950 2727 2131 2783 fratris

523 2829 694 2884 nostri
721 2827 1112 2900 presbyterum,
1136 2827 1326 2895 spiritu
1351 2832 1557 2878 tantum
1582 2823 2013 2892 praesumptionis
2041 2835 2131 2876 ac-

525 2935 723 2975 census
747 2961 760 2983 ,
796 2920 846 2973 iu
879 2919 1067 2973 eodem
1100 2920 1239 2980 lecti,
1270 2918 1359 2986 qui
1391 2916 1464 2970 illi
1498 2915 1672 2972 fuerat
1700 2916 2016 2980 destinatus,
2044 2914 2132 2969 cui

525 3012 694 3066 invito
721 3021 775 3067 et
806 3010 1121 3079 repugnanti
1155 3009 1486 3077 imposuerat
1516 3022 1727 3069 manus.
1753 3016 1807 3061 ct
1832 3007 1922 3077 qui
1945 3017 2133 3062 nostro

525 3105 635 3177 jam
676 3103 837 3160 coetui
886 3102 1061 3158 fuerat
1110 3112 1429 3171 aggregatus
1461 3116 1774 3169 εμιεοοριιιιι
1812 3100 1952 3155 fecit.
1999 3100 2133 3156 llinc

525 3201 724 3253 factum
753 3206 865 3266 c~t,
910 3208 964 3248 ut
995 3197 1061 3248 de
1090 3196 1207 3263 cjus
1248 3194 1544 3248 miserrima
1577 3194 1878 3248 temeritate
1923 3193 1987 3246 ad
2032 3207 2131 3249 nos

524 3290 1019 3356 Cmsaraugustanm
1035 3286 1182 3339 urbis
1200 3285 1482 3353 epist-Opus
1503 3286 1666 3338 fra'er
1680 3297 1862 3340 neSter
1882 3285 2127 3351 referret,

525 3382 678 3453 cujus
709 3379 982 3451 diligentia
1014 3390 1066 3434 et
1093 3378 1400 3434 sollicitudo
1441 3378 1730 3431 admodum
1760 3385 2132 3447 prospexerat,

523 3476 570 3529 si
602 3476 653 3528 itt
697 3473 877 3541 aliquo
922 3472 1233 3543 profuisset.
1276 3469 1550 3540 Siquidem
1598 3470 1807 3524 cunctis
1836 3468 1891 3523 in
1936 3469 2133 3524 vicinia

523 3565 714 3638 positis
741 3566 1027 3636 episcopis,
1050 3579 1118 3619 ne
1142 3579 1201 3619 se
1227 3562 1571 3619 schismatico
1600 3563 1972 3633 atljungerent,
2020 3562 2132 3619 fre-

522 3660 876 3730 quentissime
918 3655 1240 3711 contradixit
1273 3673 1285 3709 :
1325 3656 1418 3711 sed
1450 3655 1813 3710 obstinatione
1841 3656 2131 3711 damnabili

524 3755 718 3816 totum,
762 3750 904 3822 quod
947 3758 1064 3805 erat
1096 3748 1359 3814 illicitum,
1402 3761 1455 3803 et
1489 3748 1630 3819 quod
1661 3749 1815 3806 nobis
1847 3751 2020 3819 pudor
2048 3758 2132 3806 est

524 3846 706 3915 dicere
730 3886 747 3910 ,
789 3861 897 3899 non
925 3843 1143 3898 erubu't
1164 3845 1314 3896 solus
1343 3842 1434 3897 ille
1462 3844 1823 3898 committere.

603 3956 835 4011 Proinde
872 3957 996 4026 quia
1031 3957 1113 4010 his
1144 3954 1688 4025 prmsumptionibus,
1718 3969 1839 4024 qua:
1869 3956 2129 4011 unitatem

526 4049 793 4115 di\'idttttt,
823 4065 943 4119 qua:
988 4048 1224 4104 schsnia
1272 4048 1473 4102 Lcinut
1501 4088 1516 4112 ,
1567 4048 1735 4103 veloci
1764 4063 1823 4102 er
1853 4047 2013 4103 debet
2040 4062 2133 4103 oc-

526 4143 668 4199 curri
699 4162 711 4198 :
741 4158 1048 4215 qumsumus
1081 4142 1263 4197 -edem
1295 4154 1557 4205 vessram,
1592 4151 1648 4194 ut
1677 4141 1805 4211 quid
1836 4155 1999 4208 super
2030 4141 2131 4195 hac

527 4245 679 4305 parte
710 4262 717 4273 ι
744 4238 774 4290 b
807 4250 997 4290 ervare
1026 4235 1235 4298 velitis,
1268 4233 1578 4302 apostolicis
1608 4232 1855 4288 affatibus
1892 4233 2130 4287 instrua-

527 4345 649 4385 mur
686 4348 699 4383 :
739 4339 1003 4398 quatenus
1032 4326 1367 4382 fraternitati-
1397 4327 1621 4381 collecta
1648 4344 1660 4379 ε
1689 4326 1911 4394 prolatis
1940 4327 1990 4379 iu
2019 4341 2130 4381 me-

528 4422 673 4477 dium
701 4423 1016 4477 veneranda:
1042 4419 1231 4492 synodi
1258 4419 1585 4482 constitutis,
1609 4429 1794 4473 contra
1820 4417 2131 4473 rebellionis

529 4516 773 4584 spiritum
824 4524 999 4568 vestra
1047 4513 1371 4567 auctoritate
1419 4512 1670 4578 subnixi,
1724 4511 1850 4580 quid
1883 4517 2131 4579 oporteat

530 4610 595 4659 de
622 4608 931 4661 ortlittalttre
962 4621 1008 4659 ei
1060 4606 1126 4660 de
1154 4606 1406 4660 ordinato
1457 4604 1571 4659 ﬁeri
1600 4643 1615 4669 ,
1659 4604 1913 4674 intelliget
1928 4619 1981 4669 e,
2017 4603 2130 4658 Deo

604 4716 685 4759 inv
708 4713 834 4763 unus,
863 4701 1149 4767 possimus.
1182 4698 1286 4752 Erit
1310 4698 1563 4767 profecto
1592 4706 1771 4753 vester
1802 4696 2127 4765 triumphus,

563 4818 569 4835 ι
636 4818 641 4837 λ
689 4802 949 4847 nsin'atus
982 4800 1141 4846 vestr.
1187 4791 1551 4859 temporibus,
1594 4790 1733 4863 quod
1781 4790 1953 4847 sancti
1981 4789 2129 4847 Petri

637 4888 782 4939 idi-a
832 4884 1060 4949 obtinet,
1105 4885 1371 4939 catholica
1417 4884 1601 4942 audiat
1648 4883 1910 4953 Ecclesia,
1953 4884 1999 4939 si
2031 4898 2129 4940 no-

543 4979 667 5030 .i-lia
716 4978 1041 5033 zizaniorum
1072 4976 1278 5031 semina
1319 4975 1516 5034 fuerint
1554 4977 1875 5048 exstirpata.
1910 4976 1977 5030 Et
2007 4978 2126 5032 sub-

531 5201 849 5273 Sirmondus
881 5219 893 5255 :
931 5209 1260 5273 postremam
1305 5199 1467 5273 etiam
1508 5212 1630 5273 cum
1674 5197 2051 5273 aliisﬁduobus.
2084 5200 2125 5258 li

533 5283 659 5330 sunt
689 5268 1032 5328 PitbmanEus
1055 5316 1070 5340 ,
1117 5270 1265 5326 Arei.
1288 5310 1303 5334 ,
1344 5268 1513 5324 Lirin.
1536 5311 1552 5334 ,
1581 5268 1767 5333 Corh.,
1803 5270 1957 5327 Rem.
1993 5272 2127 5327 flar-

532 5347 730 5401 dninus
776 5344 937 5398 etiam
993 5357 1114 5398 cum
1174 5341 1497 5397 collectione
1547 5340 1787 5412 Dionysii
1834 5358 1936 5397 ms.
1984 5344 2128 5401 unde

533 5416 931 5475 emendatiores
958 5412 1169 5468 damus.

609 5490 626 5520 ¹
651 5488 798 5542 Hanc
825 5484 1103 5555 epistolam
1135 5487 1293 5609 Squa:
1337 5482 1532 5555 prioris
1555 5482 1872 5553 jamdudum
1905 5484 2127 5556 scripta:

609 5560 864 5609 ultionem
909 5554 1057 5609 facit.
1100 5570 1127 5608 a
1170 5570 1341 5609 emine
1387 5566 1631 5609 tempore
1678 5556 1943 5609 posterior
1970 5569 2054 5609 est
2084 5561 2123 5609 l.

535 5554 871 5615 mentionem
909 5554 1057 5623 facit,
1100 5554 1351 5623 adeoque
1387 5566 1631 5625 tempore
1678 5556 1943 5624 posterior
1970 5554 2054 5613 est
2082 5561 2124 5625 ),

533 5632 700 5701 priori
733 5630 807 5685 illi
830 5625 1310 5701 Tarraconensium
1338 5626 1615 5701 postposui
1638 5626 1738 5681 hoc
1768 5626 1920 5701 loco:
1944 5627 2126 5697 putavi

537 5697 678 5757 enim
708 5701 909 5767 gratius
938 5699 1051 5754 fore
1077 5698 1140 5751 ad
1172 5698 1449 5770 veritatem
1479 5699 1556 5753 rei
1587 5709 1749 5770 gestas
1782 5697 1984 5753 facilius
2010 5712 2129 5764 per-

536 5773 886 5843 spiciendam,
910 5771 975 5835 si,
999 5786 1116 5841 qua:
1141 5769 1286 5843 prius
1312 5769 1603 5843 actasunt,
1632 5770 1955 5843 prioreloco
1976 5785 2128 5843 enar-

535 5840 722 5901 rentur
750 5853 801 5900 et
831 5840 1179 5902 collocentur.
1204 5840 1258 5896 ln
1289 5840 1516 5898 concilio
1539 5841 1780 5898 Romano
1812 5841 1925 5897 haec
1955 5842 2131 5907 primo

2232 2008 2360 2063 bere
2388 2007 2716 2076 dignemini,
2755 2004 3066 2061 beatissime
3097 2012 3151 2058 et
3188 2003 3484 2074 apostolica
3522 2004 3835 2059 reverentia

2232 2101 2285 2156 in
2313 2101 2530 2157 Christo
2557 2118 2585 2155 a
2610 2101 2766 2156 nobis
2794 2098 3021 2155 colende
3049 2106 3233 2169 pater:
3260 2097 3392 2152 illud
3419 2097 3707 2168 specialius
3733 2097 3835 2153 de-

2233 2198 2514 2265 preCantcs
2542 2236 2556 2259 ,
2606 2203 2664 2248 ut
2693 2194 2888 2247 factum
2921 2202 3189 2257 nostrum,
3223 2189 3367 2261 quod
3398 2201 3504 2245 tam
3539 2200 3666 2245 voto
3698 2205 3835 2261 pene

2232 2288 2410 2341 omnis
2439 2286 2726 2355 provincia:
2752 2329 2767 2353 ,
2801 2299 2961 2355 quam
2993 2283 3244 2353 exemplo
3272 2284 3560 2338 vetustatis
3592 2286 3644 2339 in
3695 2285 3837 2341 noti-

2233 2379 2362 2433 tiam
2396 2388 2628 2435 vestram
2667 2376 2932 2444 defertur,
2980 2376 3263 2447 perpensis
3308 2376 3699 2432 assertionibns
3739 2391 3836 2434 no-

2231 2474 2377 2538 stris,
2403 2474 2659 2529 roborare
2688 2471 3000 2541 dignemini.
3026 2471 3326 2543 EpiSCopus
3360 2472 3835 2529 Barcinonensium

2233 2569 2467 2623 civitatis
2495 2575 2714 2622 sanctus
2745 2565 3109 2621 Nundinarius
3139 2576 3340 2621 sortem
3381 2564 3616 2633 explevit
3649 2565 3836 2620 condi-

2236 2662 2398 2730 tionis
2429 2660 2700 2715 humanm.
2732 2658 2828 2713 llic
2853 2658 3108 2728 episcopo
3136 2656 3432 2713 venerabili
3460 2657 3610 2711 t'ratri
3646 2668 3832 2713 nostro

2234 2754 2461 2817 Irenaeo,
2492 2768 2651 2823 quem
2683 2752 2799 2821 ipse
2826 2761 2984 2807 antea
3009 2752 3063 2804 itt
3093 2750 3313 2805 dimcesi
3342 2764 3438 2805 sua
3465 2750 3621 2805 nobis
3650 2751 3835 2806 volen-

2237 2851 2378 2905 tibus
2403 2850 2779 2912 constituerat,
2811 2846 3195 2916 derelinquens
3222 2847 3306 2909 ei,
3357 2844 3499 2915 quod
3533 2844 3707 2913 potuit
3736 2846 3836 2899 ha-

2236 2943 2364 2998 bere
2389 2951 2678 3011 paupertas
2705 2983 2720 3006 ,
2754 2953 3020 3007 supremae
3062 2937 3353 2993 voluntatis
3391 2937 3639 3005 arbitrio,
3671 2937 3727 2994 in
3757 2940 3836 2995 ιο.

2235 3054 2357 3093 cum
2388 3052 2542 3091 suum
2575 3045 2630 3090 ut
2665 3033 3104 3100 substitueretur,
3155 3032 3357 3103 Optavit
3400 3050 3414 3086 :
3458 3032 3553 3087 sed
3599 3032 3835 3093 defuncti

2232 3130 2493 3200 judicium
2542 3129 2594 3182 in
2654 3127 2771 3197 ejus
2817 3125 3070 3181 meritum
3122 3141 3227 3179 non
3278 3125 3511 3179 vacillat.
3559 3123 3835 3195 Siquidem

2155 3249 2203 3314 ε
2236 3223 2414 3278 omnis
2440 3222 2617 3275 clerus
2647 3229 2702 3275 et
2731 3219 2883 3287 plehs
2910 3218 3151 3288 ejusdem
3179 3216 3414 3272 civitatis
3438 3259 3453 3282 ,
3482 3226 3537 3273 et
3566 3219 3755 3288 optimi
3783 3229 3836 3277 et

2239 3315 2451 3387 plurimi
2485 3312 2863 3381 provinciales,
2886 3321 2945 3367 ut
2979 3311 3117 3366 idem
3145 3309 3263 3380 ejus
3289 3310 3466 3365 locum
3497 3312 3833 3381 observaret,

2237 3425 2266 3463 a
2300 3408 2453 3463 nobis
2482 3415 2841 3475 speraverunt
2861 3448 2876 3472 ,
2908 3404 3036 3459 dato
3064 3417 3354 3459 consensu.
3400 3404 3508 3459 Nos
3537 3405 3834 3474 cogitantes

2238 3500 2473 3556 defuncti
2502 3500 2783 3570 judicium,
2809 3507 2863 3554 et
2889 3497 3181 3568 probantes
3204 3496 3325 3567 ejus
3351 3498 3535 3561 vitam,
3563 3506 3617 3552 et
3641 3511 3830 3554 eorum

2237 3594 2571 3648 nobilitatem
2609 3601 2771 3662 atque
2801 3589 3217 3655 multitudinem,
3246 3589 3337 3660 qui
3369 3590 3641 3660 petebant,
3671 3589 3831 3647 simul

2234 3695 2288 3741 et
2319 3685 2602 3739 utilitatem
2635 3682 2889 3738 Ecclesizn
2914 3692 3248 3745 memoratae,
3270 3681 3531 3752 optimum
3555 3679 3833 3747 duximus.

2226 3788 2293 3839 ,ιιι
2334 3785 2482 3833 tanto
2530 3775 2842 3840 sacerdoti,
2895 3773 2983 3841 qui
3014 3772 3080 3828 ad
3125 3774 3305 3829 divina
3351 3773 3696 3844 migraverat,
3726 3790 3833 3831 non

2234 3869 2457 3923 minoris
2504 3866 2682 3924 meriti
2747 3865 3163 3920 substitueretur
3213 3865 3481 3930 antistes,
3534 3866 3833 3934 praesertim

2234 3975 2355 4013 cum
2387 3958 2624 4037 Ecclesia
2654 3957 2797 4011 illius
2838 3955 3148 4026 municipii,
3184 3957 3238 4010 in
3265 3970 3366 4027 qua
3391 3966 3516 4011 ante
3545 3956 3721 4013 fuerat
3746 3974 3836 4015 or-

2234 4052 2469 4114 dinatus,
2503 4064 2721 4120 semper
2752 4047 2909 4119 hujus
2939 4048 3172 4104 civitatis
3208 4048 3463 4105 Ecclesia:
3493 4048 3660 4107 fuisse
3699 4050 3837 4108 dim-

2234 4146 2372 4200 cesis
2398 4153 2627 4198 constet.
2657 4143 2797 4211 Ergo
2822 4142 3141 4213 suppliciter
3164 4157 3447 4211 precantur
3470 4144 3832 4215 apostolatum

2236 4247 2494 4302 vestrum,
2526 4246 2584 4293 ut
2612 4237 2930 4291 humilitatis
2959 4244 3161 4291 nostra:
3188 4236 3494 4304 decretum,
3523 4240 3664 4310 quod
3691 4240 3840 4311 justo

2231 4348 2263 4388 a
2296 4332 2451 4387 nobis
2476 4329 2688 4385 videtur
2728 4329 2961 4398 factum,
3011 4337 3186 4385 vestra
3217 4331 3538 4394 auctoritate
3583 4333 3837 4391 flrmetis.

2234 4425 2557 4482 Iamdudum
2604 4438 2735 4479 sane
2782 4423 2959 4491 questi
3010 4423 3285 4479 fueramus
3315 4424 3508 4480 litteris
3538 4426 3739 4483 nostris
3766 4428 3839 4487 de

2235 4516 2655 4588 praesumptione
2701 4514 2910 4570 Silvani
2939 4514 3176 4585 episcopi
3215 4533 3228 4567 :
3267 4525 3324 4570 et
3362 4516 3644 4583 miramur,
3691 4520 3841 4588 quod

2158 4643 2210 4704 υ
2238 4612 2382 4667 nulla
2428 4611 2764 4682 apostolatus
2793 4610 2960 4665 vestri
2991 4618 3251 4681 responsa
3280 4611 3635 4681 suscepimus.
3683 4612 3842 4669 Nunc

2235 4704 2352 4759 hzec
2377 4703 2566 4759 eadem
2598 4711 2971 4774 suggerentes,
3006 4703 3260 4773 petimus,
3291 4711 3351 4757 ut
3388 4701 3517 4773 quid
3550 4717 3713 4773 super
3753 4704 3841 4761 his

2235 4795 2397 4853 rebus
2422 4795 2821 4850 observandum
2850 4795 2963 4861 sit,
3009 4793 3321 4864 apostolicis
3363 4794 3707 4851 sermonibus
3735 4809 3840 4854 nos

2231 4888 2526 4955 dignemini
2549 4888 2863 4944 informare.
2889 4885 2958 4942 Et
2980 4901 3048 4943 ne
3075 4885 3302 4942 forsitan
3329 4900 3429 4958 per
3457 4878 3839 4958 negligentiam

2231 4981 2549 5052 portitoris,
2582 4989 2676 5036 aut
2718 4994 2815 5052 per
2862 4980 3137 5052 longinqui
3183 4978 3394 5037 itineris
3438 4978 3839 5048 difficultatem,

2234 5204 2353 5261 loco
2369 5202 2615 5267 recitata,
2629 5201 2803 5271 primo
2816 5199 3007 5256 ordine
3023 5200 3215 5256 merito
3236 5200 3492 5257 collocata
3512 5203 3627 5258 fuit.
3642 5202 3839 5262 Accla-

2233 5278 2498 5347 mationes
2521 5275 2891 5347 episcoporum
2919 5271 3133 5347 lectioni
3152 5271 3311 5347 hujus
3331 5272 3841 5347 epi~tolaeinterpo-

2234 5346 2363 5401 sitas
2386 5344 2522 5400 infra
2545 5342 2949 5413 designabimus
2970 5342 3022 5394 in
3047 5343 3303 5410 praedicto
3322 5342 3835 5406 conciltokomano.

2236 5419 2532 5473 Memoratu
2558 5416 2718 5484 digna
2738 5414 2844 5470 duo
2867 5413 3127 5469 continet.
3163 5415 3361 5483 Unum,
3383 5415 3525 5486 quod
3552 5416 3619 5472 ad
3646 5416 3841 5475 Roma-

2238 5503 2361 5543 nam
2393 5488 2575 5543 sedem
2608 5494 2811 5540 tantum
2844 5486 3107 5553 pertineat
3151 5486 3463 5561 dispensare
3513 5486 3565 5542 in
3599 5490 3686 5555 iis,
3716 5506 3839 5561 quae

2236 5569 2425 5615 contra
2476 5572 2714 5631 canones
2766 5566 3088 5631 praesumpta
3140 5570 3265 5615 sunt
3311 5577 3321 5611 :
3368 5558 3597 5614 alterum
3625 5601 3642 5626 ,
3688 5558 3835 5631 quod

2241 5631 2437 5686 nullius
2464 5628 2680 5684 concilii
2712 5626 3060 5699 provincialis
3103 5636 3245 5684 tanta
3297 5640 3379 5683 est
3425 5626 3747 5696 auctoritas,
3781 5641 3839 5689 ut

2239 5701 2542 5826 iéiconsulta
2570 5701 2698 5759 sede
2726 5699 3017 5772 apostolica
3050 5699 3099 5756 id
3133 5709 3388 5768 praestare
3420 5703 3673 5773 potuerit.
3702 5704 3835 5761 Ssv.

2288 5786 2439 5826 INUS.

2288 5786 2439 5827 18106.

4052 642 4055 835 1

4054 844 4057 1017 l

4052 1032 4059 1175 l

4060 1424 4063 1537 l

4054 844 4057 1017 l

4053 1032 4059 1175 l

4060 1424 4063 1537 l

4070 2196 4071 2279 ι

4071 2388 4073 2545 l

4072 2570 4075 2725 φ

4075 2774 4077 2917 ι

4077 2968 4079 3087 l

4054 844 4057 1017 l

4054 1032 4059 1175 l

4060 1424 4063 1537 l

4071 2388 4073 2545 ψ

4072 2570 4075 2725 l

4075 2774 4077 2917 ι

4077 2968 4079 3087 l
