4086 6328
219 378 288 440 ιτ
1649 370 1977 429 EPIS'POLA
2018 371 2077 428 u.
3435 375 3506 432 ts

218 497 532 556 humilitatis
583 502 781 549 nostrae
809 492 876 548 ad
920 507 1013 548 vos
1054 490 1250 562 scripta
1292 505 1398 545 non
1449 491 1720 560 potuerint
1745 508 1812 547 ex
1840 497 2078 563 Aatque
2126 506 2447 548 consensum
2493 495 2674 550 fratris
2718 495 2934 551 Ascanii
2985 494 3379 566 metropolitani
3413 496 3506 548 ali-

217 593 321 648 boc
364 590 581 660 neg0tio
611 587 914 658 pervenire,
946 587 1107 641 etiam
1140 585 1538 655 suggestionem
1573 595 1811 641 nostram

215 683 506 740 maluimus
536 683 754 737 iterare.
785 679 852 733 Et
885 678 1484 748 subscriptio:0rantem
1516 693 1614 748 pro
1658 678 1814 734 nobis

215 787 461 832 sanctum
514 773 869 844 apostolatum
915 781 1155 826 vestrum
1184 771 1296 841 jugi
1328 786 1444 826 :evo
1473 771 1656 825 divina
1685 785 1813 825 con—

215 880 394 926 servet
441 868 718 923 aeternitas
764 865 917 920 nobis
963 865 1214 919 omnibus
1261 875 1315 920 et
1363 865 1620 920 Ecclesiae
1668 881 1809 936 suae,

214 962 432 1016 domine
457 975 580 1015 vere
613 956 935 1030 [venerande]
964 966 1146 1013 noster
1172 967 1224 1014 et
1249 959 1542 1028 apostolice
1574 974 1726 1029 papa.

806 1118 1139 1175 EPISTULA
1181 1119 1241 1173 ll.

219 1252 392 1294 UHA!“
434 1251 581 1291 νινε
624 1250 690 1288 AD
732 1247 988 1287 ASCANIL‘H
1030 1249 1097 1286 ΕΤ
1140 1246 1393 1294 Βεωουοε
1433 1247 1811 1287 τληιιλοοκεκ-

647 1320 722 1358 SIS
762 1320 1053 1358 PKOVINCIE
1096 1318 1391 1358 εριεεοροε.

225 1399 272 1454 1.
318 1401 382 1454 Ut
412 1400 585 1454 nullus
616 1400 725 1453 sine
756 1415 1001 1452 consensu
1042 1399 1262 1470 episwpi
1287 1399 1664 1470 metropolitani
1702 1398 1812 1469 epi-

291 1490 468 1532 scopus
492 1473 775 1524 ordinetur.

227 1542 305 1597 ΙΙ.
351 1543 413 1597 Ut
443 1544 614 1596 nullus
644 1543 1016 1610 episwporunt,
1041 1541 1214 1594 relicta
1247 1543 1454 1612 prapria
1474 1541 1724 1606 Ecclesia,
1747 1542 1814 1594 ad

293 1616 443 1668 aliam
475 1625 717 1667 transeat.

229 1685 340 1740 HI.
383 1685 446 1739 Ut
491 1685 719 1738 [renatus
756 1695 976 1738 remotus
1007 1700 1038 1736 a
1068 1682 1435 1738 Barcinonensi
1464 1682 1722 1749 Ecclesia,
1748 1684 1815 1736 ad

300 1761 549 1821 m'tqirium
582 1766 877 1808 revertatur.

237 1827 336 1881 ll’.
379 1828 448 1878 De
475 1828 780 1898 removendis
822 1826 1073 1898 episcopis
1102 1827 1186 1896 qui
1211 1827 1385 1879 illicite
1410 1827 1634 1896 ordinati
1669 1835 1806 1891 sunt,

305 1910 345 1951 et
373 1915 430 1950 ne
460 1900 510 1950 in
540 1915 640 1950 una
668 1895 894 1951 Ecclesia
924 1900 1024 1948 duo
1047 1895 1270 1964 episcopi
1301 1895 1600 1950 habeantur.

302 2053 479 2093 ret'erta
489 2051 585 2092 tur.

229 2151 425 2208 Hilarus
454 2153 737 2223 episcopus
759 2153 990 2236 Ascanio
1021 2163 1073 2208 et
1105 2153 1366 2235 universis
1394 2154 1656 2224 episcopis
1679 2154 1810 2209 Tar-

683 2240 994 2279 ταςυηεηεις
1026 2241 1335 2290 provmcm.

293 2361 572 2432 Postquam
625 2363 832 2417 litteras
879 2374 1092 2429 vestrae,
1131 2361 1432 2417 dilectionis
1481 2362 1807 2431 accepimus,

223 2455 405 2523 quibus
429 2455 876 2523 praesumptiones
893 2454 1094 2510 Silvani
1118 2453 1808 2523 episcopiCalagurensium

223 2545 474 2601 Ectlesia:
497 2547 710 2601 retundi
744 2547 973 2615 petistis,
1009 2557 1062 2602 et
1093 2562 1305 2601 rursum
1335 2547 1811 2601 Barcinoneusium

219 2641 453 2708 qutcritis
480 2641 640 2694 nimis
673 2641 856 2695 illicita
888 2651 1006 2694 vota
1057 2640 1256 2694 firmari
1298 2659 1313 2694 :
1343 2640 1726 2694 honoratorum
1758 2647 1813 2694 et

142 2788 148 2793 .
216 2749 585 2803 possessorum
615 2735 1138 2797 Turiassonentium,
1168 2743 1193 2769 τι
1232 2733 1624 2789 Calcantesium
1649 2777 1662 2798 ,
1711 2732 1814 2787 Ca-

215 2825 663 2896 laguritauorum,
698 2827 1097 2898 Virgiliensium
1134 2828 1174 2892 ‘,
1208 2826 1588 2887 Triciensium,
1618 2825 1811 2895 Legio-

215 2925 462 2975 nensium
494 2930 546 2975 et
574 2921 978 2975 Civitateusium
1000 2961 1014 2985 ,
1066 2935 1186 2975 cum
1219 2918 1702 2988 subscri‘ptionibus
1731 2918 1813 2973 di-

213 3028 515 3079 versorum,
551 3016 756 3068 litteras
786 3013 940 3067 uobis
972 3021 1180 3066 constat
1211 3009 1446 3081 ingestas
1484 3027 1498 3065 :
1542 3027 1637 3078 per
1679 3026 1812 3078 quas

212 3105 261 3161 id
311 3106 456 3173 quod
503 3106 570 3160 de
619 3107 838 3160 Silvano
886 3105 1102 3175 querela
1152 3115 1330 3159 vestra
1381 3102 1808 3172 deprompserat,

210 3204 566 3257 excusabant.
633 3201 738 3257 Sed
797 3199 1214 3270 reprehensione
1264 3199 1560 3268 justissima
1623 3213 1810 3253 eorum

212 3296 412 3366 pariter
453 3295 482 3335 δ
514 3295 654 3363 justa
699 3294 949 3364 allegatio
993 3310 1097 3349 non
1142 3294 1400 3358 carebat;
1443 3294 1562 3360 quia
1617 3303 1812 3362 praeter
1838 3281 1884 3342 C

211 3389 602 3450 conscientiam
663 3389 1110 3459 metropolitani,
1172 3389 1352 3443 fratris
1405 3398 1458 3442 et
1506 3387 1812 3458 coepiscopi

212 3485 384 3537 nostri
415 3482 653 3544 Ascanii,
682 3483 956 3536 nonnullis
983 3480 1288 3536 civitatibus
1317 3479 1592 3534 ordinato;
1620 3481 1814 3534 claruit

210 3574 548 3628 sacerdotes.
584 3584 606 3611 ι
635 3573 785 3626 Unde
814 3613 828 3638 ,
874 3573 1127 3640 quoniam
1167 3571 1421 3641 quidquid
1453 3572 1520 3625 ab
1556 3572 1812 3626 alterutra

211 3678 368 3734 parte
401 3675 486 3717 est
515 3665 828 3727 iudicatum,
857 3664 1003 3717 omni
1034 3663 1276 3716 videmus
1308 3664 1656 3729 perversitate
1686 3677 1811 3716 cou-

210 3758 438 3821 lusum,
491 3764 788 3824 temporum
839 3754 1159 3809 necessitate
1205 3764 1528 3824 perspecta,
1582 3755 1681 3808 hac
1734 3769 1817 3808 ra-

213 3850 361 3904 tione
389 3846 734 3901 decernimus
771 3846 836 3899 ad
871 3846 1079 3900 veniam
1121 3846 1391 3915 pertinere
1442 3845 1580 3910 quod
1611 3854 1817 3913 gestum

211 3951 315 4006 est,
368 3950 428 3995 ut
479 3939 611 3993 nihil
655 3939 907 4007 deinceps
953 3947 1136 3993 contra
1184 3946 1450 4007 praecepta
1501 3938 1637 3991 beati
1684 3951 1817 4005 apo.

214 4035 335 4088 stoli
365 4075 379 4097 ,
416 4032 548 4086 nihil
579 4041 760 4086 contra
792 4030 1126 4086 Nictenorum
1156 4045 1416 4086 canonum
1460 4030 1809 4085 constitutum

217 4133 474 4179 tentetur.

291 4312 402 4365 Hoc
449 4319 626 4366 autem
661 4312 889 4379 primum
909 4351 924 4376 ,
949 4309 1098 4378 juxta
1128 4307 1439 4363 earumdem
1478 4308 1697 4362 Patrum
1727 4321 1812 4362 re-

221 4405 389 4473 gulas,
422 4404 675 4458 volumus
701 4402 992 4467 custodiri,
1026 4410 1082 4456 ut
1115 4401 1295 4456 nullus
1343 4409 1538 4470 praeter
1568 4399 1811 4454 notitiam

292 4573 316 4600 ι
339 4559 475 4618 ϐοά.
513 4561 668 4632 Luc.,
711 4561 1109 4632 Cascatcnsium,
1142 4558 1671 4632 Calogorritanornm,
1706 4557 1814 4632 Ya-
1841 4571 1890 4632 ι)

225 4636 536 4704 regentium,
569 4631 917 4699 Tritientium,
953 4628 1289 4693 Leviensiunt,
1319 4641 1365 4684 et
1396 4628 1812 4684 Derovicensium

223 4718 499 4759 civitatum.

294 4777 318 4813 ἰ»
339 4776 474 4829 Cod.
512 4776 664 4840 Luc.,
687 4778 805 4830 ista.

298 4860 317 4882 ο
347 4848 482 4901 Cod.
509 4845 664 4913 Luc.,
699 4847 848 4901 Inde.

293 4917 316 4953 ά
339 4919 472 4972 Cod.
505 4917 658 4985 Luc.,
686 4935 849 4972 suam.

301 5057 315 5082 ‘
356 5053 575 5120 Dionvs.
634 5052 1010 5120 l'aregentium,
1057 5049 1418 5116 Tritiensium,
1462 5047 1805 5113 Liviensium,

227 5137 268 5173 et
309 5124 747 5176 i’at'oriswnsitttn
773 5123 1007 5176 civitatis.
1036 5121 1206 5175 Hnno.

296 5196 312 5223 '
348 5194 443 5248 Per
470 5195 700 5247 natalem
733 5194 871 5246 diem
904 5190 1162 5259 pontiﬁcis
1201 5190 1359 5246 Hilari
1400 5192 1634 5260 intelligo
1664 5192 1802 5246 diem

232 5267 576 5318 ordinationis
617 5266 731 5318 sive
765 5266 1059 5326 electionis,
1097 5279 1204 5330 quo
1248 5264 1299 5316 iu
1331 5278 1597 5316 summum
1632 5264 1807 5332 ponti-

235 5334 264 5386 li
297 5353 375 5388 ent
403 5338 604 5390 elecms
643 5348 695 5389 et
722 5347 1027 5402 assumptus
1072 5335 1188 5390 fuit.
1238 5334 1502 5389 Solemnis
1529 5333 1670 5388 enim
1707 5335 1806 5388 hoc

237 5417 467 5473 tempore
497 5410 826 5461 consuetudo
857 5415 993 5474 erat,
1025 5418 1080 5459 ut
1107 5408 1286 5475 plures
1316 5405 1550 5474 episeopi
1581 5406 1805 5474 singulis
1844 5465 1852 5472 _

237 5478 381 5529 anuis
429 5482 650 5531 tloman‘.
687 5478 1056 5540 convenirent,
1091 5493 1276 5546 magna
1316 5492 1437 5530 cum
1471 5477 1806 5544 solemnitate

236 5547 540 5601 celebraturi
570 5549 715 5602 illum
746 5549 909 5609 diem,
945 5564 1050 5617 quo
1095 5551 1377 5616 episcopus
1425 5549 1674 5600 llomanue
1709 5548 1808 5602 Ec-

236 5619 405 5672 clesia:
436 5624 501 5672 ad
534 5621 725 5673 summi
761 5621 955 5686 poutili.
977 5628 1096 5671 atus
1125 5621 1334 5674 t-ulmeu
1361 5628 1666 5684 assumptus
1691 5620 1802 5672 fuit.

239 5686 454 5743 Sanctus
497 5689 600 5743 Leo
641 5693 847 5761 aliquos
885 5705 1160 5744 setniones
1187 5690 1255 5743 de
1303 5706 1396 5743 sua
1442 5690 1802 5761 ovdinatinne,

241 5761 344 5814 sive
369 5760 744 5816 anniversario
777 5763 864 5816 die
893 5761 1272 5828 a~sumptionis
1300 5776 1408 5812 suae
1439 5762 1502 5811 ad
1535 5760 1799 5824 fastigium

240 5841 288 5883 et
311 5834 518 5886 culmen
542 5834 731 5886 summi
766 5833 1100 5902 pontificatus
1138 5831 1341 5884 habuit.
1377 5831 1485 5883 llttc
1512 5828 1709 5884 faciunt
1739 5848 1800 5886 ea

241 5914 351 5971 qua!
378 5914 590 5960 sanctus
618 5906 941 5975 Augustinus
973 5904 1130 5958 habet
1171 5904 1238 5958 de
1275 5902 1361 5957 die
1397 5904 1556 5955 natali
1597 5903 1800 5958 Aurelii

1915 592 2180 654 quatenus
2206 593 2556 641 consecretur
2595 588 2854 654 antistes;
2894 587 3013 658 quia
3045 586 3147 642 hoc
3178 594 3334 642 vetus
3372 589 3508 640 ordo

1918 681 2128 747 tenuit,
2165 681 2265 736 hoc
2310 689 2670 756 trecentorum
2714 681 2900 738 decem
2948 693 3005 738 et
3049 691 3171 737 octo
3200 691 3507 737 sanctorum

1917 774 2135 830 Patrum
2167 775 2409 831 definivit
2437 779 2765 841 auctoritas;
2807 777 2891 831 cui
2923 777 3162 846 quisquis
3193 776 3382 831 obvias
3424 785 3506 830 te--

1917 868 2149 922 tenderit
2195 883 2426 936 manus,
2478 883 2662 924 eorum
2711 886 2770 924 se
2815 871 3088 925 consortio
3129 869 3324 926 fatetur
3369 870 3509 925 indi-

1918 978 2101 1034 gnum,
2131 977 2357 1033 quorum
2383 962 2834 1034 praeceptionibus
2866 963 3156 1019 resultarit.

2748 1055 2813 1112 ll.

1988 1147 2046 1201 In
2092 1163 2321 1218 quorum
2371 1147 2756 1202 contumeliam
2787 1164 2817 1202 a
2866 1149 3099 1217 superbo
3127 1148 3316 1218 spiritu
3347 1151 3506 1206 etiam

1918 1256 2043 1311 pars
2075 1242 2160 1296 illa
2188 1244 2570 1308 contemnitur,
2601 1258 2701 1313 qua
2734 1252 2943 1297 vetetur
2972 1241 3236 1316 [cavetur],
3269 1259 3336 1300 ne
3364 1248 3506 1314 quis,

1917 1337 2101 1391 relicta
2134 1337 2374 1392 Ecclesia
2405 1353 2499 1390 sua
2524 1378 2539 1403 ,
2587 1337 2652 1391 ad
2685 1338 2906 1392 alteram
2941 1340 3168 1393 transire
3198 1350 3504 1407 praesumat.

1915 1429 2066 1496 Quod
2099 1431 2260 1485 nimis
2293 1431 2535 1500 improbe
2565 1431 2997 1493 conniventibus.
3033 1443 3086 1486 et
3118 1431 3218 1502 (ut
3255 1431 3507 1486 doleatur

1915 1524 2172 1593 gravius)
2209 1522 2362 1576 vobis
2392 1524 2788 1592 asserentihus,
2843 1523 3075 1577 Irenzeus
3104 1525 3388 1592 episcopus
3418 1538 3508 1576 ca-

1917 1626 2076 1670 natur
2101 1616 2409 1680 admittere,
2443 1617 2534 1687 qui
2569 1616 2750 1689 [quod]
2792 1627 2970 1672 nostra
2999 1627 3320 1672 auctoritate
3348 1622 3506 1673 l'ﬂlm-

1916 1707 2023 1763 rari
2069 1710 2300 1777 cupitis,
2348 1725 2484 1779 quos
2513 1712 2750 1764 maxime
2778 1710 2844 1764 de
2877 1711 3034 1765 rebus
3084 1711 3284 1766 illicitis
3316 1728 3506 1781 magna

1920 1802 2283 1870 indignatione
2332 1803 2572 1873 probatis
2617 1804 2856 1860 accendi.
2888 1804 3063 1859 Lectis
3109 1820 3237 1866 ergo
3278 1805 3331 1859 in
3379 1823 3506 1858 tull-

1841 1887 1889 1948 B
1917 1906 2076 1949 ventu
2123 1895 2415 1956 fratrum,’
2439 1912 2574 1964 quos
2621 1899 2810 1950 natalis
2861 1898 2960 1950 mei
2998 1898 3254 1953 festivitas
3284 1914 3509 1967 congre-

246 1967 308 2021 Υ.
351 1967 418 2021 De
457 1970 768 2021 damnatione
814 1968 1020 2032 Irenazi,
1063 1970 1107 2021 si
1138 1970 1205 2021 ad
1228 1985 1372 2022 suam
1395 1968 1677 2022 Ecclesiam
1709 1986 1806 2022 non
1845 1969 1852 1974 ’

1913 2001 2068 2061 gztrat
2094 2033 2107 2053 ,
2142 1991 2332 2045 litteris
2371 1993 2563 2046 vestris
2589 2035 2603 2060 ,
2635 2010 2752 2061 quzc
2789 1994 2856 2047 de
2904 1994 3212 2049 ordinantlis
3242 1996 3509 2063 episc0pis

1914 2083 2208 2137 secundum
2243 2093 2436 2138 Statuta
2469 2099 2734 2139 canonum
2764 2087 2847 2141 vel
2877 2089 3330 2154 praedecessorum
3363 2104 3508 2144 meo-

1913 2193 2033 2232 rum
2079 2178 2292 2232 decreta
2325 2189 2470 2242 sunt,
2500 2179 2704 2248 prolata
2736 2180 3024 2247 sententia,
3056 2192 3350 2250 gestorum,
3391 2197 3509 2252 qum

1915 2274 2114 2340 pariter
2140 2271 2453 2335 direximus,
2482 2283 2667 2327 tenore
2697 2272 2933 2328 discetis.

1989 2497 2142 2553 Unde
2171 2508 2378 2555 remoto
2408 2500 2475 2555 ab
2508 2501 2744 2557 Ecclesia
2792 2502 3173 2559 Barcinonensi
3200 2519 3214 2568 ς
3259 2513 3415 2568 atque
3441 2504 3508 2558 ad

1916 2586 1942 2624 ἀ
1970 2606 2063 2644 sua
2096 2592 2322 2647 remisso
2354 2593 2554 2646 Irenaeo
2585 2595 2858 2663 episcopo,
2891 2594 3091 2650 sedatis
3120 2610 3216 2664 per
3259 2599 3510 2650 sacerdo-

1917 2685 2076 2739 talem
2120 2695 2142 2721 ο
2181 2685 2495 2741 modestiam
2527 2689 2894 2743 voluntatibus
2920 2732 2935 2756 ,
2964 2706 3084 2759 qua:
3127 2706 3221 2760 per
3251 2689 3506 2759 ignoran-

1916 2776 2045 2831 tiam
2091 2778 2577 2834 ecclesiasticarum
2626 2781 2801 2850 legum
2849 2781 3178 2850 desiderant,
3227 2782 3370 2852 quod
3402 2796 3508 2838 non

1917 2871 2062 2939 licet,
2095 2872 2376 2933 obtinere;
2422 2873 2543 2928 talis
2588 2876 2832 2944 protinus
2861 2875 2929 2930 de
2959 2876 3104 2931 clero
3134 2876 3348 2945 pt0prio
3380 2877 3509 2932 Bar-

1915 2966 2299 3021 cinoncusibus
2339 2969 2623 3038 episcopus
2651 2970 2954 3035 ordinetur,
2988 2971 3200 3040 qualem
3232 2980 3284 3027 te
3315 2972 3510 3041 praeci-

1917 3074 2055 3128 pue,
2104 3059 2269 3114 frater
2316 3061 2551 3124 Ascani,
2608 3072 2854 3131 Oporteat
2908 3063 3149 3130 eligere,
3209 3073 3263 3118 et
3320 3064 3511 3120 deceat

1916 3165 2232 3206 consecrare
2270 3167 2282 3204 :
2329 3167 2397 3208 ne
2449 3153 2492 3207 si
2530 3151 2548 3190 ί
2593 3154 2841 3207 similiter
2898 3154 3037 3210 forte
3075 3154 3274 3211 factum
3324 3156 3508 3224 fuerit,

1917 3258 2022 3298 non
2069 3243 2185 3297 sine
2216 3242 2587 3313 objurgatione
2619 3246 2692 3299 tui
2722 3247 2951 3300 maxime
2982 3247 3216 3302 nominis
3258 3248 3511 3302 retundat

1918 3333 2156 3407 [retunda
2183 3332 2265 3405 ur]
2297 3346 2478 3389 nostra
2512 3337 2820 3405 praeceptio,
2854 3337 2994 3407 quod
3027 3339 3077 3391 iu
3110 3337 3358 3407 injuriam
3393 3338 3508 3404 Dei.

1915 3442 1945 3482 a
1968 3442 2074 3497 quo
2096 3426 2403 3496 specialiter
2427 3427 2841 3482 sacerdotalium
2868 3439 2950 3482 est
2976 3431 3142 3500 gratia
3167 3430 3508 3500 dignitatum,

1915 3518 2265 3573 didicerimus
2295 3519 2608 3574 admissum.
2638 3519 2747 3575 Nec
2779 3518 3100 3590 episcopalis
3131 3523 3304 3576 honor
3337 3513 3509 3577 hiare-

1918 3612 2169 3666 ditarium
2193 3613 2280 3682 jus
2308 3622 2542 3683 putetur,
2576 3613 2716 3683 quod
2741 3613 2867 3684 [qui]
2901 3614 3054 3669 nobis
3077 3617 3189 3669 sola
3222 3617 3314 3670 Dei
3339 3617 3508 3672 nostri

1921 3703 2251 3774 benignitate
2278 3705 2480 3759 Christi
2504 3705 2679 3775 [abest
2704 3721 2734 3758 a
2760 3706 2882 3759 cod.
2917 3706 3077 3777 Just.]
3107 3707 3398 3763 confertur.

2673 3818 2760 3874 IV.

1990 3933 2275 3989 Ordinatos
2322 3948 2451 4002 ergo
2500 3948 2642 3988 nunc
2671 3934 2951 4004 episcopos
2985 3935 3121 4004 (licet
3149 3936 3270 3989 dum
3301 3931 3368 4006 te]
3396 3937 3507 4007 qui,

1924 4036 1949 4073 ε
1973 4025 2095 4081 licet
2122 4036 2172 4081 te
2204 4027 2483 4097 ignorante
2513 4027 2751 4097 provecti
2783 4039 2903 4081 sunt
2928 4068 2944 4093 ,
2974 4043 3092 4083 cum
3133 4030 3243 4083 suis
3272 4033 3509 4085 auctori-

1922 4118 2019 4174 bus
2048 4116 2074 4154 h
2098 4118 2756 4187 merueruntsubmoveri)
2789 4120 2886 4174 hac
2915 4123 3122 4177 ratione
3147 4122 3439 4189 firmamus,
3464 4128 3509 4184 si

1925 4227 2022 4266 nec
2039 4212 2316 4268 viduarum
2343 4213 2552 4286 [vidum]
2572 4213 2798 4269 maritus
2827 4214 2986 4269 fuerit
3011 4217 3311 4286 quisquam,
3342 4218 3353 4254 ί
3378 4227 3432 4272 et
3456 4219 3508 4272 iu

1926 4307 2083 4361 unius
2096 4306 2315 4376 virginis
2335 4307 2546 4375 nuptias
2570 4320 2633 4361 ac
2651 4317 2772 4361 vota
2789 4310 3119 4373 convenerit,
3147 4311 3282 4363 sicut
3298 4320 3350 4363 ct
3374 4311 3508 4380 lega-

1926 4398 1992 4454 lia
2007 4401 2297 4455 constituta
2321 4399 2658 4470 praecipiunt,
2688 4399 2916 4456 dicendo
2940 4415 2954 4455 :
2980 4400 3236 4454 Sacerdos
3265 4404 3507 4473 t-irginem

1992 4568 2016 4596 ⁶
2037 4559 2169 4615 Cod.
2197 4559 2353 4629 Luc.,
2378 4560 2694 4615 sententiam.

1998 4629 2018 4669 ί
2043 4632 2174 4684 Cod.
2204 4632 2356 4696 Luc.,
2387 4633 2556 4685 aliter.

1994 4712 2019 4749 ι
2041 4700 2172 4756 Cod.
2211 4702 2362 4765 Luc.,
2398 4703 2512 4756 licet
2535 4717 2668 4756 nunc
2691 4711 2772 4759 ιε..

1993 4771 2016 4807 ’³
2042 4772 2175 4827 Cod.
2203 4773 2356 4838 Luc.,
2382 4775 2675 4827 meruerint.

1994 4843 2170 4924 fCod.
2212 4845 2339 4899 Luc.
2383 4844 2532 4898 addit
2572 4859 2588 4896 :
2637 4859 2725 4894 nec
2753 4843 2990 4896 srettndae
3025 4847 3290 4913 conjugis,
3333 4844 3422 4898 sed
3449 4845 3503 4900 in

1915 4929 2087 4979 untur,
2112 4924 2218 4969 etc.

1915 5048 2151 5120 episcopi
2191 5048 2614 5119 Carthaginensi,
2658 5065 2906 5106 sermone
2952 5050 3224 5121 trigesimo
3264 5054 3501 5108 secundo

1914 5123 1982 5176 de
2020 5121 2200 5175 verbis
2231 5121 2439 5175 Domini
2463 5123 2514 5175 in
2545 5121 2670 5183 fine.
2699 5125 2872 5190 deque
2892 5122 3259 5178 anniversario
3298 5125 3385 5178 die
3405 5140 3497 5179 or-

1912 5193 2202 5247 dinationis
2230 5207 2360 5254 suae,
2391 5191 2604 5247 homilia
2632 5195 2701 5246 24
2726 5203 2781 5247 et
2805 5195 2892 5250 S5.
2926 5193 3205 5261 Quomodo
3228 5199 3327 5250 ltoc
3356 5197 3498 5250 idem

1913 5264 2154 5317 nonnulli
2183 5265 2499 5318 auctoritate
2529 5265 2731 5319 Paulini
2762 5266 2985 5331 epistola
3016 5264 3222 5318 decima
3254 5276 3400 5321 sexta
3428 5268 3497 5322 ad

1913 5335 2233 5402 Delphinum
2265 5337 2602 5399 confirment,
2631 5351 2735 5388 non
2765 5337 2938 5390 video.
2967 5336 3222 5405 Loquitur
3255 5338 3397 5391 enim
3429 5341 3497 5391 de

1911 5408 2135 5459 solemm
2157 5406 2242 5459 illa
2259 5408 2687 5475 etantiquissimn
2708 5407 3116 5473 consuetudine,
3133 5422 3234 5476 qua
3250 5408 3496 5463 solebant

1918 5477 2123 5539 fideles,
2158 5477 2300 5530 nttlla
2342 5477 2519 5532 habita
2567 5476 2771 5530 ratione
2809 5477 3045 5532 calorum
3071 5480 3398 5540 :estivtirum.
3427 5481 3493 5533 ad

1916 5553 2144 5602 natalem
2173 5549 2315 5602 diem
2343 5558 2650 5603 sanctorum
2678 5550 3040 5612 apostoloiutn
3089 5548 3227 5603 Petri
3260 5560 3316 5604 et
3345 5549 3493 5604 Pauli

1914 5634 2238 5674 concurrere
2271 5635 2284 5672 :
2318 5620 2383 5674 de
2410 5636 2512 5688 qua
2553 5622 2756 5684 egimus
2799 5635 2956 5687 supra
2987 5622 3039 5674 in
3088 5620 3226 5674 uotis
3254 5621 3494 5689 epistolae.

1915 5691 2058 5743 illius
2110 5691 2510 5758 praeamhularis
2547 5690 2760 5744 ctincilii
2800 5690 3282 5754 Chalcedonensis,
3333 5707 3491 5759 quam

1914 5760 2062 5814 Galla
2085 5763 2316 5817 Placidia
2337 5760 2550 5826 scripsit
2579 5762 2642 5812 ad
2668 5759 2998 5815 Pulcheriam
3025 5766 3334 5826 Augustam.
3365 5762 3491 5819 Vide

1913 5832 2197 5888 Baronium
2227 5849 2369 5887 anno
2390 5833 2516 5898 465,
2542 5845 2688 5887 num.
2718 5833 2802 5888 l7.
2843 5833 2968 5888 Ssv.
3001 5831 3199 5887 BINIUS.
