4086 6328
559 386 625 442 19
1946 379 2171 435 HlLARl
2211 379 2412 435 PAP/E
3755 373 3834 434 20

558 512 764 551 uxorem
791 495 1036 562 accipiat,
1070 508 1172 547 non
1202 491 1422 554 viduam,
1460 506 1561 543 non
1592 489 1912 556 repudiatam
1956 489 2139 559 (Leuit.
2169 493 2219 555 Α
2249 498 2303 546 et
2331 491 2450 545 cod.
2490 489 2651 561 Just.]
2697 491 2847 560 pravi
2879 492 3125 553 desiderii
3159 492 3475 561 postulasse,
3522 491 3824 547 adhibendo

555 604 675 652 Xitl;
701 586 888 640 Eucti.
921 588 1064 654 κων)
1091 603 1102 636 :
1129 583 1422 639 secundum
1442 581 1584 653 quod
1609 582 1769 637 etiam
1795 583 1980 638 beatus
2004 596 2137 652 apo-

554 679 721 737 stolus
748 678 960 739 Paulus.
990 676 1243 746 magister
1267 675 1538 745 gentium,
1571 674 1639 731 de
1668 674 1750 730 his
1781 675 1869 745 qui
1900 674 2013 731 fieri
2040 675 2138 731 de-

554 769 793 825 siderant
821 769 1151 833 sacerdotes,
1187 767 1400 837 propria
1434 765 1766 824 institutione
1810 782 1915 823 non
1946 770 2133 837 Iacuit,

554 860 738 918 dicens
771 879 784 913 :
826 860 988 915 Unius
1028 860 1203 915 uxoris
1228 862 1391 913 virum
1422 859 1472 931 (ι
1496 859 1631 914 Tim.
1663 860 1769 930 tu).
1809 860 1974 929 Cujus
2004 874 2137 919 sane

555 962 741 1009 tenore
785 954 1065 1009 sententiae
1114 954 1185 1008 ita
1216 952 1489 1008 informati
1535 968 1653 1008 esse
1678 953 1903 1017 debetis,
1942 952 2137 1009 fratres

553 1045 860 1110 carissimi,
912 1054 969 1099 ut
1012 1045 1151 1100 inter
1196 1054 1387 1099 caetera
1419 1059 1538 1115 qua:
1579 1044 1812 1099 cavenda
1841 1054 1984 1110 sunt,
2021 1045 2136 1101 hrec

552 1136 811 1193 Studeatis
840 1137 1109 1207 praecipue
1140 1144 1167 1173 α
1190 1136 1484 1201 custodire,
1513 1152 1630 1206 qua:
1659 1137 1981 1206 cognoscitis
2010 1148 2135 1194 ante

554 1231 802 1286 universa
850 1230 1113 1286 mandari.
1165 1229 1223 1284 1n
1273 1231 1463 1298 quibus
1497 1230 1656 1284 etiam
1702 1230 2135 1299 prospiciendum

554 1322 1005 1395 [perspiciendum]
1035 1332 1137 1386 est,
1169 1337 1238 1377 ne
1266 1321 1373 1377 duo
1403 1321 1561 1375 simul
1591 1322 1697 1375 sint
1727 1320 1779 1376 in
1806 1337 1908 1376 una
1953 1322 2137 1378 Eccle-

553 1414 632 1471 sia
677 1415 984 1471 sacerdotes
1024 1433 1034 1466 :
1078 1429 1178 1470 nec
1202 1414 1501 1469 litterarum
1534 1414 1785 1484 ignarus,
1815 1423 1908 1469 aut
1943 1429 2133 1471 carens

553 1505 732 1577 aliqua
760 1518 911 1578 parte
940 1507 1326 1574 membrorum,
1361 1509 1442 1563 vel
1470 1509 1630 1563 etiam
1662 1524 1725 1563 ex
1753 1510 2135 1579 paenitentibus

554 1595 911 1671 [expaniteus]
942 1598 1134 1667 aliquis
1162 1599 1229 1653 ad
1259 1613 1467 1653 sacrum
1511 1600 1864 1655 ministerium
1912 1613 2135 1670 prorsus

553 1688 763 1744 sinatur
792 1689 1069 1746 accedere.
1120 1690 1228 1747 Nec
1256 1700 1458 1745 tantum
1491 1693 1687 1761 putetis
1731 1692 2013 1761 petitiones
2042 1709 2136 1746 va-

554 1781 666 1836 lere
696 1784 1038 1853 pepulerum,
1083 1792 1139 1838 ut
1165 1800 1285 1838 cum
1316 1784 1397 1838 bis
1428 1799 1619 1854 parere
1649 1785 1858 1854 cupitis,
1888 1786 2134 1841 volunta-

2246 582 2297 637 in
2315 583 2660 651 epistularum
2683 585 2943 652 prooemio
2965 585 3175 640 concilii
3198 586 3553 640 mentionem:
3574 595 3824 656 tauquam

2240 675 2412 743 culpae
2449 675 2814 730 minuerentur
2854 691 3115 732 exclusus
3155 692 3248 747 per
3290 677 3681 732 multitudinem
3720 678 3821 732 im-

2242 767 2533 835 peritorum
2590 768 2975 840 [impolitorum
3032 768 3192 824 Forte
3241 767 3555 839 petitorum],
3613 784 3734 824 cum
3777 770 3824 825 si

2239 858 2398 915 etiam
2475 858 2577 915 sub
2636 860 3023 930 significatione
3091 861 3589 934 [subsignationem]
3657 879 3822 918 unus-

2239 951 2460 1019 quisque
2492 952 2573 1005 sui
2605 952 2833 1007 nominis
2863 961 3037 1008 tecum
3065 955 3266 1024 pariter
3290 954 3581 1019 retulisset,
3608 963 3661 1009 et
3692 954 3824 1009 sub-

2238 1045 2559 1111 scriptiones
2582 1046 2823 1113 pr0prias
2864 1045 3029 1099 factas
3070 1045 3304 1117 [fratres]
3333 1046 3557 1116 singulis
3588 1061 3825 1102 commo—

2237 1135 2457 1187 dassent
2499 1133 2998 1206 [commendassem],
3051 1136 3400 1192 dilectionem
3454 1146 3629 1191 tamen
3682 1147 3823 1192 tuam

2238 1223 2337 1289 rei,
2370 1223 2435 1279 de
2474 1239 2573 1293 qua
2621 1224 2772 1297 [quia]
2822 1226 3088 1296 displicet,
3132 1243 3339 1283 summa
3385 1229 3631 1299 tangebat
3660 1246 3675 1283 :
3703 1231 3825 1300 quia

2238 1329 2337 1382 pro
2368 1316 2483 1369 loco
2512 1324 2565 1370 et
2599 1316 2800 1371 honore
2828 1317 2920 1372 tibi
2950 1319 3150 1383 debito,
3185 1320 3365 1375 caeteri
3397 1322 3705 1375 sacerdotes
3731 1321 3825 1375 do-

2238 1407 2389 1460 cendi
2427 1406 2661 1472 fuerant,
2693 1424 2797 1462 non
2825 1410 3100 1478 sequendi.
3133 1410 3283 1466 Unde
3309 1412 3447 1467 sicut
3469 1413 3520 1467 in
3562 1413 3824 1484 generali-

2239 1498 2336 1552 bus
2364 1499 2550 1554 litteris
2580 1500 2804 1555 iudicavi
2824 1543 2838 1567 ,
2874 1503 3104 1558 lrenmus
3134 1504 3197 1557 ad
3227 1508 3493 1575 propriam
3525 1517 3824 1563 revertatur

2239 1589 2552 1657 Ecclesiam,
2597 1604 2651 1647 et
2702 1594 3185 1651 Barcinonensibus
3239 1597 3306 1651 de
3356 1613 3454 1653 suo
3504 1600 3651 1655 clero
3704 1616 3824 1669 pro-

2241 1685 2382 1740 tinus
2426 1698 2769 1742 consecretur
2810 1689 3053 1757 antistes,
3094 1690 3183 1744 cui
3213 1698 3391 1745 tamen
3430 1700 3625 1746 statuta
3658 1708 3822 1747 cano-

2240 1781 2763 1848 "umet-apostolica
2807 1789 3067 1851 praecepta
3100 1784 3447 1838 concordent.
3500 1784 3561 1839 Et
3610 1780 3732 1840 licet
3765 1785 3817 1839 hi

554 1884 658 1945 tem
687 1875 783 1932 Dei
810 1878 1001 1943 nostri,
1028 1878 1117 1947 qui
1151 1893 1249 1933 nos
1279 1892 1501 1948 peccare
1529 1878 1804 1948 prohibet,
1846 1879 2126 1935 deseratis.
2159 1869 2209 1930 Β
2236 1872 2324 1940 qui
2357 1874 2821 1940 prteter'notitiam
2850 1882 3007 1944 atque
3037 1890 3355 1931 consensum
3390 1886 3492 1931 tute
3523 1876 3815 1933 dilectionis

554 1969 716 2038 Cujus
764 1971 1060 2042 indignatio
1106 1988 1172 2028 ex
1221 1972 1321 2028 hoc
1348 1975 1561 2043 gravius
1592 1983 1981 2037 commovetur,
2012 1975 2136 2044 quia

554 2060 853 2139 benignitas
884 2064 999 2132 ejus
1021 2103 1037 2130 ,
1090 2064 1216 2120 dum
1249 2069 1381 2118 liunt
1411 2064 1592 2120 illicita
1638 2080 1734 2135 per
1761 2080 1854 2121 eos
1896 2066 1985 2137 qui
2014 2075 2139 2120 sunt

554 2155 875 2227 interpretes
905 2158 1240 2228 placationis,
1278 2158 1586 2213 offenditur.

1310 2252 1373 2305 V.

622 2340 690 2395 Ut
730 2351 909 2396 autem
940 2343 1118 2397 omnia
1151 2345 1443 2399 secundum
1477 2344 1593 2398 haec
1634 2360 1751 2414 qua:
1798 2344 2133 2413 scripsimus,

550 2429 911 2499 corrigantur,
940 2444 1232 2501 praisentes
1258 2434 1463 2489 litteras
1490 2476 1505 2500 ,
1540 2435 1770 2503 Trajano
1810 2434 2138 2491 subdiacono

551 2530 737 2576 nostro
762 2524 1033 2590 veniente,
1067 2516 1385 2587 direximus.
1411 2525 1563 2594 Quod
1594 2527 1639 2581 si
1668 2527 1899 2581 lrcnazus
1929 2527 2137 2595 episcos

550 2630 650 2686 pus
692 2617 760 2671 ad
789 2616 1083 2673 Ecclesiam
1135 2631 1317 2684 suam,
1359 2618 1605 2687 deposito
1640 2618 1996 2686 improbitatis
2022 2632 2134 2671 am-

551 2710 683 2773 bitu,
712 2708 890 2764 redire
916 2709 1232 2779 neglexerit,
1265 2710 1404 2778 quod
1432 2712 1479 2765 ei
1512 2728 1614 2765 non
1643 2710 1865 2781 judicio,
1914 2710 2008 2765 sed
2041 2711 2135 2764 hu-

549 2803 807 2858 manitate
835 2804 1200 2873 praestabitur,
1235 2805 1615 2859 removendum
1660 2820 1717 2858 se
1748 2805 1814 2857 ab
1840 2803 2134 2874 episcopali

550 2896 823 2951 consortio
849 2910 969 2952 esse
998 2905 1313 2965 cognoscat.
1343 2897 1481 2951 Deus
1512 2897 1804 2951 incolumes
1834 2911 1930 2950 vos
1956 2906 2134 2951 custo-

549 2987 658 3042 dial
686 3028 702 3052 ,
744 2987 935 3043 fratres
959 2989 1242 3044 Carissimi.
1282 2990 1407 3044 Data
1443 2992 1602 3044 tertio
1629 2989 1876 3043 czilendas
1898 2987 2133 3042 Januarii

548 3076 681 3149 (an.
710 3078 865 3134 Dom.
891 3079 998 3136 495
1021 3080 1062 3151 ),
1094 3081 1349 3135 Basilisco
1379 3089 1431 3163 ct
1460 3081 1826 3135 Herminerico
1854 3080 1987 3135 viris
2022 3078 2133 3134 cla-

547 3169 776 3226 rissimis
801 3172 1131 3227 consulibus.

1082 3327 1099 3356 ¹
1136 3324 1465 3381 EPISTULA
1508 3325 1595 3381 Ill.

548 3448 732 3491 HILABI
762 3452 910 3493 PLPB
942 3455 1009 3492 ΑΙ)
1049 3452 1302 3493 Αεολκιωί
1346 3452 1803 3494 τΑηκΑουκεκειΜ
1841 3455 2130 3496 κνιεεοῐσιω

618 3524 865 3563 PRIVATII
895 3523 1110 3563 SCRIPTA
1141 3526 1155 3563 ε
1193 3523 1397 3573 εετρυε
1426 3525 1655 3567 ωυεοιιι
1694 3526 1999 3569 ΛΒΩΗΙΕΝΤΙ
2026 3528 2132 3569 ουκ

619 3594 872 3634 EPISTOLA
902 3595 1284 3636 PRECEDEN‘I‘E.

617 3696 974 3752 Dilectissimo
1025 3696 1176 3752 fratri
1214 3696 1451 3755 Ascanio
1491 3699 1705 3756 Hilarus
1748 3699 2055 3770 episcopus.

617 3808 817 3863 Divina:
856 3810 994 3863 circa
1028 3826 1129 3865 nos
1168 3811 1353 3879 gratiae
1390 3827 1657 3868 memores
1694 3827 1813 3868 esse
1845 3814 2129 3882 debemus,

545 3899 634 3968 qui
667 3914 763 3954 nos
794 3914 890 3968 per
917 3900 1236 3970 dignationis
1262 3916 1373 3956 sua:
1400 3903 1829 3971 misericordiam
1868 3903 2130 3976 [gratiam]

547 3990 617 4044 ob
648 3989 746 4044 hoc
769 3989 832 4043 ad
860 3989 1129 4059 fastigium
1157 3992 1489 4047 sacerdotale
1512 3994 1777 4062 provexit,
1798 3995 2132 4049 utmandatis

544 4080 1068 4151 ipsiusinhmrentcs,
1083 4092 1135 4135 et
1160 4083 1208 4136 in
1228 4082 1452 4153 quadam
1468 4085 1754 4140 sacerdOtii
1769 4084 2130 4155 [sacerdotum]

544 4173 660 4242 ejus
695 4173 908 4242 Specula
952 4174 1245 4237 constituti,
1286 4175 1664 4243 prohibeamus
1709 4176 1913 4243 illicita,
1954 4184 2008 4230 et
2046 4190 2132 4231 se-

542 4265 751 4334 quenda
780 4264 1085 4319 doceamus.
1121 4264 1270 4321 Unde
1306 4266 1522 4321 directis
1554 4283 1649 4335 per
1686 4266 1973 4337 Trajanum
2004 4267 2131 4321 sub-

542 4354 823 4409 diaconum
854 4363 1104 4429 nostrum
1138 4356 1327 4411 litteris
1353 4358 1722 4426 admonemus,
1752 4368 1809 4413 ut
1846 4373 1963 4429 quae
1991 4360 2130 4415 male

543 4456 667 4500 sunt
717 4428 872 4512 facta,
903 4448 1257 4517 corrigantur.
1308 4450 1373 4504 Et
1418 4452 1675 4505 miramur
1716 4428 2004 4505 admodum
2045 4451 2129 4505 di-

542 4536 824 4593 lectionem
849 4548 990 4593 luam
1011 4539 1484 4615 Barcinonensium
1512 4543 1796 4611 petitiones
1825 4556 1933 4597 non
1951 4541 2125 4597 solum

541 4633 684 4687 nulla
714 4636 1035 4689 auctoritate
1060 4637 1343 4702 retudisse,
1377 4653 1563 4693 verum
1594 4639 1775 4703 etiam,
1807 4638 2028 4694 directis
2057 4638 2123 4693 ad
2155 4632 2208 4692 D

541 4740 640 4781 nos
691 4726 914 4793 litteris,
963 4731 1473 4786 consummationem
1535 4731 1938 4804 [consensionem
1981 4745 2002 4784 :
2051 4731 2123 4786 ita

582 4882 641 4953 ’με
664 4913 795 4969 Cod.
825 4913 980 4981 Luc.,
1012 4915 1281 4970 custodiri.

612 5077 629 5107 ¹
655 5074 819 5141 Hujus
849 5073 1184 5142 pluriumque
1209 5073 1431 5126 aliarum
1459 5075 1803 5139 epistularum
1830 5074 2125 5143 pontiﬁcis-

540 5161 662 5199 rum
695 5145 831 5198 idem
864 5153 918 5197 et
946 5154 1232 5197 commune
1260 5157 1379 5197 esse
1397 5144 1697 5212 egordium,
1722 5145 1926 5212 patebit
1949 5144 2122 5209 facile,

492 5282 495 5283 ν
540 5212 1194 5296 siprima._Zepbyrini_,_et
1223 5211 1655 5296 tertia'Fabiani,
1678 5211 1811 5268 ‘cum
1838 5215 2124 5296 bac_te:lia

495 5330 501 5341 .
540 5286 704 5340 llilari
736 5300 748 5337 :
780 5284 905 5337 item
934 5283 978 5337 si
1012 5284 1163 5338 tertia
1192 5284 1360 5336 sancti
1393 5283 1587 5338 Leonis
1615 5298 1732 5338 cum
1765 5285 1997 5341 secunda
2025 5285 2123 5341 Pec

537 5356 658 5422 lagii
688 5353 1045 5410 conferantur.
1077 5354 1208 5408 Sev.
1243 5354 1441 5408 BINIUS.
1530 5364 1535 5369 ‘

611 5428 631 5457 ²
662 5424 902 5492 Epistola
930 5424 1044 5477 hzec
1073 5426 1267 5494 scripta
1292 5424 1391 5479 fuit
1416 5438 1478 5478 ea
1502 5425 1783 5480 occasione
1807 5442 1821 5483 :
1846 5426 2119 5483 Auxanius

538 5497 822 5565 episcopus
846 5510 940 5562 per
971 5494 1331 5562 obreptionem
1355 5498 1754 5564 impetraverat,
1787 5506 1846 5551 ut
1874 5497 2117 5551 Ebredu-

538 5567 721 5621 nensis
752 5565 1018 5635 provincia
1042 5578 1141 5637 suo
1156 5566 1483 5637 episcopatui
1501 5567 1672 5637 quoad
1693 5567 2116 5637 iurisdictionem

493 5640 503 5649 '
537 5637 951 5691 ecclesiasticam
974 5635 1352 5703 subjiceretur.’
1369 5636 1522 5705 Quod
1543 5653 1659 5692 cum
1681 5635 1732 5693 in
1753 5638 2117 5706 praeiudicium

538 5708 755 5778 Ingenui
791 5705 1187 5779 Ebredunensis
1206 5707 1465 5779 episcopi,
1495 5710 1708 5779 Alpium
1734 5705 2117 5765 Maritimarnm

539 5776 956 5844 metropolitani,
973 5776 1290 5833 auctoritate
1307 5776 1595 5847 apostolica
1618 5796 1931 5837 concessum
1950 5789 2117 5845 esset,

537 5850 603 5909 ad
634 5851 937 5907 instantiam
959 5857 1014 5905 et
1037 5848 1311 5919 querelam
1334 5852 1573 5921 ejusdem
1606 5851 1844 5924 Ingenui,
1870 5853 2116 5920 Leontio,

2242 1964 2473 2020 ordinati
2503 1976 2628 2020 sunt
2661 1967 2992 2032 sacerdotes,
3021 1983 3141 2023 cum
3180 1970 3290 2023 suis
3319 1969 3605 2025 debuerint
3643 1981 3826 2025 aucto-

2242 2056 2389 2112 ribus
2418 2058 2721 2114 submoveri
2752 2077 2767 2114 :
2809 2075 2875 2114 ne
2895 2060 3020 2130 quid
3052 2072 3225 2116 tamen
3257 2064 3309 2117 in
3335 2072 3477 2119 tanta
3508 2060 3824 2122 necessitate

2241 2148 2592 2205 decernamus
2621 2160 3028 2215 austerum,eos
3055 2153 3144 2221 qui
3166 2154 3399 2223 episcOpi
3433 2153 3556 2210 facti
3584 2165 3730 2221 sunt,
3752 2157 3823 2210 ita

2239 2238 2487 2292 volumus
2519 2254 2851 2309 permanere,
2908 2251 2965 2296 ut
3011 2243 3062 2299 in
3094 2245 3405 2312 apostolicis
3444 2248 3825 2317 prmceptioni-

2242 2327 2341 2382 bus
2362 2338 2416 2383 et
2444 2331 2654 2384 statutis
2676 2341 2980 2386 sanctorum
3011 2332 3224 2388 Patrum
3243 2351 3348 2390 non
3381 2339 3711 2407 reperiantur
3730 2339 3825 2395 ob-

2242 2420 2406 2484 noxii,
2438 2436 2499 2476 ac
2530 2422 2781 2494 deinceps
2813 2425 2966 2494 nihil,
2991 2428 3129 2494 quod
3159 2438 3345 2484 contra
3377 2431 3708 2501 disciplinam
3731 2448 3823 2487 ec-

2240 2511 2590 2568 clesiasticam
2624 2514 2800 2569 veniat
2836 2517 2973 2571 sicut
3003 2518 3259 2574 hactenus
3282 2519 3480 2577 factum
3511 2531 3595 2578 est
3634 2538 3825 2594 perpe-

2240 2616 2430 2660 tretur.
2458 2606 2585 2663 Tua”:
2609 2608 2983 2664 sollicitudinis
3008 2621 3110 2680 est,
3141 2612 3302 2669 frater
3321 2616 3617 2679 carissime,
3646 2619 3825 2673 omnia

2238 2696 2415 2752 debita
2448 2698 2538 2754 tibi
2567 2699 2879 2781 auctoritate
2910 2704 3064 2772 tueri,
3094 2713 3147 2758 et
3178 2706 3371 2761 illicitis
3401 2724 3505 2761 non
3528 2708 3690 2764 modo
3718 2725 3825 2767 non

2239 2791 2477 2859 prtebere
2519 2805 2819 2859 assensum,
2878 2794 2971 2848 sed
2999 2799 3158 2850 etiam
3209 2808 3421 2861 cuncta,
3472 2815 3593 2870 qua:
3639 2809 3824 2867 contra

2240 2881 2472 2951 regulam
2506 2881 2641 2938 facta
2667 2885 2955 2953 repereris,
2982 2901 3232 2944 coercere
3257 2905 3271 2943 :
3296 2899 3454 2960 atque
3476 2901 3599 2947 ante
3622 2894 3824 2960 omnia,

2237 2989 2355 3043 quae
2390 2975 2505 3028 sola
2532 2976 2734 3031 unitate
2781 2976 3139 3053 [humanitate]
3177 2980 3531 3048 decernimus,
3564 2982 3824 3041 [renatum

2236 3065 2301 3119 ad
2328 3065 2619 3121 Ecclesium
2647 3082 2797 3122 suam
2827 3069 3002 3125 redire
3031 3072 3312 3141 compelle.
3354 3074 3434 3130 Ad
3458 3091 3613 3145 quam
3635 3056 3826 3147 sponte

2238 3156 2415 3226 potius
2446 3158 2621 3214 redire
2652 3157 2917 3232 [remeare]
2949 3161 3181 3227 debebit,
3215 3164 3257 3217 si
3285 3180 3314 3218 a
3336 3167 3650 3222 sacerdotali
3690 3183 3823 3223 con-

2159 3247 2209 3313 C
2236 3252 2402 3303 sorlio
2433 3267 2538 3306 non
2571 3252 2729 3324 [deest
2758 3256 2960 3323 negatio
2989 3255 3041 3308 iu
3086 3257 3202 3311 cod.
3242 3256 3407 3326 Just.,
3428 3261 3700 3332 eademque
3735 3280 3824 3316 su-

2237 3341 2455 3413 per/luaj
2486 3342 2674 3397 metuit
2702 3346 2960 3413 separari.
2993 3345 3102 3401 Nec
3124 3348 3280 3402 unius
3304 3348 3557 3405 Ecclesiae
3576 3350 3684 3406 duo
3704 3367 3822 3409 esse

2240 3436 2618 3505 permittuntur
2644 3437 2932 3502 antistites,
2984 3439 3124 3509 quod
3157 3443 3508 3511 apportunius
3535 3444 3819 3513 supradicti

2240 3527 2551 3583 subdiaconi
2584 3527 2696 3582 fieri
2728 3527 3035 3599 delegamus
3067 3530 3336 3599 instantia,
3360 3548 3515 3604 quem
3546 3535 3702 3589 etiam
3726 3550 3819 3603 pro

2239 3619 2603 3675 conservanda
2623 3620 2875 3675 Ecclesia:
2898 3622 3195 3692 disciplina,
3220 3638 3523 3680 commeare
3544 3626 3607 3681 ad
3638 3626 3816 3696 llispa-

2240 3713 2379 3777 nias,
2411 3712 2774 3781 dispositionis
2805 3724 3000 3767 nostrm
3046 3713 3172 3769 fecit
3209 3716 3517 3771 auctoritas.
3553 3718 3693 3773 Deus
3730 3733 3822 3773 au-

2241 3815 2345 3862 tem
2375 3807 2691 3861 incolumem
2725 3814 2776 3862 te
2801 3806 3086 3872 custodiat,
3113 3807 3275 3862 frater
3299 3809 3598 3866 carissime.

2771 3945 2791 3975 ¹
2823 3942 3153 3999 EPISTULA
3197 3944 3285 4000 IV.

2238 4070 2416 4109 ιιιιΑιι
2469 4070 2613 4109 DARE
2664 4071 2730 4108 AD
2774 4056 2795 4086 ³
2827 4071 3113 4119 ιιεοκτιυιί,
3146 4074 3394 4113 VEBANUM
3448 4075 3515 4114 ΕΤ
3558 4076 3825 4118 νιετυιιυιι

2884 4144 3179 4184 ΣΡΙΞΟΟΡΟΒ.

2236 4240 2447 4308 Delegat
2482 4239 2588 4294 illis
2620 4239 2844 4312 Ingenui
2871 4249 2916 4295 et
2946 4242 3172 4312 Attxant'i
3223 4243 3572 4312 episc0p0rum
3624 4255 3825 4297 contro-

2302 4312 2538 4375 versiam,
2570 4311 2862 4381 statuitque,
2906 4324 2958 4365 ut
2990 4311 3358 4367 Cemelenensis
3400 4316 3574 4368 ciuitas
3623 4316 3679 4369 et
3716 4314 3822 4369 Ni-

2304 4398 2481 4437 caense
2519 4382 2785 4437 castellum
2830 4384 2898 4436 ad
2928 4384 3077 4438 unius
3114 4384 3337 4455 episcopi
3384 4387 3607 4456 regimen
3654 4401 3824 4441 rever-

2305 4464 2497 4508 tantur.

2233 4542 2605 4599 Dilectissimis
2637 4542 2895 4615 fratribus
2938 4543 3184 4615 Leontio,
3219 4544 3450 4615 Ver-ano,
3491 4555 3546 4603 et
3603 4546 3822 4603 Victuro

2666 4614 2951 4683 episcopis,
2986 4613 3200 4671 Hilarus
3231 4632 3385 4687 papa.

2307 4728 2582 4784 Movemur
2610 4728 2817 4782 ratione
2860 4727 3108 4797 justitize,
3141 4744 3259 4801 qua:
3306 4730 3431 4786 licet
3460 4733 3528 4785 ab
3572 4731 3823 4787 omnibus

2235 5074 2446 5128 Verane
2470 5081 2523 5128 et
2553 5072 2772 5127 Victuro
2802 5086 2976 5128 causae
3019 5071 3417 5140 inquisitionem
3449 5082 3504 5129 et
3554 5075 3823 5129 instaura-

2231 5145 2430 5199 tionem
2454 5144 2651 5215 jurium
2685 5143 3080 5215 Ebredunensis
3111 5144 3504 5215 metropolitani
3530 5146 3819 5215 delegavit.

2232 5214 2506 5269 Adversus
2530 5214 2647 5268 illos
2676 5214 2765 5281 qui
2795 5217 2977 5267 insana
3009 5213 3299 5281 cupiditate
3328 5214 3592 5281 laborant,
3625 5213 3677 5269 ut
3713 5232 3823 5270 snzn

2232 5287 2482 5341 dimcesis
2513 5286 2644 5339 lines
2672 5284 2916 5347 dilatent,
2939 5299 3153 5355 auream
3173 5294 3223 5338 et
3247 5294 3427 5339 notatu
3456 5286 3823 5355 dignissimam

2229 5358 2550 5411 sententiam
2581 5354 2782 5409 addidit
2821 5356 2957 5408 hanc
3001 5374 3012 5406 :
3064 5354 3388 5423 Exspectatio
3424 5354 3619 5421 fructus
3665 5361 3825 5410 nostri

2227 5428 2493 5482 ministerii
2516 5443 2617 5480 non
2645 5428 2696 5478 in
2715 5426 2987 5480 latitudine
3012 5428 3295 5495 regionum,
3315 5426 3404 5480 sed
3418 5428 3468 5479 in
3483 5429 3822 5495 at'qnisitione

2229 5500 2436 5564 ponitur
2461 5499 2770 5551 animarum.
2804 5496 2996 5549 Baron.
3041 5511 3181 5551 anno
3211 5496 3338 5564 465,
3371 5512 3517 5551 num.
3563 5498 3653 5551 27.
3693 5501 3820 5554 Srv.

2228 5569 2432 5623 BINIUS.

2303 5638 2322 5670 ³
2350 5639 2566 5693 Etiamsi
2589 5638 2673 5692 hic
2695 5637 2838 5693 nulla
2854 5638 3051 5692 mentio
3083 5636 3172 5691 fiat
3194 5637 3344 5705 cujus
3368 5637 3619 5693 Ecclesite
3647 5639 3822 5693 Lenn-

2232 5712 2335 5764 tius
2364 5710 2648 5779 episeopus
2685 5708 2859 5772 fuerit,
2916 5707 3132 5779 dubium
3168 5716 3341 5762 tamen
3372 5709 3574 5762 nullum
3606 5724 3680 5763 εει
3718 5709 3822 5763 Fo-

2230 5777 2571 5849 rojnliensem
2616 5781 2923 5849 episcopum
2959 5777 3143 5842 fuisse,
3186 5794 3343 5847 quem
3385 5779 3594 5833 Hilarus
3633 5781 3819 5835 Arela-

2233 5853 2398 5907 tensis
2423 5851 2472 5904 in
2499 5850 2703 5906 funebri
2722 5851 2962 5906 oratione
2982 5849 3049 5904 de
3072 5859 3255 5905 sancto
3275 5849 3544 5905 Honorato
3566 5852 3820 5923 episcopo
