4086 6328
256 398 315 451 21

1730 388 2053 449 EPISTOLA
2097 391 2163 446 ν.

3448 393 3517 449 22

256 506 338 574 qui
389 512 531 556 recta
584 503 816 571 sapiunt,
858 501 1048 557 debeat
1093 500 1370 565 custodiri,
1421 508 1529 555 tum
1562 504 1826 572 praecipue
1853 506 1909 577 Α
1936 510 2079 571 neat,
2115 510 2171 557 ut
2216 501 2283 556 ad
2333 502 2487 557 unius
2540 503 2793 558 antisdtis
2839 505 3073 574 regimen
3106 503 3359 575 praedicta
3397 505 3513 559 loca

260 596 467 650 Ι)‹;ιιιίιιὶ
506 594 875 651 sacerdotibus
939 610 1044 649 non
1102 602 1185 648 est
1232 602 1433 649 temere
1490 593 1823 664 negligenda,

255 704 472 759 quorum
501 701 533 742 c
552 698 727 742 cteros
757 685 1030 741 informari
1057 685 1306 741 convenit
1337 683 1612 740 institutis.
1641 685 1828 743 Frater

256 781 412 849 igitur
440 789 494 835 et
524 778 868 847 coepisc0pus
898 786 1079 832 noster
1109 779 1373 847 lngenuus
1405 777 1827 843 Ebredunensis,

255 872 459 938 Alpium
481 870 864 925 maritimarum
888 868 1175 937 provinciis
1196 869 1595 937 metropolitani
1611 884 1828 938 semper

256 962 452 1016 honore
480 960 736 1015 subnixus
764 959 815 1012 in
844 958 1214 1030 praeiudicium
1245 974 1424 1022 suum,
1456 961 1596 1015 sicut
1619 974 1827 1015 annexa

258 1054 551 1117 declarant,
581 1048 822 1119 qtttedam
851 1065 972 1113 nos,
1005 1058 1219 1119 petente
1241 1049 1401 1105 fratre
1430 1060 1485 1105 et
1508 1052 1828 1121 coepiscopo

256 1153 434 1200 nostro
465 1142 727 1202 Auxanio,
760 1142 1010 1195 statuisse
1032 1152 1435 1209 commemorat,
1466 1158 1584 1212 qua:
1615 1142 1829 1198 univer-

254 1241 319 1293 εἰ.
359 1240 412 1291 in
462 1236 558 1289 hac
604 1235 790 1290 eadem
832 1249 990 1301 causa
1033 1236 1435 1299 defensionibus
1474 1239 1824 1293 contrairent.

253 1331 518 1401 Siquidem
564 1326 911 1383 relationibus
951 1326 1002 1382 in
1054 1339 1239 1384 nostro
1278 1330 1477 1399 judicio
1523 1332 1821 1397 recensitis,

255 1442 376 1495 (μιιὸ
412 1424 574 1478 frater
602 1430 655 1476 et
681 1421 1030 1491 coepiscopus
1056 1430 1238 1477 noster
1271 1421 1509 1478 Veranus
1539 1422 1606 1477 ad
1630 1431 1826 1479 sancta

257 1536 283 1570 ιι
306 1520 519 1576 εωοτίίιι
547 1517 887 1573 decessorem
931 1531 1106 1571 meum
1138 1531 1257 1571 cum
1301 1516 1511 1575 caeteris
1538 1516 1826 1586 provinciae

257 1612 611 1667 sacerdotibus
661 1609 828 1675 misit,
885 1617 939 1664 et
979 1610 1283 1678 aposmlicrc
1342 1607 1507 1675 sedis,
1542 1624 1662 1679 qute
1700 1620 1826 1667 tunc

258 1706 444 1761 directa
499 1705 710 1767 fuerat,
764 1703 1115 1769 responsione
1163 1702 1428 1772 patefacta
1478 1702 1822 1759 manifestum

259 1807 357 1864 est,
384 1796 515 1853 nihil
544 1803 723 1866 postea
767 1792 1017 1857 debuisse
1053 1797 1265 1861 tentari,
1312 1810 1412 1849 nec
1458 1793 1526 1852 ad
1574 1794 1821 1863 iniuriam

264 1890 581 1962 synodalium
620 1889 922 1958 regularum
949 1888 960 1917 '
989 1887 1274 1957 quidquam
1309 1903 1401 1956 per
1424 1887 1817 1956 obreptionem,
1849 1886 1898 1946 Β

266 1997 373 2051 quae
402 1980 632 2050 proxime
659 1980 794 2035 facta
825 1988 928 2048 cst,
960 1990 1208 2049 oportere
1238 1981 1510 2036 constitui.
1537 1981 1669 2037 Nam
1696 1981 1822 2039 licet

257 2085 305 2131 ct
336 2076 432 2129 hoc
452 2074 606 2135 etiam
634 2073 775 2143 quod
804 2087 835 2127 a
860 2072 1013 2128 nobis
1034 2082 1117 2129 est
1141 2073 1374 2129 elicitum
1417 2084 1703 2131 censeatur
1742 2076 1823 2131 in-

253 2169 478 2232 firmum,
508 2168 626 2238 quia
672 2177 727 2225 et
766 2169 938 2236 ipsum
981 2168 1304 2223 insinuatum
1349 2179 1432 2223 est
1461 2173 1684 2240 exsequi
1725 2186 1821 2227 no-

246 2261 403 2319 luisse
427 2261 519 2331 qui
553 2262 784 2325 meruit;
818 2270 994 2316 tamen
1033 2276 1099 2315 ne
1127 2261 1252 2315 odio
1283 2261 1367 2316 vel
1395 2264 1561 2331 gratia
1602 2279 1819 2320 movea-

240 2370 371 2418 ntur,
425 2370 548 2425 quae
593 2357 641 2408 in
681 2369 962 2410 causarum
1009 2354 1490 2425 disceptationibus
1537 2371 1657 2412 esse
1713 2374 1820 2413 non

234 2448 411 2515 debet,
452 2450 522 2503 ita
554 2457 747 2503 vestra:
789 2448 995 2503 caritati
1026 2448 1385 2517 cognitionem
1430 2465 1653 2506 annexa:
1685 2467 1819 2521 que-

232 2543 481 2598 rimonia:
512 2543 840 2614 delegamus,
881 2554 935 2596 ut
976 2542 1106 2597 nihil
1162 2542 1445 2597 adversum
1486 2546 1821 2600 venerandos
1854 2578 1890 2611 α

228 2651 489 2700 ranones,
515 2635 644 2690 nihil
665 2643 849 2690 contra
874 2644 1072 2690 sanctae
1097 2636 1368 2690 memoriae
1390 2635 1690 2690 decessoris
1715 2637 1821 2691 mei

222 2727 495 2797 judicium
528 2728 726 2795 valeat,
756 2725 1010 2797 quidquid
1041 2727 1321 2797 obreptum
1354 2726 1507 2781 nobis
1535 2742 1654 2782 esse
1688 2743 1820 2783 con-

218 2823 437 2877 stiterit.
490 2822 509 2852 '
541 2820 800 2874 Nolumus
830 2834 1058 2890 namque
1093 2818 1284 2875 fratres
1327 2819 1611 2883 carissimi,
1650 2820 1826 2874 eccle-

215 2914 423 2968 siarum
456 2910 767 2983 privilegia,
797 2925 916 2980 qua:
966 2925 1178 2979 semper
1212 2920 1334 2965 sunt
1382 2910 1662 2974 servanda,
1696 2925 1823 2964 con-

215 3005 361 3060 fundi
398 3024 414 3059 :
446 3018 561 3060 nec
604 3003 655 3057 in
701 3002 924 3057 alterius
953 3002 1225 3071 provincia
1269 3001 1566 3057 sacerdmis
1594 3002 1821 3058 alterum

216 3097 300 3166 jus
330 3098 547 3153 habere
577 3094 935 3164 permittimus
967 3113 979 3144 :
1009 3093 1130 3163 quia
1160 3108 1255 3163 per
1297 3093 1398 3147 hoc
1428 3109 1535 3148 non
1564 3094 1738 3148 minus
1769 3096 1821 3149 in

212 3205 331 3243 sant
351 3201 542 3247 tarum
576 3187 920 3243 traditionum
950 3185 1281 3255 delinquitur
1307 3185 1631 3249 sanctiones,
1662 3201 1820 3254 quam

214 3284 267 3335 iu
313 3283 581 3351 iujuriam
610 3281 774 3349 ipsius
806 3278 1014 3333 Domini
1045 3278 1333 3344 prosilitur,
1358 3278 1511 3348 cujus
1540 3288 1818 3347 exspecta-
1846 3266 1901 3339 Cf

210 3374 285 3426 tio
318 3373 543 3427 fractus
571 3370 739 3424 nostri
780 3370 1058 3425 ministerii
1091 3385 1195 3424 non
1224 3370 1277 3424 iu
1320 3369 1599 3425 latitudine
1636 3371 1816 3440 regio-

206 3478 366 3530 num,
396 3470 502 3517 sel
538 3464 588 3515 in
629 3462 976 3531 acquisitione
1017 3463 1228 3530 ponitur
1259 3460 1575 3515 animarum.
1612 3460 1818 3517 Habeat

202 3558 397 3625 itaque
442 3552 780 3623 pontificium
820 3552 981 3607 frater
1032 3562 1087 3606 et
1115 3551 1462 3620 coepiscopus
1496 3560 1683 3609 noster
1723 3554 1812 3607 ln-

199 3663 423 3718 genuus
461 3644 755 3714 provincia:
782 3658 913 3705 sum,
942 3644 1008 3697 tle
1030 3644 1180 3711 cujus
1203 3643 1399 3696 dudum
1423 3645 1489 3697 ab
1520 3644 1814 3711 apostolica

195 3740 336 3794 sede
360 3747 453 3791 est
490 3734 674 3788 illicita
698 3733 941 3807 cessione
966 3733 1246 3802 culpatus:
1276 3741 1328 3786 et
1348 3733 1622 3786 custoditis
1639 3734 1813 3787 omni-

196 3833 326 3897 bus,
365 3843 504 3899 qua:
556 3841 716 3895 super
746 3825 986 3880 ecclesiis
1025 3823 1423 3879 Ccmelcnensis
1453 3825 1701 3891 civitatis,
1736 3826 1821 3879 vel

194 3921 419 3979 castelli
480 3916 781 3984 Nicaeusi,
834 3917 970 3981 sicut
1018 3915 1269 3978 diximus,
1324 3924 1520 3970 sancta:
1552 3918 1826 3971 memoria:

195 4015 530 4077 decessoris
557 4014 658 4067 mei
688 4011 928 4067 definivit
971 3993 1278 4077 auctoritas,
1311 4009 1441 4064 nihil
1472 4010 1822 4067 ecclesiarum

194 4111 299 4183 juri
336 4115 579 4170 noceat,
611 4104 751 4175 quod
781 4105 836 4159 in
860 4103 1026 4159 altera
1054 4111 1467 4158 memoratarum
1510 4118 1538 4157 a
1568 4104 1822 4171 prmdicto

193 4206 391 4263 iratre,
428 4199 503 4253 ad
546 4196 933 4251 excludendam
974 4194 1339 4263 cupiditatem,
1372 4194 1821 4265 quemadmodum

194 4294 514 4367 perhibuit,
554 4287 861 4343 ambitionis
891 4286 1099 4351 alienae,
1150 4285 1393 4355 proxime
1429 4295 1512 4341 est
1538 4286 1823 4361 episcOpus

192 4396 579 4446 consecratus
606 4399 624 4435 :
656 4382 749 4437 sed
776 4388 986 4436 statuta
1024 4378 1371 4435 correctionis
1403 4378 1571 4433 forma
1613 4392 1822 4448 perma-

1933 603 2292 659 revertantur,
2334 608 2454 664 qua:
2494 596 2546 649 in
2573 594 2709 650 duos
2759 596 2922 651 dividi
2975 612 3083 651 non
3114 595 3295 652 decuit
3331 610 3514 651 sacer-

1933 684 2104 739 dotes.
2176 684 2318 739 Deus
2366 698 2461 739 vos
2508 684 2802 741 incolumes
2849 685 3135 755 custodiat,
3194 686 3387 742 fratres
3425 698 3515 740 ca-

1931 778 2151 834 tissimi.

2469 894 2490 925 ⁸
2527 890 2855 947 EPISTOLA
2902 891 2964 946 V.

1966 1000 2144 1041 ωιιιιι
2174 1000 2318 1040 ΡΑΡΒ
2347 997 2421 1041 AD
2453 1001 2718 1040 LEONTII}!
2760 999 3043 1040 EPISCOPUI
3071 998 3475 1041 Αιειιιηκιικ.

2288 1078 2365 1131 De
2392 1079 2708 1149 episcopatus
2736 1080 2816 1132 sui
2841 1078 3157 1146 primordiis.

2091 1168 2452 1225 Dilectissimo
2495 1170 2645 1223 fratri
2677 1169 2921 1234 Leantio,
2957 1169 3168 1224 Hilarus
3197 1184 3350 1239 papa.

1996 1260 2266 1330 Quantum
2314 1265 2631 1318 reverentia:
2677 1264 2729 1317 in
2769 1264 2961 1331 spiritu
2993 1263 3106 1329 Dei,
3135 1262 3225 1333 qui
3274 1260 3514 1318 subditos

1928 1352 2028 1407 sibi
2082 1352 2344 1409 inhabitat
2394 1355 2725 1423 sacerdotes,
2770 1355 2927 1411 beato
2972 1356 3130 1411 Petro
3171 1354 3416 1425 apostolo
3457 1360 3514 1408 et

1928 1447 2041 1503 sedi
2072 1446 2238 1516 ipsius
2266 1447 2564 1513 deferatur,
2588 1449 2834 1505 omnibus
2855 1449 3085 1504 arbitror
3114 1463 3235 1504 esse
3261 1461 3513 1516 comper-

1928 1548 2062 1605 tum,
2085 1540 2278 1609 quibus
2321 1550 2660 1610 paternarum
2704 1541 3045 1597 traditionum
3079 1541 3385 1611 incorrupta
3410 1553 3510 1594 cu-

1927 1631 2099 1686 stodia
2128 1640 2233 1687 est.
2263 1632 2407 1700 Quos
2428 1647 2548 1687 cum
2569 1634 2817 1688 volumus
2843 1633 2910 1688 de
2938 1642 3135 1688 nostra:
3156 1630 3514 1687 ordinationis

1928 1724 2234 1793 primordiis
2261 1725 2541 1795 gratulari,
2569 1740 2730 1794 opera
2758 1740 2877 1797 qua:
2909 1726 2962 1781 in
2994 1739 3091 1780 uos
3124 1723 3319 1782 divina
3348 1723 3513 1793 pieta-

1928 1818 1997 1873 tis
2028 1818 2266 1886 dignatio
2313 1819 2568 1887 ostendit,
2617 1819 2885 1875 sanctitati
2929 1828 3033 1875 tua:
3079 1818 3326 1874 duximus
3370 1816 3512 1872 indi-

1924 1912 2092 1967 canda
2124 1928 2139 1966 :
2172 1923 2228 1967 ut
2257 1914 2371 1985 ipse
2406 1915 2636 1983 primum
2689 1928 2786 1983 pro
2814 1929 2881 1969 eo
2909 1928 3069 1984 quem
3099 1913 3255 1968 nobis
3283 1911 3512 1967 invicem

1926 2021 2147 2076 semper
2177 2007 2560 2075 impendimus,
2602 2017 2888 2079 praestante
2920 2007 3167 2072 Domino,
3208 2006 3407 2061 laeteris
3429 2004 3511 2059 af-

1924 2098 2063 2153 fectu
2095 2116 2110 2152 :
2150 2098 2344 2155 deinde
2371 2108 2428 2154 ut
2447 2099 2800 2169 dispositione
2829 2109 2933 2154 tua:
2957 2098 3308 2155 fraternitatis
3336 2098 3511 2151 omni-

1922 2190 2021 2243 bus
2053 2204 2148 2257 per
2170 2190 2476 2245 universam
2500 2192 2831 2261 provinciam
2861 2192 3118 2247 fratribus
3147 2200 3203 2245 et
3231 2203 3513 2245 consacer-

1922 2280 2137 2337 dotibus
2163 2282 2486 2345 innotescat,
2515 2282 2657 2352 quod
2689 2281 3040 2337 humilitatem
3077 2295 3250 2338 meam
3290 2280 3513 2337 dextera

1925 2372 2140 2429 Domini
2166 2372 2387 2430 visitare
2407 2373 2627 2444 dignata
2657 2375 2748 2441 sit,
2780 2383 2836 2429 et
2856 2374 2983 2428 mibi
3013 2372 3324 2443 apostolica:
3370 2370 3515 2427 sedis

1922 2470 2162 2539 regimen
2193 2485 2300 2525 non
2344 2484 2443 2539 pro
2474 2469 2692 2536 merito,
2722 2468 2816 2524 sed
2847 2484 2946 2539 pro
2973 2482 3087 2523 sua:
3124 2466 3310 2538 gratia:
3345 2463 3512 2521 abun-

1924 2560 2238 2616 dantissima
2267 2560 2513 2633 largitate
2540 2561 2893 2617 commiserit.
2930 2559 3180 2626 Proinde,
3215 2558 3382 2615 frater
3424 2572 3515 2614 ca-

1924 2653 2159 2721 rissime,
2192 2654 2335 2724 quod
2367 2654 2636 2709 sanctitati
2667 2666 2770 2709 tute
2801 2654 3047 2723 praesenti
3077 2666 3327 2708 sermone
3365 2658 3515 2721 pate-

1925 2742 2169 2811 fecimus,
2210 2746 2262 2800 in
2311 2746 2548 2800 omnium
2602 2746 2845 2808 fratrum,
2878 2743 3330 2815 quemadmodum
3360 2741 3514 2798 disi—

1925 2851 2081 2903 mus,
2146 2838 2386 2892 notitiam
2441 2837 2657 2894 deferre
2699 2838 3007 2909 dignaberis
3058 2845 3117 2892 ut
3164 2836 3513 2906 supplicaturi

1925 2927 2152 2983 Domino
2166 2938 2349 2984 nostro
2361 2930 2491 2985 Jesu
2504 2929 2740 2992 Christo,
2755 2932 2891 2984 sicut
2905 2927 3277 2984 exsultationis
3295 2926 3511 2999 gaudia,

1925 3021 1994 3075 ita
2043 3022 2322 3088 profutura
2350 3022 2634 3078 universali
2666 3021 2923 3077 Ecclesia:
2952 3022 3253 3075 orationum
3290 3034 3513 3077 suarum

1925 3112 2081 3168 nobis
2101 3122 2222 3191 vota
2252 3116 2601 3184 conjungaut.
2635 3113 2774 3168 Deus
2800 3120 2851 3167 te
2874 3112 3199 3167 incolumem
3221 3110 3510 3175 custodiat,

1927 3204 2093 3263 frater
2116 3209 2413 3262 carissime.
2448 3207 2575 3261 Data
2600 3222 2690 3259 vin
2719 3206 2973 3260 calendas
3007 3205 3325 3262 Februarias
3345 3208 3515 3277 (anno

1924 3295 2121 3354 Christi
2150 3296 2300 3369 462),
2335 3299 2397 3353 DL
2430 3296 2494 3353 N.
2526 3297 2729 3354 Severo
2757 3297 2999 3367 Augusto
3036 3297 3273 3354 consule.

2556 3433 2885 3491 EPISTOLA

2024 3543 2232 3582 LEONTII
2274 3526 2294 3557 ⁸
2337 3542 2569 3581 Αιῑιιιλτ.
2600 3542 2830 3582 EPISCOPI
2861 3543 2929 3582 ΔΙ)
2959 3542 3194 3582 ιιιιιιιιωι
3222 3543 3413 3585 ΡΑΡΔΙ.

1924 3639 2222 3694 Gratulatur
2238 3638 2288 3694 H
2296 3640 2426 3710 ilaro
2444 3638 2800 3710 pontificatum
2814 3654 2834 3693 :
2850 3649 3117 3710 rogatque,
3132 3649 3189 3694 ut
3202 3642 3513 3709 Arelatensis

2382 3707 2623 3761 Ecclesia
2638 3712 2764 3779 jura
2795 3707 3015 3762 tueatur.

1998 3825 2151 3894 Quod
2188 3824 2422 3883 Leonem
2453 3822 2854 3883 sancti~simum
2886 3824 3335 3895 prmdecessorem
3365 3835 3513 3881 tuum

1930 3898 2074 3971 mors
2105 3916 2386 3971 abstulerit
2427 3926 2616 3970 contra
2662 3915 2896 3991 haereses
2936 3916 3318 3986 invigilantem,
3345 3927 3398 3971 et
3437 3918 3513 3970 lo-

1930 4010 2055 4063 liuut
2089 4011 2142 4063 in
2181 4023 2311 4079 agro
2336 4007 2567 4076 Domini,
2600 4007 2733 4064 heu!
2768 4009 2925 4064 nimis
2952 4000 3212 4065 fruticans
3238 4008 3512 4066 eradican-

1928 4110 2057 4166 tem,
2106 4100 2351 4156 dolemus
2386 4117 2399 4153 :
2432 4098 2573 4169 quod
2604 4098 2670 4155 de
2717 4109 2802 4155 tua
2848 4101 3130 4157 sanctitate
3161 4101 3509 4172 reparaverit,

1925 4195 2271 4263 gratulamur.
2306 4193 2438 4248 Nam
2478 4193 2675 4263 gaudet
2704 4193 2846 4249 filius
2873 4192 2941 4249 de
2965 4194 3170 4253 honore
3198 4196 3384 4251 matris
3411 4210 3426 4246 :
3459 4204 3511 4250 et

1925 4299 2045 4357 cum
2076 4286 2311 4341 Ecclesia
2356 4285 2598 4341 Romana
2637 4286 2707 4340 sit
2736 4287 2972 4343 omnium
3005 4298 3197 4359 mater,
3227 4287 3323 4343 fuit
3354 4286 3508 4342 nobis

1926 4378 2285 4448 gaudendum,
2328 4378 2469 4450 quod
2523 4378 2575 4433 in
2631 4384 2777 4433 tanta
2823 4380 3262 4451 consternatione
3304 4393 3506 4446 rerum.

193 4579 650 4667 pragdece'ssore.
685 4585 907 4667 summis
932 4584 1191 4667 laudibus
1220 4583 1432 4649 extulit,
1464 4592 1519 4665 et
1555 4581 1621 4667 ad
1659 4597 1817 4651 quem
1846 4587 1900 4648 D
1922 4584 2089 4667 etesiis
2111 4582 2408 4667 orthodoxa
2427 4583 2689 4666 religionis
2707 4593 2842 4667 retro
2862 4586 3119 4667 principes
3138 4588 3505 4667 prmtiterstnr,

190 4654 407 4727 Sidonii
458 4658 803 4734 Apollinaris
834 4658 1036 4734 litterae
1067 4657 1278 4734 scripta:
1325 4654 1693 4734 reperiuntur,
1722 4670 1817 4709 cu-

191 4725 393 4813 jusque
418 4725 665 4813 sanctus
693 4728 800 4784 Leo
822 4728 1067 4813 meminit
1086 4727 1138 4809 in
1168 4726 1394 4813 epistola
1517 4725 1818 4813 stu-episco-

192 4794 537 4875 jJi’s'Gallim
576 4800 914 4856 Viennensis.
950 4794 1488 4866 Baroniusprasdicto
1517 4796 1653 4849 loco.
1686 4794 1813 4851 Suv.

280 4898 407 4936 iiUS.

190 4884 434 5007 milia};
465 4941 736 5011 εχριιιριο
762 4947 991 4999 constat.
1032 4951 1189 5011 aures
1217 4950 1549 5011 summorum
1598 4935 1815 5011 pontifi-

187 5006 325 5078 cum
348 5006 514 5075 falsis
550 5029 623 5069 ac
647 5006 880 5065 Sini~tris
909 5008 1334 5079 accusationibus
1367 5016 1422 5062 et
1467 5006 1813 5079 relationibus

187 5086 441 5164 ρῖτεηιρε
500 5083 943 5164 οι“ρΙΘΙ¹Ι,“3(ΙΘ(ὶ
980 5088 1036 5132 ιιι
1082 5078 1251 5164 bonos
1300 5086 1458 5143 atque
1481 5077 1811 5164 Iiunoceutes

185 5147 534 5235 quantoque
568 5147 643 5235 clx.
683 5153 833 5206 malis
863 5150 1323 5232 informationibm
1357 5147 1724 5235 ι’ριιόθηιιιριιε
1750 5162 1813 5200 ac

184 5217 536 5306 iippritna'nt.
596 5224 769 5306 Nemo
804 5235 930 5292 ergo
954 5221 1216 5306 .t‘uliretur,
1260 5218 1399 5306 quod
1449 5227 1663 5306 sanctus
1699 5217 1814 5306 .Leo

187 5288 437 5365 ίιῗξείιῖιιιιι
499 5288 907 5354 Arelatensem.
954 5292 1165 5365 llilarus
1210 5289 1438 5365 pontifex
1467 5288 1806 5365 _Mamertu_m

187 5359 606 5434 Viennensem,
628 5365 909 5433 episcopos
929 5363 1206 5434 sanctitate
1223 5359 1601 5434 celeberrimos
1624 5359 1814 5413 acerbe

182 5432 529 5515 exagitarint
560 5432 824 5515 :1cmn_et
867 5434 917 5486 itt
958 5433 1051 5514 bis
1073 5447 1191 5514 qua!
1218 5432 1634 5486 contentiosioru
1666 5440 1810 5515 sunt,

188 5500 523 5576 ἶεῖιέιῖίιιιιιιω
567 5512 650 5565 sit
687 5506 788 5560 sub
829 5504 1006 5570 specie
1033 5500 1165 5559 recti
1194 5515 1626 5572 unumquemque
1669 5500 1812 5556 deci-

184 5608 332 5665 ,ηπιη
366 5589 521 5665 sev,
551 5584 766 5665 eamne;

256 5645 381 5717 the
437 5650 763 5730 privilegiis
806 5645 1494 5730 ecclesiarum-antiquitus.
1538 5645 1811 5730 concessis

185 5713 332 5790 ηῃηῖ
355 5713 751 5785 ξηιῖονειηιὶὺιη
785 5733 904 5771 esse
936 5721 1276 5790 nontaut‘um
1298 5713 1527 5790 decretis
1556 5714 1812 5765 constitu-

185 5782 454 5862 iiiiii-fu’it.
470 5782 795 5860 iPrivifcgia,
823 5790 991 5862 inquit
1010 5786 1103 5841 lib.
1136 5785 1222 5862 1‘2,
1240 5797 1367 5862 cap.
1385 5782 1451 5835 de
1461 5783 1812 5862 sacrosancta

484 5852 628 5939 qua:
656 5852 977 5929 gsne'ralibus
995 5856 1210 5927 constitit
1234 5852 1430 5908 ionibus
1462 5854 1700 5908 universis
1724 5869 1808 5909 cc-

1924 4656 2075 4723 ﬁrma
2127 4663 2173 4708 et
2214 4653 2413 4708 illibata
2454 4651 3199 4722 in'perpetuum'deccrnimus
3237 4651 3503 4712 custodiri.

1928 4725 2111 4778 Omnes
2156 4725 2459 4789 sanctiones,
2508 4740 2622 4790 qua:
2671 4734 2849 4778 contra
2888 4743 3104 4782 canones
3144 4725 3508 4781 ecclesiasticos

1922 4796 2202 4849 interventu
2244 4795 2425 4865 gratia:
2462 4796 2538 4846 vel
2588 4794 2878 4847 ambitionis
2910 4798 3091 4850 elicita:
3118 4807 3257 4863 sunt,
3286 4813 3383 4850 suo
3416 4813 3502 4850 τοι

1921 4867 2040 4920 bere
2069 4874 2116 4917 ct
2144 4865 2388 4932 ﬁrmitate
2415 4873 2791 4935 eacttatascsse
2825 4868 3168 4935 praecipimus,
3215 4881 3321 4921 etc.
3367 4866 3504 4933 Quid

1920 4937 1988 4994 de
2057 4934 2348 5004 privilegiis
2404 4932 2785 5004 inviolabiliter
2845 4932 3211 4992 custodiendis
3272 4932 3507 5004 senserit
3604 5000 3607 5001 ν

1919 4999 2135 5079 saucius
2176 4999 2304 5067 Leo,
2353 5003 2701 5079 ex__ejusd_em
2744 5006 2988 5079 epistolis
3028 5005 3118 5075 53,
3151 5006 3242 5073 5i,
3286 5007 3375 5077 55,
3408 4999 3499 5079 89',

1916 5076 2041 5137 109,
2064 5089 2390 5145 cognoscere
2420 5074 2560 5129 licet.
2594 5076 2720 5131 Sev.
2759 5075 2958 5132 BINIUS.

1990 5148 2010 5179 ³
2042 5146 2168 5203 Haec
2194 5147 2417 5220 epistola
2432 5146 2724 5220 _circularis
2751 5158 2834 5220 est
2859 5160 2910 5203 et
2932 5148 3224 5220 encyclica,
3255 5164 3321 5204 ex
3351 5164 3503 5207 more

1917 5229 1973 5274 et
1998 5217 2388 5277 consuetudine
2413 5218 2481 5273 de
2500 5219 2621 5272 novi
2646 5218 2912 5285 pontiﬁcis
2931 5217 3205 5281 creatione
3224 5221 3290 5275 ad
3312 5236 3502 5283 omnes

1920 5291 2191 5361 E_cclesias
2229 5290 2562 5361 transmissa.
2623 5287 2749 5361 Haec
2785 5290 3022 5357 ejusdem
3056 5294 3377 5361 argumenti,
3411 5307 3503 5347 eo-

1920 5356 2271 5429 rumdemque
2302 5360 2583 5414 verborum
2603 5358 2669 5412 ad
2694 5356 2973 5430 Leontium
3004 5356 3220 5430 scripta,
3250 5356 3422 5417 exstat
3448 5362 3499 5416 in

1923 5441 2101 5487 vetere
2147 5431 2335 5485 codice
2385 5429 2714 5485 Arelatensis
2749 5429 3019 5500 Ecclesiae,
3067 5429 3207 5487 unde
3251 5446 3371 5487 cum
3417 5447 3501 5488 se-

1920 5502 2206 5573 quentibus
2239 5501 2489 5573 omuibus
2529 5509 2783 5573 acceptas,
2814 5501 2883 5556 ab
2922 5502 3286 5559 illustrissimo
3328 5503 3503 5558 cardi-

1917 5571 2041 5700 gale
2074 5573 2303 5696 garonio
2329 5572 2558 5641 primum
2584 5572 2637 5625 in
2679 5571 2854 5628 lucem
2897 5575 3106 5631 emissa:
3134 5573 3497 5630 inveniuntur.

1962 5660 2044 5697 sv.
2123 5659 2275 5697 tatus.

1962 5660 2044 5697 εν.
2080 5659 2275 5697 ISINIUS.

1964 5713 2012 5745 "
2043 5713 2189 5770 Hauc
2226 5711 2432 5783 Leontii
2454 5710 2731 5783 epistolam
2777 5715 2982 5783 primus
3014 5714 3181 5771 edidit
3211 5714 3499 5771 Dacherius

1922 5785 1974 5839 itt
1998 5786 2179 5856 Spicil.
2217 5794 2346 5841 tom.
2378 5782 2440 5848 γ,
2470 5794 2610 5839 nunc
2630 5781 2714 5850 ΙΙΙ,
2906 5786 3031 5843 502.

3551 798 3579 856 \
