4086 6328
534 371 603 427 93

1939 377 2168 432 HILARI
2211 376 2413 432 ΡΑΡᾸΞ

3737 381 3804 432 21s

533 503 589 548 et
619 492 926 547 inﬁrmitate
961 480 1276 546 saeculorum
1309 506 1472 561 super
1501 504 1621 544 eam
1670 500 1720 546 te
1764 493 2020 560 erexerit,
2055 501 2113 546 ut
2140 497 2194 554 Δ
2222 490 2479 554 scribere,
2515 497 2622 542 tam
2656 488 2910 544 instructa
2937 489 3002 543 ad
3031 503 3128 543 nos
3174 490 3333 545 fuerit
3375 504 3602 560 persona
3651 490 3801 543 dire-

531 585 737 654 judices
767 585 984 656 populos
1010 585 1061 638 in
1084 585 1353 652 aequitate,
1371 593 1426 639 et
1449 593 1639 654 gentes
1663 584 1875 640 interra
1894 583 2112 655 dirigas.

533 678 686 738 Unde
714 695 834 733 cum
873 679 1026 733 nobis
1055 679 1270 733 nuntius
1301 679 1392 734 ille
1418 694 1511 748 per
1541 677 1897 734 Concordium
1932 678 2117 732 Eccle-

533 771 627 824 sia:
669 780 863 824 nostr.-c
908 771 1210 836 diaconum,
1263 771 1350 840 qui
1393 781 1518 825 tunc
1550 785 1788 840 praesens
1837 779 1952 826 erat
1994 784 2114 824 cum

531 862 785 916 sanctitas
816 870 902 914 tua
932 862 999 915 ad
1028 863 1077 915 id
1109 861 1328 917 honoris
1359 862 1662 932 fastigatum
1695 863 1905 917 culmen
1933 871 2115 916 evecta

531 964 631 1018 est,
667 955 864 1008 relatus
885 967 986 1020 est,
1015 955 1212 1023 gratias
1253 955 1363 1010 Deo
1389 966 1576 1009 nostro
1605 954 1956 1018 reddidimus,
1989 965 2042 1009 et
2064 963 2116 1010 te

531 1047 869 1100 decrevimus
921 1061 1078 1116 quam
1135 1049 1361 1116 primum
1413 1047 1509 1100 hac
1559 1046 1874 1102 humilitatis
1919 1055 2117 1101 nostra:

531 1138 756 1205 cpistola
799 1137 1032 1192 salutare
1063 1155 1076 1191 :
1119 1147 1176 1191 nt
1205 1147 1258 1191 et
1288 1139 1364 1193 sic
1410 1139 1652 1203 affectus,
1684 1140 1771 1207 qui
1804 1139 1942 1192 inter
1970 1148 2115 1192 tuam

531 1229 871 1283 sanctitatem
895 1238 950 1284 et
987 1245 1083 1284 nos
1123 1228 1324 1297 jamdiu
1355 1231 1573 1294 coaluit,
1606 1230 1656 1283 in
1682 1229 1905 1283 Domino
1926 1243 2115 1284 corro-

531 1320 831 1385 boraretnr,
864 1329 918 1374 et
956 1321 1023 1375 de
1065 1331 1263 1375 caetero
1304 1334 1560 1390 augeatur
1597 1337 1718 1377 cum
1747 1322 1924 1376 debita
1964 1335 2116 1376 reve-

531 1413 724 1475 rentia,
750 1428 848 1481 qua
881 1412 1034 1466 decet
1063 1413 1200 1466 ﬁlios
1239 1422 1443 1482 patrem
1491 1414 1764 1484 prosequi.
1800 1413 2116 1468 Benedictus

531 1504 706 1572 itaque
733 1505 821 1573 qui
853 1506 1000 1558 venit
1028 1505 1081 1558 in
1106 1505 1322 1560 nomine
1355 1506 1586 1560 Domini.
1612 1506 1728 1560 Jam
1761 1505 1969 1560 fortiter
1994 1521 2116 1559 san-

531 1595 699 1647 ctitati
741 1605 846 1648 tua:
872 1595 1250 1663 insudandum,
1283 1607 1337 1650 et
1363 1597 1719 1652 anhelandum
1761 1607 1864 1663 est,
1890 1607 1946 1652 ut
1974 1597 2115 1667 quod

530 1687 900 1742 sanctissimus
920 1689 1028 1744 Leo
1056 1705 1189 1760 papa
1221 1690 1440 1760 incepit,
1480 1690 1545 1743 ad
1569 1690 1961 1746 terminabilem
1994 1706 2117 1760 per-

530 1781 696 1835 tineas
726 1782 968 1848 limitem,
1011 1793 1210 1838 etcum
1248 1785 1486 1838 exercitu
1519 1782 1784 1839 Gedeonis
1828 1799 1922 1852 per
1961 1784 2113 1839 tubas

2222 593 2330 648 cta,
2361 598 2482 652 qua:
2524 583 2922 652 inquisitionem
2966 594 3202 639 nostram
3244 583 3402 654 plene
3448 601 3512 638 ex
3553 585 3802 640 omnibus

2222 675 2392 743 possit
2422 674 2712 729 instruere.
2747 675 2997 745 Spondeo
3023 678 3191 745 enim,
3222 685 3476 746 quantum
3509 677 3677 743 gratia
3711 678 3802 733 Dei

2220 766 2382 820 donat
2415 778 2471 820 ut
2493 768 2806 836 spondeam,
2843 769 2944 824 hoc
2966 785 3052 824 me
3073 771 3140 824 ad
3174 771 3530 825 universalem
3560 772 3801 827 sacerdo~

2221 865 2330 910 tum
2361 857 2570 912 Domini
2601 859 2942 913 concordiam
2976 863 3340 928 provisurum,
3387 871 3443 915 ut
3474 877 3661 917 omnes
3693 878 3798 918 non

2218 963 2313 1002 sua
2339 947 2567 1003 audeant
2595 965 2857 1019 quaerere,
2883 951 2974 1007 sed
2999 967 3115 1022 quae
3151 961 3274 1007 sunt
3308 952 3510 1008 Christi
3549 955 3803 1010 studeant

2217 1039 2481 1095 obtinere.
2519 1041 2657 1096 Deus
2711 1050 2762 1097 te
2794 1044 3113 1100 incolumem
3162 1045 3468 1114 custodiat,
3515 1046 3680 1104 frater
3715 1062 3803 1102 ca-

2218 1146 2449 1187 I'ISSIIlIe.

2773 1227 3101 1286 EPISTOLA
3144 1228 3256 1285 VII.

2603 1335 2778 1374 BILABI
2819 1336 2963 1374 PAPE
3003 1337 3070 1375 AD
3113 1335 3399 1375 LEONTIUI.

2218 1427 2398 1502 Monet
2432 1439 2485 1502 ut
2512 1430 2808 1486 relationem
2835 1434 2999 1486 mittat
3044 1434 3106 1486 de
3140 1432 3330 1488 Herme
3356 1474 3371 1498 ,
3421 1433 3507 1502 qui
3555 1409 3799 1488 Ecclesia:

2308 1499 2662 1574 Narbonensis
2710 1504 3060 1574 episcOpatum
3109 1516 3292 1559 temere
3339 1499 3614 1573 usurpasse
3664 1507 3797 1559 dice.

2316 1573 2484 1626 batur.
2887 1573 2892 1574 ⁷
3017 1600 3024 1605 -

2395 1685 2757 1742 Dilectissimo
2784 1688 2930 1742 fratri
2954 1687 3178 1743 Leontio
3208 1689 3421 1744 Hilarus
3445 1704 3605 1760 papa.

2288 1778 2540 1834 Miramur
2584 1780 2976 1838 fraternitatem
3025 1792 3167 1836 tuam
3215 1783 3284 1839 ita
3330 1782 3466 1852 legis
3513 1781 3796 1837 catholicae

531 1872 584 1925 in
615 1886 709 1926 ore
740 1872 955 1927 fortium
986 1884 1396 1945 concrepantes,
1429 1885 1482 1929 et
1503 1890 1598 1944 per
1634 1875 1905 1944 lampades
1945 1875 1996 1929 in
2037 1889 2124 1930 ro-
2153 1870 2202 1931 B
2228 1868 2596 1927 illtmemoretn
2627 1887 2768 1942 esse,
2795 1882 2852 1927 ut
2875 1889 3099 1943 qmnque
3129 1873 3329 1943 iniqua,
3377 1882 3432 1929 et
3471 1885 3658 1929 contra
3700 1873 3800 1928 Pa‘

529 1964 685 2017 busta
717 1981 875 2020 manu
905 1968 1128 2036 agitatas
1161 1977 1216 2021 et
1243 1968 1548 2034 ventilatas,
1579 1967 1894 2023 maledictos
1926 1983 2110 2023 muros

529 2056 741 2110 Jericbo
764 2056 873 2125 jam
901 2060 1062 2112 toties
1086 2058 1564 2114 anathematizatos
1593 2069 1647 2113 et
1669 2069 1950 2128 quassatos
1987 2074 2112 2113 san-

528 2149 684 2202 ctitas
716 2156 805 2202 tua
842 2148 1002 2204 faciat
1032 2160 1394 2220 prosternere.
1425 2150 1694 2204 Caeterum
1719 2165 1840 2204 cum
1871 2152 2111 2207 Ecclesia

529 2249 714 2294 nostra
741 2241 1071 2296 Arelatensis
1097 2257 1312 2311 semper
1334 2244 1400 2296 ab
1423 2242 1720 2312 apostolica
1753 2242 1884 2298 sede
1919 2244 2109 2312 amplis

527 2329 802 2384 favoribus
853 2340 910 2386 et
949 2333 1242 2402 privilegiis
1291 2333 1452 2388 fuerit
1503 2333 1800 2398 decorata;
1862 2349 2110 2405 rogamus

528 2424 867 2479 sanctitatem
897 2434 1041 2479 tuam
1081 2435 1139 2480 ut
1187 2440 1283 2496 per
1329 2441 1447 2480 eam
1491 2425 1621 2480 nihil
1669 2427 1823 2481 nobis
1864 2425 2108 2495 decedat,

529 2516 626 2571 sed
655 2517 830 2586 ponus
858 2529 1137 2589 augeatur,
1167 2529 1298 2574 utct
1324 2519 1656 2576 collaborare
1677 2529 1849 2575 tecum
1881 2521 1932 2574 in
1957 2520 2109 2575 vinea

528 2611 741 2665 Domini
774 2611 866 2666 Dei
896 2612 1135 2667 Sabaoth
1159 2613 1452 2680 valeamus,
1487 2623 1541 2669 et
1565 2614 1866 2669 invidorum
1887 2624 2110 2668 conatus

530 2703 818 2772 infringere
842 2721 854 2757 :
881 2719 1036 2773 quos,
1067 2706 1111 2760 si
1157 2722 1263 2761 non
1293 2716 1438 2762 esset
1467 2709 1761 2762 auctoritas
1790 2707 2108 2778 reprimens,

529 2804 734 2850 certum
755 2807 839 2852 est
869 2797 936 2853 de
966 2798 1054 2854 die
1077 2799 1130 2853 in
1159 2801 1300 2854 diem
1333 2811 1676 2869 grassaturos
1705 2801 1759 2855 in
1790 2801 1961 2871 pejus,
1987 2799 2108 2870 quia

530 2887 731 2942 malitia
771 2905 873 2959 qua
908 2906 1006 2946 nos
1033 2891 1279 2957 oderunt,
1312 2893 1553 2949 ascendit
1585 2907 1817 2963 semper.
1854 2893 1971 2949 Dat.
2014 2895 2111 2950 Sc-

529 2992 660 3034 vero
685 2981 824 3050 Aug.
853 2997 966 3039 cos.

1071 3121 1402 3176 EPISTULA
1434 3122 1525 3177 VI.

930 3251 1108 3290 IIILARI
1130 3252 1274 3292 ΡΑΡΕ
1302 3253 1370 3292 AD
1401 3252 1690 3293 LEONTII)".

533 3347 824 3415 Respondet
844 3348 912 3400 ad
930 3347 1136 3420 litteras
1164 3348 1384 3413 Leontii,
1408 3365 1535 3417 quas
1551 3351 1830 3418 scripserat
1847 3365 1960 3402 cum
1977 3364 2108 3420 prae-

636 3420 893 3473 cedentem
919 3416 1115 3472 Hilarii
1139 3420 1407 3486 epistolam
1423 3416 1664 3473 nondum
1705 3416 2000 3490 accepisset.

705 3533 1064 3614 Dilectissimo
1094 3531 1241 3588 fratri
1283 3533 1505 3589 Leontio
1536 3535 1748 3590 Hilarus
1774 3551 1930 3606 papa.

600 3633 883 3690 Dilectioni
899 3648 1053 3699 meae,-
1071 3648 1189 3703 quae
1201 3635 1344 3690 circa
1358 3634 1626 3691 Ecclesias
1648 3636 1974 3704 Gallicanas,
1993 3651 2106 3691 om-

531 3747 732 3802 nesque
755 3731 812 3786 in
840 3730 918 3786 eis
943 3730 1154 3785 Domini
1183 3729 1490 3786 sacerdotes
1514 3771 1530 3798 ,
1577 3731 1736 3786 etiam
1778 3730 1830 3786 in
1869 3731 2108 3787 inferiori

530 3824 696 3893 gradu
722 3823 948 3892 positos,
979 3823 1236 3891 abundat,
1275 3824 1502 3878 multum
1544 3824 1752 3878 accedit
1794 3825 2062 3892 augmenti
2088 3863 2106 3888 .

529 3915 672 3984 quod
703 3929 797 3985 per
824 3914 996 3968 virum
1047 3915 1394 3983 spectabilem
1443 3913 1739 3983 Pappolum
1790 3913 1955 3967 lilium
2013 3928 2111 3969 no-

530 4016 697 4061 strum
731 4005 994 4061 sermonis
1021 4005 1095 4060 tui
1119 4005 1186 4060 ad
1213 4021 1298 4060 me
1320 4015 1449 4060 sunt
1477 4005 1652 4059 delata
1690 4005 1976 4075 principia.
2025 4005 2109 4059 Ex

530 4114 636 4169 quo
667 4107 844 4154 tamen
882 4097 1144 4169 conjicio,
1183 4100 1427 4168 paginam
1473 4113 1680 4166 meam,
1715 4113 1873 4170 quam
1907 4098 2108 4152 dudum

531 4195 598 4246 de
626 4192 966 4261 episcopatus
995 4193 1100 4246 mei
1125 4191 1431 4261 primordiis
1461 4191 1604 4257 misi,
1655 4206 1754 4246 nec
1788 4192 1915 4245 dum
1944 4191 2112 4245 tradi-

531 4295 638 4338 tam
670 4284 764 4338 tibi
790 4284 954 4354 fuisse
983 4299 1105 4338 cum
1136 4283 1402 4340 scriberes
1436 4301 1450 4337 :
1499 4283 1566 4340 de
1609 4299 1712 4354 qua
1769 4285 1950 4353 utique
2002 4299 2107 4336 non

531 4353 953 4443 SIIUISSES,.IIISI
999 4375 1327 4446 perlatorum
1383 4376 1557 4446 aliqua
1607 4389 1766 4430 causa
1823 4375 2107 4430 tardasset.

531 4465 688 4522 Unde
715 4467 857 4534 quod
891 4476 946 4522 et
983 4467 1317 4523 consuetudo
1342 4468 1598 4538 poscebat
1631 4477 1685 4523 ct
1712 4469 1944 4532 caritas,
1973 4467 2111 4537 jam-

449 4572 452 4579 '
529 4559 739 4627 pridem
767 4575 852 4614 mc
879 4569 1188 4614 exsecutum
1222 4559 1389 4616 fuisse
1425 4561 1699 4631 significo,
1750 4571 1806 4616 et
1843 4561 1944 4615 hoc
1978 4559 2110 4629 ipsis

529 4650 830 4704 litterarum
861 4651 1276 4720 exemplaribus,
1308 4667 1428 4722 qua:
1461 4652 1654 4719 direxi,
1695 4653 1906 4722 plenius
1948 4666 2111 4707 nosse

529 4753 630 4794 vos
657 4741 856 4809 cupio;
886 4750 944 4795 ut
985 4742 1162 4796 oflicio
1202 4741 1442 4797 fraterno
1490 4741 1542 4796 in
1600 4743 1747 4797 nullo
1799 4743 2111 4814 intelligatis

527 4832 694 4887 luisse
718 4848 803 4887 me
831 4833 1088 4898 desidem,
1121 4843 1177 4890 et
1204 4836 1272 4889 ita
1295 4836 1528 4890 vicissim
1562 4835 1965 4906 frequentandis
1991 4846 2109 4892 stu-

527 4925 749 4979 deamus
779 4927 1050 4994 alloquiis,
1075 4934 1133 4979 ut
1157 4926 1327 4980 vicem
1358 4927 1512 4982 nobis
1543 4931 1844 4982 communis
1872 4944 2109 4998 przesen-

529 5019 618 5072 tize
646 5019 914 5074 scribendi
939 5033 1068 5072 cura
1113 5029 1445 5088 compenset,
1479 5018 1644 5073 frater
1682 5020 1986 5074 carissime.
2014 5020 2108 5074 Af-

528 5112 698 5165 fectus
728 5109 905 5179 itaque
935 5110 1009 5163 tui
1036 5111 1262 5178 gratiam
1290 5111 1466 5178 perire
1501 5126 1607 5165 non
1639 5125 1826 5180 passus
1854 5126 1930 5178 es,
1964 5113 2106 5181 quod

526 5201 576 5256 ei
618 5199 942 5254 sollicitudni
975 5201 1243 5255 intentum
1274 5208 1326 5254 te
1349 5215 1472 5254 esse
1500 5215 1801 5270 cognosco,
1832 5211 1889 5256 ut
1923 5211 2109 5258 custo-

527 5291 710 5347 diendi
739 5301 1079 5360 paternorum
1110 5307 1375 5346 canonum
1405 5293 1602 5361 regulis
1632 5293 1853 5350 studere
1893 5309 1980 5350 me
2018 5310 2113 5350 cu-

529 5384 664 5452 pias.
695 5383 812 5450 Quo
849 5381 1115 5437 desiderio
1159 5383 1291 5438 nihil
1329 5385 1536 5454 concipi
1580 5385 1846 5440 salubrius
1886 5395 2107 5456 potest,

525 5490 684 5544 quam
718 5482 777 5527 ut
805 5473 860 5527 in
891 5488 994 5527 una
1019 5473 1256 5528 Ecclesia
1279 5515 1295 5539 ,
1337 5475 1423 5529 cui
1474 5485 1687 5544 oportet
1735 5492 1834 5532 nec
1883 5481 2108 5534 maculae

525 5566 724 5635 aliquid
756 5565 955 5630 inesse,
981 5580 1078 5619 nec
1109 5580 1288 5635 rugte;
1315 5581 1417 5620 una
1456 5567 1522 5621 sit
1557 5568 1611 5620 in
1643 5571 1890 5622 omnibus
1923 5569 2112 5625 obser-

526 5659 668 5712 vatio
710 5656 1026 5725 disciplinsc.
1060 5655 1154 5710 Cui
1195 5657 1238 5709 si
1277 5658 1472 5727 aliquid
1513 5658 1833 5714 eruditionis
1863 5670 1956 5715 aut
1990 5676 2114 5716 cor-

529 5750 788 5816 reptionis
816 5745 1118 5802 addendum
1147 5756 1251 5813 est,
1284 5749 1582 5805 rectissime
1605 5765 1700 5820 per
1731 5761 1963 5806 vestram
1986 5754 2114 5807 dili-

537 5838 768 5910 gentiam
821 5839 1151 5908 consuletur,
1206 5839 1252 5897 si
1294 5841 1744 5911 quemadmodum
1783 5859 1842 5900 es
1865 5844 2115 5917 dignatus

2115 5927 2154 5982 ἴ)

2217 1970 2359 2018 trum
2392 1975 2698 2020 nostrorum
2742 1975 2973 2032 statuta,
3005 1967 3057 2021 in
3095 1967 3369 2037 provincia
3412 1982 3531 2037 quae
3569 1968 3636 2021 ad
3687 1983 3803 2022 mo-

2216 2056 2488 2110 narcliiam
2519 2066 2662 2111 tuam
2693 2059 2945 2127 pertinet,
2975 2058 3020 2113 si
3050 2058 3164 2128 ipse
3181 2067 3272 2113 aut
3292 2073 3398 2113 non
3429 2059 3532 2124 vis,
3563 2068 3654 2112 aut
3693 2073 3802 2113 non

2216 2158 2390 2215 potes,
2410 2149 2572 2202 etiam
2601 2164 2699 2204 nec
2727 2165 2823 2205 nos
2852 2150 3051 2204 silentii
3081 2149 3158 2204 tui
3192 2150 3551 2205 taciturnitate
3578 2152 3804 2219 permit-

2218 2247 2298 2293 tas
2317 2239 2614 2309 corrigere.
2643 2240 2913 2310 Siquidem
2938 2241 3079 2311 quod
3107 2250 3161 2295 et
3190 2257 3408 2296 rumore
3427 2242 3804 2311 cognovimus,

2215 2338 2269 2384 et
2295 2340 2551 2400 quantum
2574 2331 2858 2402 diligenter
2883 2347 2912 2386 a
2934 2333 3162 2386 diacono
3190 2333 3397 2387 Joanne
3421 2372 3437 2399 ,
3472 2333 3563 2402 qui
3609 2348 3639 2387 a
3689 2348 3805 2386 ma-

2215 2420 2412 2490 gniﬁco
2438 2421 2554 2475 viro
2597 2423 2706 2477 filio
2750 2431 2936 2478 nostro
2966 2421 3240 2478 Friderico
3267 2423 3462 2478 litteris
3493 2425 3607 2478 suis
3647 2423 3806 2479 nobis

2187 2511 2518 2578 ,jnsinuatus
2537 2522 2642 2579 est,
2675 2513 3075 2582 requisivimus,
3108 2513 3249 2584 quod
3280 2515 3609 2585 iniquissima
3641 2530 3806 2569 usur-

2216 2605 2432 2674 patione
2458 2605 2674 2676 quidam
2706 2606 2929 2662 Hermes
2954 2610 3318 2677 episcopatum
3342 2609 3574 2664 civitatis
3602 2609 3809 2664 Narbo-

2216 2698 2398 2753 nensis
2443 2698 2765 2754 exsecrabili
2819 2701 3125 2756 temeritate
3173 2702 3595 2772 praesumpserit.
3631 2702 3805 2770 Quam

2216 2804 2331 2845 rem
2360 2790 2614 2847 decuerat
2634 2793 2971 2849 sanctitatem
3004 2804 3146 2848 tuam
3177 2803 3235 2849 ut
3267 2796 3419 2850 nobis
3474 2797 3526 2850 in
3578 2798 3808 2867 veStigio

2215 2881 2502 2938 indicaret.
2534 2884 2648 2952 Qua
2670 2883 2736 2939 de
2768 2899 2846 2952 re,
2873 2886 3041 2940 frater
3062 2886 3340 2942 carissime
3361 2930 3375 2956 ,
3407 2901 3720 2953 monemus,
3756 2897 3809 2943 ut

2214 2975 2261 3029 si
2289 2973 2421 3030 ﬁdes
2453 2975 2775 3031 adhibeatur
2795 2976 3038 3044 assertis,
3069 2979 3303 3046 seposita
3331 2979 3715 3046 excusatione,
3743 2979 3811 3035 ad

2220 3081 2320 3122 nos
2351 3076 2456 3121 tam
2487 3076 2594 3122 tua:
2622 3067 2949 3138 dilectionis,
2987 3084 3147 3138 quam
3188 3068 3409 3124 fratrum
3453 3079 3769 3126 nostrorum
3793 3114 3809 3141 ,

2214 3169 2307 3213 aut
2355 3175 2449 3228 per
2496 3161 2810 3230 portitorem
2851 3161 3184 3230 litterarum,
3231 3173 3324 3218 aut
3352 3179 3448 3233 per
3491 3181 3653 3236 quem
3706 3167 3812 3237 ipsi

2136 3249 2184 3314 C
2213 3250 2502 3319 elegeritis,
2537 3251 2887 3321 subscriptam
2924 3267 3178 3308 manuum
3216 3263 3512 3309 vestrarum
3562 3258 3801 3311 relatio-

2213 3355 2336 3396 nem
2369 3340 2770 3406 transmittatis;
2796 3351 2853 3396 ut
2877 3342 3019 3412 quod
3049 3342 3275 3398 delinire
3317 3345 3583 3413 possimus
3611 3361 3808 3402 recur-

2164 3507 2170 3512 ι
2213 3433 2350 3490 renti
2381 3433 2568 3503 pagina
2595 3433 2810 3503 possitis
2835 3448 3147 3504 agnoscere.
3183 3433 3323 3490 Deus
3369 3445 3421 3490 te
3475 3436 3809 3494 incolumem

2213 3524 2499 3591 custodiat,
2526 3524 2688 3580 frater
2708 3526 3006 3581 carissime.
3038 3525 3168 3580 Data
3199 3541 3256 3582 ιιι
3286 3541 3456 3583 nonas
3484 3527 3812 3584 Novembris

2217 3618 2382 3688 (anno
2407 3615 2535 3672 Chr.
2559 3617 2690 3672 circ.
2714 3616 2866 3687 462).

2755 3754 3084 3812 EPISTOLA
3123 3757 3259 3814 VIII.

2215 3860 2392 3900 llILAIII
2434 3860 2578 3900 ΡΑΡΔΕ
2605 3861 2672 3901 Αἰ)
2708 3861 2986 3903 EPISCOPOS
3035 3864 3368 3904 θινειιεΑιιωί
3414 3864 3814 3906 ρκονικοιλιιυιι

2937 3934 3165 3976 οΑιιιι-ῖ.

2215 4004 2266 4058 1.
2298 4004 2523 4082 ῌετηιεη
2553 4007 2883 4082 Narbonensi
2915 4007 3158 4065 Ecclesia.-
3186 4012 3464 4081 praesidere
3492 4013 3565 4066 ita
3592 4014 3820 4082 permil-

2289 4077 2448 4152 tit_,_ut
2470 4079 2872 4152 ordinandorum
2893 4077 3245 4152 episcOporum
3262 4092 3435 4136 careat
3465 4077 3744 4150 potestate.

2217 4143 2303 4200 11.
2340 4147 2407 4200 Ut
2429 4149 2648 4204 concilia
2659 4143 2940 4226 quotannis
2972 4143 3098 4218 fiant
3118 4169 3182 4207 ea:
3209 4154 3386 4223 quibus
3412 4143 3697 4222 provinciis
3728 4171 3826 4226 po-

2289 4227 2477 4288 terunt,
2509 4232 2555 4273 et
2586 4237 2617 4273 a
2650 4220 2860 4274 Leontio
2889 4220 3248 4276 conuocantur.

2217 4285 2312 4338 111
2323 4326 2336 4365 τ
2370 4288 2437 4365 t
2462 4285 2571 4343 sine
2590 4293 2967 4365 metropolitani
2988 4291 3168 4365 litteris
3190 4294 3417 4365 episcopi
3438 4295 3489 4347 in
3510 4293 3675 4347 aliam
3694 4311 3825 4365 pro.

2286 4360 2502 4412 vinciam
2524 4377 2626 4414 non
2656 4362 3064 4431 proﬁciscantur.
3095 4360 3242 4428 Quod
3289 4364 3334 4417 si
3364 4360 3467 4418 'eas
3524 4360 3828 4431 impetrare

2290 4446 2390 4508 non
2414 4441 2668 4498 poterunt,
2699 4449 2910 4487 causam
2942 4434 3184 4488 discutiet
3223 4435 3490 4505 episcopus
3532 4434 3830 4490 Arelaten-

2220 4567 2326 4646 IV_.
2362 4569 2437 4624 De
2461 4572 2719 4646 parce/riis
2739 4571 2991 4646 Ecclesia:
3020 4576 3350 4640 Arelatensis,
3395 4593 3522 4645 quas
3550 4577 3834 4646 repetebat

2139 4635 2196 4694 Ι)
2291 4635 2554 4705 Leontius,
2596 4643 2836 4697 'udicium
2863 4647 2930 4698 ad
2957 4647 3221 4716 episwpos
3250 4635 3478 4700 remittit.

2227 4710 2291 4765 ν.
2341 4711 2408 4765 Ut
2444 4662 2638 4765 praedia
2668 4715 3006 4765 ecclesiastica
3039 4735 3140 4765 non
3179 4718 3460 4765 alienantur

2227 4710 2291 4766 V.
2341 4710 3006 4790 Utprwdianecclesiastica
3039 4710 3140 4770 non
3179 4718 3492 4790 alienantur,
3530 4718 3634 4771 nisi
3676 4720 3837 4790 apud

2289 4783 2562 4836 concilium
2592 4785 2916 4840 alienationis
2946 4803 3098 4841 causa
3119 4791 3261 4860 prius
3290 4783 3553 4843 doceatur.

2220 4874 2591 4950 Dilectissimis
2621 4875 2880 4950 fratribus
2920 4879 3189 4948 episcopis
3216 4879 3504 4950 provinciae
3532 4879 3838 4937 Viennen-

2290 4946 2388 5011 sis,
2419 4947 2808 5014 Lugdunensis,
2840 4946 3200 5006 Narbonensis
3217 4946 3408 5018 prima:
3441 4961 3494 5004 et
3517 4954 3839 5017 secundae,

2285 5027 2339 5071 et
2369 5018 2579 5085 Alpium
2608 5019 2946 5074 Pasninarum
2979 5020 3379 5092 [Penninarnm]
3404 5061 3420 5090 ,
3449 5021 3676 5078 Hilarus
3709 5025 3844 5094 epi-

2289 5102 2504 5156 scopus.

2293 5201 2607 5271 Quanquam
2637 5202 2881 5258 notitiam
2903 5204 3208 5259 dilectionis
3253 5216 3448 5260 vestrm
3486 5216 3701 5272 quanta
3747 5206 3847 5262 vel

2222 5293 2400 5361 qualia
2425 5293 2475 5347 in
2508 5293 2842 5349 Narbonensi
2889 5310 2950 5349 ac
2985 5295 3280 5350 Biterrensi
3323 5296 3559 5350 Ecclesia
3607 5298 3848 5354 dudum

2219 5387 2328 5439 sint
2351 5384 2582 5440 admissa
2610 5401 2714 5440 non
2747 5388 2968 5452 lateant,
3001 5400 3052 5443 et
3078 5391 3506 5459 praesumptionis
3545 5391 3847 5460 improbi-

2221 5487 2304 5532 tas
2334 5479 2398 5532 ad
2432 5494 2531 5534 nos
2554 5494 2720 5548 usque
2750 5482 3070 5550 perveniens
3096 5485 3278 5552 procul
3309 5483 3472 5539 dubio
3498 5484 3853 5553 regionibus

2221 5571 2504 5626 manifesta
2535 5573 2605 5625 sit
2628 5572 3260 5644 Callicanis,apostoiic;c
3281 5585 3456 5630 tamen
3483 5575 3853 5632 sollicitudi-

2223 5665 2308 5718 nis
2343 5664 2566 5719 interest
2609 5666 2796 5736 culpas
2836 5668 2887 5722 in
2933 5677 3116 5724 nostro
3164 5669 3524 5738 deprehensas
3561 5673 3858 5729 examine

2227 5771 2334 5808 non
2367 5764 2578 5821 tacere;
2605 5774 2673 5811 ne
2696 5774 2792 5827 per
2816 5760 3163 5830 incongruum
3186 5762 3454 5817 silentium
3483 5776 3613 5816 cum
3644 5765 3857 5834 iniqua

2181 5915 2186 5923 _
2229 5851 2509 5920 agentibus
2535 5849 2733 5908 habere
2769 5853 3050 5909 videamur
3086 5856 3439 5912 conniventiae
3479 5856 3855 5928 portionem.

2910 6038 2917 6041 -
2935 6022 3030 6049 ...ιβ
