4086 6328
517 365 586 424 97
1906 363 2104 418 HILAB

2203 361 2380 418 tam
3026 372 3031 375 '
3712 365 3794 422 98

519 483 763 539 volumus
791 498 910 557 esse
939 484 1339 553 commonitam,
1385 498 1453 539 ne
1485 482 1683 552 praedia
1706 524 1720 547 ,
1764 497 1883 551 qua:
1927 496 2099 551 neque
2126 484 2179 542 Α
2205 482 2491 553 quotannis
2528 481 2754 535 concilia
2778 522 2791 545 ,
2822 494 3047 552 quorum
3078 481 3307 557 maxime
3336 481 3386 547 in
3415 482 3576 537 fratre
3606 493 3658 537 et
3693 499 3797 539 co-

520 574 754 645 deserta,
788 592 960 647 neque
987 576 1241 633 damnosa
1265 585 1409 645 sunt,
1443 583 1498 631 et
1538 575 1602 629 ad
1647 574 1941 630 Ecclesiam
1974 573 2095 643 per-

520 668 710 731 tinent.
739 684 802 724 ex
835 669 1026 739 quibus
1048 652 1400 739 plurimorum
1426 667 1712 735 consuevit
1755 666 2095 733 necessitati-

519 760 619 827 bus
640 761 935 825 subveniri,
964 761 1146 835 aliquo
1176 762 1297 829 jure
1328 762 1377 815 in
1412 760 1637 819 alterum
1680 759 2090 826 transferantur,

515 852 616 907 nisi
643 853 785 920 prius
815 853 953 923 apud
995 854 1276 929 concilium
1323 852 1657 917 alienationis
1712 852 1881 923 ipsius
1932 864 2093 905 causa

515 943 790 1011 doceatur,
819 956 873 1000 ut
904 946 1030 1015 quid
1060 945 1177 1007 ﬁeri
1207 946 1418 1011 debeat,
1442 945 1709 1003 communi
1740 945 1977 1030 omnium
2002 944 2096 999 de-

515 1036 830 1097 liberatione
858 1046 1134 1094 trametur.
1163 1040 1302 1103 Deus
1329 1055 1423 1095 vos
1454 1041 1745 1095 incolumes
1790 1039 2050 1105 custodiat
2075 1076 2093 1106 ,

514 1126 708 1193 fratres
732 1130 1017 1209 carissimi.
1067 1130 1197 1197 Data
1239 1148 1293 1197 tu
1345 1148 1514 1187 nonas
1552 1133 1864 1201 Decembris
1908 1133 2094 1202 (anno

510 1222 640 1278 Chr.
674 1224 778 1278 470
802 1224 866 1293 ί),
894 1223 1002 1279 GL.
1030 1223 1092 1287 P.
1123 1225 1324 1285 Severo
1351 1226 1593 1296 Augusto
1624 1229 1863 1287 consule.

1052 1366 1387 1439 EPISTOLA
1427 1383 1517 1439 ιχ.

904 1509 1084 1557 HILAM
1125 1511 1272 1551 ΡΑΡΕ
1310 1514 1377 1557 AD
1418 1513 1711 1559 ιεοκτιωι.

516 1600 593 1655 De
624 1603 871 1679 Mamerto
899 1605 1155 1679 episcopo,
1186 1610 1274 1678 qui
1295 1620 1438 1665 extra
1476 1628 1598 1667 suos
1638 1614 1765 1679 ﬁnes
1813 1615 2094 1673 Deensibns

583 1674 878 1769 episcopum
920 1674 1182 1732 ordinarat
1198 1674 1227 1763 ’ρ
1287 1690 1340 1734 ut
1390 1683 1526 1736 illius
1556 1674 1764 1755 causam
1804 1686 1856 1740 in
1901 1688 2096 1759 synodo

584 1748 861 1799 examinet.

784 1858 1140 1935 Dilectissimo
1162 1862 1312 1919 fratri
1340 1864 1564 1922 Leontio
1590 1868 1822 1925 Hilarus.

576 1947 821 2014 Qualiter
844 1960 1029 2021 contra
1060 1954 1206 2009 sedis
1234 1957 1547 2026 apostolica:
1578 1962 1799 2016 veniens
1833 1965 2092 2019 constitu-

516 2050 600 2104 ta,
654 2041 1043 2105 sacerdotalem
1098 2047 1413 2105 modestiam
1468 2051 1756 2108 Mamertus
1810 2040 2096 2127 episcopus

514 2129 831 2187 Viennensis
859 2138 1179 2204 excesserit,
1202 2138 1502 2207 dilectionis
1521 2151 1625 2198 tua:
1648 2145 1928 2205 debuimus
1960 2150 2099 2203 rela-

513 2220 657 2303 tione
685 2237 1031 2305 cognoscere,
1058 2236 1116 2280 nt
1138 2218 1562 2287 ausibustalibus
1586 2247 1849 2290 maturum
1884 2250 1933 2293 et
1944 2240 2096 2306 juxta

514 2304 1000 2369 ecclesiaSticarum
1032 2317 1275 2374 ordinem
1303 2326 1605 2397 regularum
1638 2304 2098 2399 congruumjudi-

518 2405 659 2487 cium
692 2402 1078 2472 proferremus.
1109 2408 1373 2476 Quantum
1403 2416 1542 2470 enim
1569 2418 1659 2472 ﬁlii
1694 2423 1883 2487 nostri,
1908 2424 2004 2477 viri
2036 2424 2100 2479 il-

515 2493 719 2577 lustris,
746 2496 983 2573 magistri
1016 2496 1245 2559 militum
1275 2494 1538 2579 Gunduici
1564 2525 1813 2567 sermone
1842 2526 1921 2569 est
1962 2517 2101 2571 indi-

515 2596 718 2655 catum,
751 2594 1035 2660 praedictus
1067 2598 1349 2681 episcOpus
1379 2586 1556 2656 invitis
1586 2602 1898 2670 Deensibus,
1929 2616 1982 2661 et
2011 2608 2102 2678 qui

514 2678 579 2755 ad
611 2681 957 2739 ecclesiarum
990 2678 1107 2757 ejus
1128 2678 1436 2759 ntnncrnm,
1480 2710 1642 2765 quem
1694 2697 1741 2751 ci
1796 2701 2102 2766 apostolica:

516 2771 660 2827 sedis
686 2774 959 2843 deputavit
979 2766 1291 2848 auctaritas,
1322 2770 1546 2845 sicutin
1571 2788 1780 2842 scriniis
1810 2793 2007 2846 nostris
2030 2793 2105 2848 le-

517 2865 713 2946 gimtts,
745 2868 963 2925 minime
992 2873 1355 2952 pertinebant,
1394 2864 1575 2931 hostili
1607 2896 1777 2948 more,
1808 2892 1865 2936 ut
1886 2883 2101 2952 dicitur,

519 2971 789 3024 occupans
811 2950 1117 3029 civitatem,
1156 2950 1463 3039 episcopum
1495 2985 1813 3028 consecrare
1846 2990 2105 3045 prarsum-

521 3049 645 3131 psit.
673 3052 725 3105 In
752 3068 876 3125 quo,
908 3056 1070 3121 frater
1096 3060 1394 3128 carissime,
1427 3064 1470 3117 si
1503 3065 1572 3117 ita
1595 3075 1697 3131 est,
1728 3050 1883 3137 quam
1919 3070 2104 3124 multi-

525 3143 647 3213 plex
681 3145 836 3214 culpa
870 3148 958 3214 sit,
984 3152 1332 3219 pronuntiare
1358 3138 1647 3225 possimus,
1683 3160 1782 3213 uisi
1818 3159 2006 3230 judicii
2048 3172 2105 3217 ut

2199 572 2453 643 episc0po
2483 580 2670 627 nostro
2712 571 2933 635 Leontio
2962 572 3292 651 Arelatensis
3322 573 3574 635 Ecclesia;
3599 590 3792 630 sacer-

2198 662 2320 720 dote
2357 678 2620 731 summam
2663 650 2863 735 placuit
2907 679 3029 722 esse
3055 706 3071 732 ,
3099 650 3479 733 Celebrentur;
3518 668 3791 723 neoaliud

2199 756 2312 819 ﬁeri
2358 771 2515 828 posse
2553 758 2837 815 credamus
2862 775 3021 831 quam
3053 759 3193 831 quod
3223 775 3318 829 pro
3346 744 3648 816 communis
3680 764 3790 819 Do-

2198 850 2329 905 mini
2360 851 2521 914 domo
2566 863 2744 908 nostra
2786 853 3053 911 ordinatio
3086 852 3239 909 vobis
3280 838 3549 923 placitura
3585 857 3792 910 consti-

2200 926 2296 1023 tuit
2328 960 2342 998 :
2370 953 2545 1017 tamen
2576 944 2815 1013 repetitis
2849 944 3040 1000 litteris
3071 944 3257 1011 eadem
3287 961 3431 1001 nunc
3449 961 3663 1016 quoque
3688 949 3791 1003 ob-

2204 1036 2465 1091 servanda
2529 1038 2910 1104 decernimus;
2968 1039 3236 1108 praecipue
3286 1053 3406 1093 cum
3465 1039 3788 1107 gravissima

2200 1127 2518 1183 Viennensis
2546 1129 2776 1184 civitatis
2806 1131 3091 1198 cpiscopus
3133 1129 3437 1185 involvatur
3458 1118 3660 1209 offensa
3680 1172 3695 1196 ,
3730 1131 3786 1186 in

2199 1220 2444 1291 injuriam
2462 1222 2643 1277 fratris
2671 1232 2723 1277 et
2745 1222 3044 1292 coepiscopi
3070 1225 3236 1278 nostri
3257 1223 3463 1278 Leontii
3484 1224 3789 1280 Deensilius

2199 1314 2491 1381 antistitem
2521 1314 2909 1370 consecrando.
2930 1315 3006 1369 De
3027 1317 3179 1385 cujus
3210 1315 3349 1370 facto
3380 1315 3628 1372 vindictae
3652 1332 3790 1371 con-

2198 1418 2344 1473 grua:
2372 1406 2695 1460 sententiam
2742 1405 3082 1470 differentes,
3116 1407 3360 1462 relationi
3410 1406 3637 1462 fratrum
3664 1423 3788 1479 quae

2202 1495 2415 1548 interim
2445 1495 2652 1549 fuerant
2676 1495 2786 1550 visa
2818 1496 3211 1563 reSpondimus.
3242 1496 3346 1553 Sed
3374 1498 3625 1566 quoniam
3651 1499 3786 1552 tanti

2198 1601 2451 1657 excessus
2482 1588 2738 1658 majorem
2784 1588 2936 1644 nobis
2968 1589 3341 1645 sollicitudinis
3372 1592 3651 1645 materiam
3685 1590 3788 1645 de-

2200 1682 2435 1748 tulerunt
2456 1720 2470 1744 ,
2499 1680 2611 1735 haec
2631 1681 2697 1734 ad
2721 1681 3023 1737 universam
3048 1683 3323 1738 caritatem
3369 1683 3527 1739 etiam
3555 1699 3655 1753 per
3679 1684 3791 1738 fra-

2201 1780 2336 1837 trem
2361 1781 2415 1829 et
2443 1774 2816 1845 coepiscopum
2850 1785 3087 1829 nostrum
3112 1775 3398 1833 Antonium
3416 1777 3612 1846 scripta
3639 1777 3788 1832 dire-

2125 1869 2177 1933 Β
2204 1864 2376 1919 ximus
2403 1910 2416 1933 ,
2451 1866 2645 1935 quibus
2676 1866 2945 1923 admonita
2977 1870 3273 1923 Communis
3303 1869 3538 1925 omnium
3583 1868 3791 1924 sollici-

2200 1957 2327 2012 tudo
2356 1969 2624 2028 procuret,
2658 1975 2725 2015 ne
2752 1960 3032 2030 quisquam
3065 1960 3289 2017 fratrum
3324 1964 3375 2017 in
3406 1963 3629 2018 alterius
3661 1979 3789 2033 pro-

2202 2058 2456 2127 rupturus
2484 2050 2732 2119 injuriam
2765 2092 2779 2115 ,
2812 2053 3153 2109 transcendat
3184 2038 3438 2110 terminos
3465 2070 3492 2108 a
3524 2070 3792 2110 veneran-

2198 2140 2282 2195 dis
2324 2141 2569 2207 Patribus
2611 2144 2950 2198 constitutos.
2988 2144 3138 2201 Unde
3182 2148 3361 2199 omnia
3394 2161 3512 2216 qua:
3554 2161 3583 2201 a
3631 2147 3793 2213 nobis

2201 2219 2323 2286 sunt
2365 2249 2458 2302 per
2496 2233 2687 2289 fratres
2729 2244 2781 2289 et
2808 2228 3157 2305 ccepiscopos
3201 2246 3410 2292 nostros
3447 2237 3703 2292 Faustum
3738 2247 3793 2294 et

2202 2326 2502 2395 Auxanium
2548 2328 2763 2384 deﬁnita
2796 2329 3113 2385 roborantes
3142 2373 3156 2396 ,
3200 2330 3642 2400 congregationes
3688 2346 3787 2385 an-

2203 2433 2334 2487 nuas
2358 2459 2372 2484 ,
2399 2419 2678 2475 ordinante
2706 2419 2869 2476 fratre
2898 2431 2949 2476 et
2979 2422 3294 2491 coepiscopo
3320 2430 3505 2475 nostro
3534 2420 3787 2487 Leontio,

2203 2510 2492 2566 admonitis
2525 2513 2951 2582 metrOpolitanis
2982 2558 2995 2581 ,
3026 2514 3166 2583 quod
3208 2528 3351 2580 smpe
3375 2512 3660 2567 dicendum
3686 2523 3791 2577 est,

2204 2604 2268 2659 iis
2309 2605 2440 2659 locis
2479 2606 2753 2661 celebrare
2790 2605 3079 2676 dignemini
3114 2647 3129 2669 ,
3167 2605 3230 2658 ad
3268 2620 3387 2675 quae
3434 2602 3792 2659 conveniendi

2206 2696 2348 2757 nulla
2391 2698 2461 2751 sit
2489 2680 2733 2768 cuiquam
2766 2698 3177 2773 commeantium
3209 2695 3513 2751 difﬁcultas.
3548 2694 3641 2750 Cui
3673 2696 3793 2750 dili-

2205 2790 2399 2860 gentia:
2429 2790 2587 2867 etiam
2616 2789 2849 2860 provisio
2878 2790 3177 2853 adhibenda
3209 2801 3311 2855 est,
3343 2802 3401 2845 ut
3422 2791 3794 2859 opportunitas

2205 2881 2650 2957 quemadmodum
2699 2883 2934 2947 locorum
2954 2923 2968 2948 ,
3000 2882 3069 2939 ita
3100 2885 3452 2961 constituatur
3499 2891 3553 2938 et
3584 2892 3793 2952 tempo-

2205 2960 2324 3029 rum
2358 2992 2371 3027 :
2422 2984 2477 3028 ut
2507 2974 2923 3041 inexcusabilior
2952 2973 3194 3045 quisquis
3216 2984 3320 3029 tam
3345 2974 3711 3029 necessarium
3744 2982 3795 3028 et

2208 3068 2423 3125 salubre
2466 3069 2813 3124 constitutum
2867 3077 3104 3125 nostrum
3136 3050 3514 3137 negligendum
3561 3077 3795 3141 putaret,

2208 3171 2468 3231 appareat
2491 3203 2505 3225 ,
2535 3163 2725 3218 fratres
2746 3162 3029 3217 carissimi.
3066 3160 3208 3215 lllius
3229 3144 3408 3216 autem
3432 3161 3795 3217 confirmatio-

524 3233 782 3305 diximus,
815 3247 869 3293 et
899 3240 1197 3321 moderatio
1222 3244 1377 3323 nobis
1405 3257 1579 3314 esset,
1621 3260 1674 3305 et
1710 3252 1845 3309 ordo
1882 3268 2103 3310 servan-

2206 3266 2349 3318 nem,
2391 3269 2546 3323 quem
2582 3253 2898 3323 Viennensis
2936 3252 3215 3323 episcopus
3244 3254 3509 3321 alienum,
3534 3261 3587 3307 et
3613 3252 3679 3307 ad
3725 3267 3781 3306 se

527 3326 648 3381 dns.
675 3331 848 3398 Atque
877 3331 1000 3387 ideo
1028 3349 1236 3413 memor
1268 3322 1837 3411 sollicitudinis,quam
1866 3346 2106 3403 dileCtio-

527 3420 580 3485 ni
615 3429 716 3475 tum
744 3424 851 3478 scis
879 3440 998 3481 esse
1025 3430 1392 3496 commissam,
1420 3434 1680 3509 quidquid
1709 3453 1847 3507 nunc
1870 3442 1935 3494 ad
1972 3442 2108 3496 noti-

526 3511 653 3566 tiam
682 3524 919 3571 nostram
950 3518 1099 3601 brevi
1132 3521 1491 3599 insinuatione
1522 3526 1755 3583 delatum
1781 3538 1883 3595 est,
1904 3531 1955 3585 in
1978 3546 2108 3588 con-

527 3615 686 3659 ventu
718 3609 994 3679 synolali,
1025 3612 1113 3682 qui
1152 3616 1447 3671 secundum
1490 3627 1683 3685 statuta
1724 3636 1902 3691 nostra
1951 3626 2107 3682 annis

525 3700 750 3770 singulis
778 3712 828 3760 te
858 3705 956 3760 sibi
989 3710 1314 3787 praesidente
1344 3723 1426 3777 est
1455 3718 1881 3787 congregandos,
1930 3718 2107 3775 discu-

527 3800 640 3846 tere
668 3809 785 3864 qnze
816 3808 939 3851 sunt
961 3810 1075 3854 acta
1100 3785 1358 3869 debebis,
1389 3816 1444 3859 et
1485 3821 1514 3859 a
1558 3785 1811 3874 prmdicto
1843 3812 2104 3867 rationem

527 3882 650 3938 facti
682 3886 763 3938 sui
791 3886 892 3965 sub
915 3890 1166 3944 universo
1197 3903 1337 3947 cmtu
1372 3893 1719 3967 fraternitatis
1763 3899 2010 3969 exigere,
2045 3917 2107 3957 ac

528 3973 722 4030 deinde
753 3980 990 4033 omnium
1023 3982 1218 4039 litteris
1246 3998 1445 4045 nostrae
1481 3989 1729 4049 intimare
1765 3994 1968 4050 notitiae
2002 4014 2013 4049 :
2052 4006 2109 4050 ut

527 4067 667 4136 quod
696 4079 881 4124 sancto
905 4070 1105 4140 Spiritu
1128 4075 1361 4132 dictante
1391 4089 1474 4133 est
1498 4081 1821 4152 faciendum,
1867 4086 1931 4139 ad
1962 4101 2109 4142 com—

529 4160 836 4228 primendos
862 4175 1083 4228 conatus
1117 4168 1329 4225 illicitos
1355 4174 1689 4239 ordinemus.
1724 4178 1862 4233 Dens
1887 4160 1937 4234 te
1959 4180 2109 4236 inco-

528 4252 727 4308 lumem
758 4256 1044 4325 custodiat,
1062 4259 1223 4341 frater
1253 4263 1550 4322 carissime.
1576 4268 1707 4325 Data
1726 4286 1779 4326 vr
1808 4271 1925 4326 idus
1949 4273 2109 4329 Octo-

530 4343 639 4398 bris
673 4346 838 4421 (anno
872 4348 1007 4409 .Chr.
1048 4350 1199 4423 463),
1245 4354 1442 4425 Basilio
1481 4359 1595 4415 viro
1640 4361 1941 4421 clarissimo
1982 4380 2109 4421 con-

527 4439 665 4493 sule.

1096 4538 1430 4615 EPISTOLA
1472 4544 1539 4599 χ.

530 4659 704 4701 ιιιιΑιυ
736 4662 884 4705 ΡΛΡΒ
925 4665 991 4705 ΑΙ)
1029 4665 1310 4723 EPISCOPDS
1349 4671 1681 4714 ιιιιιειιειιιιωί
1720 4676 2110 4719 ριιονιιιιῖιλιιυιι

1202 4740 1426 4799 ςΑιιιειε.

532 4804 614 4862 Ne
644 4809 911 4889 quisquam
934 4828 1052 4889 suos
1077 4818 1314 4889 t’rntinos
1350 4824 1695 4889 transcendat,
1719 4834 1763 4879 et
1802 4836 1853 4881 ut
1888 4829 2109 4885 concilia

667 4884 937 4950 quotannis
960 4883 1161 4938 Leontii
1182 4888 1402 4961 episcOpi
1429 4909 1583 4961 opera
1607 4883 1962 4951 convocentur.

532 4987 901 5074 Dilectissimis
932 4995 1188 5074 fratribus
1215 5002 1486 5074 episcopis
1508 5008 1800 5074 provincias
1830 5009 2105 5073 Viennen-

600 5062 1113 5149 53's,.Lttgdtl-t'1-6ttsis,
1145 5062 1720 5149 Narbonensis-prima:
1745 5062 1800 5133 et
1834 5062 2105 5149 έὲεξῦἰίᾶἇε,

600 5133 841 5201 Alpium,
875 5136 1086 5193 Hilarus
1119 5143 1425 5210 episcopus.

602 5244 714 5300 Etsi
742 5248 1142 5307 meminerimus
1189 5252 1576 5313 fraternitatem
1619 5269 1848 5317 vestram
1886 5279 1948 5337 ea
1988 5281 2107 5337 qua:

530 5344 657 5389 sunt
685 5351 713 5389 a
743 5337 897 5393 nobis
922 5349 1115 5397 statuta
1144 5346 1408 5412 retinere,
1441 5362 1539 5403 nec
1565 5350 1763 5421 aliquid
1796 5369 1859 5409 ex
1892 5336 1974 5410 liis
2001 5358 2109 5411 dis-

529 5426 785 5482 simulare
816 5426 936 5499 quae
964 5434 1270 5502 scripsimus
1301 5455 1313 5490 :
1347 5448 1403 5493 ut
1444 5440 1649 5497 scilicet
1685 5459 1781 5513 pro
1825 5446 2106 5519 disciplina

531 5520 891 5577 ecclesiastica
912 5565 927 5590 ,
954 5534 1004 5579 et
1029 5541 1124 5595 pro
1150 5530 1325 5586 causis
1356 5548 1486 5602 quas
1518 5533 1657 5590 inter
1688 5536 1900 5593 Domini
1931 5526 2108 5595 sacer-

532 5612 686 5670 dOtes
724 5617 924 5671 oboriri
970 5619 1277 5692 plerumque
1321 5641 1426 5681 non
1466 5628 1684 5685 dubium
1716 5641 1796 5687 est
1833 5634 2107 5704 synodalia

2211 3347 2432 3403 minime
2466 3346 2820 3415 pertinentem
2843 3385 2859 3411 ,
2887 3345 3121 3416 graviter
3147 3345 3396 3399 ordinare
3424 3345 3792 3414 praesumpsit,

2213 3440 2393 3503 fratris
2424 3448 2477 3493 et
2505 3437 2810 3509 coepiscopi
2841 3438 3009 3492 nostri
3034 3437 3243 3493 Leontii
3265 3436 3576 3507 reliquimus
3604 3435 3761 3489 volun
3780 3462 3794 3473 ο

2212 3530 2340 3594 tati;
2366 3544 2523 3600 quem
2552 3529 2872 3585 conﬁdimus
2890 3516 3217 3598 non’prccter
3249 3528 3628 3582 humanitatem
3663 3540 3789 3594 pcn-

2210 3604 2331 3676 sare
2370 3636 2487 3690 qua:
2527 3620 2668 3690 justa
2699 3606 2839 3675 sunt.
2872 3620 3015 3691 Deus
3046 3634 3141 3675 vos
3169 3620 3461 3675 incolumes
3489 3616 3787 3683 custodiat,

2211 3712 2401 3768 fratres
2434 3712 2715 3767 carissimi.
3448 3718 3451 3721 '

2766 3842 3097 3899 EPISTOLA
3141 3844 3230 3898 XI.

2213 3973 2390 4012 HILLRI
2425 3974 2675 4043 PAPILAD
2708 3973 2982 4013 EPISCOPOS
3021 3974 3105 4022 QUI
3150 3977 3212 4014 DE
3259 3976 3493 4014 MAMERTI
3532 3975 3695 4017 CAUSA
3746 3977 3795 4017 IN

2720 4043 2915 4084 SYNODO
2948 4044 3281 4085 COGNOHANT.

2214 4122 2539 4189 Prwceptnm
2568 4120 2748 4195 Hilari
2775 4140 2930 4195 papa:
2959 4124 3022 4177 de
3048 4121 3278 4177 Ecclesia
3310 4123 3525 4189 Deense,
3567 4124 3654 4177 ubi
3685 4126 3793 4195 epi-

2281 4210 2465 4263 scopus
2485 4194 2702 4248 indebite
2719 4210 2750 4247 a
2775 4193 3046 4249 Viennensi
3071 4195 3303 4265 episcopo
3332 4196 3597 4250 ordinatus
3626 4193 3723 4250 est.

2216 4306 2263 4360 1.
2298 4305 2365 4361 Ut
2405 4322 2491 4373 per
2523 4306 2778 4359 Veranum
2807 4306 3095 4376 epist-apum
3125 4314 3388 4358 moneatur
3428 4306 3709 4361 Mamertus
3741 4314 3797 4361 ut

2282 4380 2344 4431 ab
2375 4378 2782 4433 ordinationibus
2809 4377 3066 4444 indebitis,
3102 4377 3293 4449 ordinis
3316 4378 3398 4432 sui
3426 4388 3473 4432 et
3503 4379 3793 4449 privilegio-

2284 4465 2399 4519 rum
2425 4449 2675 4519 periculo,
2704 4450 2755 4519 in
2789 4457 3044 4519 posterum
3072 4448 3338 4501 abstineat.

2213 4515 2301 4591 1!.
2330 4518 2397 4573 Ut
2425 4515 2512 4587 qui
2540 4515 2815 4591 Oeensibus
2838 4536 2869 4571 a
2897 4517 3148 4571 Mamerto
3174 4527 3492 4591 consecratas
3514 4526 3603 4591 est,
3632 4518 3796 4573 Leon-

2285 4591 2341 4643 tii
2374 4590 2683 4643 Arelatensis
2708 4590 2931 4660 episcOpi
2958 4631 2972 4655 ,
3003 4607 3033 4643 a
3052 4605 3151 4660 quo
3177 4590 3457 4643 consecrari
3488 4589 3683 4653 debuit,
3713 4607 3798 4644 ar-

2289 4662 2436 4716 bitrio
2466 4662 2810 4729 conﬁrmetur.

2216 4777 2583 4833 Dilectissimis
2636 4775 2921 4839 fratribus,
2969 4775 3217 4838 Victuro,
3270 4775 3520 4843 lngenuo,
3577 4773 3793 4835 Ydatin,

2286 4848 2533 4904 Enstasio
2555 4889 2571 4911 ,
2623 4847 2845 4902 Fonteio
2866 4888 2881 4910 ,
2929 4846 3170 4901 Viventio
3195 4887 3210 4911 ,
3259 4846 3468 4907 Eulalia
3491 4885 3505 4909 ,
3544 4845 3758 4900 Veranu
3785 4885 3795 4904 ,

2286 4919 2502 4983 Fausto,
2537 4920 2812 4986 Auxanio,
2848 4917 3074 4972 Proculo
3100 4958 3115 4983 ,
3147 4915 3381 4973 Ausonio
3403 4962 3416 4979 ,
3446 4916 3611 4986 Paulo
3631 4958 3645 4979 ,
3683 4917 3792 4969 lib--

2285 4989 2530 5055 moriali,
2565 4984 2845 5056 leestio,
2881 4988 3157 5057 Projecto,
3192 4986 3482 5058 Eutropio,
3516 4984 3763 5040 Avitiauu
3785 5024 3797 5045 ,

2287 5061 2443 5129 Urso,
2476 5070 2531 5116 et
2554 5060 2800 5129 Leontio,
2825 5058 3061 5113 Hilarus.
3366 5066 3371 5071 ’

2285 5170 2539 5226 Sollicitis
2568 5171 2853 5225 admodum
2887 5170 3062 5237 nobis,
3091 5178 3143 5225 et
3182 5185 3248 5224 ex
3273 5168 3355 5223 liis
3385 5182 3507 5240 qua:
3552 5167 3795 5236 proxima

2215 5264 2280 5321 ad
2315 5282 2409 5321 nos
2439 5264 2632 5321 relatio
2671 5274 2814 5319 certa
2858 5262 3159 5329 detulerat,
3198 5263 3362 5317 multa
3398 5244 3795 5332 exspectatione

2215 5360 2490 5429 suspensis
2516 5400 2530 5425 ,
2563 5359 2750 5413 littera:
2784 5356 3081 5411 dilectionis
3097 5366 3288 5412 vestrae
3308 5398 3323 5423 ,
3350 5356 3516 5411 fratre
3538 5364 3591 5410 et
3618 5354 3796 5424 coepi-

2216 5468 2379 5524 scopo
2414 5460 2598 5507 nostro
2628 5450 2859 5504 Antonio
2884 5490 2899 5516 ,
2928 5464 3085 5520 quem
3116 5449 3332 5520 dignum
3363 5457 3503 5502 tanta
3532 5447 3796 5515 legatione

2218 5528 2506 5614 probamus
2534 5541 2913 5610 interpretem,
2944 5540 3236 5606 deferente,
3266 5547 3389 5595 sunt
3420 5538 3652 5601 traditzc,
3684 5546 3799 5607 qua;

2219 5651 2317 5715 nos
2347 5635 2475 5706 ipsis
2503 5643 2789 5690 contextus
2819 5624 2905 5688 sui
2929 5634 3312 5689 contristavere
3340 5631 3635 5702 principiis.
3670 5627 3798 5684 Nam

607 5754 1086 5840 ῗξὲιξηρηῦειξὶειί
1134 5759 1237 5814 470
1282 5776 1311 5825 c
1351 5763 1483 5820 vivis
1524 5766 1634 5834 jam
1681 5779 2024 5829 excesserant
2070 5777 2126 5827 et
2174 5769 2387 5827 Hilarus
2436 5784 2569 5840 papa
2608 5778 2664 5827 et
2697 5771 2928 5828 Severus
2976 5770 3281 5840 Augustus,
3324 5766 3417 5838 qui
3464 5764 3648 5827 consul
3706 5758 3799 5817 fuit

530 5834 669 5886 anno
700 5824 897 5881 Christi
926 5826 1053 5883 462.
