4086 6328
196 381 269 441 ,ο
1603 373 1932 429 EPISTOLA
1976 373 2068 429 XI.
3397 379 3467 434 so

200 500 293 571 qui
318 495 651 565 requiescere
668 490 1080 546 sollicitudinem
1096 496 1353 552 nostram,
1372 497 1426 542 et
1446 503 1693 557 magnam
1714 504 1779 543 ex
1808 492 1855 550 Α
1882 489 2192 559 coepiscopi
2224 490 2392 543 nostri
2412 489 2629 544 Antonii
2662 491 2947 547 insinuatio
2977 495 3233 547 reseravit
3257 534 3270 556 ,
3297 494 3462 550 claret

204 600 353 661 parte
380 585 604 641 relevari
634 583 685 637 in
726 582 810 637 bis
838 580 957 652 quae
984 597 1014 635 a
1056 590 1257 635 sanctae
1288 581 1562 635 memoriae
1588 581 1780 637 deces-

203 696 326 740 sore
354 693 477 735 meo
503 676 572 732 de
593 675 882 731 Viennensi
910 674 1166 743 episcopo
1194 673 1409 743 praefixa
1430 685 1576 738 sunt,
1599 674 1785 729 crede-

204 774 417 836 bamus,
448 766 685 823 evidenti
715 764 1010 820 assertione
1049 763 1398 833 cognovimus
1422 803 1437 827 ,
1462 773 1516 817 et
1543 778 1647 816 non
1669 763 1785 818 sine

206 866 391 921 dolore
440 861 698 916 miramur
720 900 735 926 ,
766 856 1105 911 definitiones
1125 855 1245 911 illas
1276 856 1292 886 ¹
1326 870 1355 908 a
1382 854 1641 911 Mamerto
1670 854 1786 923 cpi-

206 973 368 1025 scopo
418 968 560 1010 nunc
599 951 840 1022 potuisse
869 950 1172 1005 transcendi
1200 990 1216 1014 ,
1247 964 1343 1019 per
1368 965 1500 1020 quas
1534 950 1788 1005 Ecclesiae

212 1047 541 1122 privilegium
583 1042 837 1113 probarat
873 1041 1111 1111 acquiri;
1159 1056 1278 1096 cum
1317 1042 1583 1111 praecipue
1612 1039 1790 1095 fratris

211 1152 261 1196 et
288 1136 593 1206 coepiscopi
619 1133 791 1188 nostri
810 1132 1017 1187 Leontii
1039 1132 1340 1188 moderatio
1367 1132 1590 1186 formam
1614 1133 1791 1187 conti-

215 1232 405 1288 ncntic
456 1229 700 1300 praebere
737 1226 984 1280 debuerit
1022 1226 1326 1281 ambienti:
1374 1234 1467 1280 aut
1513 1226 1557 1281 si
1600 1226 1792 1294 spiritu

218 1320 565 1378 :emulationis
600 1320 846 1382 inflatus,
880 1332 1000 1372 eum
1029 1316 1190 1389 (quod
1223 1332 1329 1373 non
1361 1316 1619 1388 Oportuit)
1646 1317 1793 1371 arbi-

222 1424 381 1469 tratus
406 1421 491 1468 est
512 1408 918 1480 negligendum;
946 1408 1250 1464 decessoris
1270 1409 1351 1463 sui
1379 1410 1567 1464 saltem
1600 1409 1796 1463 instru-

223 1514 332 1559 ctus
357 1501 610 1570 exetnplo
630 1539 644 1564 ,
678 1499 827 1553 illius
856 1498 1154 1554 imitaretur
1181 1501 1609 1566 temperantiam,
1642 1497 1796 1567 cujus

227 1595 419 1649 honore
475 1591 845 1662 perfungitur,
894 1604 993 1644 nec
1043 1588 1485 1659 transgrediendo
1537 1590 1794 1657 violaret,

229 1686 357 1756 quod
386 1685 495 1754 jam
532 1696 676 1738 nunc
702 1724 715 1748 ,
752 1681 850 1737 nisi
883 1680 1155 1750 patientiae
1188 1680 1549 1736 moderamina
1584 1692 1795 1737 tenere-

236 1793 344 1833 mus
369 1817 384 1839 .
414 1782 591 1845 posset
615 1775 881 1828 amittere.
916 1773 1013 1827 Cui
1043 1788 1273 1843 unquam
1302 1773 1505 1843 profuit
1532 1789 1684 1829 mens
1713 1789 1800 1830 re-

1887 581 2199 652 praadictutn
2240 582 2513 651 privilegia
2563 584 2724 639 certis
2755 587 3006 641 conclusa
3059 588 3297 642 terminis
3331 590 3465 644 velte

1886 676 2113 747 perdere
2142 676 2260 745 plus
2288 676 2536 741 volendo,
2563 677 2650 746 qui
2672 677 2871 734 abusus
2899 679 3077 734 fratris
3105 689 3159 734 et
3183 695 3467 737 consacer-

1888 767 2027 822 dotis
2052 768 2257 823 Leantii
2286 768 2615 823 moderantia
2641 808 2654 831 ,
2691 768 2988 824 Deensibus
3020 781 3205 825 contra
3240 772 3318 827 fas
3346 774 3463 841 epi-

1890 874 2131 929 scopum,
2158 859 2367 915 etiamsi
2394 871 2477 915 est
2505 860 2727 915 meritus
2747 900 2761 923 ,
2791 875 2894 914 non
2921 860 3097 915 timuit
3123 877 3460 917 consecrare.

1891 952 1947 1007 ln
1976 968 2083 1021 quo
2111 951 2306 1005 factum
2354 953 2471 1019 ejus
2507 961 2832 1007 convenerat
2861 951 2939 1006 sic
2967 952 3203 1021 resolvi,
3233 962 3292 1008 ut
3316 955 3465 1021 juxta

1891 1059 2077 1100 eorum
2108 1060 2225 1113 qua:
2255 1055 2554 1112 perpetrata
2584 1051 2709 1096 sunt
2742 1044 3076 1112 qualitatem,
3105 1059 3207 1099 non
3248 1046 3364 1100 sine
3388 1047 3469 1114 ja-

1892 1148 2041 1189 Ctura
2068 1135 2264 1203 proprii
2296 1133 2518 1196 ordinis.
2552 1134 2710 1189 etiam
2744 1134 2889 1188 illum
2921 1149 2950 1188 a
2983 1136 3301 1191 sacerdotali
3336 1152 3468 1191 con-

1894 1226 2060 1280 sortio
2096 1226 2402 1279 submoveri
2448 1233 2713 1291 cerneret,
2762 1240 2920 1293 quem
2970 1226 3173 1280 creavit
3216 1227 3468 1293 indebite,

1895 1332 2158 1387 quemque
2180 1315 2546 1385 indignissime
2578 1315 2769 1370 fecisse
2792 1317 3145 1381 cuuvincitnr,
3162 1326 3470 1385 correptum

1894 1408 2033 1476 justa
2064 1408 2261 1460 ultione
2292 1407 2547 1471 sentiret,
2593 1421 2658 1461 ne
2686 1416 2958 1474 conceptae
2999 1407 3233 1462 audacia:
3260 1409 3474 1463 incasti-

1897 1509 2019 1567 gata
2060 1497 2334 1552 temeritas
2371 1497 2599 1552 licentiae
2634 1513 2691 1552 se
2720 1500 2992 1567 peperisse
3033 1509 3243 1569 putaret
3289 1516 3476 1554 exem-

1902 1588 2067 1657 plum.
2104 1587 2299 1642 Verum
2332 1586 2396 1641 ad
2430 1588 2792 1642 Ecclesiarum
2833 1589 3069 1657 quietem
3112 1599 3271 1646 tanta:
3301 1600 3473 1646 trans-

1899 1678 2190 1750 gressionis
2232 1679 2449 1733 vulnera
2478 1718 2493 1745 ,
2525 1694 2789 1734 memores
2820 1681 3132 1747 apostolicae
3163 1682 3470 1751 Sapientiae,

1902 1771 2076 1824 curari
2127 1769 2371 1824 volumus
2416 1779 2541 1824 ante
2592 1770 2863 1837 fomentis,
2916 1781 2973 1827 ut
3015 1775 3256 1842 corporis
3307 1776 3475 1829 nostri

240 1869 412 1923 bellis?
442 1878 529 1921 aut
567 1881 723 1935 quem
754 1865 1019 1934 superbiae
1042 1880 1148 1919 non
1178 1866 1449 1920 inclinarit
1475 1866 1672 1923 elatio?
1699 1867 1791 1921 Al-
1824 1870 1874 1931 Β
1900 1864 2197 1917 membrum
2231 1861 2367 1916 forte
2393 1862 2684 1916 sanandum
2723 1864 2775 1918 in
2810 1864 3166 1934 integritatem
3200 1866 3476 1934 pristinam

248 1961 341 2016 tior
366 1970 444 2015 est
464 1959 767 2014 humilitatis
798 1958 966 2027 gratia
987 1998 1003 2023 ,
1027 1958 1112 2011 cui
1148 1970 1457 2028 paupertate
1489 1959 1704 2027 spiritus
1731 1959 1798 2014 ad

241 2052 498 2121 prtemium
548 2049 825 2119 promissae
857 2049 1198 2105 beatitudinis
1230 2050 1329 2105 iter
1375 2052 1523 2120 regni
1566 2050 1801 2105 ctelestis

233 2130 478 2209 aperitur.
512 2142 619 2198 Nec
650 2140 1070 2211 perfunctorium
1123 2142 1499 2210 praevaricator
1533 2143 1803 2198 existimet

231 2250 340 2291 esse
367 2236 510 2307 quod
557 2236 679 2290 fecit
705 2276 718 2298 ,
743 2236 785 2287 si
817 2234 1057 2292 eruditus
1083 2234 1350 2290 doctrinis
1376 2235 1758 2290 ecclesiasticis
1781 2274 1798 2300 ,

229 2328 345 2399 quid
372 2338 598 2398 uterque
620 2335 886 2384 mereatur
903 2326 1171 2396 agnoscit:
1201 2342 1323 2383 cum
1347 2327 1481 2383 alter
1510 2327 1800 2382 secundum

227 2420 585 2491 prapbeticam
612 2435 794 2474 vocem
836 2420 889 2474 in
922 2418 1099 2473 medio
1126 2419 1405 2473 dominicae
1432 2417 1624 2472 domus
1655 2418 1803 2471 babi—

228 2522 332 2567 tare
383 2511 751 2583 prohibetur;
802 2509 938 2563 alter
978 2508 1298 2577 respiciente
1346 2524 1402 2561 se
1445 2508 1553 2562 Deo
1588 2522 1804 2575 semper

220 2606 432 2676 junctus
479 2605 773 2666 asscritur,
800 2602 954 2670 cujus
980 2599 1348 2656 consolatione
1380 2598 1635 2652 salvatur.
1672 2598 1803 2652 Pos-

222 2690 334 2752 srnt
354 2694 741 2753 venerabilium
766 2703 1003 2747 veterum
1026 2692 1190 2745 tnulta
1220 2690 1487 2759 replicari,
1510 2706 1627 2761 que
1652 2690 1804 2758 juxta

220 2778 499 2843 veritatem
517 2784 661 2839 dicta
684 2783 1151 2847 demonstrantur;
1183 2782 1275 2836 sed
1299 2783 1367 2835 ab
1395 2782 1586 2837 eadem
1617 2795 1800 2849 causa,

219 2896 331 2949 qua:
380 2862 463 2934 se.
494 2886 549 2931 ut
608 2876 986 2946 loqueremur,
1043 2875 1287 2943 ingessit,
1338 2874 1633 2929 recentiora
1685 2884 1807 2930 sunt

218 2972 465 3041 exempla
511 2968 789 3024 sumenda.
835 2960 966 3022 Nam
1010 2966 1322 3036 dignitatem
1352 2965 1670 3021 Viennensis
1708 2967 1808 3022 Ec-

218 3064 390 3120 clesiae
404 3060 702 3118 Mamertus
719 3060 1000 3129 episc0pus
1025 3060 1351 3113 Arelatensis
1362 3059 1614 3114 antistitis
1639 3077 1807 3131 quon-

217 3156 335 3219 dam
369 3151 805 3222 transgressione
836 3150 1095 3217 crevisse,
1125 3157 1180 3205 et
1210 3166 1305 3219 pro
1337 3151 1667 3220 corrigendis
1688 3166 1808 3221 quae

1906 1973 2000 2027 per
2021 1957 2230 2011 mitiora
2256 1958 2637 2013 medicamenta
2666 1968 2967 2027 revocetur,
2984 1974 3081 2014 ttec
3099 1959 3347 2015 credatur
3386 1978 3478 2017 ne-

1904 2049 2025 2119 gligi
2050 2048 2189 2117 quod
2214 2049 2424 2102 interim
2456 2064 2557 2102 non
2581 2058 2823 2104 monetur
2844 2049 3103 2105 abscindi.
3137 2051 3340 2107 Praevia
3368 2068 3477 2109 me-

1904 2140 2065 2195 dendi
2119 2155 2331 2208 semper
2379 2141 2709 2196 austeritatis
2760 2149 2842 2196 est
2891 2141 3112 2207 lenitas,
3164 2157 3262 2197 nec
3305 2145 3478 2199 omnis

1906 2233 2047 2287 ferro
2086 2231 2262 2286 statim
2309 2233 2460 2300 culpa
2493 2232 2872 2301 compescitur,
2918 2242 3009 2287 aut
3037 2233 3368 2302 inexplorato
3396 2236 3478 2291 vel

1905 2322 2044 2392 quod
2081 2322 2231 2376 facile
2260 2322 2516 2392 prodesse
2548 2324 2714 2392 possit
2739 2322 2977 2377 oll‘ertur.
3009 2323 3158 2387 Nunc
3179 2326 3320 2383 enim
3344 2334 3479 2381 tem~

1907 2416 2051 2483 poris
2078 2416 2470 2483 opportunitas,
2503 2430 2643 2469 nunc
2675 2414 2972 2485 languentis
2996 2417 3306 2484 necessitas,
3339 2433 3479 2472 nunc

1907 2507 2186 2561 medicina:
2218 2508 2382 2576 ipsius
2406 2518 2459 2562 et
2486 2508 2674 2562 modus
2704 2517 2786 2562 est
2809 2510 3128 2578 quaerendus
3149 2519 3202 2565 et
3230 2510 3479 2579 qualitas;

1909 2610 1965 2653 ut
1994 2600 2167 2654 omnis
2205 2616 2299 2670 per
2324 2601 2640 2669 sapientiam
2688 2599 2821 2654 facta
2852 2602 2901 2654 in
2950 2602 3095 2656 vitiis
3129 2602 3480 2672 reprimendis

1907 2691 2209 2746 sollicitudo
2238 2692 2477 2747 curantis
2508 2693 2736 2761 gaudeat
2758 2695 3097 2760 reparatione
3120 2694 3259 2763 quod
3292 2695 3481 2760 salvat,

1909 2799 2007 2838 uec
2036 2793 2215 2837 careat
2246 2783 2613 2838 moderatione
2643 2784 2781 2853 quod
2814 2796 3044 2839 resecat.
3081 2786 3171 2840 llis
3200 2787 3356 2855 igitur
3397 2802 3482 2843 ve.

1909 2884 2017 2929 stra
2043 2873 2347 2929 fraternitas
2367 2875 2597 2945 graviter
2623 2875 3020 2946 prudenterque
3037 2879 3336 2947 perpensis,
3365 2880 3485 2938 talia

1909 2964 2048 3035 apud
2082 2981 2176 3020 nos
2206 2965 2537 3020 dissimulari
2580 2982 2738 3036 posse
2769 2984 2871 3021 non
2901 2969 3150 3033 mstimet,
3183 2970 3235 3023 in
3262 2985 3487 3039 quorum

1910 3073 1969 3114 se
2000 3061 2230 3113 maxime
2259 3059 2765 3127 contumeliam,qui
2792 3075 2895 3113 non
2930 3059 3197 3115 immerito
3226 3061 3486 3129 pulsatur,

1912 3152 2103 3206 erexit.
2152 3151 2324 3206 Fratri
2370 3151 2513 3205 enim
2543 3161 2727 3205 nostro
2755 3150 2979 3205 Leontio
3000 3152 3133 3223 nihil
3156 3153 3428 3209 constituti
3458 3169 3488 3211 a

217 3260 504 3317 perperam
544 3242 893 3313 gerebantur,
941 3242 1231 3296 inviolabili
1275 3252 1457 3311 postea
1499 3243 1805 3300 definitione
1834 3247 1880 3311 C
1910 3256 2107 3301 sancta:
2131 3246 2402 3300 memoria:
2426 3246 2709 3301 decessore
2728 3260 2848 3300 meo
2867 3246 3001 3315 juris
3029 3248 3201 3315 potuit
3221 3246 3487 3317 abrogari,

218 3335 603 3405 compositum,
638 3349 703 3388 ne
734 3332 869 3388 alter
897 3332 1177 3402 inglorius,
1212 3334 1416 3388 alterin
1447 3343 1613 3389 totum
1638 3336 1806 3392 veteri

218 3430 428 3484 honore
480 3441 571 3495 per
606 3426 788 3480 vitium
839 3427 1181 3495 prazcessoris
1229 3427 1556 3497 reperiretur
1591 3439 1802 3484 exutus.

216 3523 367 3576 Sicut
392 3533 528 3588 ergo
567 3528 619 3572 et
641 3527 834 3572 vestra:
867 3517 1173 3573 dilectionis
1203 3520 1393 3574 relatio
1420 3560 1434 3587 ,
1463 3530 1517 3575 et
1544 3522 1723 3576 fratris
1752 3531 1807 3578 et

288 3679 305 3708 ι
352 3675 664 3735 Mamertus,
696 3671 826 3725 alias
854 3672 1170 3738 Mamercus,
1203 3674 1556 3726 sanctissima:
1587 3674 1715 3728 vitae
1748 3683 1804 3729 et
1843 3662 1848 3667 ’

213 3744 523 3804 beatissimi
552 3742 1061 3797 obitusVienuensis
1092 3743 1393 3809 episcopus,
1422 3746 1508 3811 qui
1543 3759 1695 3797 usum
1720 3760 1806 3798 sa-

215 3833 370 3872 crum
404 3813 708 3868 litaniartun
738 3812 1030 3881 antiquitus
1073 3813 1271 3867 editum
1296 3852 1309 3876 ,
1338 3812 1631 3880 disciplinae
1657 3815 1805 3868 solu-

218 3885 582 3951 tione,Cultus
598 3884 914 3937 remissione
934 3882 1234 3951 neglectum
1260 3882 1311 3937 itt
1342 3883 1438 3937 Gal
1467 3885 1531 3938 iis
1563 3895 1802 3952 tempore

218 3956 584 4013 Valentiniani
626 3954 767 4009 tertii
802 3955 1160 4020 imperatoris,
1195 3968 1338 4007 anno
1361 3954 1560 4008 Christi
1586 3956 1712 4019 452,
1744 3967 1803 4010 ιιι

220 4029 408 4083 scribit
437 4026 554 4080 Ado
583 4024 916 4084 Viennensis.
942 4025 1175 4080 restituit
1195 4066 1207 4085 ,
1242 4023 1522 4095 triduoque
1552 4038 1676 4080 ante
1706 4031 1806 4081 As-

221 4100 535 4154 censionem
578 4111 675 4167 suo
712 4095 961 4159 exemplo
997 4105 1050 4167 et
1075 4095 1444 4164 experimento
1496 4097 1801 4167 utilissimo,

222 4185 311 4225 eas
337 4184 461 4238 quae
507 4166 808 4235 rogationes
836 4165 1115 4233 appellata:
1146 4174 1300 4230 sunt,
1324 4176 1386 4238 et
1409 4183 1547 4219 nunc
1578 4165 1663 4221 ab'
1689 4169 1807 4223 uni-

223 4237 375 4296 versa
416 4238 657 4292 Ecclesia
694 4246 918 4299 recegztze
942 4278 957 4298 ,
988 4238 1299 4290 celebravit.
1351 4237 1455 4290 llas
1484 4254 1512 4291 a
1548 4239 1805 4294 Mamerto

224 4326 328 4366 non
350 4309 584 4379 primum
626 4309 676 4361 in
709 4306 895 4361 Galliis
914 4307 1088 4379 fuisse
1128 4307 1424 4379 institutas,
1472 4308 1566 4364 sed
1597 4318 1802 4364 tantum

228 4376 422 4449 magno
453 4394 574 4433 cum
612 4378 821 4431 fervore
862 4377 927 4430 ad
972 4387 1307 4431 terrremotus
1330 4418 1344 4441 ,
1376 4376 1645 4445 incendii,
1674 4383 1805 4433 alia-

226 4448 452 4521 rumque
477 4449 705 4504 cladium
740 4448 967 4521 pericula
991 4449 1285 4521 avertenda
1317 4449 1657 4513 reformatus,
1687 4461 1806 4519 post

227 4518 495 4583 Adonem,
549 4528 773 4573 testatur
819 4518 1071 4573 Sidonius
1122 4519 1257 4571 libro
1311 4521 1526 4586 quinto,
1576 4518 1802 4588 epistola

1912 3337 2041 3393 nihil
2071 3337 2265 3403 valuit,
2298 3339 2437 3406 quod
2469 3338 2656 3392 honori
2685 3337 2801 3407 ejus
2822 3337 3069 3405 debetur,
3091 3338 3288 3394 auferri
3316 3359 3327 3394 :
3352 3341 3474 3409 quia

1910 3430 2335 3486 Christianorum
2376 3446 2587 3501 quoque
2615 3432 2914 3501 principum
2948 3432 3064 3503 lege
3086 3432 3359 3488 decretum
3386 3442 3489 3500 est,

1916 3532 1968 3577 ut
1992 3520 2245 3594 quidquid
2262 3523 2516 3579 Ecclesiis
2537 3539 2826 3594 earumque
2849 3525 3167 3590 rectoribus,
3200 3540 3294 3596 pro
3314 3527 3491 3595 quiete

1910 3677 2218 3742 paenitentia:
2260 3672 2570 3729 c'elebramus
2591 3717 2606 3741 ,
2639 3681 2743 3733 etc.
2785 3678 2850 3732 Et
2880 3680 3020 3732 circa
3064 3679 3219 3734 finem
3252 3698 3266 3734 :
3302 3681 3493 3737 Nullus

1908 3746 2003 3798 sibi
2049 3746 2113 3799 de
2154 3747 2419 3821 industria
2456 3746 2653 3814 aliquas
2689 3750 3041 3821 occupationes
3060 3751 3308 3821 _inquirat
3334 3792 3350 3814 ,
3402 3771 3492 3821 per

1907 3832 2034 3886 quas
2055 3832 2109 3870 se
2130 3817 2192 3869 de
2222 3814 2728 3890 Eccleairc‘couventu
2758 3819 3020 3872 subducet.
3048 3814 3173 3872 Sine
3194 3821 3345 3873 dubio
3378 3814 3494 3890 pec-

1910 3893 2372 3959 calorumsuorum
2390 3886 2599 3940 vulnera
2614 3888 2781 3959 diligit
2805 3890 2892 3953 qui
2912 3890 2962 3943 iu
2993 3890 3100 3943 istis
3127 3892 3286 3944 tribus
3317 3886 3490 3948 diebus

1900 3957 2214 4032 jejunando,
2246 3959 2517 4032 o_rand_o_et
2543 3957 2810 4032 psalleitdo
2838 3961 3205 4014 medicamenta
3228 3964 3320 4015 sibi
3337 3966 3491 4032 spiri-

1912 4028 2073 4081 tualia
2128 4045 2228 4081 non
2270 4029 2503 4096 inquirit.
2559 4030 2791 4085 Litanias
2835 4047 2964 4085 vero
3013 4044 3066 4085 et
3124 4028 3489 4099 processiones

1917 4099 2244 4165 temporibus
2283 4101 2452 4171 sancti
2484 4099 2723 4168 Gregorii
2773 4102 3153 4171 Thanmaturgi
3197 4115 3251 4157 et
3282 4104 3491 4159 Tertul-

1915 4171 2041 4223 liani
2074 4171 2232 4243 tertio
2254 4170 2451 4243 saeculo
2476 4171 2526 4223 in
2562 4171 2797 4225 Ecclesia
2823 4170 3308 4240 nsurpatasifuisse,
3346 4186 3490 4243 patet

1911 4254 1976 4293 ex
2008 4240 2228 4306 epistola
2258 4240 2431 4293 Basilii
2461 4244 2790 4311 sexagesima
2822 4244 2973 4297 tertia
2999 4245 3062 4295 ad
3098 4240 3493 4299 Neoca‘Satiett-

1912 4326 2020 4375 ses,
2046 4324 2094 4366 et
2127 4312 2435 4365 Tertulliani
2468 4312 2605 4369 libro
2632 4313 2867 4366 secundo
2891 4314 2953 4366 ad
2988 4315 3240 4368 Uxorem.
3271 4314 3399 4369 Item
3424 4334 3490 4372 ex

1918 4381 1980 4434 iis
2026 4382 2293 4454 (praedixi
2324 4396 2481 4448 supra
2507 4384 2583 4454 vin
2626 4387 2764 4437 notis
2806 4385 3027 4438 canonis
3056 4384 3247 4439 derivni
3279 4389 3489 4454 septimi

1914 4452 2123 4525 concilii
2154 4451 2459 4525 Laudiceni.
2480 4452 2608 4506 Vide
2633 4471 2751 4523 quae
2774 4457 2870 4507 hac
2896 4456 2963 4509 de
2987 4470 3043 4507 re
3071 4456 3276 4525 prolixe
3300 4451 3487 4512 scribit

1914 4523 2172 4575 Baronius
2201 4537 2340 4574 anno
2371 4522 2476 4577 475
2501 4567 2513 4584 ,
2561 4522 2706 4577 num.
2736 4525 2792 4578 ll
2846 4535 2899 4579 et
2928 4522 3293 4593 sequentibus,
3332 4540 3382 4581 et
3440 4536 3489 4583 tu

228 4603 413 4663 quarta
446 4590 515 4643 ad
549 4593 747 4667 Aprum
784 4588 866 4667 l_t_is
897 4590 1072 4643 verbis
1108 4607 1121 4642 :
1153 4588 1351 4659 Harum
1374 4592 1695 4667 rogationum
1723 4609 1807 4645 so-
1834 4603 1889 4667 Ι)
1914 4593 2055 4667 uotis
2082 4594 2442 4667 blartyrologii
2464 4593 2784 4667 254Aprilis,
2811 4599 2973 4649 verbo
3006 4588 3253 4650 Litauius.

229 4659 541 4717 lemnitate":
555 4661 750 4726 primus
780 4659 1055 4712 Mamertus
1084 4672 1226 4725 pater
1246 4668 1290 4713 et
1322 4661 1549 4728 pontifex
1577 4678 1801 4716 reveren-

230 4734 442 4787 dissima
469 4731 720 4796 exemplo,
751 4731 1021 4783 utilissimo
1043 4732 1385 4800 experimento
1412 4732 1613 4784 invexit.
1647 4731 1812 4786 Erant

229 4804 431 4873 quidem
474 4800 615 4873 prius
656 4800 811 4868 (quod
842 4800 981 4853 salva
1015 4801 1140 4873 ﬁdei
1172 4816 1295 4873 pace
1316 4801 1377 4853 sit
1406 4802 1621 4864 dictum)
1653 4820 1809 4871 rogat,

231 4871 948 4941 tepentes,'infrequentesque,
961 4882 1110 4939 atque
1125 4871 1219 4939 (sic
1236 4872 1445 4939 dixeris)
1470 4873 1814 4927 oscitabundw

232 4942 647 5015 supplicationes,
668 4956 783 5015 qua:
803 4958 999 5015 semper
1024 4941 1453 5015 interpellandum
1479 4943 1812 5015 prandiorum

235 5009 456 5067 obicibus
483 5011 843 5065 hebetabantur
864 5028 880 5064 :
901 5012 968 5063 ad
987 5028 1133 5080 quas,
1163 5022 1213 5063 ιιι
1242 5009 1604 5079 nihilamplius
1618 5014 1807 5079 dicant,

236 5084 389 5154 ﬁgulo
424 5084 621 5155 pariter
659 5091 705 5135 et
735 5080 1005 5155 hortulano
1037 5098 1138 5136 non
1176 5083 1399 5151 oportuit
1430 5085 1713 5155 conrenire.
1746 5082 1811 5137 In

238 5152 313 5207 his
339 5152 545 5217 autem,
575 5169 698 5222 quas
725 5169 880 5223 supra
929 5154 1067 5220 [atus
1093 5168 1323 5207 summus
1355 5152 1594 5206 sacerdos
1622 5164 1667 5208 et
1698 5172 1816 5224 pro-

238 5226 349 5278 tulit
377 5224 567 5295 pariter
588 5233 632 5277 et
652 5223 889 5289 contulit,
911 5226 1203 5296 jejuuaur,
1238 5232 1437 5288 oratur,
1464 5223 1739 5293 psallitur,
1767 5234 1816 5280 et

277 5306 319 5348 et
327 5311 409 5349 ur.
435 5304 543 5349 ctc.

241 5296 882 5433 ﬂe‘lll‘tzdgtSatetsanctum
903 5366 1214 5423 Mamertum
1240 5366 1546 5435 episcopum
1580 5381 1683 5420 non
1712 5375 1819 5423 tam

245 5436 534 5491 instituisse
563 5450 720 5504 quam
754 5436 1052 5491 restituisse
1065 5451 1249 5492 sacras
1279 5439 1602 5505 rogationes,
1624 5454 1821 5505 easque

246 5507 293 5559 iu
320 5506 593 5578 meliorem
617 5508 842 5561 formam
862 5506 1162 5578 reduxisse.
1189 5508 1385 5561 llarutn
1415 5508 1557 5561 enim
1593 5511 1825 5578 rogatio-

247 5592 368 5631 num
410 5576 777 5631 triduanarum
814 5585 938 5630 ante
987 5576 1370 5632 Ascensionem
1425 5579 1634 5632 Domini
1665 5576 1824 5633 'cete-

252 5648 388 5701 lirari
413 5648 690 5717 solitarum
723 5657 936 5700 sanctus
970 5649 1300 5715 Augustinus
1330 5649 1510 5701 multis
1535 5650 1685 5703 annis
1718 5651 1825 5705 Ma-

252 5720 681 5790 mertoanterior
709 5719 1227 5790 mentinitgsermoue
1252 5718 1353 5772 l75
1379 5760 1392 5778 .
1427 5719 1493 5772 de
1520 5718 1785 5790 Tempore
1807 5762 1822 5790 ,

248 5789 303 5847 iu
331 5787 504 5856 vigilia
539 5789 876 5851 Ascensionis
908 5806 921 5842 :
952 5787 1098 5843 Scire
1130 5788 1384 5851 debemus,
1419 5789 1611 5857 inquit,
1652 5802 1698 5843 et
1740 5787 1824 5845 in?

256 5858 497 5937 telligere,
530 5862 708 5932 fratres
735 5860 985 5915 carissimi
1008 5900 1023 5927 ,
1052 5860 1170 5932 quia
1206 5859 1312 5914 dies
1343 5862 1750 5930 compuuctiouit
1780 5872 1843 5937 ειη

1990 4662 2141 4716 llunc
2172 4663 2485 4717 Mamertum
2520 4665 2848 4720 Viennenses
2891 4668 3252 4720 anniversaria
3289 4666 3493 4722 festivi-

1919 4732 2025 4805 tate
2056 4735 2233 4787 colunt
2256 4735 2536 4805 undecimo
2560 4735 2702 4791 Maii.
2734 4735 2916 4800 Qualis
2944 4747 3281 4805 quantusque
3309 4738 3490 4804 fuerit,

1917 4804 2125 4857 Sidonii
2163 4804 2500 4871 Apollinaris,
2526 4805 2757 4871 quicum
2782 4804 3151 4873 novit,’enque
3183 4804 3493 4861 familiaris-

1918 4875 2050 4945 sime
2095 4888 2221 4945 usus
2255 4873 2368 4941 fuit,
2411 4874 2635 4945 gliib‘lﬂla
2688 4875 2963 4928 undecima
3012 4877 3102 4930 lib.
3149 4892 3198 4929 tv
3227 4886 3279 4930 et
3325 4881 3494 4945 prima

1921 4944 2011 4996 lib.
2037 4959 2101 4995 vn
2130 4942 2327 4995 ittdiCut
2359 4961 2370 4996 :
2406 4942 2645 4998 Alcimus
2688 4946 2870 4997 Avitus
2891 4988 2905 5011 ,
2936 4947 3203 4999 secundus
3230 4942 3339 5013 post
3372 4967 3491 5001 ιιιιιιι

1922 5012 2239 5088 Viennensis
2259 5013 2563 5088 episcopus,
2589 5016 2645 5088 i_u
2676 5016 2890 5088 humilia
2921 5032 3078 5085 quam
3096 5019 3177 5088 ille
3207 5012 3496 5088 rogationi-

1919 5084 2017 5141 bus
2044 5083 2255 5154 habuit;
2281 5087 2569 5154 Gregorius
2587 5086 2916 5141 Turoiiensis
2940 5083 3073 5141 llist.
3095 5083 3307 5154 Franci,
3326 5092 3415 5145 lib.
3436 5107 3493 5153 ιι,

1922 5171 2039 5224 cap.
2072 5153 2161 5220 5-4,
2188 5166 2294 5209 etc.
2328 5153 2478 5222 Quod
2509 5160 2685 5222 itaque
2712 5158 2971 5213 adversus
3004 5160 3142 5213 hunc
3176 5153 3488 5215 Mamurium

1922 5227 2203 5298 sanctitate
2242 5228 2505 5297 insignem
2559 5228 2771 5283 Hilarus
2821 5230 3051 5298 pontifex
3096 5234 3191 5285 bac
3236 5234 3493 5298 epistola,

1924 5301 2070 5367 quasi
2103 5297 2329 5352 alienam
2355 5299 2783 5368 jurisdictiouem
2817 5297 2997 5354 itlicite
3032 5297 3330 5367 usurparit,
3362 5297 3497 5355 adeo

1927 5369 2273 5423 vehementer
2302 5370 2619 5437 iusurrexit,
2652 5386 2756 5425 non
2785 5380 2867 5423 cst
2897 5371 3111 5427 mirum.
3137 5374 3265 5440 Quis
3298 5378 3499 5429 nesciat

1929 5454 2072 5507 szepe
2093 5440 2335 5495 accidrre
2358 5452 2415 5496 ut
2444 5442 2589 5495 falsis
2611 5441 3040 5498 accusationibus
3065 5455 3118 5499 et
3143 5445 3500 5508 siibreptinni-

1930 5509 2028 5563 bus
2056 5525 2213 5585 aures
2238 5513 2544 5578 pontilicum
2574 5513 2969 5580 repleantur,et
2990 5530 3107 5569 curn
3132 5524 3312 5578 putant
3338 5532 3498 5585 agerc

1928 5581 2068 5654 quod
2098 5582 2297 5654 justum
2333 5592 2606 5649 appareat,
2635 5585 2971 5639 innocentem
2995 5587 3283 5654 exagitent.

2000 5651 2148 5718 Quod
2179 5653 2372 5706 accidit
2402 5654 2565 5708 Leoni
2611 5654 2845 5721 pontifici
2886 5651 3222 5709 satietissimo
3250 5658 3298 5708 in
3342 5670 3499 5713 causa

1932 5722 2111 5776 llilarii
2132 5725 2473 5789 Arelatensis,
2493 5723 2581 5793 qui
2603 5725 2823 5791 epistola
2850 5726 2939 5791 89,
2967 5728 3225 5779 acerrime
3250 5727 3501 5779 innoeen.

1932 5804 2037 5847 tem
2071 5794 2401 5860 perstrinxit,
2433 5794 2571 5848 idem
2600 5809 2663 5848 ex
2696 5797 3009 5862 obreptione
3038 5796 3218 5850 Ililaro
3260 5800 3483 5863 pontitic

1857 5892 1878 5937 ς
1932 5863 1984 5919 in
2010 5877 2169 5919 causa
2201 5863 2442 5921 Mamerti
2469 5865 2729 5922 accidisse
2756 5866 2945 5937 potuit.
2973 5865 3101 5924 Sev.
3134 5866 3333 5922 BINIUS.
