4086 6328
562 370 625 425 3i
1892 373 2265 431 SIMPLICIUS
2306 374 2503 429 l’APA.
3768 370 3836 432 δῖ

561 487 799 542 omnium
833 489 1040 545 Domini
1068 493 1404 546 sacerdotum
1424 533 1439 559 ,
1466 502 1625 565 atque
1655 494 1823 565 ipsius
1851 495 2144 551 observan-
2170 498 2221 555 Α
2250 493 2315 548 de
2341 492 2569 563 propriis
2608 491 2924 547 excessibus
2950 492 3257 563 increpare,
3286 493 3479 563 quibus
3513 503 3834 563 pra-ceptum

560 581 631 634 tia
660 581 973 653 disciplina,
995 585 1043 639 in
1066 585 1367 641 auferendis
1395 587 1809 643 confusionibus
1833 587 2144 659 apostolica:

558 671 705 727 sedis
731 674 953 729 antistes
982 690 1078 730 suo
1103 678 1507 745 pronuntiasset
1531 680 1799 747 examine,
1825 684 2144 735 veneranter

557 765 755 833 accipi,
787 768 1148 837 tenaciterquc
1177 771 1417 836 servari,
1447 787 1567 826 cum
1596 773 1709 827 suis
1737 772 1981 843 plebibus
2005 772 2143 827 cari-

557 864 640 910 tas
666 867 843 912 vestra
895 870 1283 930 cognosceret:
1333 877 1433 918 nec
1474 879 1705 935 unquam
1757 873 1978 935 possent
2014 879 2145 919 cou-

556 947 681 1003 velli
702 964 820 1019 qua:
838 959 894 1005 et
919 954 1240 1009 sacerdotali
1263 956 1625 1012 ecclesiastica
1655 959 2017 1028 praeceptione
2039 958 2144 1012 ful-

552 1040 792 1096 cirentur
815 1054 869 1098 et
905 1046 1071 1115 regia.
1102 1045 1254 1103 Unde
1274 1089 1288 1113 ,
1335 1048 1529 1113 fratres
1558 1051 1843 1116 carissimi,
1879 1066 2143 1122 prxsum-

552 1132 789 1200 ptionem
816 1134 1082 1205 praedicti,
1113 1153 1232 1207 qua:
1260 1139 1312 1193 in
1342 1139 1522 1195 fratris
1547 1150 1602 1196 et
1629 1142 1934 1213 coepiscopi
1972 1143 2143 1198 nostri

548 1222 759 1278 Leontii
783 1228 1048 1294 processit
1069 1228 1351 1297 injuriam,
1377 1230 1448 1286 ita
1476 1234 1727 1287 convenit
1775 1233 2026 1301 tolerari,
2058 1235 2144 1289 di-

547 1331 666 1385 gnzc
692 1332 835 1373 nunc
865 1317 1078 1375 interim
1102 1322 1320 1377 ultionis
1348 1324 1668 1392 immunem,
1689 1335 1749 1382 ut
1769 1328 1813 1382 si
1844 1336 2143 1399 transgres-

546 1424 639 1463 Sor
692 1410 948 1465 remediis
992 1414 1232 1469 abutitur
1280 1415 1661 1474 satisfactionis
1700 1428 1754 1474 et
1790 1421 1996 1486 veniae,
2043 1436 2144 1476 nec

547 1500 761 1568 Culpam
796 1506 1079 1570 praesentis
1110 1520 1367 1561 excessus
1409 1510 1699 1565 curandam
1733 1510 1924 1567 futura:
1952 1512 2143 1568 obser-

545 1592 743 1646 vantiae
770 1594 1060 1652 sedulitate
1093 1601 1376 1668 promittit,
1404 1604 1668 1658 redeunte
1695 1604 2054 1675 querimonia,
2077 1620 2145 1661 eo

549 1684 827 1755 privilegia
845 1687 1168 1746 Viennensis
1193 1693 1449 1749 Ecclesiae
1464 1695 1530 1750 ad
1551 1696 1923 1752 Arelatensem
1940 1698 2144 1755 antisti-

548 1785 654 1830 tcm
682 1777 1080 1837 transferantur
1101 1786 1377 1854 exemplo,
1404 1802 1509 1855 quo
1533 1788 1831 1857 ntigravere
1852 1790 2136 1860 principio.

2247 596 2456 642 constat
2486 585 2795 654 frequenter
2827 585 3125 655 ignoscere.
3161 585 3393 643 Necesse
3430 597 3513 642 est
3547 594 3758 656 autem,
3790 587 3836 640 si

2248 679 2459 734 nullum
2475 679 2824 734 correctionis
2836 678 2953 748 ejus
2981 678 3235 735 indicium
3257 682 3649 750 sumpserimus
3670 680 3836 754 (quod

2248 771 2337 827 illa
2365 781 2446 827 est
2471 772 2806 841 professione
2827 773 3189 841 retinendum,
3222 789 3326 845 qua
3356 775 3721 830 definitionem
3743 760 3835 829 sc"-

2247 862 2328 919 dis
2372 864 2683 934 apostolicae
2714 865 2955 935 periculo
2994 865 3198 923 ordinis
3244 866 3325 920 sui
3364 880 3579 937 semper
3619 881 3836 921 conser-

2246 954 2474 1010 vandam
2518 955 2634 1011 sine
2664 955 2770 1011 ulla
2809 955 3066 1023 deinceps
3096 957 3528 1027 transgressione
3557 954 3833 1027 testetur),

2246 1048 2310 1101 all
2334 1047 2706 1102 Arelatensem
2738 1047 3031 1103 Ecclesiam
3058 1048 3276 1104 easdem
3308 1058 3539 1119 quatuor
3567 1048 3834 1116 civitates,

2246 1154 2471 1208 quarum
2503 1154 2609 1193 non
2647 1139 2748 1193 fuit
2777 1147 2871 1193 aut
2895 1155 3002 1194 non
3031 1138 3193 1193 fuerit
3217 1139 3510 1194 Mamertus
3547 1138 3840 1208 episcopus

2246 1231 2587 1287 ordinatione
2613 1241 2922 1298 contentus,
2953 1246 3075 1287 esse
3102 1230 3456 1287 revocandas.
3488 1230 3643 1296 Quod
3673 1239 3837 1284 etiam

2249 1331 2373 1377 tunc
2402 1321 2673 1391 Oportebit
2700 1321 2897 1389 fieri,si
2929 1323 3068 1378 ullus
3089 1337 3323 1394 unquam
3353 1330 3474 1392 post
3503 1336 3651 1389 eum,
3677 1336 3837 1391 quem

2246 1430 2388 1469 nunc
2419 1415 2645 1470 caritate
2671 1414 3025 1485 corripimus,
3050 1423 3105 1470 et
3134 1415 3362 1471 ulterius
3383 1416 3450 1470 ab
3472 1415 3675 1471 illicitis
3703 1431 3837 1469 cort-

2247 1505 2461 1560 fidimus
2502 1506 2815 1576 abstinere,
2881 1509 3320 1579 prmsutnptionis
3372 1508 3532 1579 hujus
3600 1509 3839 1564 imitator

2248 1599 2539 1654 exstiterit.

2318 1690 2381 1745 ll.
2418 1690 2492 1745 De
2523 1690 2623 1745 hoc
2646 1705 2804 1757 sane,
2836 1691 2929 1762 qui
2960 1691 3083 1747 licet
3114 1692 3385 1761 indebite,
3417 1692 3720 1750 Deensibus
3748 1709 3837 1751 co-
3902 1694 3903 1697 “

2236 1786 2523 1853 .gnoscitur
2569 1783 2848 1838 ordinatus
2869 1824 2885 1851 ,
2914 1784 3138 1855 jnstitim
3159 1788 3370 1842 ratione
3394 1787 3710 1842 censuimus
3732 1827 3749 1853 ,
3783 1796 3837 1841 ut

618 1869 659 1923 ι.
690 1870 842 1927 Unde
871 1884 1072 1931 nostra:
1116 1877 1501 1934 moderationis
1539 1895 1733 1937 nomen
1767 1890 2041 1949 tenentes,
2072 1883 2138 1939 ad
2170 1875 2220 1937 B
2248 1877 2607 1932 sacerdotium
2636 1878 2752 1945 ejus
2795 1875 2973 1931 fratris
3014 1887 3069 1933 et
3092 1879 3400 1947 coepiscopi
3431 1880 3601 1934 nostri
3626 1879 3836 1934 Leontii

545 1964 813 2023 Veratrum
843 1970 1061 2025 fratrem
1094 1981 1148 2027 et
1164 1974 1541 2043 coepiscopum
1565 1986 1808 2031 nostrum
1833 1978 2032 2049 scripta
2059 1978 2141 2034 di-

544 2063 803 2127 reximus,
834 2071 892 2115 ut
939 2064 1251 2131 praedictum
1295 2083 1358 2121 ex
1395 2077 1575 2123 nostra
1617 2070 1957 2141 delegatione
2005 2088 2141 2141 con-

543 2154 763 2219 veniat,
794 2166 1058 2225 quatenus
1104 2159 1230 2229 quid
1283 2160 1351 2216 de
1397 2175 1463 2216 eo
1510 2139 1807 2219 retuleritis
1838 2139 2152 2233 agnoscaﬁ

542 2244 661 2313 quia
681 2262 968 2301 onerosum
996 2263 1120 2304 esse
1148 2266 1253 2304 non
1277 2251 1457 2319 debet,
1492 2252 1891 2322 delinquentem
1918 2255 2135 2310 fratrem

2247 1971 2594 2024 confirmetur
2638 1969 2893 2035 arbitrio,
2937 1986 2966 2023 a
3008 1985 3114 2039 quo
3141 1971 3242 2025 rite
3278 1970 3462 2025 debuit
3501 1970 3834 2026 consecrari.

2246 2063 2388 2118 Deus
2414 2075 2509 2116 vos
2533 2060 2833 2127 custodiat,
2863 2061 3058 2116 fratres
3085 2061 3375 2128 carissimi,
3411 2076 3526 2116 aevo
3567 2062 3835 2131 longiore.

2249 2158 2376 2211 Data
2405 2165 2558 2211 sexto
2604 2156 2852 2210 calendas
2887 2156 3100 2211 Martias
3129 2158 3294 2226 (anno
3326 2156 3455 2212 Cltr.
3486 2155 3642 2227 464),
3677 2155 3743 2211 Ρ.
3775 2154 3832 2210 C.

2250 2252 2429 2307 Basilii
2456 2250 2551 2304 \iri
2579 2247 2863 2303 clarssimi
2885 2250 3139 2303 consulis.

545 2362 3818 2393 __________________________________________

1490 2453 2003 2527 DECRETA
2055 2450 2450 2527 HILARI
2510 2453 2643 2521 ΡΑ
2660 2451 2857 2520 PE.

1150 2649 1526 2710 DECRET‘JM

542 2749 718 2792 “NAR!
748 2753 895 2795 I’APA"!
921 2755 1086 2797 ιυχτλ
1117 2758 1424 2800 GRATIANUH
1447 2786 1461 2812 ,
1484 2762 1619 2809 QUOD
1648 2763 1700 2802 1N
1731 2763 2003 2805 PRIORIBUS
2032 2764 2134 2805 NON

1210 2832 1461 2872 PONITUR.

608 2900 803 2969 Corpus
828 2903 1018 2960 Christi
1044 2908 1097 2962 in
1125 2908 1310 2991 similis
1342 2913 1655 2979 portionibus
1678 2914 1871 2987 singuli
1902 2925 2063 2972 totum

1197 2993 1481 3050 acetptuut.

609 3087 707 3144 Ubi
736 3105 861 3161 pars
880 3102 963 3149 est
989 3096 1258 3165 corporis,
1283 3105 1368 3154 est
1413 3112 1467 3154 et
1512 3108 1704 3157 totum.
1740 3101 1943 3158 Eadem
1995 3103 2136 3159 ratio

540 3191 620 3235 est
641 3182 692 3236 in
717 3198 945 3255 corpore
977 3187 1210 3259 Domini,
1242 3208 1360 3261 qua:
1392 3194 1444 3247 in
1469 3209 1661 3248 manna
1686 3237 1702 3261 ,
1733 3194 1876 3265 quod
1909 3196 1961 3249 itt
2010 3196 2129 3265 ejus

538 3275 701 3341 ligura
727 3281 1026 3346 ptrccessit.
1060 3282 1136 3338 De
1167 3299 1274 3352 quo
1300 3286 1495 3340 dicitur
1523 3306 1535 3342 :
1571 3287 1672 3354 Qui
1696 3288 1812 3359 plus
1830 3287 2124 3360 collegerat,

538 3377 638 3419 Iron
648 3366 1080 3441 Itabuitamplt'us,
1099 3391 1257 3441 neque
1267 3378 1352 3446 qui
1367 3379 1534 3431 minus
1546 3388 1836 3449 paraverat,
1851 3379 2025 3434 [tabuit
2042 3382 2128 3434 mi-

2246 2668 2340 2705 nus
2366 2649 2562 2721 (Exod.
2579 2649 2708 2720 tm).
2723 2648 2836 2704 Non
2858 2650 3001 2705 enim
3030 2659 3111 2705 cSt
3132 2649 3403 2721 quantitas
3417 2648 3644 2705 visibilis
3662 2648 3719 2703 in
3739 2649 3833 2705 hoc

2241 2742 2555 2801 aestimanda
2576 2744 2855 2814 mysterio,
2880 2742 2976 2797 sed
2995 2741 3163 2796 virtus
3175 2742 3495 2797 sacramenti
3516 2741 3833 2812 sptritualis.

2704 2836 2911 2892 ALIUD
2941 2834 3315 2891 DECRE'I‘UM

2242 2948 2503 3001 uusnsu,
2553 2948 2620 2987 ex
2665 2945 2855 2986 contos
2885 2944 3148 2983 LtBBOltUIl
3180 2943 3472 2995 suaserit,
3516 2943 3637 2983 car.
3676 2926 3746 2981 19
3771 2941 3832 2981 os

2836 3016 3232 3056 CONTLNTIOSIS.

2317 3096 2378 3153 Si
2408 3098 2523 3169 quis
2545 3098 2744 3152 videtur
2765 3094 3109 3149 contmn’osus
3132 3108 3268 3159 esse,
3296 3091 3512 3146 dicente
3537 3091 3831 3160 Apostolo,

2241 3213 2331 3250 uos
2360 3194 2511 3249 talem
2542 3192 2958 3247 consuetudinem
2997 3206 3100 3243 non
3123 3189 3362 3241 habemus
3389 3232 3405 3258 ,
3434 3187 3522 3241 sed
3542 3202 3704 3257 neque
3737 3184 3833 3240 Et-

2237 3288 2393 3341 clesia
2426 3287 2515 3340 Dei
2545 3283 2595 3354 (ι
2623 3283 2742 3339 Cor.
2769 3284 2827 3353 tt)
2860 3299 2874 3337 :
2904 3282 2951 3337 si
2971 3282 3093 3352 quis
3113 3280 3528 3348 facit,,notetur,
3550 3291 3831 3349 usquequo

2235 3398 2295 3436 se
2315 3384 2547 3449 corrigat
2569 3390 2615 3431 ο.
2692 3445 2703 3452 ο

610 3486 635 3512 οι
668 3476 856 3534 Exstat
885 3490 941 3535 ct
972 3484 1019 3535 ia
1052 3484 1307 3540 Burcltar.
1340 3487 1434 3544 lib.
1470 3504 1521 3555 ς,
1557 3506 1675 3559 cap.
1703 3490 1789 3557 :25,
1825 3491 1966 3560 apud
1998 3507 2156 3560 quem
2187 3507 2284 3563 pos
2311 3508 2456 3546 rctna
2482 3494 2641 3547 tertia
2672 3492 2749 3547 sic
2780 3492 2917 3561 lego,
2952 3505 3206 3561 usquequo
3233 3490 3536 3561 corrigatur.
3569 3485 3759 3540 Mam.

1775 3720 1942 3764 ANNO
1988 3720 2219 3765 DOMINI
2263 3720 2613 3765 CCCCLXVII.
2656 3686 2657 3689 Ἴ

822 3838 2510 4208 SIMPLIggs
2673 3841 3542 4079 PAPA.

1526 4310 2370 4417 PROLEGOM
2388 4312 2578 4415 EN
2593 4312 2793 4416 ΟΝ
2816 4377 2853 4414 .

2049 4508 2378 4520 -—————-—-——

1569 4599 1836 4672 VlTA
1891 4599 2416 4672 SlMPLlClI
2471 4599 2813 4672 PAPIE.

1877 4731 1972 4795 (Ex
2008 4730 2136 4781 libro
2168 4729 2481 4793 Pontificali.)

1813 4834 1852 4850 .-

607 4901 682 4972 (α)
712 4899 1019 4971 Simplicius
1045 4898 1260 4955 natione
1276 4856 1693 4965 Tiburtinus,ex
1718 4908 1869 4971 patre
1895 4898 2135 4967 Castino,
2164 4907 2217 4968 ι)
2247 4899 2341 4955 ilic
2366 4896 2635 4954 dedicavit
2665 4895 2936 4950 basilicam
2964 4894 3023 4951 S.
3056 4893 3317 4965 Stephani
3348 4893 3403 4951 in
3432 4894 3603 4952 Ctelio
3646 4906 3832 4954 monte

535 4994 609 5065 (b)
632 4994 954 5049 seditannos
979 4990 1283 5063 quindecim
1302 5007 1539 5048 mensem
1562 5009 1725 5048 unum
1756 4992 1872 5049 dies
1898 5004 2127 5064 septem.

607 5109 687 5178 (a)
734 5106 866 5162 Cum
914 5117 1033 5178 post
1088 5107 1292 5160 obitum
1346 5108 1507 5178 llilari
1550 5108 1735 5163 decem
1792 5109 1984 5164 diebus
2031 5125 2121 5165 se-

537 5177 631 5235 des
661 5177 931 5244 Vacasset,
985 5193 1124 5232 anno
1154 5178 1350 5233 Christi
1394 5177 1521 5242 467,
1565 5182 1760 5246 quiest
1796 5181 1987 5235 Leonis
2019 5181 2122 5234 im-

540 5252 802 5324 peratoris
867 5250 1155 5303 Orientalis
1188 5250 1243 5324 ll
1276 5289 1290 5313 ,
1343 5249 2123 5324 vigesimomdieSeptembris

539 5320 752 5377 creatus
800 5331 882 5374 est
935 5323 1165 5387 pontifex
1212 5320 1521 5386 S-mpltcius
1570 5320 1879 5375 Tiburtinus
1921 5323 2122 5377 Castiui

541 5394 699 5449 filius.
730 5391 895 5459 Hujus
926 5392 1256 5459 temporibus
1285 5401 1426 5444 totus
1460 5391 1628 5446 ferme
1665 5392 2001 5448 Christianus
2031 5409 2122 5447 or-

542 5466 625 5520 bis
657 5465 754 5517 sub
784 5464 1153 5515 ltrrreticorum
1194 5463 1491 5531 principum
1534 5463 1769 5516 dominio
1800 5466 2121 5519 constitutus

543 5537 668 5598 fuit,
711 5533 990 5597 nullusque
1035 5536 1242 5599 penitus
1285 5549 1377 5587 rex
1410 5534 1702 5588 catltolicm
1732 5536 1887 5588 alicui
1930 5537 2119 5589 saltem

541 5612 744 5676 exigua:
776 5603 1062 5676 provincia:
1092 5603 1484 5676 dominabatur.
1526 5604 1735 5660 Etenim
1772 5615 1888 5671 post
1918 5608 2123 5660 Anthe-

544 5672 729 5739 mium,
754 5675 1052 5745 Ulybriam,
1080 5672 1378 5740 Glycerium
1409 5685 1461 5730 et
1492 5675 1842 5744 Augustulum
1864 5677 2123 5731 Occiden-

544 5751 609 5802 tis
639 5751 987 5815 imperatores
1015 5749 1222 5798 occisos
1262 5747 1344 5798 Vel
1377 5747 1660 5815 relegatos,
1710 5748 1949 5801 Utloacer
1983 5747 2121 5799 Eru-

545 5821 715 5875 lorum
750 5833 836 5871 tex
864 5817 1089 5870 Arianus
1118 5815 1265 5883 juxta
1293 5817 1597 5872 vaticinium
1633 5820 1800 5872 sancti
1845 5817 2120 5883 Severini,

543 5892 859 5950 Noricorum
902 5899 955 5943 et
984 5889 1274 5943 vicinarum
1305 5890 1541 5957 gentium
1569 5890 1798 5962 apostoli
1849 5888 2120 5944 miraculis

2242 4995 2294 5049 in
2323 4992 2456 5047 urbe
2486 4991 2676 5056 Roma,
2708 5000 2763 5044 et
2786 4989 2859 5063 (ο)
2882 4989 3154 5045 basilicam
3183 4988 3322 5045 beati
3344 4991 3573 5061 apostoli
3597 4993 3832 5047 Andreze

2230 5107 2536 5163 clarissimi.
2574 5106 2778 5160 Italiam
2811 5116 3107 5178 totumque
3151 5106 3493 5163 Occidentale
3538 5107 3825 5178 imperium

2229 5194 2327 5234 suo
2356 5178 2594 5233 dominio
2619 5176 2877 5249 subjecit,
2915 5178 3173 5249 tituloque
3217 5178 3557 5245 imperatoris
3589 5176 3824 5249 purpura

2230 5262 2284 5305 et
2313 5251 2579 5320 regalibus
2613 5248 2941 5320 indumentis
2980 5248 3228 5316 objectis,
3250 5252 3410 5320 regio
3459 5260 3661 5304 tantum
3696 5248 3820 5306 ino-

2230 5319 2690 5394 mitteusurpato,
2708 5319 2963 5394 deinceps
3008 5319 3197 5394 tenuit.
3231 5319 3433 5394 Gallias
3454 5336 3595 5394 cum
3629 5322 3829 5394 Hispa-

2230 5393 2313 5447 nia
2343 5390 2693 5446 ArianiGotlti
2722 5390 3085 5444 obtinuerunt.
3113 5390 3266 5445 Dirtts
3286 5392 3673 5447 catholicorum
3707 5390 3829 5459 pcr-

2230 5471 2443 5516 secutor
2486 5460 2715 5515 Arianus
2759 5470 2812 5513 et
2868 5468 3124 5531 tyrannus
3185 5460 3510 5517 Gensericus
3558 5464 3830 5521 universa:

2230 5535 2424 5587 Africae
2455 5532 2769 5600 imperavit.
2802 5531 2859 5584 ln
2905 5531 3120 5586 Oriente
3167 5543 3287 5600 post
3338 5533 3542 5586 obitum
3602 5534 3823 5600 Leonis,

2230 5604 2375 5659 Zeno
2407 5599 2696 5672 imperator
2736 5599 3102 5672 Eutycltianus
3131 5599 3380 5657 simulata
3412 5605 3628 5671 perfidia
3674 5599 3826 5661 acer;

2231 5674 2508 5729 bissimum
2532 5688 2591 5728 se
2618 5672 2871 5728 Ecclesia:
2889 5675 3310 5742 impngnatorem
3333 5677 3578 5743 przebuit.
3603 5675 3826 5734 Petrum

2230 5745 2509 5799 Fullonem
2553 5746 2950 5799 Acoemetarum
2993 5746 3345 5807 monachum.
3394 5754 3448 5799 et
3480 5746 3822 5804 Titttotliettm

2233 5815 2478 5871 Elurum
2524 5815 2842 5882 sacrilegum
2891 5813 3264 5869 Alexandrina:
3309 5816 3561 5871 Ecclesia:
3606 5819 3820 5873 invaso-

2230 5902 2369 5953 rem,
2390 5902 2525 5957 quos
2554 5888 2624 5941 ob
2651 5886 2897 5941 haeresim
2930 5894 2984 5941 et
3012 5884 3328 5942 seditionem
3372 5887 3479 5943 Leo
3525 5889 3819 5962 imperator
