4086 6328
556 391 628 452 55
668 454 671 455 ν
1921 374 2226 450 sntPLtCtt
2275 370 2476 451 pars:

3794 364 3864 454 δὲ

560 505 643 579 (α)
682 507 951 576 regionem
994 504 1201 563 tertiam
1232 504 1314 578 [de
1349 507 1552 578 regione
1582 502 1771 576 prima]
1797 505 1861 559 ad
1899 514 2145 560 sanctum
2171 506 2227 569 λ
2250 506 2568 572 catholicus,
2599 515 2653 562 et
2675 506 2921 575 Aeacius,
2954 507 3217 577 dicentes,
3242 508 3384 580 quod
3407 508 3566 564 etiam
3592 508 3642 563 in
3675 519 3862 567 morte

560 599 925 665 Laurentium,
956 602 1225 669 regionem
1259 598 1485 668 primam
1517 598 1583 652 ad
1622 610 1867 652 sanetum
1897 598 2145 665 Paulum,

560 693 833 761 regionem
862 702 1063 747 sextam
1101 690 1185 746 vel
1223 693 1504 761 septimam
1536 690 1602 745 ad
1633 702 1874 745 sanetum
1908 690 2145 746 Petrum.

562 781 635 855 (ὁ)
664 784 774 838 Sub
800 783 956 853 hujus
984 784 1294 854 episcopatu
1325 783 1475 839 venit
1512 784 1701 839 relatio
1741 784 1807 839 de
1835 783 2041 838 Graecia
2082 782 2149 837 ab

561 876 756 931 Acacio
796 877 1394 946 ConstantinOpolitauo
1435 878 1711 947 episcopo,
1758 886 1814 933 et
1861 876 2151 931 affirmavit

557 968 772 1023 Petrum
822 968 1204 1024 Alexandrinae
1246 970 1393 1025 urbis
1440 967 1899 1038 Eutyehiauistam
1933 962 2147 1023 lucreti-

556 1074 707 1126 cum,
740 1059 879 1114 facta
925 1059 1181 1128 petitione
1210 1060 1278 1115 ab
1317 1061 1513 1115 Acacio
1560 1060 1834 1130 episc0po,
1875 1058 2151 1130 chirogra-

556 1150 664 1219 pho
700 1150 818 1219 ejus
860 1140 1187 1207 constructa.
1239 1152 1437 1206 Eodem
1482 1162 1723 1221 tempore
1761 1152 1860 1207 fuit
1910 1151 2148 1207 Ecclesia

557 1242 752 1311 prima,
797 1252 824 1281 ι
870 1244 969 1298 Ιιοε
1004 1253 1107 1312 est,
1140 1245 1281 1300 sedis
1306 1247 1618 1315 apostolicae
1648 1247 1972 1302 exsecutrix.
2000 1246 2150 1301 Tune

558 1336 867 1405 Simplicius
916 1337 1111 1406 praesul
1159 1336 1261 1391 hoc
1314 1338 1558 1405 audiens,
1615 1338 1889 1393 damnavit
1934 1337 2148 1393 Petrum

559 1429 1007 1494 Alexandrinum,
1050 1429 1118 1484 de
1164 1445 1267 1499 quo
1305 1429 1530 1483 Aeacius
1583 1426 1993 1484 innumerabilia
2042 1429 2149 1482 cri-

559 1523 701 1578 mina
734 1523 1034 1578 aflirmabat
1069 1540 1083 1577 :
1115 1522 1186 1577 ita
1220 1532 1419 1589 tamen,
1459 1532 1517 1577 ut
1550 1522 1879 1593 pcenitentiae
1905 1535 2148 1577 reserva-

560 1622 643 1670 ret
681 1624 909 1683 tempus.
962 1613 1166 1668 Eodem
1217 1621 1459 1683 tempore
1511 1612 1789 1683 rescripsit
1834 1612 2151 1667 Timotheus

635 1754 660 1782 ιι
689 1745 821 1800 Cod.
848 1745 1003 1815 Luc.,
1040 1748 1132 1801 hoc
1161 1756 1235 1801 est
1262 1747 1431 1820 prium
1465 1749 1606 1803 sedes
1632 1749 1922 1820 apostolica
1949 1764 2154 1804 caseeu-
2216 1771 2220 1775 ·

561 1816 682 1869 trix.

2253 598 2460 654 Proteri
2492 599 2740 654 catholici
2796 600 2985 656 Petrus
3031 611 3173 665 esset
3202 603 3519 671 permixtus.
3565 603 3722 657 'l‘uuc
3774 619 3865 658 ar-

2254 690 2628 760 chiepiscopus
2674 689 2986 759 Simplicius
3042 692 3408 758 dissimulans,
3462 710 3743 762 nunquam
3773 711 3860 751 re-

2253 782 2718 852 scripsit'Acaeio;
2772 783 2866 838 sed
2915 783 3187 838 damnavit
3235 784 3487 853 Petrum,
3520 796 3862 855 exspectans

2253 884 2462 943 tempus
2506 875 2857 943 poenitentia.
2908 875 3002 930 Hic
3055 874 3182 931 fecit
3219 877 3272 931 in
3325 876 3556 933 ecclesia
3601 878 3857 935 Romana

2251 968 2513 1036 scyphum
2549 980 2790 1031 aureum,
2822 977 3135 1035 pensantem
3162 966 3330 1023 libras
3356 969 3409 1035 ὅ,
3444 968 3739 1023 eantharos
3770 986 3862 1025 ar-

2253 1066 2474 1128 genteos
2503 1057 2566 1111 ad
2603 1055 2817 1113 beatum
2873 1058 3088 1113 Petrum
3122 1059 3210 1126 16,
3265 1067 3553 1128 pensantes
3603 1060 3860 1130 singulos

2254 1149 2349 1205 lib.
2382 1151 2468 1205 12.
2496 1150 2592 1205 llic
2613 1150 2737 1205 fecit
2764 1150 3132 1206 ordinationes
3161 1151 3215 1205 in
3245 1151 3380 1207 urbe
3410 1152 3578 1207 lioma
3610 1163 3724 1207 tres
3761 1168 3863 1224 per

2254 1256 2492 1297 mensem
2544 1242 2894 1297 Decembrem
2949 1251 3005 1298 et
3056 1241 3408 1298 Februarium
3438 1285 3453 1309 ,
3500 1244 3860 1315 presbyteros

2254 1334 2633 1404 quinquaginta
2664 1343 2808 1398 octo,
2840 1335 3092 1391 diacones
3118 1334 3393 1401 undecim,
3427 1335 3718 1405 episcopos
3762 1350 3862 1403 per

2253 1426 2467 1481 diversa
2494 1427 2608 1481 loca
2630 1440 2855 1481 numero
2884 1425 2912 1464 ι)
2946 1427 3159 1496 triginta
3188 1440 3278 1482 sex
3302 1425 3436 1501 [8‘2].
3476 1426 3573 1480 llic
3602 1426 3862 1496 sepultus

2254 1528 2340 1573 est
2369 1520 2419 1573 in
2453 1517 2671 1573 basilica
2701 1519 2847 1574 Beati
2884 1519 3026 1573 Petri
3073 1518 3299 1589 a‘pbstoli
3323 1560 3337 1586 ,
3366 1534 3417 1574 Vl
3441 1524 3612 1574 nonas
3645 1514 3856 1585 Martii,

2258 1616 2313 1664 et
2340 1610 2571 1664 cessavit.
2593 1607 2934 1681 episcopatus
2961 1594 3085 1666 dies»
3106 1620 3129 1649 ο
3164 1612 3217 1664 6.

2333 1744 2359 1783 δ
2400 1744 2532 1800 Cod.
2561 1745 2717 1811 Luc.,
2748 1762 2967 1801 Lxxvnt.

2337 1827 2358 1855 ε
2398 1813 2529 1871 Cod.
2563 1817 2715 1881 Luc.,
2750 1832 2843 1870 vn.

632 1950 710 2021 (a)
742 1952 816 2005 Ex
839 1960 1041 2019 septem
1064 1953 1372 2022 regionibus
1403 1952 1581 2017 Urbis,
1606 1950 1756 2006 Eruii
1784 1951 1873 2019 qui
1903 1949 2155 2006 Ecclesia;
2186 1954 2235 2015 Β
2263 1947 2430 2015 fulsit,
2463 1949 2803 2022 quantumvis
2836 1946 3194 2022 Occidentalis
3222 1945 3367 2003 orbis
3404 1948 3629 2022 Romani
3676 1948 3857 2022 impe-

560 2023 835 2077 catholicm
868 2039 972 2076 non
1014 2024 1505 2093 communicabant,
1546 2033 1729 2093 utpote
1771 2022 1913 2093 quod
1956 2023 2144 2093 Ariani

559 2102 758 2159 essent,
792 2102 899 2146 tres
926 2094 1274 2163 occupabant.
1306 2093 1456 2149 Unde
1487 2092 1687 2147 factum
1717 2092 1801 2148 est
1830 2092 1970 2163 quod
2006 2093 2149 2147 Sim-

557 2163 747 2232 plicius
778 2162 1015 2232 pontifex
1054 2174 1282 2233 quatuor
1309 2174 1511 2218 tantum
1540 2162 1855 2233 regionibus
1882 2164 2151 2232 ptenitena

560 2233 764 2304 liarios,
797 2249 997 2303 eosque
1033 2235 1474 2289 luebdomadarios
1506 2235 1851 2304 presbyteros
1882 2235 2142 2304 posuerit.

558 2301 631 2361 lla
656 2301 923 2358 Romanae
947 2305 1199 2359 Ecclesia:
1232 2301 1522 2359 auctoritas
1569 2301 1728 2373 atque
1772 2306 2026 2373 majestas
2057 2302 2143 2358 ef-

2264 2029 2471 2074 ratores
2517 2019 2858 2089 defecissent,
2915 2018 3306 2088 barbarumque
3362 2019 3545 2074 Ariani
3603 2021 3656 2074 in
3712 2018 3856 2077 Italia

2264 2091 2619 2214 principatum
2664 2091 2984 2144 obtinerent.
3028 2089 3153 2144 Sav.
3186 2091 3385 2146 BINIUS.

2307 2161 2409 2214 -(bl
2459 2161 2628 2213 larum
2654 2174 2829 2214 rerum
2854 2162 3251 2214 enarrationem
3281 2160 3385 2214 oro]

2307 2161 2409 2230 -(b)
2439 2160 2628 2232 llarum
2654 2174 2829 2215 rerum
2849 2162 3251 2232 enarrationem
3280 2160 3625 2232 prolixiorem
3649 2161 3775 2218 vide
3806 2163 3857 2219 in

2264 2233 2404 2285 notis
2432 2230 2798 2299 epistolarum.
2840 2230 2971 2285 Ssv.
3004 2231 3205 2287 Brutus.

1275 2559 1336 2603 (ἢ
1421 2568 1962 2642 EPISTOL/E
2022 2534 2586 2684 statumen
2642 2564 2978 2637 PAP/B.

1138 2817 1154 2846 ¹
1199 2813 1526 2871 EPISTULA
1566 2812 1605 2868 l.

562 2942 804 2987 smrucn
863 2943 1007 2982 rara:
1067 2943 1135 2981 Αι)
1191 2941 1433 2981 ZENONEI
1492 2926 1725 2997 [rectius
1770 2926 2149 2995 ntsrawnsen]

1023 3012 1323 3052 SPALENSEI
1363 3012 1671 3053 Εριδοοιιυιι.

570 3111 650 3168 De
676 3108 1055 3182 commissajlli
1095 3110 1201 3182 uice
1243 3112 1374 3164 sedis
1416 3112 1471 3163 in
1500 3111 1733 3164 omnibus
1777 3108 2151 3182 Hispaniarum

637 3182 896 3236 Ecclesiis.
938 3179 1298 3252 Hispalensent
1342 3182 1638 3252 episcOpum
1679 3184 1844 3236 virum
1881 3179 2151 3251 Vaptimum

634 3254 767 3307 sedis
796 3250 1089 3320 apostolicae
1118 3250 1378 3304 vicarium'
1399 3253 1685 3305 constituit.

778 3362 1137 3418 Dilectissimo
1174 3362 1325 3417 fratri
1364 3363 1565 3418 Zenoni
1603 3363 1931 3435 Simplicius.

638 3474 994 3531 Plurimorum
1026 3473 1196 3529 relatu
1231 3476 1592 3545 comperimus
1631 3476 1976 3533 dilectionem
2009 3489 2152 3534 tuam
2230 3532 2241 3535 _

567 3570 773 3626 fervore
810 3572 1040 3642 Spiritus
1069 3572 1241 3627 sancti
1263 3573 1334 3627 ita
1366 3582 1417 3627 te
1452 3572 1706 3628 Beelesiae
1736 3573 2154 3643 gubernatorem

564 3666 817 3733 existere,
852 3677 909 3722 ut
936 3668 1194 3739 naufragii
1221 3667 1563 3735 detrimenta,
1622 3668 1729 3724 Deo
1778 3677 2017 3737 auctore,
2048 3685 2153 3725 non

565 3758 780 3813 sentiat.
812 3758 1028 3815 Talibus
1058 3759 1254 3816 idcirco
1275 3760 1573 3831 gloriantes
1601 3761 1830 3827 indiciis,
1855 3777 2154 3833 congruum

566 3852 816 3905 duximus
836 3851 1031 3906 vicaria
1077 3851 1220 3907 sedis
1246 3863 1442 3906 nostra
1490 3861 1542 3906 te
1585 3854 1902 3910 auctoritate
1952 3853 2153 3918 fulciri,

567 3941 719 4011 cujus
745 3942 928 4011 vigore
956 3943 1215 4009 munitus,
1246 3941 1555 4011 apostolica:
1584 3945 1935 3999 institutionis
1966 3947 2151 4002 decre-

568 4042 653 4097 ta,
700 4033 783 4088 vel
831 4041 1136 4088 sanctorum
1185 4035 1442 4089 terminos
1499 4034 1756 4102 Patrum,
1796 4037 1945 4091 nullo
1988 4038 2155 4093 modo

569 4127 871 4181 transcendi
903 4127 1179 4197 permittas
1207 4145 1220 4180 :
1245 4128 1495 4198 quoniam
1518 4129 1679 4198 digna
1719 4130 1941 4185 honoris
1966 4146 2147 4186 remu-

572 4218 851 4273 neratione
871 4218 1221 4273 cumulandus
1244 4228 1328 4275 est
1358 4234 1452 4289 per
1479 4236 1637 4290 quem
1665 4220 1721 4275 in
1744 4221 1823 4276 Itis
1846 4222 2156 4293 regionibus

571 4309 778 4365 divinus
805 4324 1051 4367 crescere
1081 4311 1311 4368 innotuit
1349 4312 1541 4368 cultus.
1577 4312 1716 4369 Deus
1739 4322 1790 4371 te
1832 4314 2157 4372 incolumem

571 4398 854 4468 custodiat,
886 4398 1051 4457 frater
1080 4403 1378 4458 carissime.

1142 4492 1474 4549 EPISTOLA
1510 4494 1553 4548 ll

571 4598 813 4639 SIMPLICII
862 4598 1010 4639 PAPE
1050 4601 1117 4639 AD
1167 4599 1406 4640 JOANNEH
1455 4602 1805 4641 BAVENNATEM
1852 4603 2156 4644 EPISCOPUM.

573 4675 913 4748 Ifeprehcndit
941 4673 1195 4729 Joannem
1221 4678 1356 4748 quod
1397 4675 1695 4748 Gregorium
1725 4678 1953 4732 adhibita
1974 4680 2021 4733 vi
2049 4681 2157 4743 epi-

2259 2827 2528 2883 nunquam
2557 2808 2849 2881 plectibiles
2879 2816 3318 2879 perpetrarentur
3340 2822 3596 2864 excessus
3622 2827 3647 2873 ιη
3677 2826 3710 2865 a
3734 2813 3852 2881 qui-

2257 2909 2358 2964 bus
2383 2908 2428 2963 si
2454 2905 2605 2961 nullo
2632 2913 2684 2959 te
2721 2913 3062 2973 paternarum
3090 2902 3394 2971 regularum
3428 2911 3645 2972 poteras
3683 2904 3852 2959 conti-

2260 3014 2389 3056 nere
2415 3006 2707 3069 praecepto,
2727 2996 2917 3050 saltem
2949 3002 3148 3049 sancta:
3177 2996 3447 3050 memoria:
3478 2996 3846 3065 praedecesso-

2255 3094 2331 3148 ris
2355 3091 2427 3146 tui
2460 3090 2635 3145 fueras
2658 3086 2988 3144 revocandus
3003 3087 3273 3157 exemplo.
3291 3088 3392 3156 Qui
3421 3102 3541 3143 cum
3560 3088 3743 3145 minus
3764 3091 3853 3144 de-

2253 3184 2501 3254 liquisset
2531 3182 2773 3236 faeiendo
2800 3181 3169 3251 presbyterum
3215 3181 3464 3247 invitum,
3502 3192 3752 3237 senserat
3776 3192 3851 3236 ta-

2254 3291 2377 3332 men
2402 3275 2618 3345 dignum
2643 3286 2737 3341 pro
2753 3272 2843 3326 tali
2868 3287 2901 3327 ιι
2917 3271 3225 3341 surpatione
3238 3258 3515 3341 judicium.
3540 3272 3756 3327 Ubi~ista
3774 3274 3852 3327 di-

2180 3376 2228 3441 c
2256 3365 2454 3434 dicisti,
2483 3380 2600 3436 qua:
2631 3363 2684 3419 in
2708 3364 2925 3419 fratrem
2953 3373 3006 3418 et
3042 3364 3417 3434 coepiscopum
3443 3373 3687 3418 nostrum
3722 3364 3851 3419 Gre-

2256 3458 2463 3527 gorium
2492 3472 2597 3511 non
2620 3456 2901 3522 electione,
2918 3454 3013 3510 sed
3055 3452 3254 3510 invidia
3294 3457 3649 3525 perpetrasti,
3683 3471 3843 3523 quem

2257 3548 2606 3605 inexcusabili
2637 3548 2889 3602 violentia
2917 3547 3152 3616 pertrahi
3184 3547 3249 3602 ad
3283 3557 3333 3601 te
3355 3561 3545 3616 passus
3569 3561 3655 3612 es,
3684 3554 3845 3613 atque

2257 3642 2528 3707 vexari,ut
2553 3644 2601 3697 ei
2618 3642 2876 3695 honorem
2907 3649 3107 3693 tantum
3133 3655 3235 3693 non
3256 3654 3349 3709 per
3370 3639 3534 3693 animi
3550 3637 3850 3708 tranquilli-

2259 3743 2441 3801 tatem,
2462 3735 2552 3789 sed
2584 3750 2679 3803 per
2698 3736 2986 3789 amentiam
3020 3732 3178 3804 (sicut
3200 3733 3491 3787 dicendum
3517 3734 3620 3802 est)
3646 3733 3845 3802 irroga-

2259 3826 2370 3881 res?
2384 3827 2563 3895 Neque
2580 3827 2721 3881 enim
2737 3825 2859 3879 talia
2882 3824 3183 3894 potuissent
3210 3823 3324 3879 fieri
3356 3825 3585 3879 sanitate
3614 3826 3839 3878 consilii.

2259 3921 2516 3975 Nolumus
2544 3932 2865 3988 exaggerare
2888 3917 3029 3987 quod
3052 3927 3078 3953 κ
3107 3917 3324 3987 dignum
3352 3926 3460 3986 est,
3500 3932 3567 3972 ne
3596 3931 3851 3986 cogamur

2255 4011 2499 4081 judicare
2545 4010 2685 4079 quod
2740 4009 2978 4078 dignum.
3032 4007 3162 4061 Nam
3224 4008 3552 4076 privilegium
3609 4020 3849 4063 tueretur

2260 4107 2507 4158 amittere
2548 4102 2638 4171 qui
2679 4100 2936 4171 permissa
2982 4100 3084 4154 sibi
3134 4100 3369 4154 abutitur
3412 4107 3694 4168 potestate.
3744 4098 3846 4155 Sed

2262 4212 2367 4252 una
2396 4211 2494 4252 nos
2530 4197 2664 4250 ratio
2712 4194 2839 4249 facit
2882 4207 3002 4249 esse
3044 4193 3325 4247 sententia:
3370 4192 3649 4258 mollioris,
3684 4206 3847 4262 quam

2261 4287 2547 4344 maluimus
2576 4296 2657 4355 te,
2704 4285 2869 4340 fratre
2912 4294 2964 4340 et
3002 4285 3321 4354 coepiscOpo
3366 4292 3550 4338 nostro
3596 4282 3849 4354 Projecto

2264 4380 2561 4444 referente,
2603 4393 2957 4449 cognoscere,
3006 4393 3112 4431 non
3162 4376 3360 4431 nostris
3406 4376 3596 4430 litteris
3627 4385 3847 4445 promer

2262 4473 2607 4544 opprobrium
2637 4471 2928 4542 publicare.
2955 4469 3085 4523 Nam
3116 4468 3425 4524 scandalum
3444 4509 3458 4533 ,
3484 4466 3636 4537 cujus
3659 4480 3847 4523 auctor

2262 4566 2629 4636 cognosceris,
2681 4565 2747 4619 ita
2797 4561 3089 4618 moderatio
3137 4572 3323 4617 nostra
3364 4562 3729 4630 compescuit,
3788 4568 3839 4615 ut

2263 4658 2431 4713 frater
2472 4666 2527 4712 et
2570 4656 2921 4727 coepiscopus
2967 4667 3118 4709 meus
3168 4651 3454 4721 Gregorius
3496 4652 3687 4723 (quem
3741 4652 3855 4707 non

639 4745 848 4821 scopum
868 4749 1180 4814 ordinasset;
1210 4745 1302 4821 cui
1335 4758 1389 4802 ut
1446 4745 1783 4821 Mutinensem
1824 4747 2105 4804 Ecclesium
2130 4793 2145 4817 ,
2179 4759 2229 4820 ι)
2254 4760 2564 4821 provectum
2594 4758 2805 4804 constat
2834 4762 2978 4813 esse,
3006 4747 3100 4801 sed
3133 4746 3364 4816 pulsum)
3394 4745 3594 4800 nullam
3626 4760 3843 4799 caus-xm

640 4816 846 4900 nullam.
866 4830 1072 4872 causam
1114 4834 1230 4871 cum
1268 4816 1470 4874 Joanne
1522 4819 1809 4884 habiturus,
1866 4816 2150 4893 gubernet,

639 4898 889 4961 ρι’(ιτεὶριι.

572 5002 878 5072 Simplicius
935 5004 1219 5073 episcopus
1274 5002 1465 5057 Joanni
1523 5004 1777 5072 episcopo
1835 5002 2148 5058 Ravennati.

643 5116 698 5168 Si
727 5117 844 5185 quis
873 5124 1019 5171 esset
1046 5116 1267 5171 intuitus
1307 5115 1686 5169 ecclesiasticae
1716 5115 2033 5184 disciplina,
2068 5116 2151 5171 vel

570 5207 618 5260 si
651 5204 774 5274 quid
826 5207 964 5273 apud
1023 5215 1074 5260 te
1129 5203 1479 5259 sacerdotalis
1531 5204 1807 5259 modestia:
1855 5213 2149 5273 teneretur,

642 5324 669 5354 ⁸
702 5315 835 5371 Cod.
861 5314 1012 5383 Luc.,
1044 5318 1259 5389 gestum.

644 5433 657 5463 '
702 5432 824 5485 llaec
854 5430 1075 5499 epistola
1115 5447 1358 5502 magnum
1404 5444 1458 5485 et
1498 5431 1957 5502 vigilantissimum
2009 5434 2144 5488 Sim.

571 5503 713 5571 plicii
761 5517 909 5571 papa)
950 5503 1179 5555 studium
1223 5503 1475 5566 ostendit,
1512 5504 1649 5571 quod
1682 5503 1781 5556 sub
1808 5504 1981 5572 gladio
2015 5506 2143 5559 Eru-

572 5574 742 5627 lorum
774 5576 1030 5633 existens,
1066 5588 1168 5625 non
1196 5576 1595 5641 pnetermiscrit
1626 5574 2036 5628 sollicitudinem
2058 5592 2146 5627 ex—

572 5654 839 5697 ternarum
877 5643 1251 5705 Ecelesiarum,
1282 5660 1395 5709 qua:
1436 5645 1642 5711 longius
1672 5646 1874 5712 positae,
1907 5648 2005 5699 sub
2037 5644 2144 5696 Go-

572 5714 711 5768 thica
743 5714 999 5767 servitute
1038 5717 1336 5781 gemebant.
1387 5714 1789 5769 Observandum
1820 5716 1978 5782 quod,
2012 5717 2149 5769 sicut

575 5790 675 5850 hoc
719 5786 834 5838 loco
877 5783 1145 5840 Zenonem
1180 5784 1542 5853 lliSpalcnsem
1575 5786 1935 5842 Eeclcsiarunt
1960 5786 2147 5854 Hispa—

2260 4843 2421 4910 (sicut
2448 4840 2620 4912 petiit)
2648 4849 2823 4895 tecum
2871 4839 3169 4903 habiturus,
3203 4839 3555 4893 Mutinensem
3584 4839 3846 4908 gubernet

2260 4934 2597 5009 Ecclesiam,
2647 4942 2703 4989 et
2755 4932 3164 4988 contubernium
3221 4932 3462 5002 spiritale
3494 4930 3843 5003 "[speciale],

2256 5027 2397 5098 quod
2422 5017 2602 5081 sortiri
2630 5042 2732 5080 non
2758 5024 3036 5094 oportebat
3062 5025 3318 5089 invitum,
3350 5040 3457 5078 non
3487 5035 3701 5079 recuset
3731 5042 3845 5079 an:-

2258 5116 2439 5189 plecti.
2474 5116 2573 5171 Cui
2612 5116 2656 5169 si
2700 5114 2826 5185 quid
2870 5115 3071 5183 negotii
3118 5114 3341 5169 forsitan
3388 5115 3697 5181 emer’serit,
3742 5133 3840 5169 no-

2259 5217 2429 5263 strum
2456 5206 2484 5245 b
2510 5222 2575 5262 ex
2608 5205 2714 5278 [ab]
2742 5221 2806 5261 eo
2834 5208 2917 5262 vel
2948 5217 3132 5261 contra
3172 5221 3293 5262 eum
3340 5204 3548 5276 petatur
3591 5222 3836 5265 exatnen.

2327 5318 2353 5357 ι)
2382 5319 2516 5374 Cod.
2545 5302 2699 5383 an.,
2728 5321 2790 5373 ab
2824 5336 2900 5373 eo.

2252 5434 2491 5489 nicarum
2517 5434 2773 5488 vicarium
2815 5435 3112 5499 constituit,
3169 5438 3243 5499 ita
3292 5438 3416 5492 alibi
3466 5437 3659 5494 Acacio
3698 5437 3836 5492 Con-

2250 5506 2727 5572 stantinopolitano
2758 5506 2811 5558 in
2828 5504 3190 5560 Orientalibus
3220 5507 3475 5563 Ecclesiis
3498 5510 3837 5563 moderandis

2252 5576 2394 5629 vices
2424 5592 2547 5631 Suas
2572 5574 2915 5644 delegaverit.
2944 5576 3105 5645 quue
3136 5576 3330 5632 factum
3357 5578 3475 5632 ideo
3498 5589 3549 5633 ul
3581 5580 3622 5633 is
3645 5580 3729 5633 eui
3760 5592 3836 5633 to-

2254 5646 2357 5700 tius
2390 5647 2645 5701 Ecclesiw
2676 5662 2801 5700 cura
2832 5650 2860 5699 a
2896 5647 3004 5701 Deo
3031 5648 3313 5701 commissa
3350 5648 3475 5715 fuit,
3512 5650 3652 5704 nulla
3683 5652 3733 5704 itt
3777 5665 3834 5703 re

2252 5718 2430 5771 ofticio
2458 5731 2555 5771 suo
2577 5717 2812 5785 defuisse
2840 5717 3127 5773 videretur.
3160 5718 3286 5775 Ser.
3328 5719 3503 5775 BINlUS
