4086 6328
238 413 308 471 57
1676 422 2007 486 EPISTOLA
2046 430 2137 487 ιγ.
2302 442 2303 445 ‘
3448 438 3515 493 58

237 528 651 587 Necessitatibus
684 536 877 603 etiam,
908 552 1039 608 quas
1068 536 1322 611 (faciente
1364 542 1438 614 te)
1478 546 1818 615 compellitur
1843 553 1897 612 Α
1922 546 2161 616 praedicti
2204 546 2383 603 fratris
2424 552 2777 620 compellatur
2823 553 3101 618 instantia,
3154 564 3176 588 υ
3220 553 3304 605 cui
3351 553 3511 606 etiam

234 621 531 688 sustinere,
580 624 680 681 hac
714 625 1021 685 definitione
1050 640 1075 667 ἰ
1115 634 1486 701 consulemus,
1530 643 1587 690 ut
1634 637 1817 692 refuso

232 713 451 785 praedio,
485 717 628 786 quod
677 730 799 773 ante
844 736 1038 776 annum
1082 722 1235 780 bsibi
1279 725 1462 782 datum
1518 743 1637 783 esse
1678 744 1819 783 com-

235 810 526 873 memorat,
553 818 714 878 atque
751 810 817 865 ad
850 810 1146 869 Eeclesiam
1181 815 1540 873 Ravennatem
1572 834 1813 886 reverso,

194 894 496 967 'possessin
520 899 571 953 in
602 899 924 958 Bononiensi
951 904 1163 975 triginta
1187 906 1481 964 Solidorum
1510 910 1812 965 reddituum

229 988 463 1063 {reditus}
496 990 786 1047 liberorum
816 994 932 1055 sine
962 996 1293 1055 dubitatione
1319 1000 1560 1055 tradatur
1590 1002 1641 1056 in
1673 1002 1813 1056 diem

226 1078 429 1136 scilicet
459 1084 582 1137 vitae
611 1083 747 1153 ejus,
782 1088 928 1142 salvo
958 1089 1300 1158 proprietatis
1328 1091 1450 1160 jure
1490 1092 1813 1149 Ravennatis

226 1171 502 1239 Ecclesiae,
538 1173 604 1227 ad
636 1189 794 1244 quam
828 1187 948 1246 post
976 1179 1211 1247 praedicti
1244 1180 1450 1235 obitum
1490 1192 1809 1239 revertetur.

223 1263 368 1329 Quod
409 1265 452 1318 si
498 1278 602 1318 non
632 1265 794 1321 fuerit
825 1269 1025 1323 nostris
1056 1272 1284 1341 peritum
1325 1275 1651 1341 constitutis,
1686 1275 1813 1345 quid

224 1368 333 1425 past
366 1360 849 1427 transgressionem
879 1364 1093 1418 maneat
1113 1366 1484 1422 contumacem
1505 1408 1518 1433 ,
1548 1368 1661 1438 ipse
1694 1350 1813 1436 per-

222 1449 430 1517 pendis.
466 1450 855 1507 Denuntiamus
886 1462 1064 1510 autem
1085 1498 1099 1523 ,
1130 1457 1270 1527 quod
1302 1457 1346 1512 si
1378 1464 1490 1526 post
1528 1456 1629 1514 hac
1661 1460 1813 1529 quid-

220 1552 371 1609 quam
408 1542 514 1598 tale
544 1547 973 1615 praesumpseris,
1004 1554 1058 1603 et
1096 1540 1327 1620 aliquem
1357 1565 1452 1606 seu
1496 1554 1806 1623 episcopum

220 1648 307 1690 seu
338 1638 732 1709 preébyternm,
766 1654 861 1694 seu
891 1642 1194 1707 diaconum,
1224 1643 1445 1699 invitum
1474 1643 1650 1700 facere
1675 1648 1808 1701 forte

220 1729 529 1797 credideris,
557 1731 923 1788 ordinationes
952 1732 1049 1789 tibi
1078 1734 1405 1792 Ravennatis
1438 1736 1690 1793 Ecclesia:
1721 1740 1807 1793 vel

226 1818 554 1876 Emiliensls
591 1823 805 1878 noveris
835 1823 1175 1881 auferendae.
1216 1824 1344 1880 Data
1383 1837 1403 1866 ε
1441 1829 1598 1882 tertio
1628 1829 1809 1883 calen-

1921 640 2021 693 lmc
2064 640 2372 709 specialiter
2418 641 2756 713 praecipimus
2803 646 3100 713 imminere,
3140 657 3198 699 ut
3244 655 3350 699 tres
3393 645 3512 700 illas
3558 696 3567 703 .

1920 732 2214 796 portiones,
2239 745 2372 800 quas
2409 746 2505 801 per
2549 734 2835 789 triennium
2877 736 3072 791 dicitur
3118 735 3219 791 sibi
3270 747 3507 791 tantum-

1919 819 2079 873 modo
2112 821 2444 890 vindicasse,
2484 824 2748 880 restituat.
2781 826 2907 880 Data
2939 828 3152 883 decimo
3187 828 3346 883 tertio
3373 827 3507 899 (xiv)

1917 914 2265 970 calendarum
2307 916 2680 973 Decembrium
2729 918 2895 991 (anno
2936 921 3148 977 Domini
3186 921 3337 993 475),
3387 931 3506 993 post

1918 1008 2255 1065 consulatum
2283 1010 2479 1068 Leonis
2508 1012 2753 1085 Augusti.

2484 1126 2813 1184 EPISTOLA
2850 1127 2918 1185 ιγ

2300 1233 2546 1273 εικνιιοιι
2575 1233 2723 1275 ΡΔΡΙ
2755 1237 2823 1276 ΑΙ)
2855 1236 3121 1278 ZENONEI.

1916 1328 2081 1407 Rogat
2138 1341 2199 1407 ut
2254 1331 2572 1389 Timotheum
2626 1334 2909 1405 litum,
2950 1339 3054 1407 qui
3098 1336 3503 1392 Alexandrinam

1986 1402 2154 1480 sedem
2185 1402 2367 1480 iterum
2389 1421 2657 1480 occupare,
2683 1415 2736 1480 et
2756 1402 2902 1465 clam'
2919 1402 3361 1480 Cdustantinopoli
3382 1425 3502 1480 suos

1986 1471 2200 1596 gerrae:
2230 1471 2561 1530 dissemiuarc
2588 1471 2889 1545 conabatur,
2916 1481 3055 1550 regia
3086 1471 3328 1549 potestate
3358 1478 3499 1532 colli-

2020 1554 2121 1596 eat.

2020 1554 2100 1596 eat
2108 1585 2121 1598 .

1989 1655 2190 1713 Zenoni
2224 1663 2259 1713 A
2272 1668 2461 1735 ugusto
2491 1660 2759 1735 [Basilisco
2788 1663 2846 1735 in
2875 1663 2998 1718 cod.
3031 1661 3350 1719 Virduncnsi
3372 1659 3412 1735 ¹]

2386 1732 2693 1801 Simplicius
2715 1734 3017 1804 episcopus.

1980 1842 2243 1913 Cuperem
2273 1845 2523 1915 quidem,
2556 1858 2811 1917 quantum
2842 1847 2907 1903 ad
2938 1863 3071 1903 mea:
3100 1855 3305 1918 spectat
3332 1847 3493 1903 devo-

227 1912 319 1968 das
350 1913 494 1969 Junii
524 1915 686 1984 (anno
716 1916 925 1972 Domini
963 1914 1114 1988 482),
1156 1918 1414 1975 Severino
1461 1921 1576 1975 viro
1620 1922 1805 1977 claris-

1910 1912 2073 1988 tionis
2101 1912 2413 2001 arbitrium,
2449 1912 2549 2007 qua
2573 1912 2848 2008 principes
2883 1912 3218 1996 Christianos
3250 1940 3360 2012 jugi
3401 1940 3493 1995 ve-

226 2004 356 2060 simo
382 2006 623 2062 consule.

753 2099 1083 2158 EPISTOLA
1122 2103 1190 2157 ill

213 2202 455 2247 BIIPLIGII
507 2207 653 2247 [MPA-‘4
693 2209 761 2248 AD
816 2204 1187 2262 FLOBENTIUM,
1232 2210 1483 2260 EQUITIUI
1528 2212 1593 2250 ΕΤ
1643 2210 1803 2252 θενε-

785 2282 890 2322 [ιυι
935 2281 1233 2324 8918001⁵08.

211 2350 531 2431 Gaudentius
553 2356 865 2427 Auﬁm’ensis
886 2362 1171 2431 episcopus,
1192 2361 1252 2414 ob
1278 2362 1486 2415 illicitas
1515 2361 1801 2416 ordinatio-

275 2443 359 2481 nes
386 2426 583 2505 factas,
618 2426 826 2505 munere
849 2426 1231 2487 sacerdotalia
1266 2432 1455 2502 triplici
1484 2443 1628 2504 parte
1661 2435 1800 2487 redi-

273 2502 419 2551 taurit
445 2502 674 2554 ecclesiae
705 2502 953 2567 privatur.

207 2587 516 2663 Simplicius
548 2593 851 2665 episcopus,
900 2593 1205 2678 Florentio,
1242 2594 1460 2667 Equitio
1497 2603 1552 2650 et
1599 2594 1802 2651 Severo

847 2680 1136 2736 episcopis.

272 2775 493 2833 ilelatio
525 2791 622 2833 nos
652 2787 846 2835 vestra:
878 2779 1183 2836 dilectionis
1213 2780 1496 2846 instruxit,
1540 2789 1594 2836 et
1629 2788 1803 2849 gesto-

204 2880 315 2923 rum
345 2870 530 2925 series
562 2872 769 2939 plenius
805 2872 1100 2940 intimavit,
1135 2871 1495 2929 Gaudentium
1526 2873 1802 2928 Aufinien-

202 2960 273 3014 sis
296 2960 553 3036 [Burqu
599 2958 903 3036 Oﬂiniensis]
931 2964 1190 3020 Ecclesiae
1222 2965 1556 3021 sacerdotem
1574 3008 1587 3029 ,
1614 2974 1801 3020 contra

203 3057 393 3108 statuta
433 3066 707 3108 canonum
755 3068 816 3110 ac
862 3064 1042 3110 nostra
1087 3068 1387 3127 praecepta,
1437 3057 1804 3112 ordinationes

205 3142 410 3203 illicitas
459 3159 833 3218 perpetrasse,
880 3166 1104 3219 quarum
1137 3152 1213 3207 illi
1258 3163 1421 3208 totam
1457 3154 1672 3224 penitus
1710 3170 1806 3210 au-

206 3237 329 3294 ferri
374 3241 726 3311 prarcipimus
783 3252 1126 3311 potestatem.
1172 3243 1497 3315 Scripsimus
1547 3244 1689 3300 enim
1736 3247 1801 3301 ad

1911 2025 2188 2080 aeratione
2229 2027 2492 2097 suscipio,
2538 2028 2719 2084 debita
2764 2030 2946 2099 pietati
2991 2038 3181 2085 vestra:
3226 2031 3494 2085 continu's

1910 2117 2082 2171 officia
2110 2116 2319 2173 deferre
2348 2119 2647 2189 colloquiis.
2679 2119 2784 2175 Sed
2810 2135 2930 2176 cum
2962 2121 3028 2176 ad
3061 2122 3215 2192 hujus
3247 2122 3493 2177 intentio-

1905 2209 1992 2264 nis
2018 2220 2367 2283 augmentum
2398 2213 2559 2267 ctiam
2592 2228 2758 2269 sacra:
2786 2228 2913 2269 cura
2944 2214 3217 2285 religionis
3243 2213 3489 2280 accedat,

1900 2303 2040 2358 ratio
2081 2303 2210 2359 mihi
2254 2305 2452 2376 negotii
2495 2306 2719 2375 petieris
2763 2308 3053 2375 incumbit,
3092 2319 3147 2363 ut
3189 2308 3347 2364 simul
3389 2308 3487 2364 ho-

1904 2396 2290 2452 norificentiam
2318 2398 2469 2454 vobis
2500 2413 2666 2468 prona
2692 2411 2871 2455 mente
2901 2400 3235 2470 persolvam,
3275 2409 3329 2455 et
3359 2415 3489 2455 eau-

1902 2504 1990 2547 8:18
2036 2490 2267 2547 fideliter
2311 2491 2580 2547 insinuem
2619 2510 2630 2546 :
2673 2493 2797 2563 quia
2845 2508 2930 2548 me
2974 2493 3039 2548 ad
3081 2502 3359 2563 utramque
3405 2492 3489 2548 vel

1904 2580 2074 2638 dicata
2108 2582 2270 2636 trahit
2309 2583 2612 2638 clementia:
2657 2592 2852 2639 vestra:
2885 2598 3098 2655 semper
3137 2583 3376 2650 atiectio,
3405 2584 3490 2639 vel

1901 2683 2180 2743 respectus
2207 2673 2409 2729 ordinis
2440 2674 2543 2730 mei
2573 2682 2629 2730 et
2653 2672 2932 2745 apostolici
2966 2675 3351 2732 moderaminis
3381 2677 3489 2732 sol-

1906 2763 2129 2820 licitudo
2155 2764 2450 2835 compeliit.
3446 2838 3458 2851 .

1978 2857 2214 2914 Functus
2260 2859 2439 2930 igitur,
2471 2858 2860 2929 gloriosissime
2886 2872 2947 2915 ac
2974 2858 3387 2916 clementissime
3413 2858 3489 2915 fili

1907 2952 2201 3020 imperator
2238 2952 2498 3022 Auguste,
2533 2966 2757 3008 munere
2795 2952 3089 3020 salutandi,
3127 2967 3245 3023 quae
3289 2954 3340 3007 in
3382 2953 3486 3007 Ec-

1908 3043 2088 3098 clesiis
2111 3043 2347 3098 Orientis
2394 3058 2489 3112 per
2534 3042 2906 3098 haereticorum
2947 3043 3222 3098 latrocinia
3255 3043 3487 3098 recidiva

1909 3150 2095 3191 rursus
2120 3135 2368 3190 dicuntur
2391 3135 2637 3190 scandala
2668 3136 2953 3199 concitari,
2982 3148 3082 3191 nec
3104 3135 3275 3192 debeo
3304 3134 3485 3201 silere,

1911 3238 2011 3283 nec
2038 3241 2276 3297 possum.
2304 3225 2432 3281 Nam
2457 3229 2593 3282 sicut
2616 3227 2670 3282 in
2702 3241 2874 3283 meam
2904 3228 3144 3283 notitiam
3170 3228 3486 3285 terrentium

205 3329 466 3386 Severum
519 3330 737 3389 fratrem
779 3342 833 3389 et
872 3333 1251 3405 coepiscopum
1304 3346 1579 3403 nostrum,
1630 3347 1684 3390 ut
1734 3337 1798 3407 (si
1826 3317 1873 3379 ϐ
1908 3335 2005 3389 pro
2036 3320 2139 3375 fide
2165 3319 2425 3374 catholica
2465 3319 2771 3375 detulerunt
2801 3321 3038 3390 scripta!
3067 3321 3486 3387 monachorum,

205 3436 430 3479 necesse
460 3422 645 3494 fuerit)
674 3426 788 3494 ipse
832 3430 881 3480 in
916 3427 1218 3495 supradiCta
1261 3408 1522 3493 Ecclesia,
1555 3427 1803 3483 conside-

206 3517 333 3570 ratis
366 3516 586 3571 Patrum
638 3517 858 3586 regulis,
894 3519 994 3573 hoc
1041 3518 1290 3588 fungatur
1330 3520 1529 3588 officio,
1562 3534 1669 3590 quo
1714 3519 1803 3577 ille

206 3613 409 3665 abusus
444 3626 564 3665 esse
598 3611 875 3666 convictus
910 3622 1029 3668 est:
1073 3614 1141 3664 ita
1186 3621 1244 3665 ut
1285 3612 1337 3665 hi
1377 3614 1463 3683 qui
1512 3613 1693 3667 illicite
1736 3613 1802 3666 ah

214 3702 412 3757 eodem
464 3714 585 3756 sunt
634 3704 910 3772 provecti,
959 3703 1026 3755 ab
1071 3703 1447 3757 ecclesiasticis
1493 3703 1805 3757 ministeriis

215 3794 320 3849 sint
355 3795 572 3848 remoti.
611 3793 779 3849 Simul
818 3795 975 3848 etiam
1016 3796 1083 3848 de
1115 3782 1410 3849 redditibus
1441 3794 1692 3849 Ecclesize
1725 3796 1805 3849 vel

211 3889 493 3943 oblatione
526 3887 762 3945 fidelium
788 3934 801 3957 ,
834 3887 960 3956 quid
1001 3889 1186 3946 deccat
1235 3891 1532 3956 nescienti,
1567 3889 1699 3944 nihil
1745 3891 1806 3945 li-

212 3996 335 4037 cere
383 3980 693 4050 permittat,
726 3980 819 4035 sed
852 3982 961 4035 sola
996 3982 1043 4035 ei
1075 3997 1137 4036 ex
1172 3980 1254 4036 his
1284 3991 1470 4052 quarta
1507 3981 1653 4055 [una]
1678 3997 1802 4054 por-

209 4072 281 4126 tio
316 4074 645 4127 remittatur.
691 4072 814 4126 Dus:
846 4072 1225 4132 ecclesiasticis
1257 4073 1497 4143 fabricis,
1526 4084 1579 4131 et
1612 4090 1798 4145 eroga-

209 4166 336 4221 tioni
370 4165 776 4237 peregrinorum
808 4176 861 4222 et
892 4182 1183 4237 pauperum
1217 4170 1530 4238 profuturzn,
1561 4168 1628 4223 ab
1657 4170 1799 4225 Ona-

213 4272 304 4325 gro
335 4259 388 4331 [α
416 4256 678 4328 Βοιιαςνο]
712 4257 1026 4328 presbytero
1062 4259 1162 4313 sub
1203 4260 1439 4328 periculo
1472 4259 1554 4315 sui
1596 4259 1799 4314 ordinis

215 4350 621 4415 ministrentur;
654 4344 679 4385 δ
714 4348 895 4403 ultima
922 4351 1062 4404 inter
1103 4366 1161 4405 se
1190 4351 1400 4406 clericis
1430 4368 1527 4422 pro
1567 4352 1802 4423 singulo-

212 4452 323 4495 rum
356 4440 567 4496 meritis
610 4440 897 4496 dividatur.
944 4444 1013 4497 At
1054 4458 1180 4497 vero
1223 4444 1514 4499 ministeria
1561 4445 1801 4499 ecclesia:

1908 3416 2143 3481 comperi
2201 3410 2542 3467 Timotheum
2601 3411 2952 3482 parricidam,
3008 3413 3097 3484 qui
3155 3412 3487 3485 Egyptiaca:

1906 3507 2111 3577 pridem
2145 3514 2382 3561 vastator
2415 3505 2670 3560 Ecclesia:
2710 3506 2760 3559 in
2795 3522 2997 3562 morem
3039 3505 3169 3563 Cain
3200 3507 3282 3578 (ut
3326 3508 3489 3563 lectio

1908 3601 2086 3656 divina
2128 3600 2293 3673 [Gem
2324 3600 2408 3672 tv]
2457 3603 2701 3669 testatur)
2744 3602 2944 3672 ejectus
2974 3616 3003 3655 a
3040 3602 3173 3659 facie
3217 3602 3339 3673 Dei,
3383 3604 3485 3660 hoc

1909 3704 2019 3754 est,
2050 3694 2117 3746 ab
2149 3694 2403 3748 Ecclesia:
2445 3694 2702 3762 dignitate
2739 3695 2996 3759 seclusus,
3025 3706 3077 3751 et
3102 3699 3210 3765 jam
3250 3713 3344 3767 per
3388 3699 3484 3753 de-

1915 3795 2056 3839 serta
2084 3800 2267 3852 vagus,
2295 3784 2570 3839 scelerata:
2601 3784 2942 3839 conscientia:
2960 3785 3052 3839 diu
3080 3795 3339 3841 tormenta
3370 3802 3491 3857 pas-

1916 3891 2101 3940 surus,
2157 3878 2207 3929 in
2265 3874 2510 3930 exsilium
2572 3876 2771 3945 proprii
2817 3876 3016 3930 erroris
3063 3876 3322 3935 abductus
3376 3887 3488 3944 est,

1909 3967 2197 4036 resumptis
2238 3966 2445 4037 pristini
2478 3966 2674 4021 furoris
2714 3965 2975 4023 incendiis
3002 3968 3263 4024 coxitlasse
3295 3969 3490 4025 nihilo-

1912 4062 2089 4116 minus
2131 4062 2338 4130 agmina
2394 4060 2759 4129 perditorum,
2807 4066 2863 4113 et
2910 4059 3287 4116 Alexandriam
3338 4061 3490 4117 urbis

1913 4153 2240 4219 Ecclesiam,
2275 4166 2434 4222 quam
2472 4150 2786 4207 sacerdotali
2828 4150 2972 4221 prius
3014 4153 3270 4223 sanguine
3298 4168 3491 4208 cruen-

1912 4248 2073 4309 tavit,
2105 4245 2278 4315 ipsum
2314 4244 2489 4298 denuo
2519 4257 2662 4299 nunc
2686 4254 2964 4300 cruentum
3006 4244 3319 4314 depulsione
3358 4245 3489 4316 legi-

1912 4342 2024 4396 timi
2072 4338 2375 4411 pervasisse
2416 4336 2685 4407 pontilicis
2720 4352 2737 4391 :
2779 4344 2837 4391 ut
2876 4337 2964 4393 cui
3014 4336 3104 4392 illa
3148 4337 3491 4408 relegationis

1911 4436 2186 4492 humilitas
2230 4434 2447 4506 injicere
2477 4432 2722 4489 debuerit
2749 4446 2819 4488 ex
2850 4431 2916 4487 iis
2960 4446 3080 4503 quae
3115 4431 3280 4501 impie
3308 4446 3491 4502 gesse-

213 4548 326 4601 qure
379 4534 612 4588 alienata
662 4535 1051 4603 comperimus,
1106 4550 1357 4605 reparare
1404 4546 1793 4607 prmsumptor,
1825 4529 2017 4599 Drat,
2060 4529 2301 4585 aculeum
2349 4525 2669 4597 pmnitendi,
2715 4523 2981 4580 nutriendi
3020 4523 3198 4595 potius
3236 4523 3343 4579 otia
3389 4524 3485 4579 tri-

284 4723 307 4750 ι
336 4713 470 4767 Cod.
516 4713 643 4786 Luc.
684 4714 755 4768 ita
792 4723 847 4768 et
882 4714 1050 4782 prima
1081 4730 1271 4779 manu;
1316 4714 1407 4770 Sed
1453 4714 1617 4770 altera
1647 4730 1798 4786 aeque

218 4787 426 4851 altliqua
455 4785 706 4839 emendat
734 4802 748 4838 :
781 4786 1116 4842 consulimus.

287 4853 309 4889 δ
332 4855 467 4908 (10d.
498 4858 651 4923 Luc.,
677 4857 765 4910 ibi.

290 4935 309 4962 ο
338 4924 474 4980 Cod.
510 4924 661 4990 Luc.,
693 4933 877 4999 quarto
904 4927 1147 4981 calendas
1174 4925 1339 4981 Junii.

290 5103 305 5133 ³
340 5102 405 5157 Et
462 5098 743 5170 Basilisco,
783 5114 885 5155 non
940 5100 1139 5157 Zenoni
1170 5096 1424 5170 seriptam
1462 5117 1490 5155 a
1523 5099 1802 5171 Simplicio

161 5212 168 5221 .
226 5173 358 5227 hanc
385 5173 670 5243 epistolam
699 5173 886 5242 probat
918 5172 1108 5243 Pagius
1138 5176 1201 5226 ad
1234 5187 1322 5226 an.
1354 5172 1453 5228 Ch.
1484 5173 1612 5239 476,
1646 5186 1701 5226 n.
1734 5172 1796 5227 tt

225 5254 276 5298 ct
303 5258 456 5312 seqq.

293 5261 468 5369 imit
506 5313 814 5383 Simplicius
852 5330 912 5369 ea
956 5314 1263 5370 fidelissima
1309 5314 1574 5370 relatione
1617 5330 1805 5369 mona-

228 5383 443 5439 chorum
475 5384 1085 5454 ConStantinopolitanze
1114 5385 1366 5441 Ecclesia:
1394 5386 1693 5451 accepisset
1721 5387 1803 5438 'l'i-

232 5456 498 5510 motbeum
529 5455 801 5521 .Elurum,
833 5456 1269 5511 scelestissimum
1298 5457 1676 5511 A'exnndrmm
1703 5456 1805 5509 Ec-

234 5528 406 5583 clesia
458 5529 792 5587 invasnrem,
840 5542 945 5581 non
999 5530 1170 5581 selum
1216 5530 1283 5582 ab
1330 5530 1525 5583 exsilio
1568 5529 1802 5582 solutum

236 5598 411 5663 fuisse,
441 5598 533 5652 sed
562 5602 720 5653 etiam
755 5599 918 5669 libere
948 5598 1405 5669 Censtantinopoli
1438 5601 1667 5663 morari,
1703 5599 1801 5652 ibi-

238 5681 332 5738 que
361 5670 499 5724 vires
539 5683 725 5722 omnes
771 5685 864 5735 pro
907 5667 1093 5721 lunt-esi
1129 5667 1462 5738 propaganda
1508 5673 1798 5733 insumere,

241 5736 367 5791 hanc
408 5740 685 5808 cpi~l0|attt
719 5741 782 5793 ad
834 5739 1101 5793 Zenonem
1146 5736 1471 5806 Augustum,
1512 5741 1662 5807 cujus
1709 5746 1802 5809 pa:

242 5810 458 5865 trocinio
510 5812 617 5879 ipse
649 5814 893 5865 clanculo
926 5811 1221 5871 fovebatur,
1275 5811 1487 5878 scripsit
1515 5828 1527 5862 :
1562 5811 1805 5880 adjungit

198 5912 201 5913 ν
246 5890 501 5960 patentem
532 5883 592 5937 ad
623 5885 871 5939 Acacium
904 5885 1211 5959 episcopum
1247 5884 1499 5959 scriptam
1529 5882 1625 5941 hac
1653 5884 1719 5943 de
1747 5896 1804 5942 re

1975 4709 2003 4749 ἀ
2033 4710 2165 4765 Cod.
2194 4709 2344 4773 Luc.,
2372 4706 2609 4762 ultimam
2638 4706 2879 4761 clerici...
2908 4706 3161 4760 dividant.

1983 4794 2006 4821 ο
2041 4784 2224 4837 Manus
2252 4792 2405 4845 asque
2428 4779 2645 4845 antiqua
2673 4778 2728 4831 in
2752 4777 2997 4846 margine
3021 4776 3168 4832 addit
3191 4775 3306 4830 haec
3326 4777 3494 4831 verba

1908 4855 1961 4909 in
1994 4862 2194 4909 textum
2224 4849 2291 4904 ad
2332 4849 2505 4902 locum
2536 4861 2566 4900 a
2607 4861 2693 4900 me
2738 4846 3003 4915 signatum
3052 4846 3355 4903 revocanda
3391 4865 3403 4900 :
3446 4857 3494 4902 ct

1907 4940 2022 4995 quin
2050 4920 2259 4977 abstulit
2282 4919 2543 4973 restituere
2564 4926 2796 4986 cogatur,
2819 4916 2931 4984 cui,
2953 4925 3059 4972 etc.

1907 5097 2215 5169 epistolam,
2244 5094 2417 5169 eidem
2448 5092 2648 5149 Zenoni
2678 5090 3007 5169 oli‘erendam
3031 5132 3045 5155 ,
3068 5090 3373 5169 ea_q_uidem
3393 5093 3488 5169 _in-

1910 5162 2179 5233 tentione,
2225 5180 2291 5223 ne
2338 5166 2391 5221 in
2446 5176 2809 5219 transversum
2855 5163 2923 5218 ab
2970 5162 3236 5217 htereticis
3284 5164 3494 5232 penitus

1911 5249 2182 5311 ageretur.
2210 5240 2276 5294 Et
2297 5251 2619 5311 quanquam
2659 5236 2751 5291 uni
2795 5233 3108 5311 imperatori
3151 5235 3326 5311 omnis
3369 5238 3494 5294 mali

1909 5304 2059 5382 ergo
2091 5310 2248 5365 tribui
2277 5304 2748 5382 deberet,__utpote
2787 5308 2876 5382 qui
2917 5304 3233 5374 sacrilegum
3284 5306 3495 5362 invaso-

1910 5378 2023 5439 rcm
2058 5382 2310 5435 Ecclesite
2339 5381 2406 5435 ab
2436 5378 2627 5434 exsilio
2655 5390 2775 5430 cum
2802 5378 3006 5429 honore
3048 5386 3382 5443 revocasset,
3417 5388 3495 5433 ta—

1913 5470 2032 5509 men
2060 5452 2159 5519 ipsi
2188 5452 2396 5518 culpam
2426 5450 2698 5505 ascribere
2725 5445 3138 5515 prudentissime
3163 5446 3486 5519 dissimulat,

1914 5537 1970 5579 ut
1999 5526 2065 5579 ad
2086 5517 2463 5591 'pmnitentiam
2492 5518 2754 5589 agendam
2795 5526 3156 5585 commotum,
3200 5517 3360 5573 faciat
3398 5534 3494 5589 pa-

1914 5597 2034 5651 trati
2057 5594 2275 5649 sceleris
2295 5593 2707 5648 destructorem.

1987 5670 2040 5722 In
2073 5667 2411 5721 consularem
2440 5670 2619 5715 notam
2648 5660 2899 5715 mendum
2931 5660 3186 5727 irrepsit:
3222 5674 3341 5712 nam
3379 5660 3493 5713 loco

1913 5738 2135 5797 Armati,
2166 5737 2253 5805 qui
2289 5735 2389 5787 hoc
2419 5748 2579 5805 anno,
2616 5741 2768 5800 prout
2808 5731 3206 5805 emendatiores
3247 5728 3376 5805 fasti.
3410 5740 3488 5783 te-

1912 5818 2141 5872 stantur,
2179 5800 2299 5860 cum
2344 5803 2596 5857 Basilisco
2636 5803 2970 5858 consulatum
3011 5802 3232 5873 agebat,
3264 5800 3491 5871 positum

1914 5890 1993 5939 est
2025 5894 2217 5935 nomen
2244 5872 2489 5947 Augusti.
2518 5874 2644 5933 Ssv.
2674 5875 2871 5931 titulus.
