4086 6328
548 345 616 406 39
1707 405 1716 416 ,
1899 337 2143 399 SIMPth

2281 337 2362 394 PA
2375 337 2486 394 PIE
3774 343 3851 403 ιθ

548 466 729 522 buisse
755 465 996 520 videatur
1022 450 1302 517 a'tro‘cioris
1333 458 1593 512 insaniae:
1625 469 1731 526 quo
1759 435 1943 525 procul
1970 453 2136 509 dubio
2168 468 2220 528 Α
2318 449 2476 508 Certe
2507 461 2565 506 ut
2602 452 2771 508 facilis
2803 454 2957 510 vobis
2984 437 3286 512 necessiiia
3317 470 3424 510 non
3460 455 3600 511 desit
3643 457 3851 515 instru-

549 560 677 614 Cain
715 561 828 628 ipso
858 558 1012 628 longe
1047 552 1416 611 detestabilior
1456 549 1798 619 approbatur.
1836 547 1930 601 Ille
1973 546 2140 616 siqui-

548 651 668 707 dem
691 667 718 704 a
752 658 1057 720 perpetrato
1077 647 1242 702 semel
1275 645 1512 699 facinore
1542 642 1828 696 damnatus
1855 639 2137 701 abstinuit,

550 743 636 799 hic
665 743 888 813 profecit
911 742 978 796 ad
1007 741 1231 796 crimina
1265 736 1466 806 majora
1496 745 1616 807 post
1648 751 1883 806 poenam.

619 857 725 913 Nec
751 870 817 911 eo
856 863 1039 909 tamen
1076 851 1340 907 scelerum
1378 851 1484 904 ﬁne
1524 858 1840 914 contentus,
1877 846 2142 903 Constan-

548 949 952 1020 tinopolitanam
978 945 1197 1015 insuper
1225 943 1442 1007 urbem,
1474 943 1609 998 recti
1633 955 1850 1010 semper
1872 940 2141 1011 dogmatis

547 1058 729 1097 amore
777 1041 1088 1110 flagrantem
1123 1039 1216 1108 (ne
1254 1036 1381 1107 quid
1428 1037 1804 1090 intemeratum
1856 1033 2142 1104 populator

549 1141 797 1191 humana:
826 1132 1015 1187 salutis
1038 1130 1333 1199 omitteret)
1364 1128 1536 1184 fertur
1559 1127 1814 1182 audacter
1843 1127 2140 1198 ingressus,

547 1237 603 1283 et
631 1244 660 1280 a
690 1242 801 1281 sua:
830 1223 1173 1280 consortibus
1215 1221 1492 1293 pravitatis
1527 1221 1756 1276 libenter
1793 1220 2009 1275 audisse
2039 1219 2142 1275 soli

547 1320 762 1376 Christo
797 1317 1030 1373 debitam
1059 1329 1276 1379 vocem,
1315 1329 1417 1384 qua
1465 1315 1622 1383 plane
1662 1327 1770 1368 non
1820 1313 1874 1367 in
1923 1311 2143 1368 nomine

553 1410 765 1466 Domini
798 1408 981 1462 venire
1011 1405 1349 1470 benedictus,
1376 1405 1470 1460 sed
1499 1404 1667 1460 divini
1695 1403 1948 1459 culminis
1981 1417 2142 1459 usur-

550 1513 704 1576 pator
752 1503 1028 1559 evidenter
1081 1509 1164 1556 est
1217 1507 1546 1554 monstratus
1587 1498 1952 1554 Antichristus
1990 1515 2004 1551 :
2053 1499 2144 1567 qui

548 1613 668 1654 cum
692 1597 853 1652 etiam
886 1611 914 1648 a
943 1592 1324 1649 communione
1349 1590 1614 1647 catholica
1656 1599 1766 1645 tam
1804 1588 2147 1645 laudabiliter

548 1702 690 1748 esset
719 1690 990 1754 exclusus,
1026 1704 1121 1758 per
1151 1686 1507 1758 quorumdam
1556 1687 1788 1756 privatas
1819 1685 2028 1752 domos,
2064 1700 2148 1738 re-

547 1782 746 1854 spersis
774 1782 1008 1836 humano
1033 1780 1297 1849 sanguine
1323 1778 1592 1841 manibus,
1628 1765 1734 1832 non
1765 1777 1946 1831 divina
1978 1776 2148 1831 sacri-

547 1878 687 1945 ﬁcia,
736 1876 830 1932 sed
875 1876 1154 1945 sacrilegia
1196 1873 1498 1928 celebrasse
1534 1881 1891 1937 memoratur,
1943 1870 1996 1924 in
2038 1885 2145 1941 quo
2174 1881 2223 1944 Β

547 1973 727 2040 utique
754 1984 860 2024 non
882 1978 962 2024 est
987 1968 1102 2038 ejus
1125 1967 1331 2021 ﬁrmata
1358 1963 1649 2035 susceptio,
1682 1963 1774 2018 sed
1801 1965 2142 2018 consciorum

547 2064 811 2134 divulgata
864 2061 1128 2132 proditio,
1176 2074 1298 2114 cum
1350 2057 1540 2113 eodem
1595 2057 1662 2112 de
1713 2056 1799 2111 illa
1850 2054 2145 2126 iniquitatis

544 2159 696 2225 sede,
733 2157 832 2212 nisi
862 2155 1206 2226 resipiscant,
1242 2153 1553 2209 omnimode
1582 2167 1825 2217 casuros,
1856 2165 2018 2221 quam
2040 2149 2146 2204 sic-

546 2261 604 2307 ut
639 2250 885 2306 diabolus
923 2257 1074 2319 patcr
1097 2248 1234 2317 ejus,
1266 2247 1545 2303 Altissimo
1570 2245 1803 2300 similem
1827 2259 1884 2300 se
1915 2243 2141 2308 faciens,

545 2354 807 2400 aeternum
861 2341 961 2397 sibi
1013 2340 1251 2411 perﬁdus
1304 2346 1625 2394 construere
1680 2353 1789 2392 non
1839 2336 2036 2392 desinit
2078 2337 2145 2392 ad

545 2438 774 2491 ruinam.

618 2529 745 2583 Haec
777 2526 1102 2582 venerabilis
1147 2526 1464 2596 imperator,
1506 2538 1625 2578 cum
1674 2524 1893 2578 horreat
1937 2522 2146 2576 animus

547 2622 634 2678 vel
664 2638 695 2676 a
723 2629 872 2679 tanto
902 2620 1196 2691 gladiatore
1235 2619 1400 2675 fuisse
1432 2626 1632 2674 tentata
1652 2664 1664 2686 ,
1698 2620 1936 2672 maximo
1967 2626 2143 2672 tamen

546 2714 770 2788 (fateor)
802 2721 1022 2782 stupore
1065 2711 1333 2780 detineor,
1363 2711 1463 2765 sub
1501 2720 1695 2765 vestrae
1739 2708 1953 2780 pietatis
1991 2723 2148 2778 aspe-

547 2808 719 2862 ctibus
753 2807 990 2874 potuisse
1012 2806 1296 2860 committi.
1319 2804 1453 2870 Quis
1480 2803 1624 2859 enim
1651 2802 1901 2857 devotam
1932 2816 2148 2872 semper

550 2902 661 2957 Deo
687 2901 990 2956 clementiae
1020 2909 1212 2954 vestra:
1255 2908 1490 2954 mentem
1512 2939 1526 2964 ,
1570 2905 1624 2951 et
1653 2895 1967 2951 ortltodoxis
1997 2896 2150 2950 dedi-

548 3004 655 3050 tam
688 2994 906 3064 regulis,
946 3003 1038 3048 aut
1085 2993 1329 3062 ignoret,
1371 2999 1462 3046 aut
1504 2991 1776 3057 ambigat?
1820 2990 2017 3059 quippe
2055 2987 2148 3058 qui

549 3101 794 3156 superna:
827 3084 1177 3154 dispositione
1220 3083 1597 3154 providentiae,
1629 3082 1767 3137 sicut
1794 3095 1891 3150 pro
1922 3079 2149 3134 utilitate

549 3179 759 3247 publica
789 3187 1027 3249 augustae
1059 3177 1333 3234 memoriae
1361 3176 1617 3231 Marciani
1652 3175 1850 3245 pariter
1871 3183 1926 3230 et
1954 3173 2148 3229 Leonis

2245 544 2375 608 ctio,
2407 544 2716 599 earumdem
2747 547 3071 615 exemplaria
3112 547 3408 603 litterarum
3435 548 3503 602 ad
3542 549 3764 607 fratrem
3794 561 3852 608 et

2245 637 2624 706 coepiscopum
2649 647 2894 692 nostrum
2920 640 3173 693 Acacium
3199 639 3319 694 misi
3348 640 3542 694 vestris
3570 642 3848 709 sensibus,

2247 729 2542 786 offerenda.
2582 730 2708 786 Haec
2739 730 2897 801 igitur
2937 733 3107 803 pietas
3139 743 3229 788 tua
3257 734 3302 788 si
3334 749 3621 791 recensere
3658 735 3852 806 digne-

2249 830 2350 887 tur,
2387 823 2468 877 vel
2501 839 2622 892 quae
2656 823 2823 878 totius
2851 824 3087 879 Orientis
3116 826 3355 896 episcopi
3398 829 3467 883 de
3506 827 3664 898 hujus
3708 843 3854 898 pra!-

2246 917 2530 972 dicationis
2579 918 2936 975 consensione
2981 921 3394 991 rescripserint,
3448 923 3674 992 aSpiciet
3716 939 3852 992 pro-

2247 1010 2392 1065 fecto
2421 1010 2720 1067 examinata
2758 1010 3065 1083 diligenter,
3103 1020 3158 1067 et
3194 1013 3458 1069 veraciter
3485 1015 3853 1086 promulgata,

2247 1110 2409 1182 atque
2433 1103 2554 1158 ideo
2582 1103 2851 1173 pestifera:
2883 1103 3134 1160 falsitatis
3161 1105 3475 1175 ambagibus
3507 1121 3853 1177 nequaquam

2248 1195 2445 1251 debere
2489 1196 2710 1266 pulsari.
2754 1196 2889 1264 Quia
2931 1211 3117 1252 revera
3159 1213 3278 1268 quae
3324 1197 3396 1254 de
3446 1199 3854 1270 Scripturarum

2250 1289 2396 1344 fonte
2417 1289 2710 1359 purissimo
2732 1289 2944 1346 sincera
2973 1291 3364 1362 perspicuaque
3393 1299 3706 1358 manarunt,
3730 1293 3856 1348 nul-

2249 1381 2315 1437 lis
2355 1381 2548 1452 agitari
2587 1381 2864 1438 nebulosae
2902 1383 3154 1438 versutia:
3196 1393 3451 1455 poterunt
3492 1386 3854 1457 argumentis.

2251 1473 2464 1529 Perstat
2503 1475 2646 1530 enim
2695 1474 2747 1530 in
2796 1476 3202 1532 successoribus
3246 1477 3360 1531 suis
3402 1475 3520 1533 haec
3559 1489 3614 1533 et
3661 1477 3855 1534 eadem

2252 1566 2562 1636 apostolicze
2593 1581 2781 1622 norma
2811 1566 3097 1637 doctrinae,
3124 1568 3211 1624 cui
3258 1568 3525 1626 Dominus
3563 1571 3731 1626 totius
3761 1585 3858 1628 cu-

2252 1675 2366 1715 ram
2399 1660 2554 1717 ovilis
2595 1661 2856 1731 injunxit,
2895 1662 2981 1717 cui
3020 1677 3082 1718 se
3131 1677 3303 1733 usque
3346 1663 3412 1718 ad
3460 1663 3623 1721 ﬁnem
3665 1665 3857 1724 saeculi

2251 1753 2473 1809 minime
2497 1754 2839 1820 defuturum,
2873 1756 2956 1810 cui
3000 1763 3182 1825 portas
3221 1755 3383 1810 inferi
3410 1771 3683 1827 nunquam
3725 1773 3857 1828 pne-

2251 1846 2508 1902 valituras
2548 1862 2671 1902 esse
2713 1847 2993 1918 promisit;
3038 1849 3194 1919 cujus
3238 1848 3505 1906 sententia
3547 1867 3669 1922 quae
3715 1852 3855 1924 liga-

2254 1949 2440 2017 rcntur
2468 1941 2519 1996 in
2549 1941 2727 2006 terris,
2770 1941 2910 1995 solvi
2952 1950 3181 1998 testatus
3210 1950 3295 1998 est
3324 1958 3429 1999 non
3461 1958 3618 2015 posse
3657 1961 3762 2003 nec
3803 1947 3854 2004 in

2253 2034 2391 2088 caelo
2422 2032 2640 2104 (Matth.
2668 2032 2801 2104 xvr).
3373 2106 3388 2115 ⁹

2330 2129 2670 2200 Quapropter
2715 2129 3058 2186 clementiam
3110 2141 3383 2198 vestram,
3431 2135 3516 2188 cui
3563 2150 3683 2191 mea
3736 2137 3856 2195 vice

2252 2223 2573 2294 propensius
2606 2224 2770 2280 frater
2801 2232 2856 2279 et
2883 2225 3238 2295 coepiscopus
3269 2240 3423 2282 meus
3451 2226 3683 2283 Acacius
3727 2245 3856 2301 sup-

2252 2319 2497 2390 plicahit,
2536 2333 2727 2387 precor
2770 2329 2930 2389 atque
2981 2321 3230 2383 obsecro,
3278 2329 3339 2375 ut
3385 2321 3682 2378 imitatores
3731 2324 3856 2382 facti

2251 2421 2517 2466 tantorum
2553 2422 2604 2467 et
2651 2411 2834 2466 talium
2883 2412 3374 2484 praedecessorum,
3407 2414 3658 2472 nefanda:
3709 2432 3855 2487 pra:-

2252 2507 2578 2575 sumptionis
2611 2507 2888 2574 operarios
2935 2507 3202 2562 catholico
3246 2517 3464 2577 pectore
3508 2524 3853 2580 respuentes,

2251 2602 2393 2671 regia
2421 2601 2686 2656 censeatis
2714 2608 2980 2669 potestate
3004 2600 3266 2656 cohiberi.
3289 2602 3530 2671 Quisquis
3553 2602 3698 2656 aliud
3731 2605 3854 2674 (sic-

2254 2704 2311 2748 ut
2355 2692 2601 2763 praedixit
2642 2690 2958 2762 Apostolus)
2987 2701 3326 2762 praeterquam
3367 2695 3504 2763 quod
3541 2699 3852 2766 accepimus.

2251 2789 2499 2842 seminare
2531 2787 2739 2858 molitur
2764 2803 2779 2850 ;
2807 2785 3081 2842 anathema
3109 2789 3172 2841 sit
3199 2785 3412 2855 (Galat.
3443 2788 3513 2858 ι).
3565 2787 3760 2846 Nullus
3791 2790 3853 2846 ad

2253 2898 2412 2937 aures
2443 2855 3004 2950 vestrasOperniciosis
3050 2881 3322 2936 mentibus
3367 2855 3695 2953 subrependi
3744 2886 3852 2956 (Al.

2255 2977 2606 3044 subripiendi)
2659 2974 2922 3044 pandatur
2972 2989 3223 3030 accessus
3265 2995 3276 3028 :
3331 2977 3474 3030 nulla
3522 2979 3849 3035 retractandi

2257 3069 2382 3139 quid
2394 3069 2532 3138 piam
2558 3068 2623 3122 de
2647 3067 2921 3122 veteribus
2947 3068 3254 3124 constitutis
3287 3067 3480 3124 ﬁducia
3502 3071 3852 3126 concedatur.

2255 3163 2389 3229 Quia
2423 3161 2584 3231 (sicut
2616 3162 2813 3230 saepius
2862 3159 3166 3214 iterandum
3200 3157 3315 3231 est)
3356 3160 3497 3230 quod
3542 3162 3853 3232 apostolicis

550 3271 746 3325 eruditi
777 3270 1083 3334 virtutibus,
1125 3269 1204 3324 sic
1240 3284 1428 3324 eorum
1463 3269 1580 3322 sitis
1620 3268 1781 3322 etiam
1820 3266 1884 3320 ad
1923 3267 2149 3320 calhtilt-
2177 3278 2222 3341 ρ
2256 3257 2503 3312 inanibus
2531 3269 2652 3308 cum
2689 3253 2939 3308 Ecclesiae
2976 3253 3298 3308 universalis
3332 3267 3556 3309 assensu
3587 3255 3707 3310 acie
3737 3272 3853 3312 mc—

550 3377 666 3417 cam
699 3362 979 3416 veritatem
1023 3359 1271 3414 sensibus
1303 3359 1570 3415 instituti:
1605 3373 1704 3413 nec
1747 3359 1993 3427 cuiquam
2038 3373 2154 3412 om-

550 3455 682 3510 nino
723 3453 793 3508 sit
834 3451 1090 3517 dubium,
1125 3452 1378 3521 pietatem
1422 3459 1565 3505 tuam
1609 3450 1821 3504 illorum
1866 3465 1988 3504 esse
2032 3449 2153 3504 ﬁdei

550 3561 855 3616 sequacem,
889 3559 1117 3614 quorum
1161 3560 1220 3599 es
1261 3559 1543 3599 successor
1589 3542 1820 3612 imperii.
1862 3542 1992 3609 Quae
2029 3556 2150 3596 cum

549 3640 616 3695 de
667 3648 859 3694 vestrae
909 3639 1312 3708 tranquillitatis
1361 3637 1542 3692 animo
1589 3645 1735 3690 certa
1778 3635 1846 3690 ab
1901 3635 2151 3689 omnibus

548 3741 830 3788 teneantur
877 3741 931 3787 et
975 3731 1112 3795 ﬁxa,
1154 3731 1296 3786 absit
1344 3741 1401 3785 ut
1451 3730 1784 3800 temporibus
1829 3729 2024 3794 vestris
2069 3729 2150 3783 di-

548 3825 654 3880 viui
681 3825 855 3878 cultus
879 3825 1180 3894 integritas,
1212 3835 1268 3880 et
1301 3824 1601 3893 antiquitus
1631 3824 1882 3878 roborata
1908 3823 2028 3878 ﬁdei
2062 3838 2149 3878 ca-

548 3916 758 3971 tholica:
790 3923 999 3984 putetur
1023 3914 1411 3984 interpellanda
1436 3915 1741 3968 sinceritas.

618 4010 908 4078 Respieite,
938 4024 1144 4079 quzeso,
1177 4007 1242 4062 ad
1273 4007 1451 4062 divina
1481 4008 1773 4071 beneﬁcia;
1805 4015 1862 4061 et
1890 4022 2011 4078 quae
2041 4006 2149 4062 sint

549 4101 699 4156 vobis
748 4102 942 4156 collata
1000 4100 1349 4170 perpendite;
1400 4111 1560 4171 atque
1605 4110 1663 4154 ut
1715 4101 1830 4155 inec
1887 4115 2146 4170 prospera

548 4194 761 4250 Valeant
810 4208 1146 4262 permanere,
1185 4193 1581 4262 propitiaudum
1625 4207 1745 4247 esse
1793 4201 2015 4247 censete
2054 4208 2148 4246 au-

548 4296 751 4340 ctorem
776 4283 1034 4348 muneris,
1061 4299 1164 4338 non
1189 4283 1511 4338 laedendum.
1543 4284 1687 4338 Inter
1709 4283 1977 4353 quaslibet
1999 4284 2144 4339 enim

547 4375 928 4446 occupationes
971 4375 1210 4444 publicas
1257 4389 1284 4427 a
1330 4375 1582 4444 religioso
1629 4375 1871 4444 principe
1919 4390 2144 4444 magno-

546 4484 676 4542 pere
713 4467 1104 4539 procurandum
1136 4475 1246 4530 est,
1283 4465 1426 4534 quod
1457 4467 1572 4535 ejus
1614 4467 1846 4536 protegit
1875 4467 2144 4536 principa-

545 4571 694 4616 tum:
727 4570 780 4614 et
822 4558 1152 4629 praeferenda
1185 4562 1392 4615 cunctis
1439 4561 1599 4613 rebus
1640 4569 1724 4614 est
1770 4560 2008 4614 caelestis
2046 4560 2142 4614 ob.

2260 3349 2368 3404 ruit
2390 3347 2730 3417 evangelistze
2759 3344 2910 3401 falcis
2934 3345 3175 3400 abscindi
3197 3387 3210 3410 ,
3236 3347 3473 3417 vigorem
3504 3361 3718 3404 sumere
3746 3367 3851 3404 non

2259 3452 2434 3513 potest
2463 3439 2780 3496 renascendi
2809 3455 2824 3492 :
2859 3453 2954 3494 nec
2991 3439 3045 3493 in
3076 3439 3358 3494 dominicae
3403 3439 3528 3495 vitis
3559 3440 3848 3498 fructivam

2258 3534 2624 3604 (fructiferum)
2649 3531 2790 3585 valet
2828 3529 3006 3586 redire
3035 3531 3384 3602 propaginem
3405 3573 3420 3598 ,
3450 3532 3590 3602 quod
3618 3533 3722 3603 igni
3754 3536 3850 3592 de-

2258 3634 2500 3696 putatum
2529 3633 2739 3680 constat
2767 3631 2993 3678 aeterno.

2332 3721 2387 3776 Si
2443 3720 2712 3774 hazrcsum
2767 3720 3000 3790 denique
3051 3717 3480 3774 machinamenta
3535 3729 3852 3777 cunctarum

2255 3813 2639 3870 ecclesiasticis
2682 3823 2951 3881 prostrata
3002 3811 3235 3868 decretis
3276 3828 3547 3883 nunquam
3601 3815 3854 3871 sinuntur

2253 3907 2650 3978 oppugnatione
2691 3907 2822 3962 elisa
2867 3907 3102 3976 reparari
3137 3906 3471 3961 certamina:
3504 3916 3630 3962 ante
3657 3911 3854 3973 omnia

2254 4008 2434 4054 autem
2488 4013 2705 4068 quzeso,
2764 4007 2822 4052 ut
2878 3998 3021 4052 beati
3079 3999 3241 4052 Marci
3291 3998 3636 4066 evangelista:
3693 4000 3854 4055 Sedes

2256 4091 2699 4163 (Alexandrinam
2724 4091 2914 4159 loquor
2935 4089 3259 4159 Ecclesiam)
3278 4105 3308 4144 a
3330 4092 3691 4147 cruentissimi
3717 4109 3854 4163 prae-

2251 4185 2408 4240 donis
2441 4185 2784 4240 incubatione
2817 4185 3069 4251 liberata,
3104 4186 3370 4240 catholico
3397 4185 3723 4242 reformetur
3755 4204 3852 4243 an-

2252 4280 2435 4343 ti~titi,
2473 4279 2880 4348 libertatemque
2917 4293 3068 4332 suam
3103 4278 3303 4346 pariter
3344 4282 3568 4349 recipiat
3599 4292 3653 4336 et
3693 4284 3852 4352 quie-

2251 4379 2379 4426 tem.
2408 4373 2477 4428 At
2506 4387 2634 4425 vero
2667 4371 2860 4442 impius
2893 4371 3193 4439 parricida,
3225 4373 3314 4442 qui
3351 4371 3545 4427 divinis
3569 4376 3730 4430 simul
3771 4386 3851 4432 est

2249 4478 2374 4518 reus
2414 4463 2618 4533 legibus
2647 4474 2702 4518 et
2744 4464 3013 4528 humanis,
3060 4462 3314 4518 reductus
3354 4466 3543 4520 eodem
3584 4482 3690 4536 quo
3725 4468 3850 4537 jure

2248 4557 2424 4611 fuerat
2453 4566 2578 4612 ante
2609 4557 2880 4622 detrusus,
2913 4557 2980 4612 ab
3023 4557 3391 4613 innocentium
3435 4575 3569 4616 nere
3608 4565 3850 4618 retraha-

543 4655 828 4712 servantize
859 4653 1144 4721 rectitudo,
1175 4654 1291 4707 sine
1321 4668 1424 4722 qua
1465 4663 1609 4708 recte
1640 4653 1784 4708 nulla
1815 4654 2136 4708 consistunt.
2170 4672 2220 4734 ι)
2249 4660 2334 4707 tur
2359 4651 2690 4716 animarum;
2720 4651 2955 4720 procula
2987 4666 3152 4722 regno
3181 4651 3392 4722 pietatis
3423 4663 3616 4709 vestrm
3649 4654 3848 4712 funesti

542 4750 845 4819 Suppetunt
885 4746 1086 4801 affatim
1131 4746 1431 4800 clementiae
1475 4753 1579 4800 tua:
1623 4745 1688 4814 (si
1742 4746 1793 4798 in
1837 4745 2016 4814 palatii
2056 4740 2135 4798 sui

541 4839 736 4908 requiri
786 4837 1002 4892 mandet
1045 4837 1310 4906 archivis)
1361 4852 1480 4891 cum
1533 4846 1839 4890 nostrorum
1890 4836 2135 4890 coeuntia

495 5003 504 5010 Δ
539 4932 847 4987 deﬁnitione
876 4929 1138 4999 majorum
1161 4930 1484 4984 documenta
1508 4929 1748 4998 copiosa.
1779 4927 1962 4998 Neque
1991 4929 2134 4983 enim

492 5034 494 5036 '
538 5026 920 5080 conscientiam
970 5033 1203 5078 vestram
1253 5024 1420 5077 latere
1474 5021 1804 5076 credendum
1848 5031 1966 5086 est,
2017 5036 2136 5090 qum

539 5133 634 5186 per
661 5126 880 5170 cunctas
903 5115 1203 5186 provincias
1222 5112 1460 5167 Orientis
1485 5128 1547 5167 ex
1582 5112 1792 5180 imperii
1818 5112 1980 5166 vestri
2009 5128 2134 5167 arce

539 5209 728 5262 diffusa
771 5216 932 5260 sunt:
967 5207 1055 5261 illa
1093 5205 1298 5260 scilicet
1336 5218 1456 5272 qure
1497 5205 1579 5257 vel
1625 5203 1691 5257 ad
1734 5215 1977 5272 august:e
2021 5219 2134 5260 me-

539 5300 722 5354 moria:
749 5297 1023 5364 Marciani,
1054 5297 1406 5352 nihilominus
1435 5306 1489 5350 et
1523 5295 1739 5364 Leonis,
1774 5295 1856 5349 vel
1887 5296 1950 5350 ad
1978 5295 2134 5351 Chal-

538 5391 854 5446 cedonensis
883 5390 1096 5444 concilii
1131 5391 1302 5445 beata:
1335 5389 1726 5444 recordationis
1761 5387 2131 5458 prmdecessor

538 5501 688 5540 meus
727 5484 834 5539 Leo
874 5483 1118 5539 consulta
1147 5482 1378 5538 direxit:
1411 5481 1604 5551 quibus
1654 5482 1722 5534 ita
1775 5482 1930 5550 plene
1970 5489 2130 5550 atque

537 5575 765 5634 dilucide
793 5582 1187 5631 sacramentum
1219 5574 1502 5628 dominicae
1535 5574 1929 5628 incarnationis
1964 5589 2129 5643 expo-

537 5681 669 5744 suit,
707 5685 901 5731 utnon
943 5671 1102 5725 modo
1145 5669 1471 5736 catholicus,
1527 5669 1620 5724 sed
1668 5686 1733 5724 ne
1781 5669 2124 5725 Christianus

537 5771 747 5840 quidem
775 5768 947 5822 valeat
974 5761 1289 5830 nuncupari,
1313 5763 1552 5830 quisquis
1583 5761 1691 5817 illic
1713 5773 1769 5819 et
1793 5761 2123 5832 redemptio-

537 5868 618 5919 πί»
645 5878 752 5918 stre
776 5873 965 5915 causas
996 5872 1104 5914 non
1139 5853 1410 5910 evidenter
1439 5865 1711 5922 agnoscat.

2245 4745 2438 4814 capitis
2484 4760 2690 4799 venena
2738 4743 3018 4798 discedant
3053 4761 3065 4796 :
3116 4760 3234 4813 qua:
3261 4743 3513 4814 quoniam
3551 4746 3846 4802 salutifera:

2245 4838 2645 4908 praedicationis
2697 4838 2918 4891 auribus
2966 4838 3262 4904 obturatis,
3314 4838 3633 4894 medicantia
3682 4842 3845 4895 verba

2242 4947 2438 5002 capere
2475 4931 2863 5002 nequiverunt,
2896 4931 2966 4986 ab
3011 4931 3226 4984 humani
3270 4941 3568 4986 conventus
3612 4932 3843 4989 abducta

2244 5024 2502 5095 pernicie,
2533 5024 2586 5077 in
2614 5021 2917 5078 virulentia:
2954 5038 3066 5078 su:e
3107 5037 3342 5093 congrua
3387 5025 3677 5080 solitudine
3713 5040 3844 5081 con-

2245 5119 2520 5174 tabescant
2546 5134 2559 5171 :
2592 5133 2698 5187 quo
2727 5117 2896 5186 magis
2927 5118 2990 5172 Β.
3017 5118 3163 5173 Petri
3191 5119 3420 5187 apostoli
3452 5135 3607 5188 voce,
3640 5121 3843 5190 qualis-

2239 5224 2449 5279 cunque
2487 5208 2630 5263 sedis
2678 5207 2795 5275 ejus
2853 5207 3126 5273 minister,
3171 5209 3441 5275 obtestor,
3485 5219 3544 5264 ut
3592 5211 3840 5267 inimicos

2237 5301 2469 5370 antiqua:
2498 5299 2622 5354 fidei
2649 5314 2756 5354 non
2783 5299 2927 5353 sinas
2957 5301 3174 5368 impune
3199 5301 3466 5370 grassari,
3497 5303 3587 5372 qui
3621 5314 3832 5360 vestros

2236 5394 2434 5463 optatis
2468 5393 2666 5447 habere
2693 5391 2997 5460 subjectos;
3025 5400 3080 5446 ut
3108 5407 3247 5448 vera:
3268 5393 3623 5450 confessionis
3649 5411 3836 5466 pacem

2240 5496 2463 5542 cunctas
2491 5485 2703 5541 Domini
2732 5500 2951 5541 servare
2979 5487 3286 5544 decernatis
3317 5489 3611 5556 Ecclesias,
3634 5491 3723 5561 qui
3754 5508 3838 5548 or-

2240 5580 2359 5635 bem
2401 5580 2570 5636 vestri
2611 5579 2827 5649 imperii
2871 5579 3192 5636 desideratis
3241 5591 3426 5638 tenere
3472 5595 3747 5652 pacatum;
3782 5596 3838 5642 et

2238 5673 2448 5726 unicam
2477 5687 2628 5741 spem
2658 5672 2866 5738 salutis,
2895 5689 3014 5742 quae
3049 5688 3218 5743 genus
3248 5673 3526 5731 hominum
3558 5677 3624 5731 ad
3669 5694 3830 5747 regna

2235 5765 2475 5820 cmleStia
2497 5767 2769 5835 vitamque
2792 5765 3033 5836 perducit
3055 5775 3312 5823 aeternam
3332 5807 3346 5832 ,
3373 5770 3518 5823 nulla
3549 5772 3824 5840 patiamini

2236 5866 2385 5927 parte
2418 5859 2635 5926 violari,
2668 5859 2756 5928 qui
2790 5859 3054 5929 placatum
3101 5861 3268 5916 Deum
3303 5862 3382 5918 vel
3436 5877 3600 5935 regno
3640 5873 3821 5921 vestro
