4086 6328
316 332 377 386 ei
1740 330 1882 388 EPIS

1986 331 2068 386 LA
2112 332 2197 386 VL
3499 340 3569 394 ω

315 443 527 512 cupitis,
585 442 666 498 vel
713 442 888 496 saluti.
955 442 1084 495 Data
1139 450 1332 511 quarto
1380 441 1498 497 idus
1550 444 1564 473 ⁸
1617 444 1972 506 JanuariasA
2071 443 2201 499 Nota
2243 458 2471 514 namque
2512 453 2564 500 et
2608 446 2855 502 omnibus
2897 447 3002 503 illic
3046 449 3394 518 potestatibus
3422 453 3567 507 cele-

313 539 486 608 (ειηηο
529 536 660 593 Chr.
703 536 865 605 476),
911 534 1162 590 Basilisco
1201 538 1438 605 Augusto
1464 534 1706 607 [Armate
1730 535 1888 609 casm]

311 630 555 684 consule.

860 761 878 790 ¹
923 759 1253 815 EPISTULA
1295 759 1353 813 V.

689 867 927 907 SIMPLICII
965 868 1111 906 ΡΔΡᾸΞ
1150 868 1218 906 AD
1256 866 1504 905 Αιιλειυιι.

304 948 495 1004 Scribit
540 949 754 1009 Acacio,
787 957 838 998 ut
881 947 1019 998 omni
1061 956 1244 998 conatu
1285 945 1490 997 obsistat
1525 942 1785 997 Timotheo
1831 962 1891 998 ne

380 1019 653 1072 concilium
693 1015 1002 1081 universale,
1051 1016 1185 1086 quod
1228 1015 1312 1068 ille
1348 1015 1492 1086 apud
1531 1014 1889 1085 imperatorem

377 1093 580 1162 agebat,
614 1088 874 1140 habeatur.
1063 1084 1070 1086 “
1346 1084 1356 1096 ³

397 1200 705 1272 Simplicius
734 1215 865 1272 papa
899 1197 1095 1272 Acacio
1126 1198 1381 1269 episcopo
1411 1198 1798 1254 Constantino-

981 1271 1235 1339 politano.
1453 1289 1456 1292 ι

369 1363 642 1430 Quantum
673 1361 1107 1431 presbyterorum
1149 1368 1206 1415 et
1245 1374 1309 1414 ex
1355 1359 1584 1415 diversis
1615 1369 1886 1415 monaste-

301 1458 399 1512 riis
420 1455 652 1510 Domino
672 1452 1022 1508 servientium
1045 1449 1430 1506 monachorum
1454 1453 1715 1507 relatione
1742 1461 1889 1522 pate-

296 1551 495 1601 factum
524 1555 626 1608 est,
663 1545 930 1600 Ecclesias
955 1543 1166 1597 Domini
1197 1556 1386 1597 rursus
1413 1542 1660 1598 diabolus
1691 1543 1887 1614 inquie-

303 1649 409 1703 tat;
445 1639 515 1693 ita
545 1647 604 1692 ut
627 1637 846 1693 excluso
867 1635 1230 1692 Alexandrino
1252 1635 1552 1703 sacerdote,
1580 1635 1884 1703 lzmreticus,

299 1739 463 1802 atque
506 1731 574 1786 ab
601 1731 948 1785 universitate
981 1732 1300 1794 damnatus,
1333 1727 1579 1782 eumdem
1615 1729 1787 1782 locum
1819 1728 1887 1783 de

1996 537 2141 591 brata
2161 580 2174 602 ,
2207 552 2324 607 qua:
2356 545 2553 591 sancta:
2591 539 2861 594 memorias
2892 541 3253 609 praedecessor
3283 558 3432 598 mens
3461 543 3567 600 Leo

1992 629 2056 683 ad
2080 628 2520 684 consultationem
2549 641 2785 699 augusttc
2815 632 3197 688 recordationis
3221 633 3414 689 Leonis
3433 635 3568 691 scri-

1994 720 2187 790 pserit,
2231 729 2286 775 et
2323 735 2479 788 quam
2511 731 2826 777 veneranter
2866 733 3079 792 accepta
3122 725 3261 790 sint,
3305 741 3567 797 recogno-

1992 821 2143 867 scant
2174 829 2187 865 :
2224 822 2478 882 appareat
2518 813 2596 867 sic
2637 814 2724 884 (ut
2767 815 3122 886 confidimus)
3171 817 3286 887 ejus
3333 818 3569 874 imitator

1995 902 2151 967 fidei,
2183 902 2367 972 cujus,
2401 904 2720 974 pr0pitiante
2760 906 2896 972 Deo,
2931 906 3140 976 dignior
3178 917 3260 964 est
3288 923 3567 966 successor

1993 990 2199 1060 imperii
2226 1008 2240 1049 :
2272 993 2479 1063 sibique
2500 993 2756 1062 scriptum
2785 996 3042 1058 mstimet,
3075 997 3328 1066 quidquid
3357 1007 3480 1055 ante
3507 1014 3569 1055 se

1993 1083 2319 1152 principibus
2343 1083 2427 1152 pia
2449 1093 2532 1139 est
2554 1085 2806 1139 traditum
2835 1087 3085 1142 lectione.
3114 1088 3207 1142 llla
3231 1099 3312 1144 est
3339 1106 3568 1162 namque

1991 1176 2297 1242 perennitas
2317 1218 2330 1242 ,
2363 1176 2618 1248 regnique
2654 1191 2747 1247 per
2774 1179 2965 1234 seriem
3015 1181 3353 1250 propaganda
3385 1193 3568 1252 poste-

1990 1264 2140 1329 ritas,
2170 1265 2215 1320 si
2239 1266 2288 1320 in
2317 1280 2627 1323 successore
2649 1271 2936 1338 reperitur,
2961 1271 3099 1340 quod
3118 1286 3146 1326 a
3170 1271 3568 1342 praedecessore

1989 1352 2286 1411 descendit.

2061 1445 2255 1501 llortnr
2293 1463 2450 1517 ergo,
2483 1447 2646 1504 frater
2673 1449 2981 1516 carissime,
3013 1458 3071 1505 ut
3105 1451 3278 1507 modis
3321 1454 3568 1512 omnibus

1990 1541 2244 1596 faciendae
2283 1542 2474 1612 synodi
2523 1558 2895 1613 perversurum
2939 1546 3214 1602 conatibus
3253 1549 3564 1616 resistatur;

1987 1650 2105 1704 quae
2146 1650 2249 1690 non
2278 1637 2411 1690 alias
2451 1651 2665 1706 semper
2697 1638 2892 1693 indicta
2926 1651 3040 1704 est,
3078 1641 3175 1696 nisi
3207 1655 3327 1696 cum
3368 1643 3567 1713 aliquid

1989 1726 2041 1780 in
2072 1727 2250 1795 pravis
2277 1726 2524 1783 sensibus
2555 1743 2748 1785 novum
2770 1775 2784 1799 ,
2820 1740 2911 1786 aut
2939 1731 2989 1786 in
3023 1732 3319 1790 assertione
3348 1735 3567 1805 dogma-

301 1838 407 1890 quu
440 1823 620 1891 pul~us
657 1820 832 1875 fuerat
872 1829 1169 1888 occupasse
1211 1818 1448 1883 dicatur;
1493 1818 1730 1886 insuper,
1763 1819 1884 1888 qui-
1919 1827 1964 1888 Β
1991 1826 2099 1872 tum
2123 1819 2345 1874 emersit
2365 1818 2668 1890 ambiguum
2696 1840 2708 1874 :
2735 1830 2790 1876 ut
2812 1821 2864 1877 in
2882 1836 3166 1880 commune
3191 1828 3566 1895 tractantibus,

305 1915 526 1968 busdam
556 1911 890 1976 faventibus,
928 1909 1448 1978 Constantinopolim
1489 1924 1676 1963 ausum
1720 1909 1885 1966 fuisse

302 2003 644 2068 contendere,
676 2010 733 2056 ut
761 2002 948 2055 civitas
971 1999 1395 2055 Christianorum
1421 1999 1718 2070 principum
1742 2002 1883 2056 circa

296 2099 422 2152 fidei
469 2097 745 2152 catholicae
785 2096 1063 2150 veritatem
1111 2094 1395 2148 devotione
1442 2093 1787 2162 praecellens,
1830 2102 1886 2149 et

291 2191 601 2246 Christiana
654 2191 806 2260 piebs
854 2189 905 2242 iu
956 2187 1268 2243 defensione
1322 2185 1596 2256 religionis
1651 2194 1880 2252 attenta,

289 2287 672 2339 haereticorum
704 2283 961 2351 pravitate
982 2323 995 2346 ,
1042 2295 1161 2351 qua:
1185 2279 1292 2349 jam
1334 2277 1507 2334 fuerat
1535 2283 1736 2348 sopita,
1768 2289 1881 2331 tur-

287 2377 472 2431 betur.
503 2376 609 2431 Scd
639 2373 1004 2429 misericordia
1032 2371 1143 2437 Dei,
1176 2370 1328 2440 cujus
1350 2379 1632 2436 estcausa,
1657 2386 1760 2424 non
1790 2370 1884 2424 de-

287 2470 416 2534 fuit,
457 2479 512 2521 ut
540 2469 874 2532 Timotheus,
907 2468 993 2535 qui
1025 2465 1092 2518 ab
1123 2463 1412 2517 universali
1445 2462 1679 2518 Ecclesia
1705 2477 1884 2518 sacer-—

288 2561 572 2615 dotalibus
599 2559 878 2613 sententis
917 2564 970 2610 et
1006 2555 1374 2625 imperialibus
1408 2554 1715 2608 cons'itutis
1741 2554 1884 2623 justo

284 2651 473 2706 fuerat
497 2660 806 2718 segregatus
835 2647 941 2719 [AL
965 2649 1084 2718 jure
1111 2656 1184 2700 est
1215 2644 1572 2716 segregatus],
1604 2645 1668 2698 ad
1703 2644 1886 2700 Eccle-

284 2743 424 2795 siam
455 2750 558 2793 tuze
581 2739 900 2806 dilectionis,
925 2738 1006 2792 vel
1031 2737 1095 2791 ad
1126 2736 1362 2790 fidelium
1387 2735 1668 2790 domorum
1699 2737 1882 2790 limina

283 2831 390 2887 noii
439 2832 843 2902 permitteretur
878 2830 1154 2884 accedere.
1190 2829 1356 2894 Quem
1388 2838 1685 2882 conventus
1717 2842 1882 2881 novos

284 2939 385 2993 pro
435 2939 501 2978 se
539 2923 823 2978 didicimus
861 2921 1207 2984 comminari,
1241 2921 1435 2975 resolvi
1485 2920 1882 2974 existimantem

283 3016 433 3086 quod
473 3014 540 3068 de
560 3029 618 3068 se
643 3013 962 3068 universalis
988 3011 1226 3067 decrevit
1253 3009 1562 3066 auctoritas.
1592 3009 1741 3065 Unde
1762 3011 1884 3080 quia

281 3119 498 3163 saneta:
525 3109 798 3161 memoria:
831 3104 1286 3174 praedecessorum
1313 3112 1620 3159 nostrorum
1643 3113 1883 3158 exstante

1987 1910 2030 1964 si
2062 1910 2192 1980 qu:e'
2219 1920 2362 1967 esset
2397 1913 2727 1982 obscuritas,
2770 1916 3122 1973 sacerdotalis
3165 1917 3566 1977 deliberationis

1987 2001 2312 2060 illuminaret
2341 2005 2658 2071 auctoritas;
2688 2007 2826 2062 sicut
2857 2009 3085 2076 primum
3112 2008 3247 2079 Arii,
3279 2027 3341 2067 ac
3369 2011 3567 2070 deinde

1986 2095 2248 2161 Nestorii,
2289 2103 2619 2165 postremum
2649 2098 2888 2154 Dioscuri
2919 2107 3078 2168 atque
3115 2100 3424 2172 Eutychetis
3452 2105 3564 2158 fieri

1983 2186 2158 2256 coegit
2195 2185 2458 2254 impietas.
2499 2188 2563 2242 Et
2610 2189 2782 2257 (quod
2821 2191 3188 2247 misericordia
3227 2193 3424 2249 Christi
3471 2195 3566 2251 Dei

1986 2274 2154 2331 nostri
2184 2275 2469 2332 salvatoris
2498 2289 2706 2334 avertat
2724 2279 2763 2348 ι)
2796 2279 3147 2337 intimandum
3177 2293 3261 2339 est
3288 2285 3565 2341 abomina-

1985 2368 2092 2424 bile
2118 2383 2238 2425 esse
2267 2380 2452 2425 contra
2480 2372 2771 2428 sententias
2799 2374 2959 2430 totius
2982 2376 3128 2431 orbis
3155 2376 3364 2432 Domini
3388 2394 3566 2435 sacer-

1985 2461 2167 2517 dotum
2200 2473 2254 2518 et
2283 2463 2578 2534 principum
2619 2465 2894 2535 utriusque
2937 2477 3241 2534 rectorum,
3284 2470 3567 2526 damnatos

1985 2569 2107 2610 reos
2143 2557 2454 2624 restituere,
2502 2573 2562 2613 re
2583 2558 2684 2613 luci
2724 2560 2971 2627 exsules,
3016 2563 3280 2632 relegatos
3312 2563 3363 2619 in
3405 2579 3565 2621 causa

1984 2646 2201 2703 nefaria:
2230 2649 2614 2719 conjnrationis
2639 2650 2863 2706 absolvi.
2893 2650 3076 2721 Itaque
3102 2653 3266 2724 (quod
3304 2669 3448 2724 saepe
3479 2673 3566 2711 re-

1985 2739 2270 2808 petendum
2315 2739 2434 2810 est)
2487 2740 2600 2796 haec
2647 2743 2824 2798 omnia
2872 2743 3306 2800 clementissimis
3351 2746 3567 2801 auribus

1983 2830 2298 2898 suppliciter
2329 2830 2592 2886 intimato.
2624 2831 2813 2887 Veniet
2837 2834 3020 2902 procul
3047 2834 3209 2890 dubio
3232 2836 3372 2890 Deus
3394 2837 3447 2892 in
3475 2838 3568 2891 ad-

1980 2917 2234 2988 iutorium
2265 2929 2498 2975 vestrum
2522 2964 2536 2990 ,
2570 2922 2620 2976 in
2651 2922 2804 2991 cujus
2833 2939 2994 2979 manu
3023 2939 3118 2980 cor
3147 2927 3286 2996 regis
3321 2942 3442 2984 esse
3482 2945 3567 2984 re-

1985 3009 2158 3066 tinens
2181 3014 2531 3067 constitutum
2562 3014 2843 3083 potestatis
2872 3030 2983 3070 su:e
3010 3017 3214 3071 nesciat
3238 3017 3346 3089 [AL
3376 3019 3566 3093 nescit]

1983 3101 2196 3157 aliunde
2225 3103 2567 3176 principium.-
2598 3105 2728 3161 Data
2758 3108 2947 3177 quinto
2974 3108 3090 3164 idus
3114 3109 3351 3167 Januarii
3385 3113 3490 3183 {AL
3515 3130 3566 3168 vt

280 3200 574 3266 doctrina,
603 3208 789 3252 contra
816 3211 972 3266 quam
1013 3194 1162 3251 nefas
1197 3206 1279 3250 est
1305 3194 1607 3264 disputare,
1640 3195 1880 3264 quisquis
1906 3195 1953 3259 C
1984 3193 2087 3247 cal.
2118 3191 2474 3265 Februarias].

281 3303 440 3347 recte
475 3303 666 3360 sapere
691 3289 918 3356 videtur,
953 3290 1110 3343 novis
1131 3287 1518 3343 assertionibus
1547 3302 1651 3342 non
1682 3288 1884 3357 indiget

279 3382 532 3446 edoceri,
564 3381 656 3438 sed
692 3382 846 3450 plana
879 3391 1037 3450 atque
1066 3379 1298 3449 perfecta
1329 3388 1451 3434 sunt
1481 3379 1657 3432 omnia
1688 3379 1883 3448 quibus

280 3483 478 3544 potest
511 3474 592 3528 vel
620 3473 874 3542 deceptus
899 3473 967 3526 ab
998 3471 1264 3527 bazrcticis
1289 3471 1514 3534 eruditi,
1543 3470 1624 3524 vel
1649 3471 1700 3524 iu
1727 3475 1881 3525 v'nea

277 3568 510 3624 Domini
550 3565 868 3634 plantandus
900 3566 1137 3630 institui,
1182 3563 1463 3632 implorata
1511 3563 1614 3617 fide
1644 3564 1881 3618 clemen-

278 3656 493 3712 t'ssimi
534 3654 789 3725 principis
817 3669 1001 3708 vocem
1044 3654 1298 3707 faciendae
1340 3653 1527 3723 synodi
1559 3653 1642 3707 fac
1671 3654 1881 3722 respui,

278 3763 396 3804 nec
432 3749 504 3802 sit
537 3745 676 3816 apud
709 3760 864 3800 aures
896 3743 1236 3814 imperatoris
1262 3743 1548 3799 Christiani
1579 3744 1724 3814 pigra
1764 3759 1887 3816 sug-

277 3838 500 3909 gestio;
545 3839 666 3906 quia
704 3836 846 3890 salus
883 3836 1000 3905 ejus
1036 3845 1090 3890 et
1128 3837 1276 3904 regni
1318 3833 1485 3904 ipsius
1520 3833 1761 3890 Christus
1803 3845 1888 3891 est

278 3929 580 3988 fortitudo.

365 4023 521 4092 Ergo
550 4033 669 4076 cum
711 4020 977 4092 prmdictis
1022 4019 1351 4090 presbyter's
1389 4033 1449 4072 ac
1481 4019 1754 4074 monachis
1783 4033 1883 4089 op-

280 4122 533 4184 portune
565 4112 747 4182 pietati
779 4112 893 4180 ejus
921 4120 1103 4166 nostro
1129 4124 1339 4180 queque
1371 4112 1584 4166 nomine
1613 4112 1881 4181 supplice,

276 4217 337 4262 et
391 4205 722 4276 legationem
782 4205 916 4258 hanc
973 4219 1071 4272 pro
1118 4206 1268 4259 nobis
1314 4219 1526 4274 quoque
1586 4205 1885 4260 elementa:

279 4300 492 4367 ipsius,
525 4311 593 4350 ne
615 4295 739 4365 quid
772 4296 1090 4364 subrepatur
1117 4295 1223 4367 [AL
1249 4294 1601 4366 subripiatur],
1635 4297 1840 4352 insinua
1869 4315 1882 4350 :

275 4390 539 4442 omnium
574 4389 771 4455 pariter
803 4389 1046 4457 precibus
1079 4392 1392 4452 instruatur,
1428 4405 1493 4443 ne
1524 4404 1618 4459 per
1658 4404 1884 4458 occupa-

276 4481 472 4536 tiones
508 4478 744 4548 publicas
783 4478 944 4548 quieti
974 4479 1352 4535 ecclesiastica:
1389 4480 1598 4550 aliquas
1637 4481 1884 4536 inimicus

2513 3329 2536 3360 ⁸
2575 3329 2908 3387 EPISTULA
2954 3332 3036 3388 Vl.

2364 3432 2608 3473 SIMPLICII
2649 3435 2794 3475 ΡΑΡΕ
2836 3438 2902 3476 AD
2941 3435 3185 3478 ACACICI.

1984 3530 2318 3585 Commendat
2360 3531 2603 3586 Acacium
2633 3534 2768 3601 quod
2801 3531 3061 3588 Timotheo
3091 3533 3283 3590 Afinio
3313 3538 3455 3592 nulla
3486 3555 3567 3592 cc-

2054 3601 2208 3675 clesia
2234 3602 2672 3671 Constantirwpofi
2702 3606 2944 3675 patueritj
2977 3606 3307 3675 hortaturque
3334 3611 3564 3662 eumdem

2056 3681 2109 3723 ut
2156 3672 2511 3739 imperatorem
2557 3683 2756 3725 moneat
2798 3690 2860 3727 ne
2900 3672 3327 3731 Chalcedonensis
3367 3696 3491 3732 conc
3511 3681 3568 3733 lii

2055 3749 2249 3794 statuta
2272 3740 2453 3794 uiolari
2483 3743 2763 3810 permittat.

1986 3854 2290 3922 Simplicius
2315 3853 2600 3925 episcopus
2627 3855 2824 3979 Apuleio
2845 3855 3097 3925 episcopo
3121 3854 3569 3930 Constantinopo-

2707 3943 2718 3979 ι
2747 3941 2871 3979 auo.

2707 3933 2871 3980 itano.

2055 4017 2187 4072 Cum
2219 4017 2311 4071 filii
2356 4018 2522 4072 nostri
2560 4017 2780 4072 illustris
2821 4019 2903 4073 vir
2943 4017 3164 4074 Latinus
3221 4020 3472 4090 patricius
3515 4030 3570 4076 et

1985 4109 2294 4180 speetabilis
2322 4109 2589 4164 Madusius
2621 4124 2720 4180 pro
2749 4111 3016 4187 legatione
3045 4111 3256 4180 publica
3288 4113 3568 4168 mitteren-

1989 4210 2096 4267 tur,
2129 4202 2396 4271 negligere
2441 4217 2544 4258 non
2580 4203 2851 4272 potuimus
2908 4203 3049 4272 quod
3083 4205 3227 4260 omni
3274 4205 3568 4262 intentione

1987 4307 2254 4349 curamus.
2293 4294 2544 4349 Proxime
2591 4308 2822 4363 namque
2862 4309 2984 4350 cum
3032 4295 3464 4366 presbyterorum
3513 4310 3568 4354 et

1988 4385 2371 4441 monachorum
2411 4385 2479 4440 de
2522 4385 2805 4441 Timotheo
2841 4386 2969 4441 olim
3017 4387 3083 4440 ab
3124 4388 3412 4445 universali
3466 4390 3567 4445 Ec-

1989 4478 2148 4534 clesia
2178 4484 2424 4546 separato
2449 4477 2663 4545 querela
2688 4479 2939 4540 venisset,
2976 4486 3081 4531 tam
3112 4477 3567 4535 Christianissimo

275 4573 554 4628 moliatur
578 4570 830 4626 insidias:
857 4570 1145 4642 integritati
1163 4589 1272 4627 sua:
1294 4573 1708 4628 Alexandrinam
1732 4574 1880 4629 reddi
1910 4571 1964 4632 D
1989 4568 2212 4639 principi
2251 4582 2409 4637 quam
2455 4567 2727 4622 ἀνθεύοηὶ
2769 4576 2870 4622 tum
2911 4567 3252 4636 scripsimus.
3299 4579 3354 4624 ιιι
3393 4570 3566 4625 modis

223 4709 242 4732 ,
273 4670 520 4734 praestet
563 4660 888 4725 Ecclesiant,
931 4672 983 4715 et
1026 4662 1164 4716 beati
1197 4663 1352 4716 Marci
1386 4663 1723 4732 evangelista:
1754 4664 1880 4719 sede

275 4760 509 4813 hostem
543 4751 966 4823 parricidamque
1004 4755 1296 4824 propellat;
1335 4765 1392 4810 et
1431 4756 1661 4826 qualiter
1689 4755 1876 4810 catho-

273 4853 401 4908 lica:
440 4848 571 4903 fidei
617 4856 857 4902 tenea'ur
893 4848 1206 4918 integritas,
1248 4849 1300 4902 in
1344 4848 1703 4916 penetralibus
1741 4847 1878 4902 aula:

272 4960 394 4998 sua:
427 4941 722 5010 dignanter
751 4940 982 5008 inquirat
1009 4957 1020 4991 :
1055 4955 1173 5009 qua:
1212 4955 1277 4993 ne
1306 4939 1478 5008 aliqua
1509 4938 1730 4993 forsitan
1757 4939 1878 4994 fidei

272 5033 615 5089 aemulorum
667 5029 850 5082 fraude
896 5029 1170 5094 vitientur,
1221 5029 1346 5084 licet
1389 5029 1440 5082 in
1489 5028 1728 5083 ecclesite
1776 5036 1880 5082 tute

274 5123 505 5193 possint
535 5118 745 5173 scriniis
777 5119 1024 5185 inveniri,
1059 5127 1230 5174 tamen
1261 5119 1582 5189 exemplaria
1616 5119 1877 5186 misimus,

273 5229 401 5284 quae
429 5210 626 5282 pietati
659 5210 821 5278 ipsius
849 5209 1174 5278 praeparabis
1204 5211 1312 5281 [AL
1339 5211 1650 5283 properabis]
1676 5211 1876 5267 offerri.

350 5353 367 5381 ¹
408 5347 726 5414 Legentlum
753 5361 766 5396 :
793 5360 846 5399 tv
874 5362 1033 5397 nonas
1055 5344 1205 5411 Jun.,
1240 5344 1376 5416 sicut
1396 5356 1446 5399 et
1466 5348 1515 5400 in
1538 5345 1818 5416 sequenti:
1842 5363 1871 5400 ν
1897 5401 1900 5404 ,

265 5414 398 5474 ’ίάηε
432 5419 600 5481 Jun.,
635 5426 685 5469 et
710 5417 762 5468 in
781 5416 1002 5486 septima
1031 5433 1042 5466 :
1079 5431 1134 5468 ιιι
1166 5417 1216 5468 id
1242 5415 1392 5479 Jun.,
1425 5426 1480 5469 ut
1507 5414 1871 5486 suspicabatur

277 5476 676 5558 ιιυιιιιηειυείπςι
700 5476 896 5558 dteij
923 5488 1118 5558 mensis
1140 5486 1338 5558 Martii,
1360 5476 1446 5558 tibi
1479 5487 1545 5540 de
1570 5476 1626 5542 s'.
1657 5489 1872 5558 Simpli-

275 5564 364 5616 cio
395 5561 540 5626 agit.
572 5556 698 5610 Vide
727 5554 940 5626 l’agiutn
965 5555 1028 5607 ad
1060 5571 1146 5609 an.
1172 5555 1270 5609 Cb.
1296 5555 1417 5621 476,
1445 5575 1496 5610 u.
1525 5559 1611 5611 li.

352 5635 370 5662 ²
411 5625 553 5682 Haec
590 5634 670 5680 est
709 5626 795 5679 illa
833 5625 1053 5691 epistola
1102 5626 1165 5678 ad
1205 5629 1449 5680 Acacium
1490 5628 1685 5695 scripta
1716 5644 1871 5695 quant

278 5701 539 5770 pontifex
573 5703 838 5770 patentem
865 5706 924 5770 et
960 5696 1195 5770 nondum
1223 5695 1550 5770 obsignatam
1583 5713 1700 5770 cum
1743 5714 1875 5766 pran-

278 5766 530 5826 cedente
558 5766 777 5831 epistola
809 5767 951 5818 misit
975 5767 1037 5819 ad
1064 5767 1435 5836 imperatorem
1467 5768 1552 5820 illo
1584 5769 1683 5824 line
1714 5779 1764 5824 et
1791 5783 1877 5823 ar-

585 5863 850 5922 PATROL.
916 5861 1130 5921 Li’lll.

1983 4659 2230 4714 omnibus
2254 4659 2467 4714 resistat
2493 4673 2558 4713 ne
2579 4657 2705 4728 quid
2731 4658 3102 4712 bareticorum
3125 4669 3310 4713 contra
3337 4659 3564 4713 Chalce-

1983 4752 2226 4808 donense
2254 4749 2539 4804 concilium
2584 4749 2830 4803 moliatur
2877 4748 3136 4815 audacia,
3177 4753 3343 4803 l'ratcr
3389 4750 3562 4804 cat-is-

1985 4845 2151 4909 sime;
2183 4852 2236 4897 et
2269 4840 2571 4896 dilectionis
2599 4849 2700 4893 tum
2730 4838 2996 4893 laudando
3019 4839 3398 4904 constantiam,
3428 4842 3562 4896 mul-

1987 4942 2098 4987 tum
2132 4932 2318 4994 nobis,
2351 4931 2458 4984 imo
2492 4927 2590 4999 ipsi
2627 4929 2850 4984 Domino
2877 4929 3087 4998 placere
3123 4931 3561 4996 memoravimus,

1987 5023 2125 5094 quod
2153 5022 2463 5077 damnatum
2493 5021 2762 5077 hominem
2793 5035 2897 5076 non
2923 5021 3096 5075 solum
3119 5021 3260 5086 fidei,
3284 5022 3375 5078 sed
3399 5024 3560 5080 etiam

1989 5115 2258 5187 parricidii
2304 5129 2492 5182 causa,
2541 5115 2736 5169 nullam
2774 5112 3236 5182 Constantinopoli
3279 5115 3559 5171 ecclesiam

1989 5210 2212 5265 introire
2235 5208 2565 5279 permiseris.
2590 5207 2741 5273 Quod
2767 5221 2908 5261 nunc
2931 5208 3123 5260 iterum
3146 5219 3557 5263 commonemus

1981 5353 2233 5416 gumento
2261 5357 2366 5416 quo
2391 5357 2549 5416 supra
2581 5340 2714 5416 dixi.
2739 5341 2864 5394 Ssv.
2897 5338 3072 5416 Btutus

2048 5417 2067 5446 ³
2108 5415 2255 5468 lianc
2279 5408 2566 5481 epistolam
2597 5411 2835 5480 aliasque
2865 5408 3149 5481 nonnullas
3191 5409 3434 5478 ejusdem
3472 5425 3560 5462 ar-

1976 5486 2212 5555 gumettti
2235 5525 2251 5548 ,
2283 5479 2567 5555 occasione
2608 5479 2842 5555 publicae
2878 5479 3157 5555 legationis
3193 5496 3364 5555 _qua_tn
3408 5481 3560 5555 misit

1976 5549 2218 5611 Ddoacer
2246 5555 2311 5609 ad
2351 5553 2652 5616 Zenonem,
2687 5552 2882 5604 Acacio
2924 5549 3156 5618 scripsit.
3193 5549 3268 5603 Ex
3306 5549 3560 5603 Vaticano

1976 5627 2159 5683 codice
2182 5634 2480 5690 acceptam,
2505 5624 2839 5691 primumque
2861 5629 3003 5675 tomo
3030 5621 3045 5674 Ι
3071 5619 3423 5691 Epistolarum
3455 5622 3559 5675 lto.

1980 5712 2257 5755 manorum
2281 5690 2590 5763 pontificum
2615 5690 2888 5757 excusam,
2923 5691 3027 5745 huc
3051 5690 3416 5744 transtulimus
3439 5706 3556 5745 cum

1980 5767 2340 5839 sequentibus.
2376 5767 2500 5819 Ssv.
2535 5763 2731 5817 Btatus.

3080 5852 3119 5910 ‘2
