  <div class='ocr_page' id='page_1' title='image "/cluster/home/n/w/nwhite01/storage/ocr_20150623/58/hvd.32044015706401/027.png"; bbox 0 0 4086 6328; ppageno 0'>
   <div class='ocr_carea' id='block_1_1' title="bbox 483 289 3735 356">
    <p class='ocr_par' dir='ltr' id='par_1_1' title="bbox 483 289 3735 356">
     <span class='ocr_line' id='line_1_1' title="bbox 483 289 3735 356; baseline 0.005 -17"><span class='ocrx_word' id='word_1_1' title='bbox 483 297 547 351; x_wconf 67' lang='grc' dir='ltr'>ιδ</span> <span class='ocrx_word' id='word_1_2' title='bbox 1827 289 2139 348; x_wconf 73' lang='lat' dir='ltr'><strong>SHIPLICII</strong></span> <span class='ocrx_word' id='word_1_3' title='bbox 2182 291 2382 350; x_wconf 71' lang='grc' dir='ltr'><strong>ΡΑΡᾹΞ</strong></span> <span class='ocrx_word' id='word_1_4' title='bbox 3665 302 3735 356; x_wconf 66' lang='grc'><strong>46</strong></span> 
     </span>
    </p>
   </div>
   <div class='ocr_carea' id='block_1_2' title="bbox 479 400 3736 475">
    <p class='ocr_par' dir='ltr' id='par_1_2' title="bbox 479 400 3736 475">
     <span class='ocr_line' id='line_1_2' title="bbox 479 400 3736 475; baseline -0 -11"><span class='ocrx_word' id='word_1_5' title='bbox 479 421 534 464; x_wconf 91' lang='lat' dir='ltr'><strong>ut</strong></span> <span class='ocrx_word' id='word_1_6' title='bbox 560 421 679 462; x_wconf 91' lang='lat' dir='ltr'><strong>cum</strong></span> <span class='ocrx_word' id='word_1_7' title='bbox 709 405 771 460; x_wconf 89' lang='lat' dir='ltr'><strong>ad</strong></span> <span class='ocrx_word' id='word_1_8' title='bbox 802 405 1138 461; x_wconf 73' lang='lat' dir='ltr'><strong>dilectionem</strong></span> <span class='ocrx_word' id='word_1_9' title='bbox 1171 411 1312 458; x_wconf 90' lang='lat' dir='ltr'><strong>tuam</strong></span> <span class='ocrx_word' id='word_1_10' title='bbox 1345 400 1531 458; x_wconf 83' lang='lat' dir='ltr'><strong>cadent</strong></span> <span class='ocrx_word' id='word_1_11' title='bbox 1565 402 1758 472; x_wconf 85' lang='lat' dir='ltr'><strong>scr&#39;pta</strong></span> <span class='ocrx_word' id='word_1_12' title='bbox 1793 419 2051 474; x_wconf 77' lang='lat' dir='ltr'><strong>pervene-</strong></span> <span class='ocrx_word' id='word_1_13' title='bbox 2077 411 2134 471; x_wconf 64' lang='grc' dir='ltr'><strong>Α</strong></span> <span class='ocrx_word' id='word_1_14' title='bbox 2160 403 2478 460; x_wconf 84' lang='lat' dir='ltr'><strong>necessitate</strong></span> <span class='ocrx_word' id='word_1_15' title='bbox 2512 402 2768 473; x_wconf 82' lang='lat' dir='ltr'><strong>dirigere,</strong></span> <span class='ocrx_word' id='word_1_16' title='bbox 2804 402 2906 459; x_wconf 84' lang='lat' dir='ltr'><strong>nisi</strong></span> <span class='ocrx_word' id='word_1_17' title='bbox 2950 404 3014 459; x_wconf 87' lang='lat' dir='ltr'><strong>ad</strong></span> <span class='ocrx_word' id='word_1_18' title='bbox 3062 418 3274 461; x_wconf 91' lang='lat' dir='ltr'><strong>omnem</strong></span> <span class='ocrx_word' id='word_1_19' title='bbox 3320 403 3736 475; x_wconf 72' lang='lat' dir='ltr'><strong>plenitudinem,</strong></span> 
     </span>
    </p>
   </div>
   <div class='ocr_carea' id='block_1_3' title="bbox 477 495 2054 565">
    <p class='ocr_par' dir='ltr' id='par_1_3' title="bbox 477 495 2054 565">
     <span class='ocr_line' id='line_1_3' title="bbox 477 495 2054 565; baseline -0.003 -10"><span class='ocrx_word' id='word_1_20' title='bbox 477 503 614 564; x_wconf 90' lang='lat' dir='ltr'><strong>rint,</strong></span> <span class='ocrx_word' id='word_1_21' title='bbox 657 500 762 554; x_wconf 89' lang='lat' dir='ltr'><strong>imo</strong></span> <span class='ocrx_word' id='word_1_22' title='bbox 802 508 854 554; x_wconf 88' lang='lat' dir='ltr'><strong>et</strong></span> <span class='ocrx_word' id='word_1_23' title='bbox 877 512 961 552; x_wconf 90' lang='lat' dir='ltr'><strong>atn</strong></span> <span class='ocrx_word' id='word_1_24' title='bbox 992 497 1163 552; x_wconf 83' lang='lat' dir='ltr'><strong>donec</strong></span> <span class='ocrx_word' id='word_1_25' title='bbox 1203 496 1451 560; x_wconf 84' lang='lat' dir='ltr'><strong>veniant,</strong></span> <span class='ocrx_word' id='word_1_26' title='bbox 1495 495 1632 565; x_wconf 90' lang='lat' dir='ltr'><strong>apud</strong></span> <span class='ocrx_word' id='word_1_27' title='bbox 1665 495 2054 552; x_wconf 72' lang='lat' dir='ltr'><strong>Christianissi-</strong></span> 
     </span>
    </p>
   </div>
   <div class='ocr_carea' id='block_1_4' title="bbox 477 586 2054 662">
    <p class='ocr_par' dir='ltr' id='par_1_4' title="bbox 477 586 2054 662">
     <span class='ocr_line' id='line_1_4' title="bbox 477 586 2054 662; baseline -0.003 -14"><span class='ocrx_word' id='word_1_28' title='bbox 477 611 619 648; x_wconf 87' lang='lat' dir='ltr'><strong>tntttn</strong></span> <span class='ocrx_word' id='word_1_29' title='bbox 655 591 946 662; x_wconf 84' lang='lat' dir='ltr'><strong>principem</strong></span> <span class='ocrx_word' id='word_1_30' title='bbox 980 589 1144 645; x_wconf 88' lang='lat' dir='ltr'><strong>etiam</strong></span> <span class='ocrx_word' id='word_1_31' title='bbox 1188 598 1372 644; x_wconf 90' lang='lat' dir='ltr'><strong>nostro</strong></span> <span class='ocrx_word' id='word_1_32' title='bbox 1415 586 1628 644; x_wconf 83' lang='lat' dir='ltr'><strong>nomine</strong></span> <span class='ocrx_word' id='word_1_33' title='bbox 1659 603 1819 658; x_wconf 84' lang='lat' dir='ltr'><strong>agere</strong></span> <span class='ocrx_word' id='word_1_34' title='bbox 1848 589 2054 658; x_wconf 82' lang='lat' dir='ltr'><strong>suppli-</strong></span> 
     </span>
    </p>
   </div>
   <div class='ocr_carea' id='block_1_5' title="bbox 475 679 2056 753">
    <p class='ocr_par' dir='ltr' id='par_1_5' title="bbox 475 679 2056 753">
     <span class='ocr_line' id='line_1_5' title="bbox 475 679 2056 753; baseline -0.003 -15"><span class='ocrx_word' id='word_1_35' title='bbox 475 697 610 742; x_wconf 75' lang='lat' dir='ltr'><strong>citer</strong></span> <span class='ocrx_word' id='word_1_36' title='bbox 641 692 800 753; x_wconf 88' lang='lat' dir='ltr'><strong>atque</strong></span> <span class='ocrx_word' id='word_1_37' title='bbox 831 681 1104 737; x_wconf 55' lang='lat' dir='ltr'><strong>insinuare</strong></span> <span class='ocrx_word' id='word_1_38' title='bbox 1131 695 1236 735; x_wconf 94' lang='lat' dir='ltr'><strong>non</strong></span> <span class='ocrx_word' id='word_1_39' title='bbox 1267 679 1514 748; x_wconf 78' lang='lat' dir='ltr'><strong>desinas,</strong></span> <span class='ocrx_word' id='word_1_40' title='bbox 1543 689 1602 733; x_wconf 92' lang='lat' dir='ltr'><strong>ut</strong></span> <span class='ocrx_word' id='word_1_41' title='bbox 1639 695 1760 750; x_wconf 84' lang='lat' dir='ltr'><strong>quae</strong></span> <span class='ocrx_word' id='word_1_42' title='bbox 1810 679 1971 734; x_wconf 94' lang='lat' dir='ltr'><strong>toties</strong></span> <span class='ocrx_word' id='word_1_43' title='bbox 1999 688 2056 735; x_wconf 88' lang='lat' dir='ltr'><strong>et</strong></span> 
     </span>
    </p>
   </div>
   <div class='ocr_carea' id='block_1_6' title="bbox 475 770 2054 842">
    <p class='ocr_par' dir='ltr' id='par_1_6' title="bbox 475 770 2054 842">
     <span class='ocr_line' id='line_1_6' title="bbox 475 770 2054 842; baseline -0.003 -12"><span class='ocrx_word' id='word_1_44' title='bbox 475 779 611 830; x_wconf 80' lang='lat' dir='ltr'><strong>liene</strong></span> <span class='ocrx_word' id='word_1_45' title='bbox 637 784 833 830; x_wconf 87' lang='lat' dir='ltr'><strong>statuta</strong></span> <span class='ocrx_word' id='word_1_46' title='bbox 871 781 1028 840; x_wconf 89' lang='lat' dir='ltr'><strong>sunt,</strong></span> <span class='ocrx_word' id='word_1_47' title='bbox 1074 771 1217 826; x_wconf 90' lang='lat' dir='ltr'><strong>nulla</strong></span> <span class='ocrx_word' id='word_1_48' title='bbox 1255 770 1567 840; x_wconf 89' lang='lat' dir='ltr'><strong>obreptione</strong></span> <span class='ocrx_word' id='word_1_49' title='bbox 1594 771 1900 826; x_wconf 89' lang='lat' dir='ltr'><strong>violentur:</strong></span> <span class='ocrx_word' id='word_1_50' title='bbox 1931 772 2054 842; x_wconf 84' lang='lat' dir='ltr'><strong>quia</strong></span> 
     </span>
    </p>
   </div>
   <div class='ocr_carea' id='block_1_7' title="bbox 475 863 2051 939">
    <p class='ocr_par' dir='ltr' id='par_1_7' title="bbox 475 863 2051 939">
     <span class='ocr_line' id='line_1_7' title="bbox 475 863 2051 939; baseline -0.003 -17"><span class='ocrx_word' id='word_1_51' title='bbox 475 871 622 939; x_wconf 76' lang='lat' dir='ltr'><strong>regni</strong></span> <span class='ocrx_word' id='word_1_52' title='bbox 674 867 790 937; x_wconf 75' lang='lat' dir='ltr'><strong>ejus</strong></span> <span class='ocrx_word' id='word_1_53' title='bbox 832 875 1037 920; x_wconf 91' lang='lat' dir='ltr'><strong>certum</strong></span> <span class='ocrx_word' id='word_1_54' title='bbox 1086 873 1140 920; x_wconf 91' lang='lat' dir='ltr'><strong>et</strong></span> <span class='ocrx_word' id='word_1_55' title='bbox 1189 864 1459 933; x_wconf 83' lang='lat' dir='ltr'><strong>singulare</strong></span> <span class='ocrx_word' id='word_1_56' title='bbox 1502 872 1583 919; x_wconf 90' lang='lat' dir='ltr'><strong>est</strong></span> <span class='ocrx_word' id='word_1_57' title='bbox 1628 863 2051 933; x_wconf 84' lang='lat' dir='ltr'><strong>firmamentum,</strong></span> 
     </span>
    </p>
   </div>
   <div class='ocr_carea' id='block_1_8' title="bbox 475 956 2052 1030">
    <p class='ocr_par' dir='ltr' id='par_1_8' title="bbox 475 956 2052 1030">
     <span class='ocr_line' id='line_1_8' title="bbox 475 956 2052 1030; baseline -0.001 -16"><span class='ocrx_word' id='word_1_58' title='bbox 475 976 602 1016; x_wconf 88' lang='lat' dir='ltr'><strong>vero</strong></span> <span class='ocrx_word' id='word_1_59' title='bbox 632 971 791 1030; x_wconf 77' lang='lat' dir='ltr'><strong>atque</strong></span> <span class='ocrx_word' id='word_1_60' title='bbox 817 968 1019 1014; x_wconf 79' lang='lat' dir='ltr'><strong>:cterno</strong></span> <span class='ocrx_word' id='word_1_61' title='bbox 1047 959 1157 1028; x_wconf 75' lang='lat' dir='ltr'><strong>regi</strong></span> <span class='ocrx_word' id='word_1_62' title='bbox 1184 968 1628 1028; x_wconf 81' lang='lat' dir='ltr'><strong>congregatarum</strong></span> <span class='ocrx_word' id='word_1_63' title='bbox 1656 956 1708 1011; x_wconf 92' lang='lat' dir='ltr'><strong>in</strong></span> <span class='ocrx_word' id='word_1_64' title='bbox 1739 972 1901 1014; x_wconf 90' lang='lat' dir='ltr'><strong>causa</strong></span> <span class='ocrx_word' id='word_1_65' title='bbox 1933 956 2052 1012; x_wconf 83' lang='lat' dir='ltr'><strong>fidei</strong></span> 
     </span>
    </p>
   </div>
   <div class='ocr_carea' id='block_1_9' title="bbox 473 1047 2055 1122">
    <p class='ocr_par' dir='ltr' id='par_1_9' title="bbox 473 1047 2055 1122">
     <span class='ocr_line' id='line_1_9' title="bbox 473 1047 2055 1122; baseline 0 -18"><span class='ocrx_word' id='word_1_66' title='bbox 473 1053 653 1106; x_wconf 87' lang='lat' dir='ltr'><strong>divino</strong></span> <span class='ocrx_word' id='word_1_67' title='bbox 695 1050 886 1122; x_wconf 79' lang='lat' dir='ltr'><strong>spiritu</strong></span> <span class='ocrx_word' id='word_1_68' title='bbox 929 1049 1266 1105; x_wconf 76' lang='lat' dir='ltr'><strong>sacerdotum</strong></span> <span class='ocrx_word' id='word_1_69' title='bbox 1307 1047 1536 1104; x_wconf 65' lang='lat' dir='ltr'><strong>illaesum</strong></span> <span class='ocrx_word' id='word_1_70' title='bbox 1576 1062 1897 1106; x_wconf 81' lang='lat' dir='ltr'><strong>conservare</strong></span> <span class='ocrx_word' id='word_1_71' title='bbox 1925 1063 2055 1105; x_wconf 86' lang='lat' dir='ltr'><strong>con-</strong></span> 
     </span>
    </p>
   </div>
   <div class='ocr_carea' id='block_1_10' title="bbox 472 1145 674 1201">
    <p class='ocr_par' dir='ltr' id='par_1_10' title="bbox 472 1145 674 1201">
     <span class='ocr_line' id='line_1_10' title="bbox 472 1145 674 1201; baseline -0.005 -1"><span class='ocrx_word' id='word_1_72' title='bbox 472 1145 674 1201; x_wconf 81' lang='lat' dir='ltr'><strong>cilium.</strong></span> 
     </span>
    </p>
   </div>
   <div class='ocr_carea' id='block_1_11' title="bbox 1010 1277 1494 1335">
    <p class='ocr_par' dir='ltr' id='par_1_11' title="bbox 1010 1277 1494 1335">
     <span class='ocr_line' id='line_1_11' title="bbox 1010 1277 1494 1335; baseline -0.006 -1"><span class='ocrx_word' id='word_1_73' title='bbox 1010 1277 1343 1335; x_wconf 80' lang='lat' dir='ltr'><strong>EPISTULA</strong></span> <span class='ocrx_word' id='word_1_74' title='bbox 1383 1277 1494 1333; x_wconf 82' lang='lat' dir='ltr'><strong>VII.</strong></span> 
     </span>
    </p>
   </div>
   <div class='ocr_carea' id='block_1_12' title="bbox 472 1405 2050 1452">
    <p class='ocr_par' dir='ltr' id='par_1_12' title="bbox 472 1405 2050 1452">
     <span class='ocr_line' id='line_1_12' title="bbox 472 1405 2050 1452; baseline -0.005 0"><span class='ocrx_word' id='word_1_75' title='bbox 472 1409 715 1452; x_wconf 74' lang='grc' dir='ltr'>ειιιιιιιαιι</span> <span class='ocrx_word' id='word_1_76' title='bbox 767 1409 912 1448; x_wconf 69' lang='lat' dir='ltr'><strong>PAPB</strong></span> <span class='ocrx_word' id='word_1_77' title='bbox 963 1408 1029 1447; x_wconf 72' lang='lat' dir='ltr'><strong>AD</strong></span> <span class='ocrx_word' id='word_1_78' title='bbox 1075 1406 1437 1447; x_wconf 72' lang='grc' dir='ltr'>ιιιιιειιιτειιοε</span> <span class='ocrx_word' id='word_1_79' title='bbox 1488 1407 1555 1446; x_wconf 70' lang='grc' dir='ltr'><strong>Ετ</strong></span> <span class='ocrx_word' id='word_1_80' title='bbox 1594 1405 2050 1449; x_wconf 63' lang='grc' dir='ltr'>Αιιειιιιιλκιιιιιτλς</span> 
     </span>
    </p>
   </div>
   <div class='ocr_carea' id='block_1_13' title="bbox 925 1477 1598 1532">
    <p class='ocr_par' dir='ltr' id='par_1_13' title="bbox 925 1477 1598 1532">
     <span class='ocr_line' id='line_1_13' title="bbox 925 1477 1598 1532; baseline -0.001 -14"><span class='ocrx_word' id='word_1_81' title='bbox 925 1477 1598 1532; x_wconf 69' lang='lat' dir='ltr'><strong>CONSTANTINOPOLITANOS.</strong></span> 
     </span>
    </p>
   </div>
   <div class='ocr_carea' id='block_1_14' title="bbox 471 1573 2050 1699">
    <p class='ocr_par' dir='ltr' id='par_1_14' title="bbox 471 1573 2050 1699">
     <span class='ocr_line' id='line_1_14' title="bbox 471 1573 2050 1642; baseline -0.009 -4"><span class='ocrx_word' id='word_1_82' title='bbox 471 1581 786 1638; x_wconf 65' lang='lat' dir='ltr'><strong>Clericm-unt</strong></span> <span class='ocrx_word' id='word_1_83' title='bbox 810 1597 869 1634; x_wconf 88' lang='lat' dir='ltr'><strong>ac</strong></span> <span class='ocrx_word' id='word_1_84' title='bbox 897 1579 1261 1632; x_wconf 81' lang='lat' dir='ltr'><strong>monachorum</strong></span> <span class='ocrx_word' id='word_1_85' title='bbox 1291 1576 1626 1630; x_wconf 88' lang='lat' dir='ltr'><strong>Constantino</strong></span> <span class='ocrx_word' id='word_1_86' title='bbox 1665 1574 1732 1628; x_wconf 86' lang='lat' dir='ltr'><strong>ali</strong></span> <span class='ocrx_word' id='word_1_87' title='bbox 1760 1573 2050 1642; x_wconf 76' lang='lat' dir='ltr'><strong>degentium</strong></span> 
     </span>
     <span class='ocr_line' id='line_1_15' title="bbox 544 1592 2050 1699; baseline -0.003 0"><span class='ocrx_word' id='word_1_88' title='bbox 544 1653 661 1699; x_wconf 74' lang='lat' dir='ltr'><strong>fidei</strong></span> <span class='ocrx_word' id='word_1_89' title='bbox 700 1652 1035 1699; x_wconf 70' lang='lat' dir='ltr'><strong>constantiam</strong></span> <span class='ocrx_word' id='word_1_90' title='bbox 1080 1649 1425 1699; x_wconf 76' lang='lat' dir='ltr'><strong>commendat.</strong></span> <span class='ocrx_word' id='word_1_91' title='bbox 1466 1663 1578 1699; x_wconf 90' lang='lat' dir='ltr'><strong>cum</strong></span> <span class='ocrx_word' id='word_1_92' title='bbox 1618 1592 1939 1699; x_wconf 51' lang='lat' dir='ltr'><strong>Fimotheum</strong></span> <span class='ocrx_word' id='word_1_93' title='bbox 1983 1642 2050 1695; x_wconf 88' lang='lat' dir='ltr'><strong>ad</strong></span> 
     </span>
    </p>
   </div>
   <div class='ocr_carea' id='block_1_15' title="bbox 541 1642 2052 1713">
    <p class='ocr_par' dir='ltr' id='par_1_15' title="bbox 541 1642 2052 1713">
     <span class='ocr_line' id='line_1_16' title="bbox 541 1642 2052 1713; baseline -0.009 -6"><span class='ocrx_word' id='word_1_94' title='bbox 541 1653 661 1713; x_wconf 76' lang='lat' dir='ltr'><strong>ﬁdei</strong></span> <span class='ocrx_word' id='word_1_95' title='bbox 700 1652 1035 1705; x_wconf 75' lang='lat' dir='ltr'><strong>constantiam</strong></span> <span class='ocrx_word' id='word_1_96' title='bbox 1080 1649 1426 1713; x_wconf 76' lang='lat' dir='ltr'><strong>commendat,</strong></span> <span class='ocrx_word' id='word_1_97' title='bbox 1466 1663 1578 1699; x_wconf 90' lang='lat' dir='ltr'><strong>cum</strong></span> <span class='ocrx_word' id='word_1_98' title='bbox 1618 1642 1939 1699; x_wconf 78' lang='lat' dir='ltr'><strong>Timotheum</strong></span> <span class='ocrx_word' id='word_1_99' title='bbox 1983 1642 2052 1695; x_wconf 88' lang='lat' dir='ltr'><strong>ad</strong></span> 
     </span>
    </p>
   </div>
   <div class='ocr_carea' id='block_1_16' title="bbox 539 1717 2051 1786">
    <p class='ocr_par' dir='ltr' id='par_1_16' title="bbox 539 1717 2051 1786">
     <span class='ocr_line' id='line_1_17' title="bbox 539 1717 2051 1786; baseline -0.006 -9"><span class='ocrx_word' id='word_1_100' title='bbox 539 1725 943 1777; x_wconf 73' lang='lat' dir='ltr'><strong>communionem</strong></span> <span class='ocrx_word' id='word_1_101' title='bbox 986 1736 1088 1773; x_wconf 87' lang='lat' dir='ltr'><strong>non</strong></span> <span class='ocrx_word' id='word_1_102' title='bbox 1133 1720 1459 1781; x_wconf 77' lang='lat' dir='ltr'><strong>admiserint;</strong></span> <span class='ocrx_word' id='word_1_103' title='bbox 1507 1717 1782 1786; x_wconf 84' lang='lat' dir='ltr'><strong>illumque,</strong></span> <span class='ocrx_word' id='word_1_104' title='bbox 1828 1724 1882 1768; x_wconf 86' lang='lat' dir='ltr'><strong>nt</strong></span> <span class='ocrx_word' id='word_1_105' title='bbox 1917 1729 2051 1782; x_wconf 69' lang='lat' dir='ltr'><strong>sape</strong></span> 
     </span>
    </p>
   </div>
   <div class='ocr_carea' id='block_1_17' title="bbox 540 1789 1599 1860">
    <p class='ocr_par' dir='ltr' id='par_1_17' title="bbox 540 1789 1599 1860">
     <span class='ocr_line' id='line_1_18' title="bbox 540 1789 1599 1860; baseline -0.004 -15"><span class='ocrx_word' id='word_1_106' title='bbox 540 1795 862 1860; x_wconf 87' lang='lat' dir='ltr'><strong>damnatum,</strong></span> <span class='ocrx_word' id='word_1_107' title='bbox 896 1792 1113 1845; x_wconf 80' lang='lat' dir='ltr'><strong>ostendit</strong></span> <span class='ocrx_word' id='word_1_108' title='bbox 1140 1806 1239 1842; x_wconf 89' lang='lat' dir='ltr'><strong>non</strong></span> <span class='ocrx_word' id='word_1_109' title='bbox 1267 1789 1599 1842; x_wconf 83' lang='lat' dir='ltr'><strong>audiendum.</strong></span> 
     </span>
    </p>
   </div>
   <div class='ocr_carea' id='block_1_18' title="bbox 470 1900 2047 1985">
    <p class='ocr_par' dir='ltr' id='par_1_18' title="bbox 470 1900 2047 1985">
     <span class='ocr_line' id='line_1_19' title="bbox 470 1900 2047 1985; baseline -0.008 -17"><span class='ocrx_word' id='word_1_110' title='bbox 470 1910 776 1982; x_wconf 84' lang='lat' dir='ltr'><strong>Simplicius</strong></span> <span class='ocrx_word' id='word_1_111' title='bbox 819 1910 1098 1985; x_wconf 60' lang='lat' dir='ltr'><strong>episcopus</strong></span> <span class='ocrx_word' id='word_1_112' title='bbox 1146 1906 1474 1985; x_wconf 64' lang='lat' dir='ltr'><strong>presbyteris</strong></span> <span class='ocrx_word' id='word_1_113' title='bbox 1516 1900 2047 1985; x_wconf 31' lang='lat' dir='ltr'><strong>etJarch&#39;imantlritis</strong></span> 
     </span>
    </p>
   </div>
   <div class='ocr_carea' id='block_1_19' title="bbox 737 1977 1776 2050">
    <p class='ocr_par' dir='ltr' id='par_1_19' title="bbox 737 1977 1776 2050">
     <span class='ocr_line' id='line_1_20' title="bbox 737 1977 1776 2050; baseline -0.008 -16"><span class='ocrx_word' id='word_1_114' title='bbox 737 1977 877 2050; x_wconf 85' lang='lat' dir='ltr'><strong>apud</strong></span> <span class='ocrx_word' id='word_1_115' title='bbox 909 1977 1430 2046; x_wconf 80' lang='lat' dir='ltr'><strong>Constantinopolim</strong></span> <span class='ocrx_word' id='word_1_116' title='bbox 1453 1977 1776 2030; x_wconf 80' lang='lat' dir='ltr'><strong>constitutis.</strong></span> 
     </span>
    </p>
   </div>
   <div class='ocr_carea' id='block_1_20' title="bbox 524 2061 2044 2134">
    <p class='ocr_par' dir='ltr' id='par_1_20' title="bbox 524 2061 2044 2134">
     <span class='ocr_line' id='line_1_21' title="bbox 524 2061 2044 2134; baseline -0.009 -8"><span class='ocrx_word' id='word_1_117' title='bbox 524 2073 641 2128; x_wconf 80' lang='lat' dir='ltr'><strong>Per</strong></span> <span class='ocrx_word' id='word_1_118' title='bbox 671 2072 834 2126; x_wconf 89' lang='lat' dir='ltr'><strong>lilium</strong></span> <span class='ocrx_word' id='word_1_119' title='bbox 866 2078 1104 2124; x_wconf 89' lang='lat' dir='ltr'><strong>nostrum</strong></span> <span class='ocrx_word' id='word_1_120' title='bbox 1134 2065 1456 2122; x_wconf 87' lang='lat' dir='ltr'><strong>laudabilem</strong></span> <span class='ocrx_word' id='word_1_121' title='bbox 1485 2065 1659 2120; x_wconf 87' lang='lat' dir='ltr'><strong>virum</strong></span> <span class='ocrx_word' id='word_1_122' title='bbox 1687 2061 2044 2134; x_wconf 76' lang='lat' dir='ltr'><strong>Epiplta..iutn</strong></span> 
     </span>
    </p>
   </div>
   <div class='ocr_carea' id='block_1_21' title="bbox 463 2155 2046 2226">
    <p class='ocr_par' dir='ltr' id='par_1_21' title="bbox 463 2155 2046 2226">
     <span class='ocr_line' id='line_1_22' title="bbox 463 2155 2046 2226; baseline -0.007 -9"><span class='ocrx_word' id='word_1_123' title='bbox 463 2164 658 2220; x_wconf 84' lang='lat' dir='ltr'><strong>litteris</strong></span> <span class='ocrx_word' id='word_1_124' title='bbox 683 2174 880 2217; x_wconf 73' lang='lat' dir='ltr'><strong>vestrm</strong></span> <span class='ocrx_word' id='word_1_125' title='bbox 921 2159 1224 2216; x_wconf 66' lang='lat' dir='ltr'><strong>dilectionis</strong></span> <span class='ocrx_word' id='word_1_126' title='bbox 1262 2159 1436 2213; x_wconf 86' lang='lat' dir='ltr'><strong>serius</strong></span> <span class='ocrx_word' id='word_1_127' title='bbox 1477 2169 1634 2226; x_wconf 87' lang='lat' dir='ltr'><strong>quam</strong></span> <span class='ocrx_word' id='word_1_128' title='bbox 1672 2155 1917 2210; x_wconf 88' lang='lat' dir='ltr'><strong>voluistis</strong></span> <span class='ocrx_word' id='word_1_129' title='bbox 1959 2168 2046 2207; x_wconf 87' lang='lat' dir='ltr'><strong>ac-</strong></span> 
     </span>
    </p>
   </div>
   <div class='ocr_carea' id='block_1_22' title="bbox 463 2246 2044 2323">
    <p class='ocr_par' dir='ltr' id='par_1_22' title="bbox 463 2246 2044 2323">
     <span class='ocr_line' id='line_1_23' title="bbox 463 2246 2044 2323; baseline -0.006 -14"><span class='ocrx_word' id='word_1_130' title='bbox 463 2258 654 2323; x_wconf 70' lang='lat' dir='ltr'><strong>ceptis,</strong></span> <span class='ocrx_word' id='word_1_131' title='bbox 686 2269 878 2322; x_wconf 90' lang='lat' dir='ltr'><strong>magno</strong></span> <span class='ocrx_word' id='word_1_132' title='bbox 900 2266 1083 2306; x_wconf 86' lang='lat' dir='ltr'><strong>sumus</strong></span> <span class='ocrx_word' id='word_1_133' title='bbox 1111 2251 1296 2305; x_wconf 91' lang='lat' dir='ltr'><strong>dolore</strong></span> <span class='ocrx_word' id='word_1_134' title='bbox 1321 2249 1586 2320; x_wconf 86' lang='lat' dir='ltr'><strong>permoti,</strong></span> <span class='ocrx_word' id='word_1_135' title='bbox 1616 2247 1756 2318; x_wconf 86' lang='lat' dir='ltr'><strong>quod</strong></span> <span class='ocrx_word' id='word_1_136' title='bbox 1779 2247 1884 2302; x_wconf 90' lang='lat' dir='ltr'><strong>illic</strong></span> <span class='ocrx_word' id='word_1_137' title='bbox 1908 2246 2044 2300; x_wconf 88' lang='lat' dir='ltr'><strong>intra</strong></span> 
     </span>
    </p>
   </div>
   <div class='ocr_carea' id='block_1_23' title="bbox 465 2340 2044 2402">
    <p class='ocr_par' dir='ltr' id='par_1_23' title="bbox 465 2340 2044 2402">
     <span class='ocr_line' id='line_1_24' title="bbox 465 2340 2044 2402; baseline -0.007 0"><span class='ocrx_word' id='word_1_138' title='bbox 465 2347 758 2402; x_wconf 77' lang='lat' dir='ltr'><strong>Ecclesiatn</strong></span> <span class='ocrx_word' id='word_1_139' title='bbox 785 2345 875 2399; x_wconf 87' lang='lat' dir='ltr'><strong>Dei</strong></span> <span class='ocrx_word' id='word_1_140' title='bbox 900 2343 1270 2399; x_wconf 87' lang='lat' dir='ltr'><strong>scandalorum</strong></span> <span class='ocrx_word' id='word_1_141' title='bbox 1294 2341 1525 2398; x_wconf 83' lang='lat' dir='ltr'><strong>recidiva</strong></span> <span class='ocrx_word' id='word_1_142' title='bbox 1549 2351 1839 2396; x_wconf 89' lang='lat' dir='ltr'><strong>nascuntur</strong></span> <span class='ocrx_word' id='word_1_143' title='bbox 1859 2340 2044 2393; x_wconf 83' lang='lat' dir='ltr'><strong>incen-</strong></span> 
     </span>
    </p>
   </div>
   <div class='ocr_carea' id='block_1_24' title="bbox 464 2432 2044 2510">
    <p class='ocr_par' dir='ltr' id='par_1_24' title="bbox 464 2432 2044 2510">
     <span class='ocr_line' id='line_1_25' title="bbox 464 2432 2044 2510; baseline -0.006 -15"><span class='ocrx_word' id='word_1_144' title='bbox 464 2443 570 2510; x_wconf 90' lang='lat' dir='ltr'><strong>dia,</strong></span> <span class='ocrx_word' id='word_1_145' title='bbox 588 2441 677 2495; x_wconf 89' lang='lat' dir='ltr'><strong>ubi</strong></span> <span class='ocrx_word' id='word_1_146' title='bbox 691 2440 850 2494; x_wconf 88' lang='lat' dir='ltr'><strong>totius</strong></span> <span class='ocrx_word' id='word_1_147' title='bbox 864 2437 878 2510; x_wconf 83' lang='lat'><strong>[</strong></span> <span class='ocrx_word' id='word_1_148' title='bbox 891 2437 971 2492; x_wconf 81' lang='lat' dir='ltr'><strong>AI.</strong></span> <span class='ocrx_word' id='word_1_149' title='bbox 988 2435 1152 2508; x_wconf 89' lang='lat' dir='ltr'><strong>toties]</strong></span> <span class='ocrx_word' id='word_1_150' title='bbox 1167 2436 1484 2491; x_wconf 81' lang='lat' dir='ltr'><strong>auctoritate</strong></span> <span class='ocrx_word' id='word_1_151' title='bbox 1496 2432 1799 2506; x_wconf 53' lang='lat' dir='ltr'><strong>apostolica</strong></span> <span class='ocrx_word' id='word_1_152' title='bbox 1813 2433 1976 2498; x_wconf 75' lang='lat' dir='ltr'><strong>Sedis,</strong></span> <span class='ocrx_word' id='word_1_153' title='bbox 1992 2442 2044 2486; x_wconf 88' lang='lat' dir='ltr'><strong>et</strong></span> 
     </span>
    </p>
   </div>
   <div class='ocr_carea' id='block_1_25' title="bbox 460 2524 2044 2600">
    <p class='ocr_par' dir='ltr' id='par_1_25' title="bbox 460 2524 2044 2600">
     <span class='ocr_line' id='line_1_26' title="bbox 460 2524 2044 2600; baseline -0.009 -10"><span class='ocrx_word' id='word_1_154' title='bbox 460 2535 727 2590; x_wconf 79' lang='lat' dir='ltr'><strong>sententia</strong></span> <span class='ocrx_word' id='word_1_155' title='bbox 755 2530 945 2600; x_wconf 81' lang='lat' dir='ltr'><strong>synodi</strong></span> <span class='ocrx_word' id='word_1_156' title='bbox 977 2528 1293 2585; x_wconf 87' lang='lat' dir='ltr'><strong>universalis</strong></span> <span class='ocrx_word' id='word_1_157' title='bbox 1318 2527 1577 2584; x_wconf 80' lang='lat' dir='ltr'><strong>exstincta</strong></span> <span class='ocrx_word' id='word_1_158' title='bbox 1605 2534 1747 2581; x_wconf 90' lang='lat' dir='ltr'><strong>sunt.</strong></span> <span class='ocrx_word' id='word_1_159' title='bbox 1773 2524 1868 2579; x_wconf 86' lang='lat' dir='ltr'><strong>Cui</strong></span> <span class='ocrx_word' id='word_1_160' title='bbox 1895 2538 2044 2577; x_wconf 87' lang='lat' dir='ltr'><strong>nam-</strong></span> 
     </span>
    </p>
   </div>
   <div class='ocr_carea' id='block_1_26' title="bbox 459 2615 2040 2698">
    <p class='ocr_par' dir='ltr' id='par_1_26' title="bbox 459 2615 2040 2698">
     <span class='ocr_line' id='line_1_27' title="bbox 459 2615 2040 2698; baseline -0.009 -16"><span class='ocrx_word' id='word_1_161' title='bbox 459 2642 566 2698; x_wconf 90' lang='lat' dir='ltr'><strong>que</strong></span> <span class='ocrx_word' id='word_1_162' title='bbox 597 2627 652 2681; x_wconf 91' lang='lat' dir='ltr'><strong>in</strong></span> <span class='ocrx_word' id='word_1_163' title='bbox 679 2633 795 2680; x_wconf 88' lang='lat' dir='ltr'><strong>toto</strong></span> <span class='ocrx_word' id='word_1_164' title='bbox 827 2635 1088 2678; x_wconf 86' lang='lat' dir='ltr'><strong>terrarum</strong></span> <span class='ocrx_word' id='word_1_165' title='bbox 1121 2619 1254 2675; x_wconf 86' lang='lat' dir='ltr'><strong>orbe</strong></span> <span class='ocrx_word' id='word_1_166' title='bbox 1281 2633 1402 2674; x_wconf 90' lang='lat' dir='ltr'><strong>cum</strong></span> <span class='ocrx_word' id='word_1_167' title='bbox 1432 2618 1786 2689; x_wconf 79' lang='lat' dir='ltr'><strong>perversitate</strong></span> <span class='ocrx_word' id='word_1_168' title='bbox 1821 2615 2040 2684; x_wconf 85' lang='lat' dir='ltr'><strong>dogma-</strong></span> 
     </span>
    </p>
   </div>
   <div class='ocr_carea' id='block_1_27' title="bbox 461 2707 2042 2782">
    <p class='ocr_par' dir='ltr' id='par_1_27' title="bbox 461 2707 2042 2782">
     <span class='ocr_line' id='line_1_28' title="bbox 461 2707 2042 2782; baseline -0.008 -10"><span class='ocrx_word' id='word_1_169' title='bbox 461 2732 574 2772; x_wconf 89' lang='lat' dir='ltr'><strong>tum</strong></span> <span class='ocrx_word' id='word_1_170' title='bbox 617 2717 967 2773; x_wconf 85' lang='lat' dir='ltr'><strong>nefandorum</strong></span> <span class='ocrx_word' id='word_1_171' title='bbox 1011 2713 1276 2779; x_wconf 78' lang='lat' dir='ltr'><strong>Nestorii,</strong></span> <span class='ocrx_word' id='word_1_172' title='bbox 1307 2710 1648 2782; x_wconf 78' lang='lat' dir='ltr'><strong>Eutychetis,</strong></span> <span class='ocrx_word' id='word_1_173' title='bbox 1695 2707 2042 2776; x_wconf 80' lang='lat' dir='ltr'><strong>Dioscorique</strong></span> 
     </span>
    </p>
   </div>
   <div class='ocr_carea' id='block_1_28' title="bbox 458 2803 2042 2877">
    <p class='ocr_par' dir='ltr' id='par_1_28' title="bbox 458 2803 2042 2877">
     <span class='ocr_line' id='line_1_29' title="bbox 458 2803 2042 2877; baseline -0.004 -13"><span class='ocrx_word' id='word_1_174' title='bbox 458 2811 759 2877; x_wconf 77' lang='lat' dir='ltr'><strong>damnatio;</strong></span> <span class='ocrx_word' id='word_1_175' title='bbox 793 2809 879 2866; x_wconf 92' lang='lat' dir='ltr'><strong>cui</strong></span> <span class='ocrx_word' id='word_1_176' title='bbox 916 2807 1183 2864; x_wconf 85' lang='lat' dir='ltr'><strong>Timothei</strong></span> <span class='ocrx_word' id='word_1_177' title='bbox 1224 2821 1413 2862; x_wconf 85' lang='lat' dir='ltr'><strong>rursus</strong></span> <span class='ocrx_word' id='word_1_178' title='bbox 1449 2804 1821 2860; x_wconf 79' lang='lat' dir='ltr'><strong>Alexandrinae</strong></span> <span class='ocrx_word' id='word_1_179' title='bbox 1865 2803 2042 2859; x_wconf 67' lang='lat' dir='ltr'><strong>Eccle-</strong></span> 
     </span>
    </p>
   </div>
   <div class='ocr_carea' id='block_1_29' title="bbox 457 2896 2042 2972">
    <p class='ocr_par' dir='ltr' id='par_1_29' title="bbox 457 2896 2042 2972">
     <span class='ocr_line' id='line_1_30' title="bbox 457 2896 2042 2972; baseline -0.006 -16"><span class='ocrx_word' id='word_1_180' title='bbox 457 2905 551 2956; x_wconf 62' lang='lat' dir='ltr'><strong>sia</strong></span> <span class='ocrx_word' id='word_1_181' title='bbox 579 2900 880 2972; x_wconf 85' lang='lat' dir='ltr'><strong>porvasoris</strong></span> <span class='ocrx_word' id='word_1_182' title='bbox 904 2915 1007 2956; x_wconf 92' lang='lat' dir='ltr'><strong>non</strong></span> <span class='ocrx_word' id='word_1_183' title='bbox 1035 2907 1118 2955; x_wconf 70' lang='lat' dir='ltr'><strong>Gal</strong></span> <span class='ocrx_word' id='word_1_184' title='bbox 1146 2907 1271 2953; x_wconf 88' lang='lat' dir='ltr'><strong>nota</strong></span> <span class='ocrx_word' id='word_1_185' title='bbox 1299 2898 1442 2967; x_wconf 72' lang='lat' dir='ltr'><strong>dejet</strong></span> <span class='ocrx_word' id='word_1_186' title='bbox 1455 2899 1562 2952; x_wconf 85' lang='lat' dir='ltr'><strong>tio?</strong></span> <span class='ocrx_word' id='word_1_187' title='bbox 1588 2896 1762 2951; x_wconf 82' lang='lat' dir='ltr'><strong>Testis</strong></span> <span class='ocrx_word' id='word_1_188' title='bbox 1785 2907 1863 2951; x_wconf 87' lang='lat' dir='ltr'><strong>est</strong></span> <span class='ocrx_word' id='word_1_189' title='bbox 1892 2903 2042 2948; x_wconf 83' lang='lat' dir='ltr'><strong>antr-</strong></span> 
     </span>
    </p>
   </div>
   <div class='ocr_carea' id='block_1_30' title="bbox 457 2987 2038 3061">
    <p class='ocr_par' dir='ltr' id='par_1_30' title="bbox 457 2987 2038 3061">
     <span class='ocr_line' id='line_1_31' title="bbox 457 2987 2038 3061; baseline -0.004 -14"><span class='ocrx_word' id='word_1_190' title='bbox 457 2995 570 3047; x_wconf 87' lang='lat' dir='ltr'><strong>rius</strong></span> <span class='ocrx_word' id='word_1_191' title='bbox 616 2992 976 3061; x_wconf 86' lang='lat' dir='ltr'><strong>Ephesinum,</strong></span> <span class='ocrx_word' id='word_1_192' title='bbox 1028 2989 1180 3046; x_wconf 86' lang='lat' dir='ltr'><strong>testis</strong></span> <span class='ocrx_word' id='word_1_193' title='bbox 1226 2999 1310 3043; x_wconf 81' lang='lat' dir='ltr'><strong>est</strong></span> <span class='ocrx_word' id='word_1_194' title='bbox 1366 3004 1556 3044; x_wconf 89' lang='lat' dir='ltr'><strong>recens</strong></span> <span class='ocrx_word' id='word_1_195' title='bbox 1601 2987 2038 3044; x_wconf 82' lang='lat' dir='ltr'><strong>Clialccdunense</strong></span> 
     </span>
    </p>
   </div>
   <div class='ocr_carea' id='block_1_31' title="bbox 457 3081 2037 3153">
    <p class='ocr_par' dir='ltr' id='par_1_31' title="bbox 457 3081 2037 3153">
     <span class='ocr_line' id='line_1_32' title="bbox 457 3081 2037 3153; baseline -0.003 -14"><span class='ocrx_word' id='word_1_196' title='bbox 457 3085 766 3151; x_wconf 83' lang='lat' dir='ltr'><strong>concilium,</strong></span> <span class='ocrx_word' id='word_1_197' title='bbox 792 3085 931 3153; x_wconf 92' lang='lat' dir='ltr'><strong>quod</strong></span> <span class='ocrx_word' id='word_1_198' title='bbox 963 3082 1203 3153; x_wconf 84' lang='lat' dir='ltr'><strong>quisquis</strong></span> <span class='ocrx_word' id='word_1_199' title='bbox 1227 3081 1497 3151; x_wconf 72' lang='lat' dir='ltr'><strong>desiderat</strong></span> <span class='ocrx_word' id='word_1_200' title='bbox 1525 3087 1826 3149; x_wconf 82' lang='lat' dir='ltr'><strong>retractari,</strong></span> <span class='ocrx_word' id='word_1_201' title='bbox 1860 3084 1909 3138; x_wconf 93' lang='lat' dir='ltr'><strong>in</strong></span> <span class='ocrx_word' id='word_1_202' title='bbox 1943 3097 2037 3135; x_wconf 87' lang='lat' dir='ltr'><strong>nu-</strong></span> 
     </span>
    </p>
   </div>
   <div class='ocr_carea' id='block_1_32' title="bbox 2159 495 3735 570">
    <p class='ocr_par' dir='ltr' id='par_1_32' title="bbox 2159 495 3735 570">
     <span class='ocr_line' id='line_1_33' title="bbox 2159 495 3735 570; baseline 0.004 -18"><span class='ocrx_word' id='word_1_203' title='bbox 2159 510 2267 552; x_wconf 87' lang='lat' dir='ltr'><strong>non</strong></span> <span class='ocrx_word' id='word_1_204' title='bbox 2291 495 2803 568; x_wconf 65' lang='lat' dir='ltr'><strong>jam-defendendae,</strong></span> <span class='ocrx_word' id='word_1_205' title='bbox 2832 511 2951 567; x_wconf 62' lang='lat' dir='ltr'><strong>quae</strong></span> <span class='ocrx_word' id='word_1_206' title='bbox 2977 497 3164 552; x_wconf 72' lang='lat' dir='ltr'><strong>solida.-</strong></span> <span class='ocrx_word' id='word_1_207' title='bbox 3191 497 3352 570; x_wconf 89' lang='lat' dir='ltr'><strong>[forte</strong></span> <span class='ocrx_word' id='word_1_208' title='bbox 3381 498 3566 570; x_wconf 82' lang='lat' dir='ltr'><strong>solide]</strong></span> <span class='ocrx_word' id='word_1_209' title='bbox 3598 501 3735 570; x_wconf 70' lang='lat' dir='ltr'><strong>iacta</strong></span> 
     </span>
    </p>
   </div>
   <div class='ocr_carea' id='block_1_33' title="bbox 2159 585 3738 660">
    <p class='ocr_par' dir='ltr' id='par_1_33' title="bbox 2159 585 3738 660">
     <span class='ocr_line' id='line_1_34' title="bbox 2159 585 3738 660; baseline 0.004 -20"><span class='ocrx_word' id='word_1_210' title='bbox 2159 595 2276 653; x_wconf 88' lang='lat' dir='ltr'><strong>est,</strong></span> <span class='ocrx_word' id='word_1_211' title='bbox 2321 585 2440 641; x_wconf 80' lang='lat' dir='ltr'><strong>fidei</strong></span> <span class='ocrx_word' id='word_1_212' title='bbox 2459 626 2475 653; x_wconf 92' lang='lat'><strong>,</strong></span> <span class='ocrx_word' id='word_1_213' title='bbox 2508 585 2601 641; x_wconf 89' lang='lat' dir='ltr'><strong>sed</strong></span> <span class='ocrx_word' id='word_1_214' title='bbox 2629 586 2950 655; x_wconf 85' lang='lat' dir='ltr'><strong>repellendis</strong></span> <span class='ocrx_word' id='word_1_215' title='bbox 2979 587 3244 643; x_wconf 62' lang='lat' dir='ltr'><strong>haereticis</strong></span> <span class='ocrx_word' id='word_1_216' title='bbox 3282 599 3442 660; x_wconf 87' lang='lat' dir='ltr'><strong>atque</strong></span> <span class='ocrx_word' id='word_1_217' title='bbox 3471 589 3738 647; x_wconf 86' lang='lat' dir='ltr'><strong>damnatis</strong></span> 
     </span>
    </p>
   </div>
   <div class='ocr_carea' id='block_1_34' title="bbox 2157 679 3735 748">
    <p class='ocr_par' dir='ltr' id='par_1_34' title="bbox 2157 679 3735 748">
     <span class='ocr_line' id='line_1_35' title="bbox 2157 679 3735 748; baseline 0.005 -16"><span class='ocrx_word' id='word_1_218' title='bbox 2157 679 2246 732; x_wconf 91' lang='lat' dir='ltr'><strong>illa</strong></span> <span class='ocrx_word' id='word_1_219' title='bbox 2274 679 2581 733; x_wconf 80' lang='lat' dir='ltr'><strong>sufficerent</strong></span> <span class='ocrx_word' id='word_1_220' title='bbox 2600 720 2615 746; x_wconf 91' lang='lat'><strong>,</strong></span> <span class='ocrx_word' id='word_1_221' title='bbox 2645 693 2766 748; x_wconf 62' lang='lat' dir='ltr'><strong>qua“:</strong></span> <span class='ocrx_word' id='word_1_222' title='bbox 2796 679 2958 735; x_wconf 84' lang='lat' dir='ltr'><strong>etiam</strong></span> <span class='ocrx_word' id='word_1_223' title='bbox 2989 680 3053 735; x_wconf 89' lang='lat' dir='ltr'><strong>ad</strong></span> <span class='ocrx_word' id='word_1_224' title='bbox 3085 693 3281 737; x_wconf 80' lang='lat' dir='ltr'><strong>sanctze</strong></span> <span class='ocrx_word' id='word_1_225' title='bbox 3311 685 3584 740; x_wconf 76' lang='lat' dir='ltr'><strong>memoria:</strong></span> <span class='ocrx_word' id='word_1_226' title='bbox 3611 684 3735 740; x_wconf 79' lang='lat' dir='ltr'><strong>Fla-</strong></span> 
     </span>
    </p>
   </div>
   <div class='ocr_carea' id='block_1_35' title="bbox 2156 769 3736 846">
    <p class='ocr_par' dir='ltr' id='par_1_35' title="bbox 2156 769 3736 846">
     <span class='ocr_line' id='line_1_36' title="bbox 2156 769 3736 846; baseline 0.004 -24"><span class='ocrx_word' id='word_1_227' title='bbox 2156 769 2409 838; x_wconf 88' lang='lat' dir='ltr'><strong>vianum,</strong></span> <span class='ocrx_word' id='word_1_228' title='bbox 2457 779 2617 840; x_wconf 90' lang='lat' dir='ltr'><strong>atque</strong></span> <span class='ocrx_word' id='word_1_229' title='bbox 2657 771 2721 824; x_wconf 88' lang='lat' dir='ltr'><strong>ad</strong></span> <span class='ocrx_word' id='word_1_230' title='bbox 2765 780 3002 826; x_wconf 90' lang='lat' dir='ltr'><strong>sanctam</strong></span> <span class='ocrx_word' id='word_1_231' title='bbox 3044 771 3534 829; x_wconf 88' lang='lat' dir='ltr'><strong>Chalcedonensem</strong></span> <span class='ocrx_word' id='word_1_232' title='bbox 3574 790 3736 846; x_wconf 83' lang='lat' dir='ltr'><strong>syno-</strong></span> 
     </span>
    </p>
   </div>
   <div class='ocr_carea' id='block_1_36' title="bbox 2157 861 3736 933">
    <p class='ocr_par' dir='ltr' id='par_1_36' title="bbox 2157 861 3736 933">
     <span class='ocr_line' id='line_1_37' title="bbox 2157 861 3736 933; baseline 0.003 -16"><span class='ocrx_word' id='word_1_233' title='bbox 2157 861 2316 930; x_wconf 87' lang='lat' dir='ltr'><strong>dum,</strong></span> <span class='ocrx_word' id='word_1_234' title='bbox 2347 863 2428 919; x_wconf 85' lang='lat' dir='ltr'><strong>vel</strong></span> <span class='ocrx_word' id='word_1_235' title='bbox 2476 863 2542 917; x_wconf 90' lang='lat' dir='ltr'><strong>ad</strong></span> <span class='ocrx_word' id='word_1_236' title='bbox 2588 872 2828 933; x_wconf 72' lang='lat' dir='ltr'><strong>augusta:</strong></span> <span class='ocrx_word' id='word_1_237' title='bbox 2873 863 3266 919; x_wconf 66' lang='lat' dir='ltr'><strong>recordationis</strong></span> <span class='ocrx_word' id='word_1_238' title='bbox 3309 864 3632 921; x_wconf 82' lang='lat' dir='ltr'><strong>Marcianum</strong></span> <span class='ocrx_word' id='word_1_239' title='bbox 3674 883 3736 925; x_wconf 86' lang='lat' dir='ltr'><strong>ac</strong></span> 
     </span>
    </p>
   </div>
   <div class='ocr_carea' id='block_1_37' title="bbox 2159 952 3736 1020">
    <p class='ocr_par' dir='ltr' id='par_1_37' title="bbox 2159 952 3736 1020">
     <span class='ocr_line' id='line_1_38' title="bbox 2159 952 3736 1020; baseline 0.003 -12"><span class='ocrx_word' id='word_1_240' title='bbox 2159 953 2395 1010; x_wconf 87' lang='lat' dir='ltr'><strong>Leonem</strong></span> <span class='ocrx_word' id='word_1_241' title='bbox 2417 995 2434 1020; x_wconf 95' lang='lat'><strong>,</strong></span> <span class='ocrx_word' id='word_1_242' title='bbox 2463 954 2629 1008; x_wconf 62' lang='lat' dir='ltr'><strong>beata:</strong></span> <span class='ocrx_word' id='word_1_243' title='bbox 2661 952 2936 1008; x_wconf 65' lang='lat' dir='ltr'><strong>memoria:</strong></span> <span class='ocrx_word' id='word_1_244' title='bbox 2963 962 3359 1010; x_wconf 86' lang='lat' dir='ltr'><strong>antecessorem</strong></span> <span class='ocrx_word' id='word_1_245' title='bbox 3400 969 3576 1010; x_wconf 84' lang='lat' dir='ltr'><strong>meum</strong></span> <span class='ocrx_word' id='word_1_246' title='bbox 3603 957 3736 1013; x_wconf 83' lang='lat' dir='ltr'><strong>scri-</strong></span> 
     </span>
    </p>
   </div>
   <div class='ocr_carea' id='block_1_38' title="bbox 2157 1045 3734 1117">
    <p class='ocr_par' dir='ltr' id='par_1_38' title="bbox 2157 1045 3734 1117">
     <span class='ocr_line' id='line_1_39' title="bbox 2157 1045 3734 1117; baseline 0.004 -18"><span class='ocrx_word' id='word_1_247' title='bbox 2157 1045 2329 1115; x_wconf 75' lang='lat' dir='ltr'><strong>psi~se</strong></span> <span class='ocrx_word' id='word_1_248' title='bbox 2355 1045 2619 1113; x_wconf 86' lang='lat' dir='ltr'><strong>retinetis,</strong></span> <span class='ocrx_word' id='word_1_249' title='bbox 2650 1055 2808 1117; x_wconf 89' lang='lat' dir='ltr'><strong>atque</strong></span> <span class='ocrx_word' id='word_1_250' title='bbox 2831 1045 2994 1100; x_wconf 89' lang='lat' dir='ltr'><strong>totius</strong></span> <span class='ocrx_word' id='word_1_251' title='bbox 3019 1045 3252 1101; x_wconf 76' lang='lat' dir='ltr'><strong>Orientis</strong></span> <span class='ocrx_word' id='word_1_252' title='bbox 3273 1046 3508 1117; x_wconf 87' lang='lat' dir='ltr'><strong>episcopi</strong></span> <span class='ocrx_word' id='word_1_253' title='bbox 3538 1049 3734 1105; x_wconf 87' lang='lat' dir='ltr'><strong>rescri-</strong></span> 
     </span>
    </p>
   </div>
   <div class='ocr_carea' id='block_1_39' title="bbox 2157 1137 3733 1210">
    <p class='ocr_par' dir='ltr' id='par_1_39' title="bbox 2157 1137 3733 1210">
     <span class='ocr_line' id='line_1_40' title="bbox 2157 1137 3733 1210; baseline 0.003 -18"><span class='ocrx_word' id='word_1_254' title='bbox 2157 1137 2261 1210; x_wconf 88' lang='lat' dir='ltr'><strong>ptis</strong></span> <span class='ocrx_word' id='word_1_255' title='bbox 2287 1137 2353 1191; x_wconf 86' lang='lat' dir='ltr'><strong>ad</strong></span> <span class='ocrx_word' id='word_1_256' title='bbox 2383 1137 2678 1207; x_wconf 88' lang='lat' dir='ltr'><strong>principem</strong></span> <span class='ocrx_word' id='word_1_257' title='bbox 2709 1147 2834 1193; x_wconf 89' lang='lat' dir='ltr'><strong>tunc</strong></span> <span class='ocrx_word' id='word_1_258' title='bbox 2864 1137 3098 1193; x_wconf 86' lang='lat' dir='ltr'><strong>Leonem</strong></span> <span class='ocrx_word' id='word_1_259' title='bbox 3135 1138 3367 1208; x_wconf 87' lang='lat' dir='ltr'><strong>propriis</strong></span> <span class='ocrx_word' id='word_1_260' title='bbox 3395 1139 3733 1197; x_wconf 83' lang='lat' dir='ltr'><strong>intimaruut.</strong></span> 
     </span>
    </p>
   </div>
   <div class='ocr_carea' id='block_1_40' title="bbox 2156 1229 3736 1302">
    <p class='ocr_par' dir='ltr' id='par_1_40' title="bbox 2156 1229 3736 1302">
     <span class='ocr_line' id='line_1_41' title="bbox 2156 1229 3736 1302; baseline 0.003 -17"><span class='ocrx_word' id='word_1_261' title='bbox 2156 1231 2308 1286; x_wconf 88' lang='lat' dir='ltr'><strong>Unde</strong></span> <span class='ocrx_word' id='word_1_262' title='bbox 2332 1229 2618 1288; x_wconf 88' lang='lat' dir='ltr'><strong>insolubile</strong></span> <span class='ocrx_word' id='word_1_263' title='bbox 2641 1245 2760 1287; x_wconf 89' lang='lat' dir='ltr'><strong>esse</strong></span> <span class='ocrx_word' id='word_1_264' title='bbox 2787 1245 2892 1288; x_wconf 90' lang='lat' dir='ltr'><strong>non</strong></span> <span class='ocrx_word' id='word_1_265' title='bbox 2933 1230 3152 1286; x_wconf 91' lang='lat' dir='ltr'><strong>dubium</strong></span> <span class='ocrx_word' id='word_1_266' title='bbox 3183 1239 3296 1299; x_wconf 87' lang='lat' dir='ltr'><strong>est,</strong></span> <span class='ocrx_word' id='word_1_267' title='bbox 3329 1231 3467 1302; x_wconf 92' lang='lat' dir='ltr'><strong>quod</strong></span> <span class='ocrx_word' id='word_1_268' title='bbox 3496 1233 3580 1290; x_wconf 90' lang='lat' dir='ltr'><strong>vel</strong></span> <span class='ocrx_word' id='word_1_269' title='bbox 3611 1244 3736 1291; x_wconf 90' lang='lat' dir='ltr'><strong>ante</strong></span> 
     </span>
    </p>
   </div>
   <div class='ocr_carea' id='block_1_41' title="bbox 2154 1319 3735 1380">
    <p class='ocr_par' dir='ltr' id='par_1_41' title="bbox 2154 1319 3735 1380">
     <span class='ocr_line' id='line_1_42' title="bbox 2154 1319 3735 1380; baseline 0.003 -5"><span class='ocrx_word' id='word_1_270' title='bbox 2154 1319 2515 1376; x_wconf 89' lang='lat' dir='ltr'><strong>decreverunt</strong></span> <span class='ocrx_word' id='word_1_271' title='bbox 2545 1322 2596 1377; x_wconf 91' lang='lat' dir='ltr'><strong>in</strong></span> <span class='ocrx_word' id='word_1_272' title='bbox 2620 1337 2784 1377; x_wconf 89' lang='lat' dir='ltr'><strong>unum</strong></span> <span class='ocrx_word' id='word_1_273' title='bbox 2811 1323 3191 1379; x_wconf 83' lang='lat' dir='ltr'><strong>convenientes</strong></span> <span class='ocrx_word' id='word_1_274' title='bbox 3219 1330 3297 1378; x_wconf 92' lang='lat' dir='ltr'><strong>tot</strong></span> <span class='ocrx_word' id='word_1_275' title='bbox 3318 1322 3528 1379; x_wconf 89' lang='lat' dir='ltr'><strong>Domini</strong></span> <span class='ocrx_word' id='word_1_276' title='bbox 3558 1337 3735 1380; x_wconf 75' lang='lat' dir='ltr'><strong>sacer-</strong></span> 
     </span>
    </p>
   </div>
   <div class='ocr_carea' id='block_1_42' title="bbox 2154 1414 3733 1487">
    <p class='ocr_par' dir='ltr' id='par_1_42' title="bbox 2154 1414 3733 1487">
     <span class='ocr_line' id='line_1_43' title="bbox 2154 1414 3733 1487; baseline 0.003 -18"><span class='ocrx_word' id='word_1_277' title='bbox 2154 1414 2329 1482; x_wconf 88' lang='lat' dir='ltr'><strong>d0tes,</strong></span> <span class='ocrx_word' id='word_1_278' title='bbox 2361 1416 2442 1471; x_wconf 86' lang='lat' dir='ltr'><strong>vel</strong></span> <span class='ocrx_word' id='word_1_279' title='bbox 2473 1417 2612 1486; x_wconf 92' lang='lat' dir='ltr'><strong>quod</strong></span> <span class='ocrx_word' id='word_1_280' title='bbox 2636 1415 2826 1486; x_wconf 76' lang='lat' dir='ltr'><strong>singuli</strong></span> <span class='ocrx_word' id='word_1_281' title='bbox 2858 1431 2955 1486; x_wconf 90' lang='lat' dir='ltr'><strong>per</strong></span> <span class='ocrx_word' id='word_1_282' title='bbox 2982 1429 3108 1471; x_wconf 86' lang='lat' dir='ltr'><strong>suas</strong></span> <span class='ocrx_word' id='word_1_283' title='bbox 3135 1415 3404 1472; x_wconf 79' lang='lat' dir='ltr'><strong>Ecclesiae</strong></span> <span class='ocrx_word' id='word_1_284' title='bbox 3433 1416 3733 1487; x_wconf 82' lang='lat' dir='ltr'><strong>constituti,</strong></span> 
     </span>
    </p>
   </div>
   <div class='ocr_carea' id='block_1_43' title="bbox 2154 1505 3731 1577">
    <p class='ocr_par' dir='ltr' id='par_1_43' title="bbox 2154 1505 3731 1577">
     <span class='ocr_line' id='line_1_44' title="bbox 2154 1505 3731 1577; baseline 0.003 -18"><span class='ocrx_word' id='word_1_285' title='bbox 2154 1505 2338 1560; x_wconf 86' lang='lat' dir='ltr'><strong>eadem</strong></span> <span class='ocrx_word' id='word_1_286' title='bbox 2361 1505 2704 1562; x_wconf 89' lang='lat' dir='ltr'><strong>nihilominus</strong></span> <span class='ocrx_word' id='word_1_287' title='bbox 2730 1505 3045 1572; x_wconf 84' lang='lat' dir='ltr'><strong>sentientes,</strong></span> <span class='ocrx_word' id='word_1_288' title='bbox 3077 1506 3306 1562; x_wconf 88' lang='lat' dir='ltr'><strong>diversis</strong></span> <span class='ocrx_word' id='word_1_289' title='bbox 3332 1507 3459 1577; x_wconf 91' lang='lat' dir='ltr'><strong>quid</strong></span> <span class='ocrx_word' id='word_1_290' title='bbox 3487 1508 3731 1575; x_wconf 84' lang='lat' dir='ltr'><strong>vocibus,</strong></span> 
     </span>
    </p>
   </div>
   <div class='ocr_carea' id='block_1_44' title="bbox 2153 1596 3731 1661">
    <p class='ocr_par' dir='ltr' id='par_1_44' title="bbox 2153 1596 3731 1661">
     <span class='ocr_line' id='line_1_45' title="bbox 2153 1596 3731 1661; baseline 0.002 -11"><span class='ocrx_word' id='word_1_291' title='bbox 2153 1597 2244 1651; x_wconf 86' lang='lat' dir='ltr'><strong>sed</strong></span> <span class='ocrx_word' id='word_1_292' title='bbox 2272 1612 2374 1651; x_wconf 91' lang='lat' dir='ltr'><strong>una</strong></span> <span class='ocrx_word' id='word_1_293' title='bbox 2405 1606 2586 1653; x_wconf 88' lang='lat' dir='ltr'><strong>mente</strong></span> <span class='ocrx_word' id='word_1_294' title='bbox 2613 1599 2892 1661; x_wconf 84' lang='lat' dir='ltr'><strong>dixerunt,</strong></span> <span class='ocrx_word' id='word_1_295' title='bbox 2925 1596 3242 1653; x_wconf 83' lang='lat' dir='ltr'><strong>damnantes</strong></span> <span class='ocrx_word' id='word_1_296' title='bbox 3270 1612 3456 1653; x_wconf 89' lang='lat' dir='ltr'><strong>eorum</strong></span> <span class='ocrx_word' id='word_1_297' title='bbox 3487 1613 3731 1654; x_wconf 79' lang='lat' dir='ltr'><strong>exsecra-</strong></span> 
     </span>
    </p>
   </div>
   <div class='ocr_carea' id='block_1_45' title="bbox 2153 1685 3728 1761">
    <p class='ocr_par' dir='ltr' id='par_1_45' title="bbox 2153 1685 3728 1761">
     <span class='ocr_line' id='line_1_46' title="bbox 2153 1685 3728 1761; baseline 0.003 -19"><span class='ocrx_word' id='word_1_298' title='bbox 2153 1685 2337 1744; x_wconf 89' lang='lat' dir='ltr'><strong>hilium</strong></span> <span class='ocrx_word' id='word_1_299' title='bbox 2363 1699 2609 1746; x_wconf 88' lang='lat' dir='ltr'><strong>auctores</strong></span> <span class='ocrx_word' id='word_1_300' title='bbox 2638 1690 2835 1760; x_wconf 87' lang='lat' dir='ltr'><strong>pariter</strong></span> <span class='ocrx_word' id='word_1_301' title='bbox 2861 1697 2914 1744; x_wconf 88' lang='lat' dir='ltr'><strong>et</strong></span> <span class='ocrx_word' id='word_1_302' title='bbox 2936 1703 3210 1760; x_wconf 89' lang='lat' dir='ltr'><strong>sequaces.</strong></span> <span class='ocrx_word' id='word_1_303' title='bbox 3235 1690 3569 1761; x_wconf 87' lang='lat' dir='ltr'><strong>Quapropter</strong></span> <span class='ocrx_word' id='word_1_304' title='bbox 3590 1692 3728 1747; x_wconf 85' lang='lat' dir='ltr'><strong>inter</strong></span> 
     </span>
    </p>
   </div>
   <div class='ocr_carea' id='block_1_46' title="bbox 2077 1780 3729 1851">
    <p class='ocr_par' dir='ltr' id='par_1_46' title="bbox 2077 1780 3729 1851">
     <span class='ocr_line' id='line_1_47' title="bbox 2077 1780 3729 1851; baseline 0.002 -17"><span class='ocrx_word' id='word_1_305' title='bbox 2077 1790 2123 1850; x_wconf 75' lang='grc' dir='ltr'><strong>Β</strong></span> <span class='ocrx_word' id='word_1_306' title='bbox 2152 1787 2232 1834; x_wconf 91' lang='lat' dir='ltr'><strong>tot</strong></span> <span class='ocrx_word' id='word_1_307' title='bbox 2262 1780 2481 1847; x_wconf 81' lang='lat' dir='ltr'><strong>formas,</strong></span> <span class='ocrx_word' id='word_1_308' title='bbox 2507 1796 2626 1851; x_wconf 68' lang='lat' dir='ltr'><strong>qua:</strong></span> <span class='ocrx_word' id='word_1_309' title='bbox 2650 1789 2846 1836; x_wconf 72' lang='lat' dir='ltr'><strong>erectzc</strong></span> <span class='ocrx_word' id='word_1_310' title='bbox 2877 1790 3020 1848; x_wconf 90' lang='lat' dir='ltr'><strong>sunt,</strong></span> <span class='ocrx_word' id='word_1_311' title='bbox 3052 1781 3396 1850; x_wconf 79' lang='lat' dir='ltr'><strong>praedicandi,</strong></span> <span class='ocrx_word' id='word_1_312' title='bbox 3421 1796 3526 1838; x_wconf 92' lang='lat' dir='ltr'><strong>non</strong></span> <span class='ocrx_word' id='word_1_313' title='bbox 3553 1796 3729 1839; x_wconf 68' lang='lat' dir='ltr'><strong>asserv</strong></span> 
     </span>
    </p>
   </div>
   <div class='ocr_carea' id='block_1_47' title="bbox 2155 1872 3730 1945">
    <p class='ocr_par' dir='ltr' id='par_1_47' title="bbox 2155 1872 3730 1945">
     <span class='ocr_line' id='line_1_48' title="bbox 2155 1872 3730 1945; baseline 0.001 -19"><span class='ocrx_word' id='word_1_314' title='bbox 2155 1873 2298 1928; x_wconf 82' lang='lat' dir='ltr'><strong>tione</strong></span> <span class='ocrx_word' id='word_1_315' title='bbox 2325 1887 2482 1940; x_wconf 90' lang='lat' dir='ltr'><strong>nova,</strong></span> <span class='ocrx_word' id='word_1_316' title='bbox 2510 1872 2604 1928; x_wconf 87' lang='lat' dir='ltr'><strong>sed</strong></span> <span class='ocrx_word' id='word_1_317' title='bbox 2635 1872 2936 1928; x_wconf 88' lang='lat' dir='ltr'><strong>constantia</strong></span> <span class='ocrx_word' id='word_1_318' title='bbox 2959 1873 3232 1928; x_wconf 83' lang='lat' dir='ltr'><strong>nitendum</strong></span> <span class='ocrx_word' id='word_1_319' title='bbox 3262 1884 3362 1928; x_wconf 90' lang='lat' dir='ltr'><strong>est.</strong></span> <span class='ocrx_word' id='word_1_320' title='bbox 3393 1875 3508 1930; x_wconf 79' lang='lat' dir='ltr'><strong>iam</strong></span> <span class='ocrx_word' id='word_1_321' title='bbox 3539 1875 3730 1945; x_wconf 78' lang='lat' dir='ltr'><strong>proha-</strong></span> 
     </span>
    </p>
   </div>
   <div class='ocr_carea' id='block_1_48' title="bbox 2152 1964 3734 2036">
    <p class='ocr_par' dir='ltr' id='par_1_48' title="bbox 2152 1964 3734 2036">
     <span class='ocr_line' id='line_1_49' title="bbox 2152 1964 3734 2036; baseline 0.001 -18"><span class='ocrx_word' id='word_1_322' title='bbox 2152 1973 2262 2018; x_wconf 90' lang='lat' dir='ltr'><strong>tum</strong></span> <span class='ocrx_word' id='word_1_323' title='bbox 2294 1972 2404 2030; x_wconf 85' lang='lat' dir='ltr'><strong>est,</strong></span> <span class='ocrx_word' id='word_1_324' title='bbox 2433 1964 2558 2034; x_wconf 91' lang='lat' dir='ltr'><strong>quid</strong></span> <span class='ocrx_word' id='word_1_325' title='bbox 2595 1965 2845 2036; x_wconf 90' lang='lat' dir='ltr'><strong>(Domino</strong></span> <span class='ocrx_word' id='word_1_326' title='bbox 2876 1979 2969 2020; x_wconf 86' lang='lat' dir='ltr'><strong>vos</strong></span> <span class='ocrx_word' id='word_1_327' title='bbox 2993 1964 3247 2035; x_wconf 74' lang='lat' dir='ltr'><strong>iuvante)</strong></span> <span class='ocrx_word' id='word_1_328' title='bbox 3293 1965 3620 2035; x_wconf 81' lang='lat' dir='ltr'><strong>profeceriut</strong></span> <span class='ocrx_word' id='word_1_329' title='bbox 3659 1967 3734 2021; x_wconf 64' lang='lat' dir='ltr'><strong>Ia.</strong></span> 
     </span>
    </p>
   </div>
   <div class='ocr_carea' id='block_1_49' title="bbox 2149 2054 3732 2128">
    <p class='ocr_par' dir='ltr' id='par_1_49' title="bbox 2149 2054 3732 2128">
     <span class='ocr_line' id='line_1_50' title="bbox 2149 2054 3732 2128; baseline 0.001 -16"><span class='ocrx_word' id='word_1_330' title='bbox 2149 2054 2310 2112; x_wconf 85' lang='lat' dir='ltr'><strong>bores</strong></span> <span class='ocrx_word' id='word_1_331' title='bbox 2343 2057 2528 2123; x_wconf 84' lang='lat' dir='ltr'><strong>vestri,</strong></span> <span class='ocrx_word' id='word_1_332' title='bbox 2555 2056 2666 2111; x_wconf 90' lang='lat' dir='ltr'><strong>Deo</strong></span> <span class='ocrx_word' id='word_1_333' title='bbox 2708 2057 2933 2127; x_wconf 86' lang='lat' dir='ltr'><strong>placitus</strong></span> <span class='ocrx_word' id='word_1_334' title='bbox 2979 2055 3183 2112; x_wconf 90' lang='lat' dir='ltr'><strong>fructus</strong></span> <span class='ocrx_word' id='word_1_335' title='bbox 3228 2057 3494 2123; x_wconf 86' lang='lat' dir='ltr'><strong>ostendit,</strong></span> <span class='ocrx_word' id='word_1_336' title='bbox 3519 2057 3732 2128; x_wconf 79' lang='lat' dir='ltr'><strong>quando</strong></span> 
     </span>
    </p>
   </div>
   <div class='ocr_carea' id='block_1_50' title="bbox 2149 2148 3733 2216">
    <p class='ocr_par' dir='ltr' id='par_1_50' title="bbox 2149 2148 3733 2216">
     <span class='ocr_line' id='line_1_51' title="bbox 2149 2148 3733 2216; baseline 0.003 -14"><span class='ocrx_word' id='word_1_337' title='bbox 2149 2148 2266 2216; x_wconf 86' lang='lat' dir='ltr'><strong>ejus</strong></span> <span class='ocrx_word' id='word_1_338' title='bbox 2296 2148 2510 2204; x_wconf 92' lang='lat' dir='ltr'><strong>domum</strong></span> <span class='ocrx_word' id='word_1_339' title='bbox 2548 2149 2700 2204; x_wconf 68' lang='lat' dir='ltr'><strong>voltis</strong></span> <span class='ocrx_word' id='word_1_340' title='bbox 2727 2149 3112 2206; x_wconf 81' lang='lat' dir='ltr'><strong>obsistentibus</strong></span> <span class='ocrx_word' id='word_1_341' title='bbox 3141 2150 3588 2207; x_wconf 81' lang='lat' dir='ltr'><strong>latroni-introire</strong></span> <span class='ocrx_word' id='word_1_342' title='bbox 3624 2167 3733 2207; x_wconf 88' lang='lat' dir='ltr'><strong>non</strong></span> 
     </span>
    </p>
   </div>
   <div class='ocr_carea' id='block_1_51' title="bbox 2148 2240 3730 2312">
    <p class='ocr_par' dir='ltr' id='par_1_51' title="bbox 2148 2240 3730 2312">
     <span class='ocr_line' id='line_1_52' title="bbox 2148 2240 3730 2312; baseline 0.001 -16"><span class='ocrx_word' id='word_1_343' title='bbox 2148 2240 2328 2307; x_wconf 79' lang='lat' dir='ltr'><strong>lit-uit,</strong></span> <span class='ocrx_word' id='word_1_344' title='bbox 2358 2243 2448 2312; x_wconf 84' lang='lat' dir='ltr'><strong>qui</strong></span> <span class='ocrx_word' id='word_1_345' title='bbox 2479 2242 2750 2297; x_wconf 82' lang='lat' dir='ltr'><strong>nonnullis</strong></span> <span class='ocrx_word' id='word_1_346' title='bbox 2779 2242 3186 2299; x_wconf 82' lang='lat' dir='ltr'><strong>occurrentibus</strong></span> <span class='ocrx_word' id='word_1_347' title='bbox 3212 2244 3346 2312; x_wconf 89' lang='lat' dir='ltr'><strong>sibi,</strong></span> <span class='ocrx_word' id='word_1_348' title='bbox 3381 2244 3608 2299; x_wconf 86' lang='lat' dir='ltr'><strong>latentes</strong></span> <span class='ocrx_word' id='word_1_349' title='bbox 3637 2243 3730 2297; x_wconf 80' lang='lat' dir='ltr'><strong>ad-</strong></span> 
     </span>
    </p>
   </div>
   <div class='ocr_carea' id='block_1_52' title="bbox 2151 2333 3727 2404">
    <p class='ocr_par' dir='ltr' id='par_1_52' title="bbox 2151 2333 3727 2404">
     <span class='ocr_line' id='line_1_53' title="bbox 2151 2333 3727 2404; baseline 0.003 -19"><span class='ocrx_word' id='word_1_350' title='bbox 2151 2333 2252 2388; x_wconf 78' lang='lat' dir='ltr'><strong>huc</strong></span> <span class='ocrx_word' id='word_1_351' title='bbox 2285 2333 2507 2388; x_wconf 86' lang='lat' dir='ltr'><strong>forsitan</strong></span> <span class='ocrx_word' id='word_1_352' title='bbox 2547 2336 2627 2389; x_wconf 91' lang='lat' dir='ltr'><strong>sui</strong></span> <span class='ocrx_word' id='word_1_353' title='bbox 2676 2335 2877 2389; x_wconf 85' lang='lat' dir='ltr'><strong>similes</strong></span> <span class='ocrx_word' id='word_1_354' title='bbox 2909 2335 3230 2404; x_wconf 81' lang='lat' dir='ltr'><strong>publicavit,</strong></span> <span class='ocrx_word' id='word_1_355' title='bbox 3278 2350 3382 2389; x_wconf 90' lang='lat' dir='ltr'><strong>non</strong></span> <span class='ocrx_word' id='word_1_356' title='bbox 3430 2336 3573 2390; x_wconf 83' lang='lat' dir='ltr'><strong>enim</strong></span> <span class='ocrx_word' id='word_1_357' title='bbox 3611 2336 3727 2404; x_wconf 83' lang='lat' dir='ltr'><strong>jun-</strong></span> 
     </span>
    </p>
   </div>
   <div class='ocr_carea' id='block_1_53' title="bbox 2145 2427 3733 2496">
    <p class='ocr_par' dir='ltr' id='par_1_53' title="bbox 2145 2427 3733 2496">
     <span class='ocr_line' id='line_1_54' title="bbox 2145 2427 3733 2496; baseline 0.003 -18"><span class='ocrx_word' id='word_1_358' title='bbox 2145 2435 2340 2495; x_wconf 85' lang='lat' dir='ltr'><strong>guntur</strong></span> <span class='ocrx_word' id='word_1_359' title='bbox 2373 2427 2506 2481; x_wconf 90' lang='lat' dir='ltr'><strong>bona</strong></span> <span class='ocrx_word' id='word_1_360' title='bbox 2539 2427 2814 2494; x_wconf 69' lang='lat' dir='ltr'><strong>pessimis,</strong></span> <span class='ocrx_word' id='word_1_361' title='bbox 2849 2437 2992 2482; x_wconf 85' lang='lat' dir='ltr'><strong>recta</strong></span> <span class='ocrx_word' id='word_1_362' title='bbox 3027 2429 3328 2496; x_wconf 78' lang='lat' dir='ltr'><strong>perversis;</strong></span> <span class='ocrx_word' id='word_1_363' title='bbox 3368 2443 3467 2483; x_wconf 85' lang='lat' dir='ltr'><strong>nec</strong></span> <span class='ocrx_word' id='word_1_364' title='bbox 3510 2437 3733 2496; x_wconf 69' lang='lat' dir='ltr'><strong>possm!</strong></span> 
     </span>
    </p>
   </div>
   <div class='ocr_carea' id='block_1_54' title="bbox 2144 2515 3732 2587">
    <p class='ocr_par' dir='ltr' id='par_1_54' title="bbox 2144 2515 3732 2587">
     <span class='ocr_line' id='line_1_55' title="bbox 2144 2515 3732 2587; baseline 0.004 -19"><span class='ocrx_word' id='word_1_365' title='bbox 2144 2515 2398 2569; x_wconf 85' lang='lat' dir='ltr'><strong>salutaria</strong></span> <span class='ocrx_word' id='word_1_366' title='bbox 2423 2517 2568 2570; x_wconf 88' lang='lat' dir='ltr'><strong>coire</strong></span> <span class='ocrx_word' id='word_1_367' title='bbox 2595 2531 2714 2570; x_wconf 89' lang='lat' dir='ltr'><strong>cum</strong></span> <span class='ocrx_word' id='word_1_368' title='bbox 2742 2517 2914 2570; x_wconf 79' lang='lat' dir='ltr'><strong>noxiis</strong></span> <span class='ocrx_word' id='word_1_369' title='bbox 2937 2533 2953 2571; x_wconf 89' lang='lat'>:</span> <span class='ocrx_word' id='word_1_370' title='bbox 2979 2519 3100 2587; x_wconf 89' lang='lat' dir='ltr'><strong>quia</strong></span> <span class='ocrx_word' id='word_1_371' title='bbox 3127 2519 3229 2572; x_wconf 89' lang='lat' dir='ltr'><strong>luci</strong></span> <span class='ocrx_word' id='word_1_372' title='bbox 3254 2522 3563 2574; x_wconf 79' lang='lat' dir='ltr'><strong>communio</strong></span> <span class='ocrx_word' id='word_1_373' title='bbox 3587 2521 3732 2574; x_wconf 82' lang='lat' dir='ltr'><strong>nulla</strong></span> 
     </span>
    </p>
   </div>
   <div class='ocr_carea' id='block_1_55' title="bbox 2144 2608 3731 2680">
    <p class='ocr_par' dir='ltr' id='par_1_55' title="bbox 2144 2608 3731 2680">
     <span class='ocr_line' id='line_1_56' title="bbox 2144 2608 3731 2680; baseline 0.003 -19"><span class='ocrx_word' id='word_1_374' title='bbox 2144 2621 2264 2661; x_wconf 93' lang='lat' dir='ltr'><strong>cum</strong></span> <span class='ocrx_word' id='word_1_375' title='bbox 2299 2608 2571 2675; x_wconf 71' lang='lat' dir='ltr'><strong>tenebris,</strong></span> <span class='ocrx_word' id='word_1_376' title='bbox 2618 2623 2718 2664; x_wconf 89' lang='lat' dir='ltr'><strong>nec</strong></span> <span class='ocrx_word' id='word_1_377' title='bbox 2762 2608 2960 2664; x_wconf 81' lang='lat' dir='ltr'><strong>infideli</strong></span> <span class='ocrx_word' id='word_1_378' title='bbox 2993 2610 3166 2680; x_wconf 90' lang='lat' dir='ltr'><strong>portio</strong></span> <span class='ocrx_word' id='word_1_379' title='bbox 3213 2626 3335 2665; x_wconf 90' lang='lat' dir='ltr'><strong>cum</strong></span> <span class='ocrx_word' id='word_1_380' title='bbox 3384 2611 3544 2665; x_wconf 87' lang='lat' dir='ltr'><strong>fideli.</strong></span> <span class='ocrx_word' id='word_1_381' title='bbox 3577 2611 3731 2666; x_wconf 78' lang='lat' dir='ltr'><strong>Unda</strong></span> 
     </span>
    </p>
   </div>
   <div class='ocr_carea' id='block_1_56' title="bbox 2141 2699 3711 2776">
    <p class='ocr_par' dir='ltr' id='par_1_56' title="bbox 2141 2699 3711 2776">
     <span class='ocr_line' id='line_1_57' title="bbox 2141 2699 3711 2776; baseline 0.003 -22"><span class='ocrx_word' id='word_1_382' title='bbox 2141 2699 2444 2755; x_wconf 82' lang='lat' dir='ltr'><strong>necessario</strong></span> <span class='ocrx_word' id='word_1_383' title='bbox 2491 2701 2860 2755; x_wconf 88' lang='lat' dir='ltr'><strong>damnatorum</strong></span> <span class='ocrx_word' id='word_1_384' title='bbox 2905 2703 3300 2757; x_wconf 64' lang='lat' dir='ltr'><strong>comitabuntur</strong></span> <span class='ocrx_word' id='word_1_385' title='bbox 3345 2703 3577 2767; x_wconf 75' lang='lat' dir='ltr'><strong>exitum,</strong></span> <span class='ocrx_word' id='word_1_386' title='bbox 3621 2709 3711 2776; x_wconf 86' lang='lat' dir='ltr'><strong>qui</strong></span> 
     </span>
    </p>
   </div>
   <div class='ocr_carea' id='block_1_57' title="bbox 2143 2787 3730 2863">
    <p class='ocr_par' dir='ltr' id='par_1_57' title="bbox 2143 2787 3730 2863">
     <span class='ocr_line' id='line_1_58' title="bbox 2143 2787 3730 2863; baseline 0.004 -23"><span class='ocrx_word' id='word_1_387' title='bbox 2143 2787 2324 2842; x_wconf 85' lang='lat' dir='ltr'><strong>talium</strong></span> <span class='ocrx_word' id='word_1_388' title='bbox 2354 2788 2601 2858; x_wconf 85' lang='lat' dir='ltr'><strong>delegere</strong></span> <span class='ocrx_word' id='word_1_389' title='bbox 2628 2792 2993 2856; x_wconf 86' lang='lat' dir='ltr'><strong>consortium;</strong></span> <span class='ocrx_word' id='word_1_390' title='bbox 3045 2793 3142 2850; x_wconf 84' lang='lat' dir='ltr'><strong>nisi</strong></span> <span class='ocrx_word' id='word_1_391' title='bbox 3193 2793 3328 2848; x_wconf 89' lang='lat' dir='ltr'><strong>forte</strong></span> <span class='ocrx_word' id='word_1_392' title='bbox 3365 2795 3730 2863; x_wconf 86' lang='lat' dir='ltr'><strong>rcsipiscenti-</strong></span> 
     </span>
    </p>
   </div>
   <div class='ocr_carea' id='block_1_58' title="bbox 2141 2879 3726 2952">
    <p class='ocr_par' dir='ltr' id='par_1_58' title="bbox 2141 2879 3726 2952">
     <span class='ocr_line' id='line_1_59' title="bbox 2141 2879 3726 2952; baseline 0.004 -18"><span class='ocrx_word' id='word_1_393' title='bbox 2141 2879 2240 2934; x_wconf 84' lang='lat' dir='ltr'><strong>bus</strong></span> <span class='ocrx_word' id='word_1_394' title='bbox 2269 2881 2460 2934; x_wconf 74' lang='lat' dir='ltr'><strong>animis</strong></span> <span class='ocrx_word' id='word_1_395' title='bbox 2482 2921 2494 2944; x_wconf 91' lang='lat'><strong>,</strong></span> <span class='ocrx_word' id='word_1_396' title='bbox 2529 2890 2580 2935; x_wconf 90' lang='lat' dir='ltr'><strong>et</strong></span> <span class='ocrx_word' id='word_1_397' title='bbox 2612 2882 2842 2936; x_wconf 81' lang='lat' dir='ltr'><strong>maxime</strong></span> <span class='ocrx_word' id='word_1_398' title='bbox 2889 2882 2978 2952; x_wconf 89' lang='lat' dir='ltr'><strong>qui</strong></span> <span class='ocrx_word' id='word_1_399' title='bbox 3026 2897 3196 2951; x_wconf 88' lang='lat' dir='ltr'><strong>nuper</strong></span> <span class='ocrx_word' id='word_1_400' title='bbox 3222 2885 3425 2952; x_wconf 85' lang='lat' dir='ltr'><strong>decepti</strong></span> <span class='ocrx_word' id='word_1_401' title='bbox 3458 2899 3576 2940; x_wconf 87' lang='lat' dir='ltr'><strong>sunt</strong></span> <span class='ocrx_word' id='word_1_402' title='bbox 3600 2928 3614 2951; x_wconf 95' lang='lat'><strong>,</strong></span> <span class='ocrx_word' id='word_1_403' title='bbox 3647 2887 3726 2941; x_wconf 72' lang='lat' dir='ltr'><strong>vi~</strong></span> 
     </span>
    </p>
   </div>
   <div class='ocr_carea' id='block_1_59' title="bbox 2139 2973 3725 3046">
    <p class='ocr_par' dir='ltr' id='par_1_59' title="bbox 2139 2973 3725 3046">
     <span class='ocr_line' id='line_1_60' title="bbox 2139 2973 3725 3046; baseline 0.004 -18"><span class='ocrx_word' id='word_1_404' title='bbox 2139 2973 2329 3029; x_wconf 68' lang='lat' dir='ltr'><strong>dentes</strong></span> <span class='ocrx_word' id='word_1_405' title='bbox 2369 2974 2421 3028; x_wconf 92' lang='lat' dir='ltr'><strong>in</strong></span> <span class='ocrx_word' id='word_1_406' title='bbox 2458 2989 2578 3043; x_wconf 73' lang='lat' dir='ltr'><strong>qua:</strong></span> <span class='ocrx_word' id='word_1_407' title='bbox 2615 2977 2837 3044; x_wconf 89' lang='lat' dir='ltr'><strong>abrupta</strong></span> <span class='ocrx_word' id='word_1_408' title='bbox 2879 2985 3005 3030; x_wconf 88' lang='lat' dir='ltr'><strong>sunt</strong></span> <span class='ocrx_word' id='word_1_409' title='bbox 3048 2976 3229 3042; x_wconf 90' lang='lat' dir='ltr'><strong>ducti,</strong></span> <span class='ocrx_word' id='word_1_410' title='bbox 3278 2979 3342 3031; x_wconf 90' lang='lat' dir='ltr'><strong>ad</strong></span> <span class='ocrx_word' id='word_1_411' title='bbox 3370 2978 3725 3046; x_wconf 88' lang='lat' dir='ltr'><strong>splendorem</strong></span> 
     </span>
    </p>
   </div>
   <div class='ocr_carea' id='block_1_60' title="bbox 2139 3065 3723 3140">
    <p class='ocr_par' dir='ltr' id='par_1_60' title="bbox 2139 3065 3723 3140">
     <span class='ocr_line' id='line_1_61' title="bbox 2139 3065 3723 3140; baseline 0.006 -24"><span class='ocrx_word' id='word_1_412' title='bbox 2139 3081 2278 3121; x_wconf 80' lang='lat' dir='ltr'><strong>vera:</strong></span> <span class='ocrx_word' id='word_1_413' title='bbox 2305 3065 2425 3120; x_wconf 86' lang='lat' dir='ltr'><strong>fidei</strong></span> <span class='ocrx_word' id='word_1_414' title='bbox 2451 3066 2688 3120; x_wconf 87' lang='lat' dir='ltr'><strong>discussa</strong></span> <span class='ocrx_word' id='word_1_415' title='bbox 2715 3068 2992 3122; x_wconf 89' lang='lat' dir='ltr'><strong>conferant</strong></span> <span class='ocrx_word' id='word_1_416' title='bbox 3013 3084 3068 3122; x_wconf 90' lang='lat' dir='ltr'><strong>se</strong></span> <span class='ocrx_word' id='word_1_417' title='bbox 3091 3069 3232 3124; x_wconf 90' lang='lat' dir='ltr'><strong>nube</strong></span> <span class='ocrx_word' id='word_1_418' title='bbox 3259 3071 3543 3126; x_wconf 89' lang='lat' dir='ltr'><strong>mendacii.</strong></span> <span class='ocrx_word' id='word_1_419' title='bbox 3567 3072 3723 3140; x_wconf 87' lang='lat' dir='ltr'><strong>Quod</strong></span> 
     </span>
    </p>
   </div>
   <div class='ocr_carea' id='block_1_61' title="bbox 457 3157 2030 3245">
    <p class='ocr_par' dir='ltr' id='par_1_61' title="bbox 457 3174 2030 3245">
     <span class='ocr_line' id='line_1_62' title="bbox 457 3174 2030 3245; baseline -0.001 -15"><span class='ocrx_word' id='word_1_420' title='bbox 457 3192 609 3230; x_wconf 86' lang='lat' dir='ltr'><strong>mero</strong></span> <span class='ocrx_word' id='word_1_421' title='bbox 641 3175 874 3230; x_wconf 84' lang='lat' dir='ltr'><strong>fidelium</strong></span> <span class='ocrx_word' id='word_1_422' title='bbox 916 3174 1225 3244; x_wconf 89' lang='lat' dir='ltr'><strong>pronuntiat</strong></span> <span class='ocrx_word' id='word_1_423' title='bbox 1271 3188 1328 3228; x_wconf 80' lang='lat' dir='ltr'><strong>se</strong></span> <span class='ocrx_word' id='word_1_424' title='bbox 1360 3189 1464 3227; x_wconf 92' lang='lat' dir='ltr'><strong>non</strong></span> <span class='ocrx_word' id='word_1_425' title='bbox 1497 3175 1714 3241; x_wconf 85' lang='lat' dir='ltr'><strong>haberi;</strong></span> <span class='ocrx_word' id='word_1_426' title='bbox 1747 3190 1865 3230; x_wconf 86' lang='lat' dir='ltr'><strong>cum</strong></span> <span class='ocrx_word' id='word_1_427' title='bbox 1901 3191 2030 3245; x_wconf 64' lang='lat' dir='ltr'><strong>pra:-</strong></span> 
     </span>
    </p>
   </div>
   <div class='ocr_carea' id='block_1_62' title="bbox 2137 3157 3721 3245">
    <p class='ocr_par' dir='ltr' id='par_1_62' title="bbox 2138 3157 3721 3230">
     <span class='ocr_line' id='line_1_63' title="bbox 2138 3157 3721 3230; baseline 0.004 -20"><span class='ocrx_word' id='word_1_428' title='bbox 2138 3157 2447 3226; x_wconf 74' lang='lat' dir='ltr'><strong>apostolica:</strong></span> <span class='ocrx_word' id='word_1_429' title='bbox 2495 3157 2634 3212; x_wconf 83' lang='lat' dir='ltr'><strong>sedis</strong></span> <span class='ocrx_word' id='word_1_430' title='bbox 2674 3158 2870 3227; x_wconf 86' lang='lat' dir='ltr'><strong>pietate</strong></span> <span class='ocrx_word' id='word_1_431' title='bbox 2901 3168 2959 3213; x_wconf 92' lang='lat' dir='ltr'><strong>ut</strong></span> <span class='ocrx_word' id='word_1_432' title='bbox 3003 3161 3286 3228; x_wconf 90' lang='lat' dir='ltr'><strong>provenire</strong></span> <span class='ocrx_word' id='word_1_433' title='bbox 3345 3161 3511 3230; x_wconf 90' lang='lat' dir='ltr'><strong>possit</strong></span> <span class='ocrx_word' id='word_1_434' title='bbox 3563 3176 3721 3230; x_wconf 83' lang='lat' dir='ltr'><strong>op&#39;a-</strong></span> 
     </span>
    </p>
   </div>
   <div class='ocr_carea' id='block_1_63' title="bbox 453 3267 2036 3338">
    <p class='ocr_par' dir='ltr' id='par_1_63' title="bbox 453 3267 2036 3338">
     <span class='ocr_line' id='line_1_64' title="bbox 453 3267 2036 3338; baseline 0.002 -17"><span class='ocrx_word' id='word_1_435' title='bbox 453 3271 720 3323; x_wconf 92' lang='lat' dir='ltr'><strong>dictorum</strong></span> <span class='ocrx_word' id='word_1_436' title='bbox 775 3269 896 3322; x_wconf 85' lang='lat' dir='ltr'><strong>talis</strong></span> <span class='ocrx_word' id='word_1_437' title='bbox 946 3267 1192 3337; x_wconf 82' lang='lat' dir='ltr'><strong>impietas</strong></span> <span class='ocrx_word' id='word_1_438' title='bbox 1247 3267 1556 3321; x_wconf 88' lang='lat' dir='ltr'><strong>auctoribus</strong></span> <span class='ocrx_word' id='word_1_439' title='bbox 1604 3277 1658 3323; x_wconf 89' lang='lat' dir='ltr'><strong>et</strong></span> <span class='ocrx_word' id='word_1_440' title='bbox 1708 3268 2036 3338; x_wconf 87' lang='lat' dir='ltr'><strong>principibus</strong></span> 
     </span>
    </p>
   </div>
   <div class='ocr_carea' id='block_1_64' title="bbox 453 3360 2032 3428">
    <p class='ocr_par' dir='ltr' id='par_1_64' title="bbox 453 3360 2032 3428">
     <span class='ocr_line' id='line_1_65' title="bbox 453 3360 2032 3428; baseline 0 -14"><span class='ocrx_word' id='word_1_441' title='bbox 453 3360 789 3426; x_wconf 79' lang='lat' dir='ltr'><strong>Christianis,</strong></span> <span class='ocrx_word' id='word_1_442' title='bbox 824 3377 928 3416; x_wconf 92' lang='lat' dir='ltr'><strong>non</strong></span> <span class='ocrx_word' id='word_1_443' title='bbox 953 3362 1123 3416; x_wconf 91' lang='lat' dir='ltr'><strong>solum</strong></span> <span class='ocrx_word' id='word_1_444' title='bbox 1155 3361 1221 3415; x_wconf 88' lang='lat' dir='ltr'><strong>ab</strong></span> <span class='ocrx_word' id='word_1_445' title='bbox 1249 3361 1502 3417; x_wconf 82' lang='lat' dir='ltr'><strong>Ecclesiae</strong></span> <span class='ocrx_word' id='word_1_446' title='bbox 1523 3375 1766 3428; x_wconf 90' lang='lat' dir='ltr'><strong>corpore,</strong></span> <span class='ocrx_word' id='word_1_447' title='bbox 1797 3376 1979 3415; x_wconf 89' lang='lat' dir='ltr'><strong>verum</strong></span> <span class='ocrx_word' id='word_1_448' title='bbox 2004 3375 2032 3414; x_wconf 90' lang='lat' dir='ltr'><strong>a</strong></span> 
     </span>
    </p>
   </div>
   <div class='ocr_carea' id='block_1_65' title="bbox 453 3450 2034 3522">
    <p class='ocr_par' dir='ltr' id='par_1_65' title="bbox 453 3450 2034 3522">
     <span class='ocr_line' id='line_1_66' title="bbox 453 3450 2034 3522; baseline 0 -16"><span class='ocrx_word' id='word_1_449' title='bbox 453 3463 596 3507; x_wconf 66' lang='lat' dir='ltr'><strong>centu</strong></span> <span class='ocrx_word' id='word_1_450' title='bbox 628 3454 865 3506; x_wconf 90' lang='lat' dir='ltr'><strong>omnium</strong></span> <span class='ocrx_word' id='word_1_451' title='bbox 897 3451 1099 3507; x_wconf 80' lang='lat' dir='ltr'><strong>exsiliis</strong></span> <span class='ocrx_word' id='word_1_452' title='bbox 1128 3463 1402 3522; x_wconf 75' lang='lat' dir='ltr'><strong>segregata</strong></span> <span class='ocrx_word' id='word_1_453' title='bbox 1428 3451 1654 3505; x_wconf 84' lang='lat' dir='ltr'><strong>diversis</strong></span> <span class='ocrx_word' id='word_1_454' title='bbox 1674 3493 1688 3517; x_wconf 94' lang='lat'><strong>,</strong></span> <span class='ocrx_word' id='word_1_455' title='bbox 1724 3450 1886 3504; x_wconf 70' lang='lat' dir='ltr'><strong>unita:</strong></span> <span class='ocrx_word' id='word_1_456' title='bbox 1911 3466 2034 3506; x_wconf 87' lang='lat' dir='ltr'><strong>sen-</strong></span> 
     </span>
    </p>
   </div>
   <div class='ocr_carea' id='block_1_66' title="bbox 455 3543 2036 3615">
    <p class='ocr_par' dir='ltr' id='par_1_66' title="bbox 455 3543 2036 3615">
     <span class='ocr_line' id='line_1_67' title="bbox 455 3543 2036 3615; baseline 0.003 -19"><span class='ocrx_word' id='word_1_457' title='bbox 455 3545 635 3598; x_wconf 69' lang='lat' dir='ltr'><strong>lentiae</strong></span> <span class='ocrx_word' id='word_1_458' title='bbox 663 3545 1004 3601; x_wconf 87' lang='lat' dir='ltr'><strong>damnatione</strong></span> <span class='ocrx_word' id='word_1_459' title='bbox 1034 3559 1288 3615; x_wconf 88' lang='lat' dir='ltr'><strong>percussa</strong></span> <span class='ocrx_word' id='word_1_460' title='bbox 1315 3554 1415 3600; x_wconf 91' lang='lat' dir='ltr'><strong>est.</strong></span> <span class='ocrx_word' id='word_1_461' title='bbox 1448 3545 1523 3600; x_wconf 90' lang='lat' dir='ltr'><strong>De</strong></span> <span class='ocrx_word' id='word_1_462' title='bbox 1548 3560 1772 3614; x_wconf 89' lang='lat' dir='ltr'><strong>quorum</strong></span> <span class='ocrx_word' id='word_1_463' title='bbox 1797 3543 1924 3599; x_wconf 85' lang='lat' dir='ltr'><strong>nihil</strong></span> <span class='ocrx_word' id='word_1_464' title='bbox 1951 3554 2036 3600; x_wconf 89' lang='lat' dir='ltr'><strong>est</strong></span> 
     </span>
    </p>
   </div>
   <div class='ocr_carea' id='block_1_67' title="bbox 451 3635 2032 3706">
    <p class='ocr_par' dir='ltr' id='par_1_67' title="bbox 451 3635 2032 3706">
     <span class='ocr_line' id='line_1_68' title="bbox 451 3635 2032 3706; baseline 0.001 -18"><span class='ocrx_word' id='word_1_465' title='bbox 451 3649 593 3689; x_wconf 88' lang='lat' dir='ltr'><strong>nunc</strong></span> <span class='ocrx_word' id='word_1_466' title='bbox 622 3649 807 3690; x_wconf 90' lang='lat' dir='ltr'><strong>errore</strong></span> <span class='ocrx_word' id='word_1_467' title='bbox 835 3635 1150 3701; x_wconf 85' lang='lat' dir='ltr'><strong>dicendum;</strong></span> <span class='ocrx_word' id='word_1_468' title='bbox 1182 3636 1302 3706; x_wconf 87' lang='lat' dir='ltr'><strong>quia</strong></span> <span class='ocrx_word' id='word_1_469' title='bbox 1345 3646 1466 3706; x_wconf 89' lang='lat' dir='ltr'><strong>post</strong></span> <span class='ocrx_word' id='word_1_470' title='bbox 1496 3635 1834 3690; x_wconf 87' lang='lat' dir='ltr'><strong>traditionem</strong></span> <span class='ocrx_word' id='word_1_471' title='bbox 1859 3646 2032 3690; x_wconf 82' lang='lat' dir='ltr'><strong>tanto-</strong></span> 
     </span>
    </p>
   </div>
   <div class='ocr_carea' id='block_1_68' title="bbox 451 3726 2031 3796">
    <p class='ocr_par' dir='ltr' id='par_1_68' title="bbox 451 3726 2031 3796">
     <span class='ocr_line' id='line_1_69' title="bbox 451 3726 2031 3796; baseline 0.001 -17"><span class='ocrx_word' id='word_1_472' title='bbox 451 3741 568 3780; x_wconf 92' lang='lat' dir='ltr'><strong>rum</strong></span> <span class='ocrx_word' id='word_1_473' title='bbox 605 3727 809 3780; x_wconf 88' lang='lat' dir='ltr'><strong>Domini</strong></span> <span class='ocrx_word' id='word_1_474' title='bbox 852 3727 1223 3793; x_wconf 70' lang='lat' dir='ltr'><strong>sacerdottnn,</strong></span> <span class='ocrx_word' id='word_1_475' title='bbox 1251 3726 1341 3796; x_wconf 89' lang='lat' dir='ltr'><strong>qui</strong></span> <span class='ocrx_word' id='word_1_476' title='bbox 1373 3730 1528 3796; x_wconf 88' lang='lat' dir='ltr'><strong>longe</strong></span> <span class='ocrx_word' id='word_1_477' title='bbox 1554 3738 1678 3781; x_wconf 86' lang='lat' dir='ltr'><strong>ante</strong></span> <span class='ocrx_word' id='word_1_478' title='bbox 1707 3742 1806 3780; x_wconf 89' lang='lat' dir='ltr'><strong>nos</strong></span> <span class='ocrx_word' id='word_1_479' title='bbox 1837 3727 1887 3781; x_wconf 93' lang='lat' dir='ltr'><strong>in</strong></span> <span class='ocrx_word' id='word_1_480' title='bbox 1917 3730 2031 3782; x_wconf 89' lang='lat' dir='ltr'><strong>uni-</strong></span> 
     </span>
    </p>
   </div>
   <div class='ocr_carea' id='block_1_69' title="bbox 448 3800 2026 3885">
    <p class='ocr_par' dir='ltr' id='par_1_69' title="bbox 448 3800 2026 3885">
     <span class='ocr_line' id='line_1_70' title="bbox 448 3800 2026 3885; baseline 0.003 -18"><span class='ocrx_word' id='word_1_481' title='bbox 448 3828 602 3870; x_wconf 86' lang='lat' dir='ltr'><strong>versa</strong></span> <span class='ocrx_word' id='word_1_482' title='bbox 649 3815 831 3869; x_wconf 90' lang='lat' dir='ltr'><strong>mundi</strong></span> <span class='ocrx_word' id='word_1_483' title='bbox 881 3827 1034 3885; x_wconf 87' lang='lat' dir='ltr'><strong>parte</strong></span> <span class='ocrx_word' id='word_1_484' title='bbox 1075 3816 1171 3871; x_wconf 89' lang='lat' dir='ltr'><strong>has</strong></span> <span class='ocrx_word' id='word_1_485' title='bbox 1204 3821 1413 3885; x_wconf 74' lang='lat' dir='ltr'><strong>quoque</strong></span> <span class='ocrx_word' id='word_1_486' title='bbox 1453 3800 1688 3872; x_wconf 71' lang='lat' dir='ltr'><strong>hmrescs</strong></span> <span class='ocrx_word' id='word_1_487' title='bbox 1721 3817 2026 3882; x_wconf 88' lang='lat' dir='ltr'><strong>evicerunt,</strong></span> 
     </span>
    </p>
   </div>
   <div class='ocr_carea' id='block_1_70' title="bbox 450 3903 2032 3975">
    <p class='ocr_par' dir='ltr' id='par_1_70' title="bbox 450 3903 2032 3975">
     <span class='ocr_line' id='line_1_71' title="bbox 450 3903 2032 3975; baseline 0 -15"><span class='ocrx_word' id='word_1_488' title='bbox 450 3905 621 3960; x_wconf 75' lang='lat' dir='ltr'><strong>beata:</strong></span> <span class='ocrx_word' id='word_1_489' title='bbox 652 3903 1037 3960; x_wconf 85' lang='lat' dir='ltr'><strong>recordationis</strong></span> <span class='ocrx_word' id='word_1_490' title='bbox 1079 3905 1441 3975; x_wconf 68' lang='lat' dir='ltr'><strong>praedecessor</strong></span> <span class='ocrx_word' id='word_1_491' title='bbox 1483 3917 1665 3960; x_wconf 83' lang='lat' dir='ltr'><strong>noster</strong></span> <span class='ocrx_word' id='word_1_492' title='bbox 1713 3905 1820 3960; x_wconf 87' lang='lat' dir='ltr'><strong>Leo</strong></span> <span class='ocrx_word' id='word_1_493' title='bbox 1850 3907 2032 3961; x_wconf 91' lang='lat' dir='ltr'><strong>multi-</strong></span> 
     </span>
    </p>
   </div>
   <div class='ocr_carea' id='block_1_71' title="bbox 445 3994 2030 4066">
    <p class='ocr_par' dir='ltr' id='par_1_71' title="bbox 445 3994 2030 4066">
     <span class='ocr_line' id='line_1_72' title="bbox 445 3994 2030 4066; baseline 0.004 -20"><span class='ocrx_word' id='word_1_494' title='bbox 445 3995 571 4066; x_wconf 76' lang='lat' dir='ltr'><strong>plici</strong></span> <span class='ocrx_word' id='word_1_495' title='bbox 602 4009 852 4050; x_wconf 85' lang='lat' dir='ltr'><strong>sermone</strong></span> <span class='ocrx_word' id='word_1_496' title='bbox 889 3995 1147 4050; x_wconf 66' lang='lat' dir='ltr'><strong>doctrina</strong></span> <span class='ocrx_word' id='word_1_497' title='bbox 1166 4039 1180 4064; x_wconf 90' lang='lat'><strong>,</strong></span> <span class='ocrx_word' id='word_1_498' title='bbox 1213 3994 1339 4064; x_wconf 93' lang='lat' dir='ltr'><strong>quid</strong></span> <span class='ocrx_word' id='word_1_499' title='bbox 1369 3994 1648 4050; x_wconf 68' lang='lat' dir='ltr'><strong>catholica:</strong></span> <span class='ocrx_word' id='word_1_500' title='bbox 1675 3995 1917 4050; x_wconf 86' lang='lat' dir='ltr'><strong>veritatis</strong></span> <span class='ocrx_word' id='word_1_501' title='bbox 1945 4011 2030 4052; x_wconf 58' lang='lat' dir='ltr'><strong>se.</strong></span> 
     </span>
    </p>
   </div>
   <div class='ocr_carea' id='block_1_72' title="bbox 444 4086 2027 4156">
    <p class='ocr_par' dir='ltr' id='par_1_72' title="bbox 444 4086 2027 4156">
     <span class='ocr_line' id='line_1_73' title="bbox 444 4086 2027 4156; baseline 0.004 -18"><span class='ocrx_word' id='word_1_502' title='bbox 444 4096 645 4153; x_wconf 72' lang='lat' dir='ltr'><strong>quatur</strong></span> <span class='ocrx_word' id='word_1_503' title='bbox 699 4086 1011 4155; x_wconf 87' lang='lat' dir='ltr'><strong>integritas,</strong></span> <span class='ocrx_word' id='word_1_504' title='bbox 1063 4086 1189 4156; x_wconf 92' lang='lat' dir='ltr'><strong>quid</strong></span> <span class='ocrx_word' id='word_1_505' title='bbox 1237 4086 1553 4151; x_wconf 85' lang='lat' dir='ltr'><strong>detestetur,</strong></span> <span class='ocrx_word' id='word_1_506' title='bbox 1615 4088 1858 4141; x_wconf 86' lang='lat' dir='ltr'><strong>asseruit.</strong></span> <span class='ocrx_word' id='word_1_507' title='bbox 1917 4089 2027 4144; x_wconf 91' lang='lat' dir='ltr'><strong>Ilac</strong></span> 
     </span>
    </p>
   </div>
   <div class='ocr_carea' id='block_1_73' title="bbox 446 4177 2025 4250">
    <p class='ocr_par' dir='ltr' id='par_1_73' title="bbox 446 4177 2025 4250">
     <span class='ocr_line' id='line_1_74' title="bbox 446 4177 2025 4250; baseline 0.003 -19"><span class='ocrx_word' id='word_1_508' title='bbox 446 4177 749 4232; x_wconf 77' lang='lat' dir='ltr'><strong>eruditione</strong></span> <span class='ocrx_word' id='word_1_509' title='bbox 794 4177 1040 4245; x_wconf 87' lang='lat' dir='ltr'><strong>fundata,</strong></span> <span class='ocrx_word' id='word_1_510' title='bbox 1093 4194 1198 4233; x_wconf 94' lang='lat' dir='ltr'><strong>non</strong></span> <span class='ocrx_word' id='word_1_511' title='bbox 1243 4179 1585 4250; x_wconf 76' lang='lat' dir='ltr'><strong>contentione</strong></span> <span class='ocrx_word' id='word_1_512' title='bbox 1629 4193 1763 4249; x_wconf 92' lang='lat' dir='ltr'><strong>opus</strong></span> <span class='ocrx_word' id='word_1_513' title='bbox 1807 4190 1918 4249; x_wconf 58' lang='lat' dir='ltr'><strong>est,</strong></span> <span class='ocrx_word' id='word_1_514' title='bbox 1967 4191 2025 4235; x_wconf 90' lang='lat' dir='ltr'><strong>ut</strong></span> 
     </span>
    </p>
   </div>
   <div class='ocr_carea' id='block_1_74' title="bbox 445 4268 2022 4339">
    <p class='ocr_par' dir='ltr' id='par_1_74' title="bbox 445 4268 2022 4339">
     <span class='ocr_line' id='line_1_75' title="bbox 445 4268 2022 4339; baseline 0.003 -18"><span class='ocrx_word' id='word_1_515' title='bbox 445 4269 618 4322; x_wconf 85' lang='lat' dir='ltr'><strong>adhuc</strong></span> <span class='ocrx_word' id='word_1_516' title='bbox 645 4278 895 4338; x_wconf 83' lang='lat' dir='ltr'><strong>tanquam</strong></span> <span class='ocrx_word' id='word_1_517' title='bbox 924 4269 990 4324; x_wconf 90' lang='lat' dir='ltr'><strong>de</strong></span> <span class='ocrx_word' id='word_1_518' title='bbox 1028 4268 1203 4324; x_wconf 90' lang='lat' dir='ltr'><strong>dubiis</strong></span> <span class='ocrx_word' id='word_1_519' title='bbox 1233 4269 1526 4339; x_wconf 90' lang='lat' dir='ltr'><strong>judicetur.</strong></span> <span class='ocrx_word' id='word_1_520' title='bbox 1560 4269 1666 4326; x_wconf 90' lang='lat' dir='ltr'><strong>Sed</strong></span> <span class='ocrx_word' id='word_1_521' title='bbox 1707 4271 1846 4324; x_wconf 89' lang='lat' dir='ltr'><strong>sicut</strong></span> <span class='ocrx_word' id='word_1_522' title='bbox 1887 4271 2022 4327; x_wconf 89' lang='lat' dir='ltr'><strong>dile-</strong></span> 
     </span>
    </p>
   </div>
   <div class='ocr_carea' id='block_1_75' title="bbox 435 4355 2025 4430">
    <p class='ocr_par' dir='ltr' id='par_1_75' title="bbox 435 4355 2025 4430">
     <span class='ocr_line' id='line_1_76' title="bbox 435 4355 2025 4430; baseline 0.003 -16"><span class='ocrx_word' id='word_1_523' title='bbox 435 4355 675 4415; x_wconf 70' lang='lat' dir='ltr'><strong>cti‘oncm</strong></span> <span class='ocrx_word' id='word_1_524' title='bbox 700 4369 929 4414; x_wconf 88' lang='lat' dir='ltr'><strong>vestram</strong></span> <span class='ocrx_word' id='word_1_525' title='bbox 959 4361 1253 4430; x_wconf 84' lang='lat' dir='ltr'><strong>gaudemus</strong></span> <span class='ocrx_word' id='word_1_526' title='bbox 1283 4362 1492 4428; x_wconf 89' lang='lat' dir='ltr'><strong>facere,</strong></span> <span class='ocrx_word' id='word_1_527' title='bbox 1523 4362 1688 4417; x_wconf 85' lang='lat' dir='ltr'><strong>firmis</strong></span> <span class='ocrx_word' id='word_1_528' title='bbox 1714 4371 1900 4417; x_wconf 91' lang='lat' dir='ltr'><strong>contra</strong></span> <span class='ocrx_word' id='word_1_529' title='bbox 1930 4363 2025 4418; x_wconf 90' lang='lat' dir='ltr'><strong>de-</strong></span> 
     </span>
    </p>
   </div>
   <div class='ocr_carea' id='block_1_76' title="bbox 439 4453 2020 4524">
    <p class='ocr_par' dir='ltr' id='par_1_76' title="bbox 439 4453 2020 4524">
     <span class='ocr_line' id='line_1_77' title="bbox 439 4453 2020 4524; baseline 0.001 -17"><span class='ocrx_word' id='word_1_530' title='bbox 439 4455 610 4522; x_wconf 69' lang='lat' dir='ltr'><strong>iectos</strong></span> <span class='ocrx_word' id='word_1_531' title='bbox 641 4461 786 4508; x_wconf 84' lang='lat' dir='ltr'><strong>state</strong></span> <span class='ocrx_word' id='word_1_532' title='bbox 815 4453 1051 4524; x_wconf 86' lang='lat' dir='ltr'><strong>vestigiis</strong></span> <span class='ocrx_word' id='word_1_533' title='bbox 1085 4471 1099 4508; x_wconf 87' lang='lat'><strong>:</strong></span> <span class='ocrx_word' id='word_1_534' title='bbox 1130 4468 1230 4510; x_wconf 91' lang='lat' dir='ltr'><strong>nec</strong></span> <span class='ocrx_word' id='word_1_535' title='bbox 1267 4467 1364 4508; x_wconf 86' lang='lat' dir='ltr'><strong>vos</strong></span> <span class='ocrx_word' id='word_1_536' title='bbox 1403 4454 1744 4510; x_wconf 85' lang='lat' dir='ltr'><strong>adversarius</strong></span> <span class='ocrx_word' id='word_1_537' title='bbox 1791 4464 2020 4521; x_wconf 78' lang='lat' dir='ltr'><strong>terrtat,</strong></span> 
     </span>
    </p>
   </div>
   <div class='ocr_carea' id='block_1_77' title="bbox 439 4543 2019 4614">
    <p class='ocr_par' dir='ltr' id='par_1_77' title="bbox 439 4543 2019 4614">
     <span class='ocr_line' id='line_1_78' title="bbox 439 4543 2019 4614; baseline 0.004 -19"><span class='ocrx_word' id='word_1_538' title='bbox 439 4554 532 4595; x_wconf 82' lang='lat' dir='ltr'><strong>aut</strong></span> <span class='ocrx_word' id='word_1_539' title='bbox 559 4543 762 4597; x_wconf 85' lang='lat' dir='ltr'><strong>tardam</strong></span> <span class='ocrx_word' id='word_1_540' title='bbox 786 4544 986 4614; x_wconf 88' lang='lat' dir='ltr'><strong>putetis</strong></span> <span class='ocrx_word' id='word_1_541' title='bbox 1015 4543 1244 4614; x_wconf 83' lang='lat' dir='ltr'><strong>desuper</strong></span> <span class='ocrx_word' id='word_1_542' title='bbox 1270 4545 1455 4603; x_wconf 90' lang='lat' dir='ltr'><strong>venire</strong></span> <span class='ocrx_word' id='word_1_543' title='bbox 1485 4545 1783 4601; x_wconf 90' lang='lat' dir='ltr'><strong>victoriam.</strong></span> <span class='ocrx_word' id='word_1_544' title='bbox 1817 4546 2019 4604; x_wconf 89' lang='lat' dir='ltr'><strong>Cadere</strong></span> 
     </span>
    </p>
   </div>
   <div class='ocr_carea' id='block_1_78' title="bbox 441 4635 2015 4713">
    <p class='ocr_par' dir='ltr' id='par_1_78' title="bbox 441 4635 2015 4713">
     <span class='ocr_line' id='line_1_79' title="bbox 441 4635 2015 4713; baseline 0.006 -26"><span class='ocrx_word' id='word_1_545' title='bbox 441 4635 628 4690; x_wconf 80' lang='lat' dir='ltr'><strong>didicit</strong></span> <span class='ocrx_word' id='word_1_546' title='bbox 653 4636 743 4705; x_wconf 91' lang='lat' dir='ltr'><strong>qui</strong></span> <span class='ocrx_word' id='word_1_547' title='bbox 766 4637 1010 4692; x_wconf 88' lang='lat' dir='ltr'><strong>resultat.</strong></span> <span class='ocrx_word' id='word_1_548' title='bbox 1036 4637 1280 4694; x_wconf 84' lang='lat' dir='ltr'><strong>Breviter</strong></span> <span class='ocrx_word' id='word_1_549' title='bbox 1309 4639 1425 4695; x_wconf 72' lang='lat' dir='ltr'><strong>haec</strong></span> <span class='ocrx_word' id='word_1_550' title='bbox 1453 4639 1520 4695; x_wconf 89' lang='lat' dir='ltr'><strong>ad</strong></span> <span class='ocrx_word' id='word_1_551' title='bbox 1550 4639 2015 4713; x_wconf 88' lang='lat' dir='ltr'><strong>consultationem,</strong></span> 
     </span>
    </p>
   </div>
   <div class='ocr_carea' id='block_1_79' title="bbox 437 4726 2018 4802">
    <p class='ocr_par' dir='ltr' id='par_1_79' title="bbox 437 4726 2018 4802">
     <span class='ocr_line' id='line_1_80' title="bbox 437 4726 2018 4802; baseline 0.005 -23"><span class='ocrx_word' id='word_1_552' title='bbox 437 4726 546 4781; x_wconf 83' lang='lat' dir='ltr'><strong>into</strong></span> <span class='ocrx_word' id='word_1_553' title='bbox 567 4728 727 4782; x_wconf 90' lang='lat' dir='ltr'><strong>etiam</strong></span> <span class='ocrx_word' id='word_1_554' title='bbox 756 4727 1176 4784; x_wconf 82' lang='lat' dir='ltr'><strong>consolationem</strong></span> <span class='ocrx_word' id='word_1_555' title='bbox 1206 4739 1401 4785; x_wconf 68' lang='lat' dir='ltr'><strong>vestras</strong></span> <span class='ocrx_word' id='word_1_556' title='bbox 1438 4730 1755 4802; x_wconf 88' lang='lat' dir='ltr'><strong>scripsimus</strong></span> <span class='ocrx_word' id='word_1_557' title='bbox 1777 4731 2018 4798; x_wconf 88' lang='lat' dir='ltr'><strong>caritati,</strong></span> 
     </span>
    </p>
   </div>
   <div class='ocr_carea' id='block_1_80' title="bbox 360 4807 2018 4895">
    <p class='ocr_par' dir='ltr' id='par_1_80' title="bbox 360 4807 2018 4895">
     <span class='ocr_line' id='line_1_81' title="bbox 360 4807 2018 4895; baseline 0.005 -23"><span class='ocrx_word' id='word_1_558' title='bbox 360 4807 372 4840; x_wconf 43' lang='grc' dir='ltr'><strong><em>θ</em></strong></span> <span class='ocrx_word' id='word_1_559' title='bbox 447 4819 675 4874; x_wconf 54' lang='lat' dir='ltr'><strong>«volentes</strong></span> <span class='ocrx_word' id='word_1_560' title='bbox 704 4819 941 4890; x_wconf 86' lang='lat' dir='ltr'><strong>aliquos,</strong></span> <span class='ocrx_word' id='word_1_561' title='bbox 973 4820 1425 4892; x_wconf 84' lang='lat' dir='ltr'><strong>quemadmodum</strong></span> <span class='ocrx_word' id='word_1_562' title='bbox 1456 4822 1682 4895; x_wconf 90' lang='lat' dir='ltr'><strong>cupitis,</strong></span> <span class='ocrx_word' id='word_1_563' title='bbox 1718 4838 1816 4895; x_wconf 94' lang='lat' dir='ltr'><strong>pro</strong></span> <span class='ocrx_word' id='word_1_564' title='bbox 1841 4840 2018 4882; x_wconf 63' lang='lat' dir='ltr'><strong>causa:</strong></span> 
     </span>
    </p>
   </div>
   <div class='ocr_carea' id='block_1_81' title="bbox 441 4973 2012 5044">
    <p class='ocr_par' dir='ltr' id='par_1_81' title="bbox 441 4973 2012 5044">
     <span class='ocr_line' id='line_1_82' title="bbox 441 4973 2012 5044; baseline 0.008 -17"><span class='ocrx_word' id='word_1_565' title='bbox 441 5005 454 5035; x_wconf 73' lang='grc' dir='ltr'><strong>ι</strong></span> <span class='ocrx_word' id='word_1_566' title='bbox 555 4973 687 5028; x_wconf 84' lang='grc' dir='ltr'>Ουιιι</span> <span class='ocrx_word' id='word_1_567' title='bbox 708 4973 854 5029; x_wconf 81' lang='lat' dir='ltr'><strong>Zeno</strong></span> <span class='ocrx_word' id='word_1_568' title='bbox 885 4976 1176 5044; x_wconf 87' lang='lat' dir='ltr'><strong>imperator</strong></span> <span class='ocrx_word' id='word_1_569' title='bbox 1205 4978 1641 5035; x_wconf 80' lang='lat' dir='ltr'><strong>scelestissimum</strong></span> <span class='ocrx_word' id='word_1_570' title='bbox 1675 4982 2012 5039; x_wconf 78' lang='lat' dir='ltr'><strong>Timotheum</strong></span> 
     </span>
    </p>
   </div>
   <div class='ocr_carea' id='block_1_82' title="bbox 435 5045 2016 5120">
    <p class='ocr_par' dir='ltr' id='par_1_82' title="bbox 435 5045 2016 5120">
     <span class='ocr_line' id='line_1_83' title="bbox 435 5045 2016 5120; baseline 0.008 -26"><span class='ocrx_word' id='word_1_571' title='bbox 435 5047 503 5096; x_wconf 80' lang='lat' dir='ltr'><strong>ah</strong></span> <span class='ocrx_word' id='word_1_572' title='bbox 541 5045 732 5120; x_wconf 50' lang='lat' dir='ltr'><strong>exsilio</strong></span> <span class='ocrx_word' id='word_1_573' title='bbox 761 5061 868 5114; x_wconf 92' lang='lat' dir='ltr'><strong>quo</strong></span> <span class='ocrx_word' id='word_1_574' title='bbox 919 5049 1066 5100; x_wconf 89' lang='lat' dir='ltr'><strong>illum</strong></span> <span class='ocrx_word' id='word_1_575' title='bbox 1129 5049 1238 5120; x_wconf 75' lang='lat' dir='ltr'><strong>Leo</strong></span> <span class='ocrx_word' id='word_1_576' title='bbox 1295 5050 1588 5117; x_wconf 89' lang='lat' dir='ltr'><strong>imperator</strong></span> <span class='ocrx_word' id='word_1_577' title='bbox 1643 5056 2016 5120; x_wconf 89' lang='lat' dir='ltr'><strong>mulclaverat,</strong></span> 
     </span>
    </p>
   </div>
   <div class='ocr_carea' id='block_1_83' title="bbox 437 5115 2015 5193">
    <p class='ocr_par' dir='ltr' id='par_1_83' title="bbox 437 5115 2015 5193">
     <span class='ocr_line' id='line_1_84' title="bbox 437 5115 2015 5193; baseline 0.012 -30"><span class='ocrx_word' id='word_1_578' title='bbox 437 5115 756 5193; x_wconf 72' lang='lat' dir='ltr'><strong>posthabitis</strong></span> <span class='ocrx_word' id='word_1_579' title='bbox 788 5121 1023 5193; x_wconf 79' lang='lat' dir='ltr'><strong>omnium</strong></span> <span class='ocrx_word' id='word_1_580' title='bbox 1071 5115 1482 5193; x_wconf 17' lang='lat' dir='ltr'><strong>catholicorum,</strong></span> <span class='ocrx_word' id='word_1_581' title='bbox 1514 5123 1679 5188; x_wconf 89' lang='lat' dir='ltr'><strong>votis,</strong></span> <span class='ocrx_word' id='word_1_582' title='bbox 1713 5115 2015 5193; x_wconf 71' lang='lat' dir='ltr'><strong>spretisque</strong></span> 
     </span>
    </p>
   </div>
   <div class='ocr_carea' id='block_1_84' title="bbox 435 5183 2016 5257">
    <p class='ocr_par' dir='ltr' id='par_1_84' title="bbox 435 5183 2016 5257">
     <span class='ocr_line' id='line_1_85' title="bbox 435 5183 2016 5257; baseline 0.009 -21"><span class='ocrx_word' id='word_1_583' title='bbox 435 5183 759 5238; x_wconf 74' lang='lat' dir='ltr'><strong>sanctissimi</strong></span> <span class='ocrx_word' id='word_1_584' title='bbox 789 5188 1054 5252; x_wconf 86' lang='lat' dir='ltr'><strong>pontificis</strong></span> <span class='ocrx_word' id='word_1_585' title='bbox 1076 5187 1267 5242; x_wconf 90' lang='lat' dir='ltr'><strong>Leonis</strong></span> <span class='ocrx_word' id='word_1_586' title='bbox 1291 5191 1392 5257; x_wconf 89' lang='lat' dir='ltr'><strong>piis</strong></span> <span class='ocrx_word' id='word_1_587' title='bbox 1422 5183 1901 5254; x_wconf 72' lang='lat' dir='ltr'><strong>admonitionibus.</strong></span> <span class='ocrx_word' id='word_1_588' title='bbox 1928 5183 2016 5250; x_wconf 72' lang='lat' dir='ltr'><strong>re-</strong></span> 
     </span>
    </p>
   </div>
   <div class='ocr_carea' id='block_1_85' title="bbox 433 5259 2012 5327">
    <p class='ocr_par' dir='ltr' id='par_1_85' title="bbox 433 5259 2012 5327">
     <span class='ocr_line' id='line_1_86' title="bbox 433 5259 2012 5327; baseline 0.011 -23"><span class='ocrx_word' id='word_1_589' title='bbox 433 5264 700 5327; x_wconf 67' lang='lat' dir='ltr'><strong>v&#39;ocasse_t,</strong></span> <span class='ocrx_word' id='word_1_590' title='bbox 751 5265 1024 5327; x_wconf 6' lang='lat' dir='ltr'><strong>etgcontra</strong></span> <span class='ocrx_word' id='word_1_591' title='bbox 1074 5259 1243 5327; x_wconf 83' lang='lat' dir='ltr'><strong>ipsum</strong></span> <span class='ocrx_word' id='word_1_592' title='bbox 1292 5261 1562 5316; x_wconf 83' lang='lat' dir='ltr'><strong>Christum</strong></span> <span class='ocrx_word' id='word_1_593' title='bbox 1619 5264 1905 5320; x_wconf 58' lang='lat' dir='ltr'><strong>Dominum</strong></span> <span class='ocrx_word' id='word_1_594' title='bbox 1960 5266 2012 5321; x_wconf 90' lang='lat' dir='ltr'><strong>in</strong></span> 
     </span>
    </p>
   </div>
   <div class='ocr_carea' id='block_1_86' title="bbox 432 5325 2011 5401">
    <p class='ocr_par' dir='ltr' id='par_1_86' title="bbox 432 5325 2011 5401">
     <span class='ocr_line' id='line_1_87' title="bbox 432 5325 2011 5401; baseline 0.008 -25"><span class='ocrx_word' id='word_1_595' title='bbox 432 5326 617 5401; x_wconf 72' lang='lat' dir='ltr'><strong>urbem</strong></span> <span class='ocrx_word' id='word_1_596' title='bbox 652 5325 1057 5401; x_wconf 66' lang='lat' dir='ltr'><strong>introduxisset,</strong></span> <span class='ocrx_word' id='word_1_597' title='bbox 1081 5325 1273 5384; x_wconf 87' lang='lat' dir='ltr'><strong>:iccidit</strong></span> <span class='ocrx_word' id='word_1_598' title='bbox 1298 5331 1443 5393; x_wconf 83' lang='lat' dir='ltr'><strong>justo</strong></span> <span class='ocrx_word' id='word_1_599' title='bbox 1469 5333 1560 5387; x_wconf 88' lang='lat' dir='ltr'><strong>Dei</strong></span> <span class='ocrx_word' id='word_1_600' title='bbox 1586 5334 1811 5401; x_wconf 86' lang='lat' dir='ltr'><strong>judicio,</strong></span> <span class='ocrx_word' id='word_1_601' title='bbox 1830 5343 1890 5388; x_wconf 82' lang='lat' dir='ltr'><strong>ut</strong></span> <span class='ocrx_word' id='word_1_602' title='bbox 1909 5336 2011 5388; x_wconf 83' lang='lat' dir='ltr'><strong>Ba-</strong></span> 
     </span>
    </p>
   </div>
   <div class='ocr_carea' id='block_1_87' title="bbox 433 5394 2009 5469">
    <p class='ocr_par' dir='ltr' id='par_1_87' title="bbox 433 5394 2009 5469">
     <span class='ocr_line' id='line_1_88' title="bbox 433 5394 2009 5469; baseline 0.008 -21"><span class='ocrx_word' id='word_1_603' title='bbox 433 5395 644 5448; x_wconf 85' lang='lat' dir='ltr'><strong>siliscus</strong></span> <span class='ocrx_word' id='word_1_604' title='bbox 670 5394 934 5469; x_wconf 81' lang='lat' dir='ltr'><strong>ﬂagellum</strong></span> <span class='ocrx_word' id='word_1_605' title='bbox 968 5397 1060 5469; x_wconf 85' lang='lat' dir='ltr'><strong>Dei</strong></span> <span class='ocrx_word' id='word_1_606' title='bbox 1089 5409 1142 5452; x_wconf 89' lang='lat' dir='ltr'><strong>ct</strong></span> <span class='ocrx_word' id='word_1_607' title='bbox 1173 5403 1316 5469; x_wconf 80' lang='lat' dir='ltr'><strong>virga</strong></span> <span class='ocrx_word' id='word_1_608' title='bbox 1343 5402 1539 5457; x_wconf 86' lang='lat' dir='ltr'><strong>furoris</strong></span> <span class='ocrx_word' id='word_1_609' title='bbox 1574 5394 1782 5459; x_wconf 85' lang='lat' dir='ltr'><strong>Domini</strong></span> <span class='ocrx_word' id='word_1_610' title='bbox 1803 5394 1878 5458; x_wconf 79' lang='lat' dir='ltr'><strong>ad</strong></span> <span class='ocrx_word' id='word_1_611' title='bbox 1906 5404 2009 5460; x_wconf 84' lang='lat' dir='ltr'><strong>Ze-</strong></span> 
     </span>
    </p>
   </div>
   <div class='ocr_carea' id='block_1_88' title="bbox 432 5467 2006 5544">
    <p class='ocr_par' dir='ltr' id='par_1_88' title="bbox 432 5467 2006 5544">
     <span class='ocr_line' id='line_1_89' title="bbox 432 5467 2006 5544; baseline 0.008 -26"><span class='ocrx_word' id='word_1_612' title='bbox 432 5481 626 5544; x_wconf 71' lang='lat' dir='ltr'><strong>noni-tn</strong></span> <span class='ocrx_word' id='word_1_613' title='bbox 653 5467 1000 5544; x_wconf 77' lang='lat' dir='ltr'><strong>puniendum,</strong></span> <span class='ocrx_word' id='word_1_614' title='bbox 1029 5467 1307 5544; x_wconf 80' lang='lat' dir='ltr'><strong>imperium</strong></span> <span class='ocrx_word' id='word_1_615' title='bbox 1337 5474 1611 5536; x_wconf 87' lang='lat' dir='ltr'><strong>invaserit,</strong></span> <span class='ocrx_word' id='word_1_616' title='bbox 1638 5490 1810 5544; x_wconf 89' lang='lat' dir='ltr'><strong>eoque</strong></span> <span class='ocrx_word' id='word_1_617' title='bbox 1840 5477 1888 5528; x_wconf 78' lang='grc' dir='ltr'><strong>ιιι</strong></span> <span class='ocrx_word' id='word_1_618' title='bbox 1915 5491 2006 5529; x_wconf 77' lang='lat' dir='ltr'><strong>cx-</strong></span> 
     </span>
    </p>
   </div>
   <div class='ocr_carea' id='block_1_89' title="bbox 431 5536 1999 5609">
    <p class='ocr_par' dir='ltr' id='par_1_89' title="bbox 431 5536 1999 5609">
     <span class='ocr_line' id='line_1_90' title="bbox 431 5536 1999 5609; baseline 0.006 -21"><span class='ocrx_word' id='word_1_619' title='bbox 431 5537 634 5601; x_wconf 76' lang='lat' dir='ltr'><strong>silium,</strong></span> <span class='ocrx_word' id='word_1_620' title='bbox 674 5536 812 5591; x_wconf 81' lang='lat' dir='ltr'><strong>unde</strong></span> <span class='ocrx_word' id='word_1_621' title='bbox 859 5536 1245 5595; x_wconf 69' lang='lat' dir='ltr'><strong>exsecrandum</strong></span> <span class='ocrx_word' id='word_1_622' title='bbox 1292 5544 1600 5599; x_wconf 69' lang='lat' dir='ltr'><strong>haereticum</strong></span> <span class='ocrx_word' id='word_1_623' title='bbox 1638 5536 1999 5609; x_wconf 73' lang='lat' dir='ltr'><strong>revocaverat,</strong></span> 
     </span>
    </p>
   </div>
   <div class='ocr_carea' id='block_1_90' title="bbox 431 5608 1998 5678">
    <p class='ocr_par' dir='ltr' id='par_1_90' title="bbox 431 5608 1998 5678">
     <span class='ocr_line' id='line_1_91' title="bbox 431 5608 1998 5678; baseline 0.006 -18"><span class='ocrx_word' id='word_1_624' title='bbox 431 5609 631 5678; x_wconf 77' lang='lat' dir='ltr'><strong>fugato,</strong></span> <span class='ocrx_word' id='word_1_625' title='bbox 680 5608 804 5660; x_wconf 82' lang='lat' dir='ltr'><strong>itlu&#39;il</strong></span> <span class='ocrx_word' id='word_1_626' title='bbox 856 5623 996 5660; x_wconf 85' lang='lat' dir='ltr'><strong>anno</strong></span> <span class='ocrx_word' id='word_1_627' title='bbox 1044 5626 1149 5664; x_wconf 92' lang='lat' dir='ltr'><strong>uno</strong></span> <span class='ocrx_word' id='word_1_628' title='bbox 1196 5624 1251 5667; x_wconf 91' lang='lat' dir='ltr'><strong>et</strong></span> <span class='ocrx_word' id='word_1_629' title='bbox 1295 5629 1387 5667; x_wconf 85' lang='lat' dir='ltr'><strong>sex</strong></span> <span class='ocrx_word' id='word_1_630' title='bbox 1432 5615 1704 5669; x_wconf 87' lang='lat' dir='ltr'><strong>mensibus</strong></span> <span class='ocrx_word' id='word_1_631' title='bbox 1748 5616 1998 5670; x_wconf 89' lang='lat' dir='ltr'><strong>tenuerit.</strong></span> 
     </span>
    </p>
   </div>
   <div class='ocr_carea' id='block_1_91' title="bbox 427 5678 1998 5751">
    <p class='ocr_par' dir='ltr' id='par_1_91' title="bbox 427 5678 1998 5751">
     <span class='ocr_line' id='line_1_92' title="bbox 427 5678 1998 5751; baseline 0.008 -23"><span class='ocrx_word' id='word_1_632' title='bbox 427 5678 629 5751; x_wconf 73' lang='lat' dir='ltr'><strong>Quibus</strong></span> <span class='ocrx_word' id='word_1_633' title='bbox 655 5679 926 5751; x_wconf 73' lang='lat' dir='ltr'><strong>evolutis,</strong></span> <span class='ocrx_word' id='word_1_634' title='bbox 977 5680 1122 5734; x_wconf 80' lang='lat' dir='ltr'><strong>Zeno</strong></span> <span class='ocrx_word' id='word_1_635' title='bbox 1172 5697 1266 5750; x_wconf 88' lang='lat' dir='ltr'><strong>per</strong></span> <span class='ocrx_word' id='word_1_636' title='bbox 1316 5683 1616 5751; x_wconf 70' lang='lat' dir='ltr'><strong>huiusmodi</strong></span> <span class='ocrx_word' id='word_1_637' title='bbox 1663 5686 1998 5740; x_wconf 81' lang='lat' dir='ltr'><strong>vexationem</strong></span> 
     </span>
    </p>
   </div>
   <div class='ocr_carea' id='block_1_92' title="bbox 414 5747 2000 5822">
    <p class='ocr_par' dir='ltr' id='par_1_92' title="bbox 414 5747 2000 5822">
     <span class='ocr_line' id='line_1_93' title="bbox 414 5747 2000 5822; baseline 0.007 -21"><span class='ocrx_word' id='word_1_638' title='bbox 414 5747 667 5801; x_wconf 75' lang='lat' dir='ltr'><strong>Jtullttillll</strong></span> <span class='ocrx_word' id='word_1_639' title='bbox 708 5751 898 5804; x_wconf 86' lang='lat' dir='ltr'><strong>melior</strong></span> <span class='ocrx_word' id='word_1_640' title='bbox 937 5747 1192 5820; x_wconf 68' lang='lat' dir='ltr'><strong>redditus,</strong></span> <span class='ocrx_word' id='word_1_641' title='bbox 1245 5747 1492 5822; x_wconf 81' lang='lat' dir='ltr'><strong>precibus</strong></span> <span class='ocrx_word' id='word_1_642' title='bbox 1537 5766 1587 5810; x_wconf 90' lang='lat' dir='ltr'><strong>et</strong></span> <span class='ocrx_word' id='word_1_643' title='bbox 1618 5757 2000 5812; x_wconf 87' lang='lat' dir='ltr'><strong>intercessione</strong></span> 
     </span>
    </p>
   </div>
   <div class='ocr_carea' id='block_1_93' title="bbox 2140 3247 3723 3322">
    <p class='ocr_par' dir='ltr' id='par_1_93' title="bbox 2140 3247 3723 3322">
     <span class='ocr_line' id='line_1_94' title="bbox 2140 3247 3723 3322; baseline 0.004 -20"><span class='ocrx_word' id='word_1_644' title='bbox 2140 3262 2279 3314; x_wconf 86' lang='lat' dir='ltr'><strong>mus,</strong></span> <span class='ocrx_word' id='word_1_645' title='bbox 2308 3247 2429 3318; x_wconf 89' lang='lat' dir='ltr'><strong>quia</strong></span> <span class='ocrx_word' id='word_1_646' title='bbox 2457 3249 2618 3302; x_wconf 90' lang='lat' dir='ltr'><strong>vitam</strong></span> <span class='ocrx_word' id='word_1_647' title='bbox 2650 3249 2700 3301; x_wconf 93' lang='lat' dir='ltr'><strong>in</strong></span> <span class='ocrx_word' id='word_1_648' title='bbox 2735 3249 2944 3304; x_wconf 90' lang='lat' dir='ltr'><strong>Domini</strong></span> <span class='ocrx_word' id='word_1_649' title='bbox 2968 3250 3290 3304; x_wconf 87' lang='lat' dir='ltr'><strong>voluntatem</strong></span> <span class='ocrx_word' id='word_1_650' title='bbox 3323 3254 3723 3322; x_wconf 82' lang='lat' dir='ltr'><strong>cognoscimus,</strong></span> 
     </span>
    </p>
   </div>
   <div class='ocr_carea' id='block_1_94' title="bbox 2138 3339 3720 3411">
    <p class='ocr_par' dir='ltr' id='par_1_94' title="bbox 2138 3339 3720 3411">
     <span class='ocr_line' id='line_1_95' title="bbox 2138 3339 3720 3411; baseline 0.002 -18"><span class='ocrx_word' id='word_1_651' title='bbox 2138 3339 2204 3394; x_wconf 89' lang='lat' dir='ltr'><strong>ad</strong></span> <span class='ocrx_word' id='word_1_652' title='bbox 2235 3339 2736 3396; x_wconf 86' lang='lat' dir='ltr'><strong>chttstianissitnum</strong></span> <span class='ocrx_word' id='word_1_653' title='bbox 2778 3353 2990 3410; x_wconf 88' lang='lat' dir='ltr'><strong>quoque</strong></span> <span class='ocrx_word' id='word_1_654' title='bbox 3035 3342 3328 3411; x_wconf 88' lang='lat' dir='ltr'><strong>principem</strong></span> <span class='ocrx_word' id='word_1_655' title='bbox 3352 3384 3365 3406; x_wconf 92' lang='lat'><strong>,</strong></span> <span class='ocrx_word' id='word_1_656' title='bbox 3398 3343 3480 3398; x_wconf 75' lang='lat' dir='ltr'><strong>vel</strong></span> <span class='ocrx_word' id='word_1_657' title='bbox 3511 3343 3576 3396; x_wconf 91' lang='lat' dir='ltr'><strong>ad</strong></span> <span class='ocrx_word' id='word_1_658' title='bbox 3610 3344 3720 3397; x_wconf 82' lang='lat' dir='ltr'><strong>fra-</strong></span> 
     </span>
    </p>
   </div>
   <div class='ocr_carea' id='block_1_95' title="bbox 2138 3432 3717 3504">
    <p class='ocr_par' dir='ltr' id='par_1_95' title="bbox 2138 3432 3717 3504">
     <span class='ocr_line' id='line_1_96' title="bbox 2138 3432 3717 3504; baseline 0.004 -20"><span class='ocrx_word' id='word_1_659' title='bbox 2138 3441 2270 3487; x_wconf 87' lang='lat' dir='ltr'><strong>trem</strong></span> <span class='ocrx_word' id='word_1_660' title='bbox 2298 3441 2351 3487; x_wconf 90' lang='lat' dir='ltr'><strong>et</strong></span> <span class='ocrx_word' id='word_1_661' title='bbox 2372 3432 2744 3502; x_wconf 90' lang='lat' dir='ltr'><strong>coepiscopum</strong></span> <span class='ocrx_word' id='word_1_662' title='bbox 2778 3442 3020 3487; x_wconf 89' lang='lat' dir='ltr'><strong>nostrum</strong></span> <span class='ocrx_word' id='word_1_663' title='bbox 3067 3435 3318 3490; x_wconf 86' lang='lat' dir='ltr'><strong>Acacium</strong></span> <span class='ocrx_word' id='word_1_664' title='bbox 3358 3439 3717 3504; x_wconf 79' lang='lat' dir='ltr'><strong>competentia</strong></span> 
     </span>
    </p>
   </div>
   <div class='ocr_carea' id='block_1_96' title="bbox 2134 3522 3712 3594">
    <p class='ocr_par' dir='ltr' id='par_1_96' title="bbox 2134 3522 3712 3594">
     <span class='ocr_line' id='line_1_97' title="bbox 2134 3522 3712 3594; baseline 0.003 -16"><span class='ocrx_word' id='word_1_665' title='bbox 2134 3522 2291 3578; x_wconf 90' lang='lat' dir='ltr'><strong>simul</strong></span> <span class='ocrx_word' id='word_1_666' title='bbox 2322 3525 2514 3592; x_wconf 85' lang='lat' dir='ltr'><strong>scripta</strong></span> <span class='ocrx_word' id='word_1_667' title='bbox 2539 3523 2852 3590; x_wconf 85' lang='lat' dir='ltr'><strong>direximus,</strong></span> <span class='ocrx_word' id='word_1_668' title='bbox 2879 3525 3030 3594; x_wconf 86' lang='lat' dir='ltr'><strong>cujus</strong></span> <span class='ocrx_word' id='word_1_669' title='bbox 3052 3526 3412 3581; x_wconf 90' lang='lat' dir='ltr'><strong>accusandum</strong></span> <span class='ocrx_word' id='word_1_670' title='bbox 3442 3527 3712 3582; x_wconf 89' lang='lat' dir='ltr'><strong>silentium</strong></span> 
     </span>
    </p>
   </div>
   <div class='ocr_carea' id='block_1_97' title="bbox 2136 3615 3714 3687">
    <p class='ocr_par' dir='ltr' id='par_1_97' title="bbox 2136 3615 3714 3687">
     <span class='ocr_line' id='line_1_98' title="bbox 2136 3615 3714 3687; baseline 0.003 -20"><span class='ocrx_word' id='word_1_671' title='bbox 2136 3629 2239 3668; x_wconf 91' lang='lat' dir='ltr'><strong>non</strong></span> <span class='ocrx_word' id='word_1_672' title='bbox 2273 3623 2551 3683; x_wconf 92' lang='lat' dir='ltr'><strong>putamus,</strong></span> <span class='ocrx_word' id='word_1_673' title='bbox 2585 3615 2705 3683; x_wconf 89' lang='lat' dir='ltr'><strong>quia</strong></span> <span class='ocrx_word' id='word_1_674' title='bbox 2750 3615 2982 3671; x_wconf 86' lang='lat' dir='ltr'><strong>scientes</strong></span> <span class='ocrx_word' id='word_1_675' title='bbox 3021 3615 3178 3670; x_wconf 82' lang='lat' dir='ltr'><strong>fidem</strong></span> <span class='ocrx_word' id='word_1_676' title='bbox 3229 3616 3588 3687; x_wconf 89' lang='lat' dir='ltr'><strong>probatissimi</strong></span> <span class='ocrx_word' id='word_1_677' title='bbox 3630 3633 3714 3672; x_wconf 86' lang='lat' dir='ltr'><strong>sa-</strong></span> 
     </span>
    </p>
   </div>
   <div class='ocr_carea' id='block_1_98' title="bbox 2132 3705 3716 3778">
    <p class='ocr_par' dir='ltr' id='par_1_98' title="bbox 2132 3705 3716 3778">
     <span class='ocr_line' id='line_1_99' title="bbox 2132 3705 3716 3778; baseline 0.001 -17"><span class='ocrx_word' id='word_1_678' title='bbox 2132 3705 2397 3774; x_wconf 87' lang='lat' dir='ltr'><strong>cerdotis,</strong></span> <span class='ocrx_word' id='word_1_679' title='bbox 2432 3717 2636 3761; x_wconf 89' lang='lat' dir='ltr'><strong>certum</strong></span> <span class='ocrx_word' id='word_1_680' title='bbox 2671 3715 2915 3762; x_wconf 90' lang='lat' dir='ltr'><strong>tenemus</strong></span> <span class='ocrx_word' id='word_1_681' title='bbox 2953 3722 3107 3762; x_wconf 90' lang='lat' dir='ltr'><strong>suum</strong></span> <span class='ocrx_word' id='word_1_682' title='bbox 3161 3724 3270 3763; x_wconf 93' lang='lat' dir='ltr'><strong>non</strong></span> <span class='ocrx_word' id='word_1_683' title='bbox 3313 3723 3431 3764; x_wconf 88' lang='lat' dir='ltr'><strong>esse</strong></span> <span class='ocrx_word' id='word_1_684' title='bbox 3461 3709 3604 3778; x_wconf 85' lang='lat' dir='ltr'><strong>quod</strong></span> <span class='ocrx_word' id='word_1_685' title='bbox 3636 3721 3716 3763; x_wconf 89' lang='lat' dir='ltr'><strong>ta-</strong></span> 
     </span>
    </p>
   </div>
   <div class='ocr_carea' id='block_1_99' title="bbox 2133 3796 3716 3870">
    <p class='ocr_par' dir='ltr' id='par_1_99' title="bbox 2133 3796 3716 3870">
     <span class='ocr_line' id='line_1_100' title="bbox 2133 3796 3716 3870; baseline 0 -18"><span class='ocrx_word' id='word_1_686' title='bbox 2133 3797 2260 3852; x_wconf 88' lang='lat' dir='ltr'><strong>cuit.</strong></span> <span class='ocrx_word' id='word_1_687' title='bbox 2291 3796 2362 3852; x_wconf 89' lang='lat' dir='ltr'><strong>Ut</strong></span> <span class='ocrx_word' id='word_1_688' title='bbox 2392 3807 2572 3850; x_wconf 88' lang='lat' dir='ltr'><strong>autem</strong></span> <span class='ocrx_word' id='word_1_689' title='bbox 2602 3797 2808 3864; x_wconf 74' lang='lat' dir='ltr'><strong>plenius</strong></span> <span class='ocrx_word' id='word_1_690' title='bbox 2841 3796 3058 3852; x_wconf 86' lang='lat' dir='ltr'><strong>dilectio</strong></span> <span class='ocrx_word' id='word_1_691' title='bbox 3089 3809 3267 3853; x_wconf 87' lang='lat' dir='ltr'><strong>vestra</strong></span> <span class='ocrx_word' id='word_1_692' title='bbox 3299 3809 3588 3870; x_wconf 86' lang='lat' dir='ltr'><strong>cognoscat</strong></span> <span class='ocrx_word' id='word_1_693' title='bbox 3619 3816 3716 3852; x_wconf 79' lang='lat' dir='ltr'><strong>no-</strong></span> 
     </span>
    </p>
   </div>
   <div class='ocr_carea' id='block_1_100' title="bbox 2131 3888 3713 3962">
    <p class='ocr_par' dir='ltr' id='par_1_100' title="bbox 2131 3888 3713 3962">
     <span class='ocr_line' id='line_1_101' title="bbox 2131 3888 3713 3962; baseline 0.003 -20"><span class='ocrx_word' id='word_1_694' title='bbox 2131 3896 2392 3950; x_wconf 90' lang='lat' dir='ltr'><strong>strarum,</strong></span> <span class='ocrx_word' id='word_1_695' title='bbox 2421 3903 2552 3957; x_wconf 90' lang='lat' dir='ltr'><strong>quas</strong></span> <span class='ocrx_word' id='word_1_696' title='bbox 2582 3888 2646 3942; x_wconf 90' lang='lat' dir='ltr'><strong>ad</strong></span> <span class='ocrx_word' id='word_1_697' title='bbox 2678 3888 3192 3944; x_wconf 76' lang='lat' dir='ltr'><strong>Christianissimum</strong></span> <span class='ocrx_word' id='word_1_698' title='bbox 3225 3892 3518 3962; x_wconf 88' lang='lat' dir='ltr'><strong>principem</strong></span> <span class='ocrx_word' id='word_1_699' title='bbox 3562 3891 3713 3946; x_wconf 88' lang='lat' dir='ltr'><strong>misi-</strong></span> 
     </span>
    </p>
   </div>
   <div class='ocr_carea' id='block_1_101' title="bbox 2131 3979 3713 4050">
    <p class='ocr_par' dir='ltr' id='par_1_101' title="bbox 2131 3979 3713 4050">
     <span class='ocr_line' id='line_1_102' title="bbox 2131 3979 3713 4050; baseline 0.003 -17"><span class='ocrx_word' id='word_1_700' title='bbox 2131 3993 2283 4045; x_wconf 87' lang='lat' dir='ltr'><strong>mus,</strong></span> <span class='ocrx_word' id='word_1_701' title='bbox 2332 3979 2525 4033; x_wconf 86' lang='lat' dir='ltr'><strong>seriem</strong></span> <span class='ocrx_word' id='word_1_702' title='bbox 2583 3979 2912 4049; x_wconf 85' lang='lat' dir='ltr'><strong>litterarum,</strong></span> <span class='ocrx_word' id='word_1_703' title='bbox 2973 3981 3330 4050; x_wconf 79' lang='lat' dir='ltr'><strong>exemplaria,</strong></span> <span class='ocrx_word' id='word_1_704' title='bbox 3382 3981 3713 4038; x_wconf 88' lang='lat' dir='ltr'><strong>internuntio</strong></span> 
     </span>
    </p>
   </div>
   <div class='ocr_carea' id='block_1_102' title="bbox 2129 4069 3709 4140">
    <p class='ocr_par' dir='ltr' id='par_1_102' title="bbox 2129 4069 3709 4140">
     <span class='ocr_line' id='line_1_103' title="bbox 2129 4069 3709 4140; baseline 0.004 -18"><span class='ocrx_word' id='word_1_705' title='bbox 2129 4085 2288 4139; x_wconf 92' lang='lat' dir='ltr'><strong>quem</strong></span> <span class='ocrx_word' id='word_1_706' title='bbox 2344 4069 2563 4124; x_wconf 88' lang='lat' dir='ltr'><strong>misistis</strong></span> <span class='ocrx_word' id='word_1_707' title='bbox 2617 4070 2901 4140; x_wconf 83' lang='lat' dir='ltr'><strong>redeunte,</strong></span> <span class='ocrx_word' id='word_1_708' title='bbox 2953 4073 3264 4128; x_wconf 77' lang='lat' dir='ltr'><strong>direximus.</strong></span> <span class='ocrx_word' id='word_1_709' title='bbox 3308 4073 3438 4128; x_wconf 87' lang='lat' dir='ltr'><strong>Data</strong></span> <span class='ocrx_word' id='word_1_710' title='bbox 3483 4090 3537 4127; x_wconf 91' lang='lat' dir='ltr'><strong>III</strong></span> <span class='ocrx_word' id='word_1_711' title='bbox 3585 4074 3709 4129; x_wconf 86' lang='lat' dir='ltr'><strong>idus</strong></span> 
     </span>
    </p>
   </div>
   <div class='ocr_carea' id='block_1_103' title="bbox 2128 4159 3054 4233">
    <p class='ocr_par' dir='ltr' id='par_1_103' title="bbox 2128 4159 3054 4233">
     <span class='ocr_line' id='line_1_104' title="bbox 2128 4159 3054 4233; baseline 0.004 -18"><span class='ocrx_word' id='word_1_712' title='bbox 2128 4159 2388 4228; x_wconf 81' lang='lat' dir='ltr'><strong>Januarii,</strong></span> <span class='ocrx_word' id='word_1_713' title='bbox 2423 4160 2644 4217; x_wconf 90' lang='lat' dir='ltr'><strong>consule</strong></span> <span class='ocrx_word' id='word_1_714' title='bbox 2671 4163 3054 4233; x_wconf 75' lang='lat' dir='ltr'><strong>suprascripto.</strong></span> 
     </span>
    </p>
   </div>
   <div class='ocr_carea' id='block_1_104' title="bbox 2657 4295 3178 4353">
    <p class='ocr_par' dir='ltr' id='par_1_104' title="bbox 2657 4295 3178 4353">
     <span class='ocr_line' id='line_1_105' title="bbox 2657 4295 3178 4353; baseline -0.002 -2"><span class='ocrx_word' id='word_1_715' title='bbox 2657 4295 2990 4353; x_wconf 78' lang='lat' dir='ltr'><strong>EPISTOLA</strong></span> <span class='ocrx_word' id='word_1_716' title='bbox 3021 4299 3036 4329; x_wconf 87' lang='grc'>¹</span> <span class='ocrx_word' id='word_1_717' title='bbox 3069 4296 3178 4350; x_wconf 82' lang='lat' dir='ltr'><strong>VIII</strong></span> 
     </span>
    </p>
   </div>
   <div class='ocr_carea' id='block_1_105' title="bbox 2381 4403 3450 4446">
    <p class='ocr_par' dir='ltr' id='par_1_105' title="bbox 2381 4403 3450 4446">
     <span class='ocr_line' id='line_1_106' title="bbox 2381 4403 3450 4446; baseline 0.003 -4"><span class='ocrx_word' id='word_1_718' title='bbox 2381 4403 2627 4444; x_wconf 72' lang='lat' dir='ltr'><strong>SIIIPLICII</strong></span> <span class='ocrx_word' id='word_1_719' title='bbox 2666 4406 2733 4444; x_wconf 84' lang='grc' dir='ltr'><strong>ΑΙ)</strong></span> <span class='ocrx_word' id='word_1_720' title='bbox 2774 4406 3016 4445; x_wconf 70' lang='lat' dir='ltr'><strong>ZENONEI</strong></span> <span class='ocrx_word' id='word_1_721' title='bbox 3056 4406 3450 4446; x_wconf 70' lang='lat' dir='ltr'><strong>IMPERATORI-III.</strong></span> 
     </span>
    </p>
   </div>
   <div class='ocr_carea' id='block_1_106' title="bbox 2127 4479 3716 4551">
    <p class='ocr_par' dir='ltr' id='par_1_106' title="bbox 2127 4479 3716 4551">
     <span class='ocr_line' id='line_1_107' title="bbox 2127 4479 3716 4551; baseline 0.003 -17"><span class='ocrx_word' id='word_1_722' title='bbox 2127 4479 2431 4551; x_wconf 85' lang='lat' dir='ltr'><strong>Gratulatur</strong></span> <span class='ocrx_word' id='word_1_723' title='bbox 2467 4479 2514 4551; x_wconf 10' lang='lat' dir='ltr'><strong>rei</strong></span> <span class='ocrx_word' id='word_1_724' title='bbox 2551 4481 2614 4534; x_wconf 90' lang='lat' dir='ltr'><strong>de</strong></span> <span class='ocrx_word' id='word_1_725' title='bbox 2652 4492 2949 4551; x_wconf 79' lang='lat' dir='ltr'><strong>recuperato</strong></span> <span class='ocrx_word' id='word_1_726' title='bbox 2993 4484 3237 4550; x_wconf 84' lang='lat' dir='ltr'><strong>imperio,</strong></span> <span class='ocrx_word' id='word_1_727' title='bbox 3281 4483 3612 4551; x_wconf 78' lang='lat' dir='ltr'><strong>hortaturque</strong></span> <span class='ocrx_word' id='word_1_728' title='bbox 3657 4494 3716 4539; x_wconf 79' lang='lat' dir='ltr'><strong>ut</strong></span> 
     </span>
    </p>
   </div>
   <div class='ocr_carea' id='block_1_107' title="bbox 2193 4550 3716 4622">
    <p class='ocr_par' dir='ltr' id='par_1_107' title="bbox 2193 4550 3716 4622">
     <span class='ocr_line' id='line_1_108' title="bbox 2193 4550 3716 4622; baseline 0.003 -19"><span class='ocrx_word' id='word_1_729' title='bbox 2193 4550 2599 4622; x_wconf 74' lang='lat' dir='ltr'><strong>Alexandrinum</strong></span> <span class='ocrx_word' id='word_1_730' title='bbox 2629 4550 2920 4622; x_wconf 79' lang='lat' dir='ltr'><strong>episcopum</strong></span> <span class='ocrx_word' id='word_1_731' title='bbox 2950 4555 3060 4606; x_wconf 83' lang='lat' dir='ltr'><strong>sedi</strong></span> <span class='ocrx_word' id='word_1_732' title='bbox 3087 4569 3194 4606; x_wconf 71' lang='lat' dir='ltr'><strong>sua:</strong></span> <span class='ocrx_word' id='word_1_733' title='bbox 3218 4555 3468 4616; x_wconf 79' lang='lat' dir='ltr'><strong>restituat,</strong></span> <span class='ocrx_word' id='word_1_734' title='bbox 3504 4550 3547 4604; x_wconf 86' lang='lat' dir='ltr'><strong>et</strong></span> <span class='ocrx_word' id='word_1_735' title='bbox 3581 4553 3716 4607; x_wconf 74' lang='lat' dir='ltr'><strong>Leo-</strong></span> 
     </span>
    </p>
   </div>
   <div class='ocr_carea' id='block_1_108' title="bbox 2192 4621 3711 4694">
    <p class='ocr_par' dir='ltr' id='par_1_108' title="bbox 2192 4621 3711 4694">
     <span class='ocr_line' id='line_1_109' title="bbox 2192 4621 3711 4694; baseline 0.003 -19"><span class='ocrx_word' id='word_1_736' title='bbox 2192 4623 2294 4688; x_wconf 87' lang='lat' dir='ltr'><strong>nis,</strong></span> <span class='ocrx_word' id='word_1_737' title='bbox 2331 4631 2375 4675; x_wconf 82' lang='lat' dir='ltr'><strong>et</strong></span> <span class='ocrx_word' id='word_1_738' title='bbox 2404 4621 2834 4676; x_wconf 79' lang='lat' dir='ltr'><strong>Chalcedonensis</strong></span> <span class='ocrx_word' id='word_1_739' title='bbox 2860 4624 3060 4677; x_wconf 87' lang='lat' dir='ltr'><strong>concilii</strong></span> <span class='ocrx_word' id='word_1_740' title='bbox 3083 4625 3285 4677; x_wconf 85' lang='lat' dir='ltr'><strong>decreta</strong></span> <span class='ocrx_word' id='word_1_741' title='bbox 3312 4624 3500 4677; x_wconf 77' lang='lat' dir='ltr'><strong>seruari</strong></span> <span class='ocrx_word' id='word_1_742' title='bbox 3529 4625 3711 4694; x_wconf 79' lang='lat' dir='ltr'><strong>faciat.</strong></span> 
     </span>
    </p>
   </div>
   <div class='ocr_carea' id='block_1_109' title="bbox 2337 4735 3490 4807">
    <p class='ocr_par' dir='ltr' id='par_1_109' title="bbox 2337 4735 3490 4807">
     <span class='ocr_line' id='line_1_110' title="bbox 2337 4735 3490 4807; baseline 0 -15"><span class='ocrx_word' id='word_1_743' title='bbox 2337 4735 2644 4807; x_wconf 88' lang='lat' dir='ltr'><strong>Simplicius</strong></span> <span class='ocrx_word' id='word_1_744' title='bbox 2671 4737 2957 4807; x_wconf 84' lang='lat' dir='ltr'><strong>episcopus</strong></span> <span class='ocrx_word' id='word_1_745' title='bbox 2993 4737 3196 4792; x_wconf 84' lang='lat' dir='ltr'><strong>Zenoni</strong></span> <span class='ocrx_word' id='word_1_746' title='bbox 3227 4739 3490 4806; x_wconf 81' lang='lat' dir='ltr'><strong>Augusto.</strong></span> 
     </span>
    </p>
   </div>
   <div class='ocr_carea' id='block_1_110' title="bbox 2195 4827 3710 4900">
    <p class='ocr_par' dir='ltr' id='par_1_110' title="bbox 2195 4827 3710 4900">
     <span class='ocr_line' id='line_1_111' title="bbox 2195 4827 3710 4900; baseline 0.002 -18"><span class='ocrx_word' id='word_1_747' title='bbox 2195 4828 2339 4884; x_wconf 80' lang='lat' dir='ltr'><strong>Inter</strong></span> <span class='ocrx_word' id='word_1_748' title='bbox 2365 4842 2530 4898; x_wconf 90' lang='lat' dir='ltr'><strong>opera</strong></span> <span class='ocrx_word' id='word_1_749' title='bbox 2564 4827 2758 4883; x_wconf 71' lang='lat' dir='ltr'><strong>divina:</strong></span> <span class='ocrx_word' id='word_1_750' title='bbox 2795 4828 3180 4898; x_wconf 58' lang='lat' dir='ltr'><strong>providentiae,</strong></span> <span class='ocrx_word' id='word_1_751' title='bbox 3210 4845 3329 4900; x_wconf 68' lang='lat' dir='ltr'><strong>qua</strong></span> <span class='ocrx_word' id='word_1_752' title='bbox 3371 4830 3456 4899; x_wconf 91' lang='lat' dir='ltr'><strong>pia</strong></span> <span class='ocrx_word' id='word_1_753' title='bbox 3487 4845 3710 4900; x_wconf 88' lang='lat' dir='ltr'><strong>semper</strong></span> 
     </span>
    </p>
   </div>
   <div class='ocr_carea' id='block_1_111' title="bbox 2122 4985 3706 5057">
    <p class='ocr_par' dir='ltr' id='par_1_111' title="bbox 2122 4985 3706 5057">
     <span class='ocr_line' id='line_1_112' title="bbox 2122 4985 3706 5057; baseline 0.001 -16"><span class='ocrx_word' id='word_1_754' title='bbox 2122 4996 2322 5057; x_wconf 74' lang='lat' dir='ltr'><strong>sancta:</strong></span> <span class='ocrx_word' id='word_1_755' title='bbox 2351 4985 2760 5057; x_wconf 80' lang='lat' dir='ltr'><strong>protomartyris</strong></span> <span class='ocrx_word' id='word_1_756' title='bbox 2784 4986 3021 5048; x_wconf 60' lang='lat' dir='ltr'><strong>Thecla,</strong></span> <span class='ocrx_word' id='word_1_757' title='bbox 3047 4986 3184 5041; x_wconf 74' lang='lat' dir='ltr'><strong>devii</strong></span> <span class='ocrx_word' id='word_1_758' title='bbox 3205 4995 3258 5040; x_wconf 91' lang='lat' dir='ltr'><strong>to</strong></span> <span class='ocrx_word' id='word_1_759' title='bbox 3283 4996 3509 5057; x_wconf 80' lang='lat' dir='ltr'><strong>tyranno</strong></span> <span class='ocrx_word' id='word_1_760' title='bbox 3536 4988 3600 5041; x_wconf 88' lang='lat' dir='ltr'><strong>ad</strong></span> <span class='ocrx_word' id='word_1_761' title='bbox 3625 4987 3706 5041; x_wconf 84' lang='lat' dir='ltr'><strong>fa-</strong></span> 
     </span>
    </p>
   </div>
   <div class='ocr_carea' id='block_1_112' title="bbox 2123 5056 3706 5126">
    <p class='ocr_par' dir='ltr' id='par_1_112' title="bbox 2123 5056 3706 5126">
     <span class='ocr_line' id='line_1_113' title="bbox 2123 5056 3706 5126; baseline 0.004 -18"><span class='ocrx_word' id='word_1_762' title='bbox 2123 5071 2242 5112; x_wconf 88' lang='lat' dir='ltr'><strong>sces</strong></span> <span class='ocrx_word' id='word_1_763' title='bbox 2272 5056 2484 5123; x_wconf 67' lang='lat' dir='ltr'><strong>imterii</strong></span> <span class='ocrx_word' id='word_1_764' title='bbox 2529 5056 2707 5123; x_wconf 88' lang='lat' dir='ltr'><strong>rediit,</strong></span> <span class='ocrx_word' id='word_1_765' title='bbox 2755 5063 3057 5125; x_wconf 85' lang='lat' dir='ltr'><strong>scriptaque</strong></span> <span class='ocrx_word' id='word_1_766' title='bbox 3091 5057 3268 5111; x_wconf 90' lang='lat' dir='ltr'><strong>statim</strong></span> <span class='ocrx_word' id='word_1_767' title='bbox 3299 5056 3363 5110; x_wconf 86' lang='lat' dir='ltr'><strong>ad</strong></span> <span class='ocrx_word' id='word_1_768' title='bbox 3395 5059 3706 5126; x_wconf 81' lang='lat' dir='ltr'><strong>pontiﬁcem</strong></span> 
     </span>
    </p>
   </div>
   <div class='ocr_carea' id='block_1_113' title="bbox 2121 5127 3705 5198">
    <p class='ocr_par' dir='ltr' id='par_1_113' title="bbox 2121 5127 3705 5198">
     <span class='ocr_line' id='line_1_114' title="bbox 2121 5127 3705 5198; baseline 0.003 -19"><span class='ocrx_word' id='word_1_769' title='bbox 2121 5127 2458 5198; x_wconf 63' lang='lat' dir='ltr'><strong>Simplicium</strong></span> <span class='ocrx_word' id='word_1_770' title='bbox 2482 5128 2731 5198; x_wconf 84' lang='lat' dir='ltr'><strong>epistola,</strong></span> <span class='ocrx_word' id='word_1_771' title='bbox 2759 5128 3075 5181; x_wconf 69' lang='lat' dir='ltr'><strong>orshodoxm</strong></span> <span class='ocrx_word' id='word_1_772' title='bbox 3120 5128 3239 5182; x_wconf 87' lang='lat' dir='ltr'><strong>lidei</strong></span> <span class='ocrx_word' id='word_1_773' title='bbox 3267 5129 3545 5181; x_wconf 69' lang='lat' dir='ltr'><strong>catholicas</strong></span> <span class='ocrx_word' id='word_1_774' title='bbox 3575 5145 3705 5198; x_wconf 80' lang='lat' dir='ltr'><strong>pro-</strong></span> 
     </span>
    </p>
   </div>
   <div class='ocr_carea' id='block_1_114' title="bbox 2120 5195 3704 5267">
    <p class='ocr_par' dir='ltr' id='par_1_114' title="bbox 2120 5195 3704 5267">
     <span class='ocr_line' id='line_1_115' title="bbox 2120 5195 3704 5267; baseline 0.003 -17"><span class='ocrx_word' id='word_1_775' title='bbox 2120 5195 2407 5251; x_wconf 78' lang='lat' dir='ltr'><strong>iessionem</strong></span> <span class='ocrx_word' id='word_1_776' title='bbox 2438 5195 2833 5265; x_wconf 80' lang='lat' dir='ltr'><strong>integerrimatn</strong></span> <span class='ocrx_word' id='word_1_777' title='bbox 2882 5198 3066 5251; x_wconf 89' lang='lat' dir='ltr'><strong>edidit.</strong></span> <span class='ocrx_word' id='word_1_778' title='bbox 3106 5199 3274 5262; x_wconf 86' lang='lat' dir='ltr'><strong>Quam</strong></span> <span class='ocrx_word' id='word_1_779' title='bbox 3307 5213 3426 5252; x_wconf 88' lang='lat' dir='ltr'><strong>cum</strong></span> <span class='ocrx_word' id='word_1_780' title='bbox 3461 5195 3704 5267; x_wconf 76' lang='lat' dir='ltr'><strong>pontifex</strong></span> 
     </span>
    </p>
   </div>
   <div class='ocr_carea' id='block_1_115' title="bbox 2120 5267 3707 5338">
    <p class='ocr_par' dir='ltr' id='par_1_115' title="bbox 2120 5267 3707 5338">
     <span class='ocr_line' id='line_1_116' title="bbox 2120 5267 3707 5338; baseline 0.003 -19"><span class='ocrx_word' id='word_1_781' title='bbox 2120 5282 2311 5338; x_wconf 86' lang='lat' dir='ltr'><strong>magno</strong></span> <span class='ocrx_word' id='word_1_782' title='bbox 2338 5282 2459 5321; x_wconf 92' lang='lat' dir='ltr'><strong>cum</strong></span> <span class='ocrx_word' id='word_1_783' title='bbox 2507 5267 3060 5338; x_wconf 7' lang='lat' dir='ltr'><strong>gaudioaccepisset,’</strong></span> <span class='ocrx_word' id='word_1_784' title='bbox 3101 5267 3238 5322; x_wconf 90' lang='lat' dir='ltr'><strong>hanc</strong></span> <span class='ocrx_word' id='word_1_785' title='bbox 3283 5267 3356 5322; x_wconf 92' lang='lat' dir='ltr'><strong>illi</strong></span> <span class='ocrx_word' id='word_1_786' title='bbox 3411 5269 3707 5338; x_wconf 85' lang='lat' dir='ltr'><strong>gratulato-</strong></span> 
     </span>
    </p>
   </div>
   <div class='ocr_carea' id='block_1_116' title="bbox 2120 5335 3702 5406">
    <p class='ocr_par' dir='ltr' id='par_1_116' title="bbox 2120 5335 3702 5406">
     <span class='ocr_line' id='line_1_117' title="bbox 2120 5335 3702 5406; baseline 0.003 -15"><span class='ocrx_word' id='word_1_787' title='bbox 2120 5337 2254 5391; x_wconf 88' lang='lat' dir='ltr'><strong>riam</strong></span> <span class='ocrx_word' id='word_1_788' title='bbox 2283 5335 2562 5406; x_wconf 86' lang='lat' dir='ltr'><strong>epistolam</strong></span> <span class='ocrx_word' id='word_1_789' title='bbox 2595 5335 2842 5401; x_wconf 90' lang='lat' dir='ltr'><strong>reddidit,</strong></span> <span class='ocrx_word' id='word_1_790' title='bbox 2884 5350 2988 5405; x_wconf 90' lang='lat' dir='ltr'><strong>qua</strong></span> <span class='ocrx_word' id='word_1_791' title='bbox 3033 5337 3100 5392; x_wconf 91' lang='lat' dir='ltr'><strong>de</strong></span> <span class='ocrx_word' id='word_1_792' title='bbox 3129 5335 3448 5406; x_wconf 85' lang='lat' dir='ltr'><strong>recuperato</strong></span> <span class='ocrx_word' id='word_1_793' title='bbox 3479 5354 3573 5405; x_wconf 90' lang='lat' dir='ltr'><strong>per</strong></span> <span class='ocrx_word' id='word_1_794' title='bbox 3603 5339 3702 5395; x_wconf 88' lang='lat' dir='ltr'><strong>Dei</strong></span> 
     </span>
    </p>
   </div>
   <div class='ocr_carea' id='block_1_117' title="bbox 2111 5407 3704 5476">
    <p class='ocr_par' dir='ltr' id='par_1_117' title="bbox 2111 5407 3704 5476">
     <span class='ocr_line' id='line_1_118' title="bbox 2111 5407 3704 5476; baseline 0.002 -16"><span class='ocrx_word' id='word_1_795' title='bbox 2111 5409 2334 5475; x_wconf 85' lang='lat' dir='ltr'><strong>gratiam</strong></span> <span class='ocrx_word' id='word_1_796' title='bbox 2369 5409 2595 5474; x_wconf 89' lang='lat' dir='ltr'><strong>Imperio</strong></span> <span class='ocrx_word' id='word_1_797' title='bbox 2635 5407 2684 5461; x_wconf 89' lang='lat' dir='ltr'><strong>ei</strong></span> <span class='ocrx_word' id='word_1_798' title='bbox 2727 5407 3149 5476; x_wconf 85' lang='lat' dir='ltr'><strong>congratulatur,</strong></span> <span class='ocrx_word' id='word_1_799' title='bbox 3177 5421 3230 5462; x_wconf 87' lang='lat' dir='ltr'><strong>et</strong></span> <span class='ocrx_word' id='word_1_800' title='bbox 3259 5417 3336 5471; x_wconf 83' lang='lat' dir='ltr'><strong>ut.</strong></span> <span class='ocrx_word' id='word_1_801' title='bbox 3371 5417 3552 5463; x_wconf 87' lang='lat' dir='ltr'><strong>amoto</strong></span> <span class='ocrx_word' id='word_1_802' title='bbox 3579 5412 3704 5464; x_wconf 85' lang='lat' dir='ltr'><strong>vio-</strong></span> 
     </span>
    </p>
   </div>
   <div class='ocr_carea' id='block_1_118' title="bbox 2113 5477 3706 5540">
    <p class='ocr_par' dir='ltr' id='par_1_118' title="bbox 2113 5477 3706 5540">
     <span class='ocr_line' id='line_1_119' title="bbox 2113 5477 3706 5540; baseline 0.003 -10"><span class='ocrx_word' id='word_1_803' title='bbox 2113 5477 2257 5530; x_wconf 87' lang='lat' dir='ltr'><strong>Iento</strong></span> <span class='ocrx_word' id='word_1_804' title='bbox 2278 5479 2525 5531; x_wconf 79' lang='lat' dir='ltr'><strong>invasere</strong></span> <span class='ocrx_word' id='word_1_805' title='bbox 2548 5477 2850 5540; x_wconf 84' lang='lat' dir='ltr'><strong>Timotheo,</strong></span> <span class='ocrx_word' id='word_1_806' title='bbox 2888 5492 3072 5532; x_wconf 68' lang='lat' dir='ltr'><strong>verum</strong></span> <span class='ocrx_word' id='word_1_807' title='bbox 3102 5479 3480 5533; x_wconf 73' lang='lat' dir='ltr'><strong>Alexandrintc</strong></span> <span class='ocrx_word' id='word_1_808' title='bbox 3507 5481 3706 5534; x_wconf 82' lang='lat' dir='ltr'><strong>Eccle-</strong></span> 
     </span>
    </p>
   </div>
   <div class='ocr_carea' id='block_1_119' title="bbox 2112 5548 3702 5616">
    <p class='ocr_par' dir='ltr' id='par_1_119' title="bbox 2112 5548 3702 5616">
     <span class='ocr_line' id='line_1_120' title="bbox 2112 5548 3702 5616; baseline 0.003 -16"><span class='ocrx_word' id='word_1_809' title='bbox 2112 5550 2204 5602; x_wconf 73' lang='lat' dir='ltr'><strong>sia:</strong></span> <span class='ocrx_word' id='word_1_810' title='bbox 2232 5549 2527 5604; x_wconf 89' lang='lat' dir='ltr'><strong>antistitem</strong></span> <span class='ocrx_word' id='word_1_811' title='bbox 2559 5548 2893 5601; x_wconf 82' lang='lat' dir='ltr'><strong>exsulantem</strong></span> <span class='ocrx_word' id='word_1_812' title='bbox 2927 5550 3040 5603; x_wconf 88' lang='lat' dir='ltr'><strong>sedi</strong></span> <span class='ocrx_word' id='word_1_813' title='bbox 3079 5565 3189 5602; x_wconf 74' lang='lat' dir='ltr'><strong>sua:</strong></span> <span class='ocrx_word' id='word_1_814' title='bbox 3221 5552 3483 5616; x_wconf 79' lang='lat' dir='ltr'><strong>restituat,</strong></span> <span class='ocrx_word' id='word_1_815' title='bbox 3515 5552 3702 5604; x_wconf 61' lang='lat' dir='ltr'><strong>horta-</strong></span> 
     </span>
    </p>
   </div>
   <div class='ocr_carea' id='block_1_120' title="bbox 2111 5619 3701 5688">
    <p class='ocr_par' dir='ltr' id='par_1_120' title="bbox 2111 5619 3701 5688">
     <span class='ocr_line' id='line_1_121' title="bbox 2111 5619 3701 5688; baseline 0.002 -18"><span class='ocrx_word' id='word_1_816' title='bbox 2111 5627 2212 5671; x_wconf 92' lang='lat' dir='ltr'><strong>tur.</strong></span> <span class='ocrx_word' id='word_1_817' title='bbox 2247 5619 2466 5672; x_wconf 87' lang='lat' dir='ltr'><strong>Invasor</strong></span> <span class='ocrx_word' id='word_1_818' title='bbox 2492 5621 2657 5680; x_wconf 88' lang='lat' dir='ltr'><strong>sedis,</strong></span> <span class='ocrx_word' id='word_1_819' title='bbox 2691 5620 2904 5688; x_wconf 77' lang='lat' dir='ltr'><strong>Cognito</strong></span> <span class='ocrx_word' id='word_1_820' title='bbox 2936 5621 3049 5673; x_wconf 87' lang='lat' dir='ltr'><strong>zelo</strong></span> <span class='ocrx_word' id='word_1_821' title='bbox 3081 5623 3316 5685; x_wconf 67' lang='lat' dir='ltr'><strong>imperatu</strong></span> <span class='ocrx_word' id='word_1_822' title='bbox 3343 5623 3436 5685; x_wconf 70' lang='lat' dir='ltr'><strong>ris,</strong></span> <span class='ocrx_word' id='word_1_823' title='bbox 3466 5636 3568 5674; x_wconf 87' lang='lat' dir='ltr'><strong>non</strong></span> <span class='ocrx_word' id='word_1_824' title='bbox 3602 5636 3701 5675; x_wconf 72' lang='lat' dir='ltr'><strong>ex-</strong></span> 
     </span>
    </p>
   </div>
   <div class='ocr_carea' id='block_1_121' title="bbox 2107 5689 3696 5760">
    <p class='ocr_par' dir='ltr' id='par_1_121' title="bbox 2107 5689 3696 5760">
     <span class='ocr_line' id='line_1_122' title="bbox 2107 5689 3696 5760; baseline 0.002 -21"><span class='ocrx_word' id='word_1_825' title='bbox 2107 5699 2357 5755; x_wconf 82' lang='lat' dir='ltr'><strong>spectans</strong></span> <span class='ocrx_word' id='word_1_826' title='bbox 2405 5690 2723 5743; x_wconf 83' lang='lat' dir='ltr'><strong>sententiam</strong></span> <span class='ocrx_word' id='word_1_827' title='bbox 2768 5689 2986 5758; x_wconf 85' lang='lat' dir='ltr'><strong>judicis,</strong></span> <span class='ocrx_word' id='word_1_828' title='bbox 3045 5693 3233 5760; x_wconf 81' lang='lat' dir='ltr'><strong>aptavit</strong></span> <span class='ocrx_word' id='word_1_829' title='bbox 3298 5692 3394 5743; x_wconf 70' lang='lat' dir='ltr'><strong>tibi</strong></span> <span class='ocrx_word' id='word_1_830' title='bbox 3447 5701 3696 5756; x_wconf 79' lang='lat' dir='ltr'><strong>mortem,</strong></span> 
     </span>
    </p>
   </div>
   <div class='ocr_carea' id='block_1_122' title="bbox 2108 5760 3696 5836">
    <p class='ocr_par' dir='ltr' id='par_1_122' title="bbox 2108 5760 3696 5836">
     <span class='ocr_line' id='line_1_123' title="bbox 2108 5760 3696 5836; baseline 0.001 -25"><span class='ocrx_word' id='word_1_831' title='bbox 2108 5760 2274 5828; x_wconf 88' lang='lat' dir='ltr'><strong>inquit</strong></span> <span class='ocrx_word' id='word_1_832' title='bbox 2306 5760 2583 5814; x_wconf 84' lang='lat' dir='ltr'><strong>Liberatus</strong></span> <span class='ocrx_word' id='word_1_833' title='bbox 2613 5761 2727 5828; x_wconf 87' lang='lat' dir='ltr'><strong>capi</strong></span> <span class='ocrx_word' id='word_1_834' title='bbox 2758 5776 2788 5814; x_wconf 90' lang='lat' dir='ltr'><strong>e</strong></span> <span class='ocrx_word' id='word_1_835' title='bbox 2820 5761 3027 5814; x_wconf 87' lang='lat' dir='ltr'><strong>decimo</strong></span> <span class='ocrx_word' id='word_1_836' title='bbox 3054 5771 3231 5825; x_wconf 64' lang='lat' dir='ltr'><strong>sexto,</strong></span> <span class='ocrx_word' id='word_1_837' title='bbox 3273 5773 3320 5816; x_wconf 83' lang='lat' dir='ltr'><strong>et</strong></span> <span class='ocrx_word' id='word_1_838' title='bbox 3351 5763 3489 5815; x_wconf 86' lang='lat' dir='ltr'><strong>istud</strong></span> <span class='ocrx_word' id='word_1_839' title='bbox 3516 5777 3696 5836; x_wconf 80' lang='lat' dir='ltr'><strong>perse-</strong></span> 
     </span>
    </p>
   </div>
  </div>
