4086 6328
285 327 352 384 45
1623 311 1859 372 EPISTO

1996 309 2103 365 Vill
3457 307 3527 366 46

285 447 336 493 et
351 437 500 506 'justa
526 437 682 496 sunt,
710 427 908 484 nostris
946 441 1156 498 quoque
1197 422 1526 495 temporibus
1553 424 1728 494 eloqui
1762 437 1855 492 po—
1879 427 1934 488 Α
1959 435 2073 476 ram
2097 419 2254 492 longe
2284 421 2489 491 potiora
2517 437 2675 493 quam
2701 421 2860 495 cupio
2893 441 2904 475 :
2935 423 3030 481 sed
3059 426 3161 482 mei
3181 433 3384 482 memor
3410 425 3530 483 ofﬁ-

286 527 478 584 tentias
502 523 711 579 Domini
743 522 827 576 vix
857 521 1108 591 quatlibet
1139 519 1367 572 humana
1397 518 1575 588 lingua
1603 517 1851 572 sufﬁciet.

285 619 413 687 Quis
457 616 654 672 etenim
702 614 877 668 valeat
920 614 1003 666 vel
1045 611 1365 680 cogitatione
1407 612 1720 680 comp3ecti,
1755 610 1854 666 -νει

284 726 411 766 voce
441 709 781 778 depromere,
809 703 950 773 quod
978 705 1028 758 in
1058 704 1173 774 ipso
1199 704 1473 773 utriusque
1503 704 1576 757 rei
1611 703 1856 757 laboran-

285 805 350 860 tis
377 801 608 856 articqu
634 807 688 855 et
712 799 848 852 votis
892 796 1116 866 publicis
1145 797 1414 866 religionis
1443 806 1642 850 sanctas
1684 795 1858 850 :eJdi-

282 895 359 951 dit
385 908 481 948 vos
514 889 710 962 quieti,
748 888 849 944 nisi
882 887 1021 958 quod
1072 888 1200 941 tanti
1239 887 1667 942 consideratione
1697 888 1857 941 mira-

283 988 386 1043 culi
416 982 754 1042 clamandum
777 991 862 1035 est
891 996 1012 1035 cum
1044 980 1302 1050 propheta
1331 997 1343 1033 :
1377 978 1506 1033 Htec
1533 989 1605 1034 est
1645 982 1857 1034 mutatio

283 1080 504 1134 dextera
532 1074 716 1128 excelsi
748 1071 920 1141 (Psal.
951 1071 1160 1141 Lxxvt),
1191 1085 1309 1142 quas
1334 1071 1631 1126 exaltantes
1661 1083 1857 1128 semet-

281 1171 430 1239 ipsos
459 1173 706 1236 potenter
731 1163 994 1228 humiliat,
1027 1171 1082 1216 et
1111 1160 1454 1218 ttumiliantes
1484 1176 1541 1216 se
1565 1163 1858 1221 clementer

281 1259 526 1318 exaltat?
566 1256 623 1313 In
664 1257 856 1327 quibus
891 1255 1050 1310 etiam
1086 1254 1132 1309 si
1165 1254 1576 1323 dispensationis
1613 1271 1860 1323 supernae

283 1353 527 1426 sagacius
555 1363 807 1406 mensura
845 1347 1088 1413 libretur,
1131 1346 1369 1417 profecto
1398 1346 1673 1404 evidenter
1700 1363 1863 1418 appa-

281 1455 400 1513 ret,
443 1445 567 1500 ideo
597 1441 919 1514 perﬁdorum
965 1440 1246 1508 irrepsisse
1291 1439 1576 1510 perniciem
1597 1482 1611 1507 ,
1643 1449 1701 1496 ut
1731 1440 1862 1496 ﬁdes

279 1536 580 1594 clementia:
642 1543 747 1588 tute
806 1531 966 1586 etiam
1029 1531 1169 1585 inter
1231 1529 1455 1584 adversa
1512 1529 1858 1599 probaretur;

285 1637 595 1699 quantoque
640 1625 808 1693 magis
853 1622 1013 1678 rebus
1057 1621 1231 1690 urgeri
1276 1619 1583 1676 crederetur
1620 1619 1858 1687 infestis,

280 1731 425 1776 tanta
460 1719 654 1774 clarius
679 1726 852 1771 vestra
881 1713 1290 1784 magnanimitas
1318 1710 1621 1767 immineret
1657 1728 1672 1766 :
1705 1722 1863 1782 atque

1957 515 2046 582 cli,
2081 514 2133 569 in
2159 514 2296 571 hanc
2325 525 2526 586 partem
2556 517 2892 572 clementiam
2920 528 3062 573 tuam
3091 517 3212 574 ideo
3241 519 3527 589 prolixiore

1958 603 2143 660 hortor
2189 606 2445 675 alloquio,
2497 608 2618 680 quia
2661 609 2869 678 imperii
2900 610 2972 664 tui
3022 610 3221 680 pariter
3251 619 3306 665 et
3341 612 3529 666 salutis

1955 696 2170 760 aﬁ‘ectu,
2197 697 2302 752 illis
2345 707 2395 752 te
2431 698 2605 752 causis
2635 699 2898 755 inhaerere
2927 715 3138 771 semper
3163 700 3380 772 eiopto,
3410 703 3529 772 qui—

1958 789 2054 844 bus
2093 789 2225 844 sol'rs
2255 799 2308 843 et
2328 790 2614 858 .prtesentis
2646 793 2793 860 regni
2825 791 3085 847 stabilitas
3112 793 3446 854 custoditur,
3479 806 3531 847 ct

1959 880 2144 935 aeterni
2167 880 2335 951 gloria
2367 891 2726 950 comparatur.
2763 881 2913 936 Unde
2952 892 3076 938 ante
3106 884 3286 940 omnia
3316 899 3525 954 precer,

1960 980 2018 1024 ut
2059 972 2471 1027 Alexandrinam
2523 973 2816 1028 Ecclesiam
2875 989 2981 1028 non
3023 974 3196 1030 minus
3247 991 3277 1029 a
3324 957 3533 1032 funesto

1958 1076 2118 1132 quam
2163 1063 2232 1117 ab
2265 1063 2516 1118 haeretica
2544 1079 2828 1134 pervasere
2857 1065 3155 1120 clementia:
3194 1074 3388 1122 veStrae
3425 1068 3533 1122 dis—

1963 1159 2318 1228 positionibus
2349 1159 2625 1214 liberatam
2647 1203 2662 1228 ,
2693 1160 2962 1216 catholico
2999 1175 3062 1216 ac
3103 1156 3340 1232 legitimo
3379 1163 3533 1217 resti-

1961 1248 2035 1303 tui
2065 1249 2331 1304 censeatis
2357 1250 2615 1315 antistiti;
2659 1252 2844 1321 eisque
2883 1251 3045 1307 etiam
3073 1266 3207 1322 quos
3233 1251 3534 1308 temeritate

1961 1339 2223 1396 diabolica
2251 1341 2479 1398 ditersis
2518 1341 2760 1398 ecclesiis
2781 1341 3058 1397 ordinasse
3087 1340 3396 1412 perhibetur
3424 1342 3537 1411 eje-

1961 1433 2081 1498 ctis,
2116 1445 2274 1488 reetzc
2303 1433 2424 1488 fidei
2450 1433 2726 1503 subrogari
2753 1434 3090 1489 constituatis
3122 1434 3404 1504 episcopos
3434 1451 3449 1490 :
3479 1445 3536 1488 ut

1961 1525 2099 1579 sicut
2129 1524 2512 1595 rempublicam
2543 1535 2773 1580 vestram
2802 1540 2831 1580 a
2861 1526 3139 1598 tyrannica
3169 1524 3536 1582 dominatione

1966 1618 2258 1686 purgastis,
2291 1617 2363 1671 ita
2387 1617 2583 1689 ubique
2615 1617 2910 1673 Ecclesiam
2942 1618 3034 1674 Dei
3065 1617 3134 1671 ab
3163 1616 3536 1674 haereticorum

1965 1708 2259 1763 latrociniis
2315 1717 2474 1779 atque
2519 1709 2777 1780 contagiis
2831 1711 3068 1773 eruatis;
3116 1723 3217 1765 nec
3267 1709 3318 1764 id
3363 1709 3538 1780 potius

282 1812 347 1866 ob
401 1814 502 1865 hoc
549 1805 973 1864 mansuetudinis
1033 1814 1222 1860 vestr-.9
1266 1803 1334 1859 de
1375 1803 1860 1872 ConstantinOpoli-
1891 1801 1939 1863 Β
1967 1800 2261 1868 praevalere
2311 1799 2600 1870 patiamini,
2644 1800 2785 1870 quod
2831 1799 3083 1870 iniquitas
3129 1807 3452 1870 temporum,
3483 1809 3539 1855 et

287 1909 414 1954 tana
437 1899 564 1953 urbe
586 1897 897 1968 provenisse
921 1895 1235 1959 discessum,
1261 1904 1317 1947 ut
1338 1893 1700 1948 universorum
1722 1894 1861 1949 desi-

286 1991 451 2047 deriis
477 1987 730 2060 expetiti,
776 1987 941 2057 gloria
983 1985 1182 2054 majore
1214 1983 1494 2050 rediretis;
1543 1993 1600 2038 ut
1628 2000 1690 2040 ex
1732 1999 1861 2040 con-

281 2081 562 2137 trariorum
585 2079 859 2150 periculis,
884 2077 1024 2147 (luod
1063 2077 1116 2130 in
1148 2076 1299 2131 vobis
1327 2084 1471 2132 esset
1498 2076 1704 2130 cunctis
1732 2076 1860 2131 utile

275 2179 611 2228 nosceretur.
646 2169 911 2224 Davidica:
952 2166 1200 2222 nimirutn
1243 2165 1388 2221 illius
1420 2165 1631 2221 virtutis
1667 2180 1859 2220 erem-

273 2266 380 2334 plo,
429 2278 534 2333 qua
560 2262 815 2333 singulari
849 2260 1099 2332 patientia
1129 2259 1328 2314 cedens
1356 2259 1627 2328 paululum
1668 2258 1860 2313 furori-

273 2357 368 2410 bus
405 2354 714 2425 parricidae,
745 2353 1000 2408 continuo
1026 2351 1304 2405 victoriam
1345 2350 1656 2420 papulorum
1690 2350 1862 2420 preci-

270 2449 366 2502 bus
399 2447 722 2516 imploratos
755 2443 1127 2513 prtestantiore
1157 2442 1368 2513 lasrigio
1396 2452 1479 2498 est
1526 2458 1773 2499 reversus
1807 2445 1860 2498 in

270 2555 525 2610 regnum.
575 2537 781 2592 Laetare
824 2537 1002 2603 igitur,
1043 2534 1365 2590 venerabilis
1412 2535 1721 2603 imperator,
1767 2551 1860 2590 eos

270 2631 442 2687 fuisse
477 2639 594 2684 tuos
618 2628 802 2684 hostes
831 2629 921 2698 qui
944 2626 1267 2682 exstiterunt
1297 2625 1599 2681 Divinitatis
1626 2626 1858 2694 inimici;

269 2731 432 2793 atque
486 2720 656 2790 gaude
685 2733 805 2774 cum
853 2718 1093 2774 Ecclesia
1137 2717 1430 2783 laborasse,
1483 2727 1537 2773 et
1575 2732 1694 2773 cum
1739 2718 1859 2774 ﬁdei

268 2813 561 2869 catholica:
583 2812 828 2867 libertate
855 2810 1136 2880 imperium
1168 2809 1495 2874 restitutum,
1527 2817 1686 2879 atque
1725 2820 1779 2864 ut
1811 2811 1862 2865 in

269 2905 532 2962 erunibus
557 2903 754 2958 doceas
791 2915 1005 2956 causam
1036 2900 1130 2956 tibi
1158 2915 1277 2956 cum
1311 2899 1422 2956 Deo
1461 2914 1581 2956 esse
1618 2915 1864 2958 commu-

268 3013 420 3063 nem,
459 2996 615 3063 cujus
643 3008 744 3062 Ope
773 2993 999 3048 viriliter
1031 2992 1196 3048 fretus
1223 2991 1447 3055 insiste;
1496 3002 1550 3045 ut
1579 3007 1674 3062 per
1701 3010 1860 3063 quem

269 3092 526 3158 publicos
550 3088 892 3143 incubatores
917 3087 1143 3156 subegit,
1171 3087 1427 3142 Ecclesia:
1447 3100 1655 3155 quoque
1679 3086 1864 3158 depel-

1963 1906 2056 1947 eos
2086 1907 2218 1962 quos
2241 1907 2346 1948 non
2375 1892 2545 1949 solum
2579 1904 2760 1948 vestro
2791 1892 3037 1962 imperio,
3080 1893 3173 1949 sed
3204 1902 3258 1948 et
3287 1892 3340 1948 in
3368 1893 3538 1948 Deum

1961 1998 2173 2054 quoque
2212 1985 2423 2041 rebellis
2464 1984 2684 2055 spiritus
2727 1986 3046 2051 concitavit;
3089 2002 3247 2056 quam
3277 1986 3418 2056 quod
3460 1995 3538 2040 tot

1965 2078 2202 2147 tantique
2246 2078 2544 2147 Pontiﬁces,
2595 2088 2649 2133 et
2691 2093 2812 2133 cum
2854 2079 3085 2150 egregiis
3121 2079 3539 2148 orthodoxisque

1965 2168 2304 2235 pontiﬁcibus
2340 2168 2656 2223 universalis
2705 2157 2957 2224 Ecclesiae
2986 2169 3220 2225 decrevit
3262 2184 3536 2225 assensus.

1961 2257 2409 2314 (ihalcedoneusis
2433 2260 2624 2330 synodi
2663 2262 2976 2325 constituta,
3006 2262 3088 2315 vel
3127 2275 3191 2315 ea
3217 2276 3336 2332 quae
3367 2263 3539 2316 beatzn

1962 2348 2236 2404 memoria:
2277 2350 2642 2420 praedecessor
2687 2366 2837 2407 meus
2879 2351 2988 2408 Leo
3031 2353 3321 2422 apostolica
3355 2352 3539 2408 erudi-

1963 2441 2106 2497 tione
2149 2441 2445 2511 perdocuit,
2506 2443 2820 2499 intemerata
2878 2445 3058 2514 vigere
3103 2444 3370 2514 iubeatis;
3419 2446 3537 2513 quia

1964 2549 2061 2589 nec
2085 2534 2193 2588 ullo
2224 2535 2383 2590 modo
2412 2544 2610 2590 retract
2631 2537 2689 2590 .ri
2722 2545 2896 2606 potest
2926 2537 3066 2607 quod
3099 2537 3315 2595 illorutn
3347 2537 3539 2592 deﬁni-

1961 2626 2106 2681 tione
2147 2626 2376 2696 s0pitum
2413 2637 2518 2694 est,
2559 2644 2656 2683 nec
2686 2629 2952 2684 ullatenus
2985 2630 3149 2700 recipi
3197 2628 3392 2686 totiens
3436 2644 3541 2684 uno

1963 2717 2200 2786 undique
2241 2733 2335 2772 ore
2372 2718 2675 2775 damnatus.
2712 2720 2826 2788 Ipsa
2872 2731 2955 2775 est
3002 2722 3219 2792 quippe,
3269 2722 3402 2777 sicut
3437 2738 3542 2776 ex-

1964 2806 2100 2878 perti
2147 2809 2298 2874 estis,
2352 2810 2617 2864 catholica
2663 2809 2814 2878 ﬁdes,
2864 2828 2983 2882 qua:
3028 2823 3272 2883 potentes
3309 2813 3377 2868 de
3415 2814 3544 2869 sedo

1965 2898 2090 2954 lmsa
2122 2898 2392 2968 deposuit,
2419 2911 2472 2956 et
2505 2901 2820 2958 exaltaudos
2859 2902 3089 2965 humiles
3127 2904 3387 2959 custodita
3428 2920 3543 2960 ser-

1964 2992 2127 3045 vavit.
2162 2992 2344 3058 Quare
2386 2993 2517 3047 satis
2555 2994 2817 3063 agendum
2861 3005 2943 3050 cst
2984 2997 3164 3066 pietati
3213 3006 3338 3063 tute,
3371 3007 3425 3052 ut
3455 3001 3542 3067 qui

1968 3081 2125 3150 hujus
2154 3082 2247 3137 tibi
2273 3093 2459 3138 auctor
2485 3092 2568 3138 est
2591 3083 2737 3151 doni,
2777 3086 2847 3138 sit
2876 3084 2992 3155 ipse
3018 3086 3177 3140 etiam
3205 3096 3544 3156 propagator.

269 3189 342 3240 lat
375 3196 665 3257 tyrannos.
698 3182 848 3237 Sicut
877 3181 1019 3235 enim
1055 3178 1222 3248 pietas
1256 3188 1433 3233 vestra
1469 3179 1657 3234 merito
1683 3189 1858 3236 recte-
1889 3181 1935 3244 C
1967 3172 2094 3227 Data
2128 3184 2319 3229 octavo
2364 3175 2453 3246 (al.
2487 3173 2726 3248 septimo]
2779 3176 2899 3232 idus
2937 3176 3187 3232 Octobris
3216 3179 3378 3249 (anno
3413 3178 3541 3234 Chr.

269 3292 376 3344 que
408 3273 652 3341 conﬁdit,
691 3274 783 3329 illo
813 3288 909 3330 nos
941 3282 1180 3339 tempore
1221 3270 1350 3325 nihil
1382 3269 1523 3326 aliud
1568 3271 1734 3326 Deum
1768 3289 1866 3328 no-

268 3380 448 3424 strum
481 3367 792 3436 suppliciter
819 3364 1153 3433 implorasse,
1185 3378 1343 3431 quam
1375 3371 1432 3416 ut
1454 3362 1608 3416 nobis
1638 3361 1863 3419 Romani

269 3458 495 3527 itnperii
541 3458 796 3527 prmsules
836 3457 1021 3527 quales
1069 3471 1207 3509 nunc
1239 3454 1527 3524 loquimur,
1569 3455 1861 3510 reddi-ren-

266 3562 398 3614 tur;
447 3549 517 3602 ita
563 3548 859 3616 exspectari
903 3547 1102 3612 cernis,
1148 3556 1207 3600 ut
1257 3545 1561 3614 hujusmodi
1616 3561 1712 3601 vos
1746 3563 1866 3607 esse

266 3648 529 3713 ipsorum
585 3652 795 3694 actuum
852 3640 1111 3712 qualitate
1171 3642 1502 3697 monstrctis.
1562 3641 1862 3708 ltespicite,

264 3750 494 3805 quaeso,
545 3741 782 3802 augustae
839 3730 1111 3788 memoria:
1166 3731 1417 3788 Marciani
1465 3741 1626 3802 atque
1674 3731 1868 3787 Leonis

263 3828 427 3884 onmi
481 3824 679 3878 mundo
727 3823 1068 3891 conspicuam
1118 3821 1377 3877 catholica
1416 3822 1700 3879 devotione
1740 3837 1868 3880 con-

263 3917 535 3976 stantiam
562 3932 576 3980 ;
600 3924 651 3970 et
679 3915 878 3969 salubri
913 3913 1346 3969 consideratione
1376 3915 1708 3984 perpendite,
1741 3931 1862 3970 cum

265 4014 321 4066 in
358 4007 562 4065 eodem
589 4006 708 4061 loco
737 4013 882 4060 stare
902 4004 1243 4075 nequiverint
1271 4003 1361 4074 qui
1391 4005 1458 4060 ab
1493 4020 1677 4061 eorum
1709 4005 1868 4061 recti-

267 4102 472 4158 tudine
497 4098 798 4162 deviarunt,
837 4111 1202 4151 successorem
1244 4096 1404 4166 regia:
1432 4096 1710 4165 potestatis
1735 4095 1867 4167 legi-

265 4195 502 4253 timum,
529 4204 589 4244 ac
615 4189 873 4245 divinitus
908 4188 1218 4245 attributum
1248 4203 1370 4243 eum
1396 4187 1510 4243 lore
1541 4187 1656 4244 sine
1680 4189 1862 4258 dubio,

265 4290 360 4357 qui
395 4285 620 4340 illorum
653 4281 774 4338 ﬁdei
809 4281 1106 4352 perstiterit
1145 4280 1400 4336 imitator.
1433 4280 1626 4346 Debes,
1669 4281 1867 4352 glorio-

267 4365 499 4435 sissime
522 4382 578 4428 et
603 4372 1017 4429 clementissime
1047 4371 1122 4428 ﬁli
1154 4373 1462 4443 imperator,
1491 4381 1730 4442 augustae
1755 4389 1892 4428 mer

265 4470 470 4528 marite
503 4473 770 4522 tantorum
793 4464 1024 4519 virorum
1054 4463 1343 4534 taliumque
1363 4464 1741 4532 reverentiam,
1773 4465 1868 4520 de-

1966 3266 2094 3336 477)
2125 3277 2244 3336 post
2273 3268 2606 3324 consulatum
2639 3268 2878 3324 Basilisci
2909 3277 2963 3324 et
2997 3269 3225 3327 Armati.

2584 3402 2911 3461 EPISTULA

2324 3535 2495 3574 MSAC"
2525 3536 2590 3574 AD
2625 3534 2920 3576 εικριιςιωι
2950 3537 3119 3576 ΡΑΡΑΜ
3139 3533 3186 3577 ⁸.

1971 3629 2294 3698 Simplicium
2334 3632 2396 3684 de
2434 3632 2798 3684 Alexandrinae
2826 3631 3072 3686 Ecclesite
3113 3644 3248 3686 statu
3285 3636 3545 3691 certiorem

2044 3701 2188 3768 fecit,
2220 3703 2441 3753 scribens
2485 3703 2544 3753 ob
2582 3701 2836 3755 Timothei
2864 3702 3087 3756 haeretici
3138 3716 3370 3768 mortem,
3405 3705 3548 3760 Petri

2043 3767 2225 3846 M099}:
2247 3771 2476 3846 eiusdem
2529 3770 2770 3846 Ecclesia:
2817 3772 3182 3846 pertergetoris
3215 3767 3412 3846 regem,
3455 3794 3549 3845 pa-

2039 3856 2146 3893 cem
2179 3839 2424 3896 Ecclesia:
2449 3843 2701 3895 redditam
2725 3839 2850 3908 esse,
2879 3857 2940 3896 at:
2972 3839 3294 3899 Timotheum
3311 3839 3418 3900 suae
3439 3839 3549 3902 sedi

2040 3911 2342 3965 restitutum.

1970 4022 2198 4078 Domino
2230 4025 2550 4102 beatissimo
2581 4028 2942 4102 sanc_to__patri
2983 4027 3388 4102 archiepiscopo
3429 4030 3546 4102 [pa-

2213 4094 2449 4150 lrt'arc/tte
2469 4095 2726 4168 episcOpo]
2758 4096 3032 4167 Simplicio
3058 4094 3302 4155 AcaCius.

2041 4186 2466 4242 Solchitudinem
2517 4188 2754 4242 omnium
2807 4190 3201 4257 Ecclesiarum,
3251 4192 3544 4248 secundum

1969 4279 2285 4348 Apostolum
2317 4277 2403 4350 (11
2438 4278 2557 4336 Cor.
2590 4282 2689 4351 ιι),
2723 4280 3185 4350 circumferentes,
3224 4301 3322 4340 nos
3348 4286 3546 4343 indesi-

1971 4381 2160 4426 nenter
2191 4370 2499 4436 hortamini,
2528 4373 2772 4441 quamvis
2801 4383 2992 4443 sponte
3020 4375 3301 4445 vigilantes
3327 4391 3389 4431 ac
3410 4392 3544 4448 pra:-

1971 4473 2250 4518 currentes
2285 4481 2296 4516 :
2327 4464 2423 4519 secl
2451 4479 2544 4519 vos
2565 4463 2801 4520 divinum
2832 4465 3004 4522 zelum
3035 4468 3192 4522 solito
3221 4468 3414 4541 [dmino
3435 4469 3545 4524 sele

267 4566 370 4621 bes
396 4563 559 4618 vices
593 4557 903 4613 muneribus
933 4555 1050 4610 Dei.
1089 4555 1184 4610 llle
1213 4564 1268 4612 te
1309 4556 1375 4610 ad
1409 4557 1630 4613 istorum
1659 4557 1870 4614 reduxit
1896 4566 1948 4627 ι)
1973 4554 2237 4626 sollicitos]
2281 4555 2684 4623 demonstratis,
2715 4567 2910 4613 statum
2946 4559 3319 4616 Alexandrinae
3359 4561 3545 4617 Eccle-

267 4653 616 4726 imperium:
645 4659 699 4704 tu
747 4647 857 4704 Deo
886 4646 1001 4702 istis
1048 4647 1275 4702 similem
1321 4647 1487 4703 redde
1531 4648 1862 4705 famulatum.

266 4751 335 4806 Et
367 4746 503 4816 quia
539 4742 655 4798 haec
681 4741 837 4796 beato
868 4740 1124 4808 Apostolo
1160 4737 1386 4794 docente
1413 4752 1512 4793 nos
1549 4739 1708 4794 Petro
1746 4753 1864 4795 mea

267 4854 453 4908 nuper
488 4831 795 4890 humilitate
833 4829 1180 4900 pradicante,
1221 4828 1450 4886 refutata
1478 4838 1622 4892 sunt,
1654 4843 1683 4883 a
1712 4844 1869 4885 casu-

268 4933 367 4995 ris,
409 4929 533 4982 Deo
563 4923 789 4986 faetore,
823 4919 1101 4989 proﬁciant
1144 4920 1196 4974 in
1229 4919 1380 4987 regni
1421 4918 1689 4974 soliditate
1715 4935 1865 4974 man-

268 5023 440 5078 suris.
478 5015 741 5087 Equidem
785 5011 977 5069 litteris
1006 5027 1137 5082 quas
1167 5020 1347 5066 vestra
1385 5011 1665 5066 clementia
1703 5011 1866 5067 desti-

268 5115 453 5179 navit,
520 5112 712 5180 pignus
767 5107 1083 5162 immensum
1133 5105 1452 5161 veneranda:
1503 5105 1864 5177 religiositatis

235 5179 666 5273 'accipienﬁs,et
695 5198 892 5268 ingenti
920 5197 1274 5266 gratulatione
1301 5197 1530 5267 respiro,
1563 5206 1616 5252 et
1645 5198 1865 5253 omnino

268 5310 378 5350 non
410 5290 640 5359 ambigo
666 5298 897 5343 mentem
929 5296 1157 5343 vestram
1189 5286 1240 5342 in
1275 5289 1434 5343 rebus
1463 5287 1660 5342 divinis
1683 5300 1864 5358 gestu—

342 5460 368 5486 ι
405 5450 465 5502 ln
504 5443 633 5499 cod.
668 5440 936 5496 vetustiss.
966 5440 1286 5511 Frisingensi
1325 5455 1483 5505 saec.,
1519 5449 1574 5494 ut
1608 5440 1732 5494 alibi
1761 5455 1857 5495 an-

271 5519 498 5578 notavi,
569 5528 689 5573 vttt,
742 5511 854 5564 hcce
911 5513 1131 5575 epistola
1184 5515 1251 5563 ita
1304 5513 1609 5566 enuntiatur
1643 5511 1850 5578 :lncip.

270 5587 582 5659 exemplum
611 5582 832 5653 epistola:
855 5597 1000 5650 quem
1027 5581 1146 5651 (sic)
1179 5581 1311 5633 misit
1337 5581 1553 5634 Aeacius
1574 5583 1641 5632 ad
1671 5593 1856 5635 sancta:

271 5713 524 5757 veranter
556 5715 724 5754 orans.
756 5699 817 5749 ab
848 5695 1070 5748 humana
1101 5695 1202 5746 vita
1242 5694 1422 5744 hausto
1451 5704 1640 5746 veneno
1669 5695 1867 5748 solutus

272 5787 368 5829 est.
399 5774 480 5828 lta
507 5771 566 5824 in
597 5769 938 5836 semetipsum
957 5766 1102 5835 justo
1135 5764 1222 5820 Dei
1250 5762 1450 5832 judicio
1480 5764 1673 5819 vindex
1701 5766 1870 5820 scele-

1971 4646 2066 4702 site
2096 4647 2296 4702 certius
2337 4649 2705 4717 requirentes;
2738 4659 2795 4703 ut
2839 4664 2934 4719 pro
2977 4652 3210 4719 paternis
3251 4654 3544 4707 canonibus

1971 4737 2277 4805 suscipiatis
2322 4737 2585 4803 laborem,
2631 4739 2870 4808 piissimo
2907 4741 3170 4797 stillantes
3211 4742 3409 4798 sudore
3449 4759 3544 4813 pro

1974 4829 2074 4894 his,
2108 4829 2246 4884 sicut
2272 4841 2485 4898 semper
2513 4838 2597 4884 est
2635 4830 3010 4899 approbatum.
3043 4833 3149 4888 Sed
3179 4833 3420 4889 Chrlstus
3443 4834 3546 4888 Do-

1974 4920 2150 4975 minus
2174 4930 2375 4988 noster,
2405 4921 2493 4991 qui
2524 4919 2866 4991 diligentibus
2892 4937 2951 4977 se
2981 4921 3034 4978 in
3072 4924 3266 4978 bonum
3288 4939 3546 4996 coopera-

1973 5022 2059 5070 tur
2094 5013 2271 5085 (Rom.
2322 5017 2456 5086 vtu),
2503 5017 2699 5074 nostris
2736 5020 3144 5090 cogitationibus
3197 5022 3452 5088 insidats,
3489 5033 3544 5079 et

1972 5120 2133 5160 unam
2160 5106 2311 5162 nobis
2345 5110 2394 5162 in
2423 5108 2505 5164 his
2531 5121 2763 5166 mentem
2793 5123 2947 5180 atque
2977 5113 3219 5169 eamdem
3247 5127 3341 5184 pro
3369 5116 3538 5188 gloria

1971 5215 2065 5255 sua
2095 5215 2217 5257 esse
2243 5216 2593 5272 cognoscens,
2619 5220 2832 5260 onmem
2861 5206 3133 5262 victoriam
3157 5207 3270 5278 ipse
3296 5209 3538 5278 perfecit,

1971 5302 2251 5349 consortes
2285 5309 2382 5349 nos
2407 5309 2527 5350 cum
2561 5296 3000 5366 tranquillissimo
3033 5300 3272 5370 principe
3307 5299 3540 5365 faciens,

1965 5448 2220 5501 memoria:
2249 5447 2572 5526 δῇηρέὶεἰαηι
2601 5467 2788 5526 papam
2816 5451 3059 5526 Romana:
3086 5459 3241 5526 urbis,
3275 5459 3358 5512 ubi
3391 5461 3539 5515 dont-

1965 5526 2144 5569 natttm
2181 5520 2348 5572 retulit
2378 5519 2586 5574 Petrum
2617 5519 3041 5578 Alexandrinum.

1977 5711 2092 5749 rum
2116 5710 2331 5748 suorum
2364 5696 2672 5768 insurrexit,
2704 5696 2788 5768 cui
2817 5699 3163 5767 imperatores
3192 5700 3279 5768 qui
3311 5714 3543 5766 praeces-

1977 5774 2162 5821 serunt
2186 5767 2364 5835 inique
2397 5765 2682 5821 admodum
2715 5765 3046 5835 ignoverant.
3075 5765 3438 5841 Sen—Brants.
