4086 6328
516 324 586 382 ιτ
1862 314 2171 372 SIMPLICII
2213 315 2294 372 PA
2304 313 2413 371 WE
3697 314 3766 371 δε

515 445 572 492 et
612 430 948 489 Timotheum
977 428 1188 499 quidem
1225 424 1587 492 decessorem,
1637 424 1929 495 Spirantem
1964 442 2088 496 pro-
2119 433 2164 492 Α
2197 426 2295 492 dit,
2340 440 2459 497 qua:
2509 438 2606 480 nos
2634 424 2829 480 liberos
2879 437 2976 495 pro
3020 422 3230 495 populis
3272 420 3588 479 Christianis
3628 424 3765 495 apud

514 528 701 591 cellas,
736 534 789 581 et
816 522 1230 580 ceclesiaszicam
1265 519 1705 589 tranquillitatem
1739 518 1901 589 (sicut
1926 533 2087 589 appa-

512 617 642 690 ruit)
682 605 1107 680 conturbantem,
1149 613 1271 666 vitae
1299 611 1554 667 subduxit
1591 610 1858 677 humanm,
1905 612 2089 669 dicens

512 713 559 767 ei
585 726 601 764 :
626 694 758 764 Tace
781 717 828 761 et
850 706 1131 761 obmutesce
1147 703 1343 775 (Marc.
1375 702 1473 775 tv).
1504 704 1718 758 Petrum
1743 719 1974 775 quoque,
1998 705 2088 776 qui

512 802 580 855 ab
609 796 931 854 Alexandria
964 809 1114 849 more
1147 793 1397 849 similiter
1424 792 1654 867 [similis]
1684 793 1931 864 procellae
1969 808 2089 848 sur-

510 897 749 954 rexerat,
772 885 1077 954 dissipavit,
1119 895 1280 953 atque
1310 885 1359 938 in
1389 894 1643 939 aeternam
1674 884 1849 954 fugam
1878 885 2089 955 (sancto

511 981 711 1051 Spiritu
744 979 928 1047 ﬂante)
958 977 1245 1039 convertit,
1284 992 1448 1031 unum
1492 986 1548 1032 et
1579 979 1749 1048 ipsum
1788 978 1855 1034 de
1888 979 1969 1032 his
1996 978 2085 1050 qui

509 1076 634 1126 ultm
676 1070 888 1127 fuerant
910 1068 1165 1125 damnati.
1201 1066 1345 1125 Sicut
1370 1068 1515 1124 enim
1548 1071 1599 1124 in
1628 1071 1825 1127 nostris
1854 1071 2086 1126 archivis

511 1150 785 1236 [conciliis]
822 1144 1093 1215 inventum
1124 1148 1226 1227 est,
1274 1168 1328 1213 ct
1356 1157 1423 1213 de
1471 1160 1667 1215 vestris
1704 1162 1915 1215 scriniis
1942 1161 2087 1233 [stre-

449 1306 458 1314 _
511 1252 676 1325 une],
727 1253 773 1308 si
822 1252 1111 1323 dignamini
1156 1252 1450 1321 requirere,
1507 1251 1749 1321 poteritis
1797 1267 2089 1322 agnoscere

511 1361 629 1414 quae
659 1347 713 1401 in
755 1352 997 1413 tempore
1046 1342 1113 1398 de
1164 1342 1351 1397 eodem
1395 1343 1700 1410 subsecuta,
1749 1343 1815 1397 ab
1856 1344 2088 1398 Alexan-

510 1437 667 1511 drino
708 1435 958 1507 episcopo
1007 1433 1230 1487 Romam
1275 1433 1340 1487 ad
1391 1433 1709 1488 alterutrum
1753 1433 1861 1487 sint
1901 1433 2084 1487 relata.

503 1527 610 1596 Qui
639 1527 829 1583 Petrus
858 1526 1030 1581 noctis
1060 1523 1296 1579 existens
1336 1523 1499 1587 filius,
1531 1531 1586 1579 et
1621 1538 1838 1594 operum
1866 1524 1968 1579 diei
1999 1524 2085 1579 lu-

512 1620 748 1676 centium
774 1622 979 1675 alienus
1000 1619 1285 1689 appa’rens,
1312 1618 1532 1673 omnino
1557 1620 1802 1673 tenebras
1826 1619 1897 1673 ad
1927 1619 2089 1675 latro.

498 1714 711 1767 ciuium
767 1709 1130 1783 peragendum
1185 1724 1482 1780 congruas,
1535 1725 1717 1765 carum
1770 1720 2088 1779 cooperator

502 1802 792 1858 inveniens
816 1801 988 1856 media
1020 1810 1199 1866 nocte,
1230 1798 1406 1854 adhuc
1423 1799 1637 1869 jacente
1659 1799 1915 1854 cadavere
1945 1800 2088 1854 illius
2116 1816 2165 1878 Β

499 1895 597 1963 qui
627 1901 879 1963 paternos
908 1904 1143 1946 canones
1168 1889 1528 1955 subverterat,
1573 1890 1862 1959 insepulto,
1900 1892 2087 1947 subre-

500 1986 616 2054 psit
646 1986 695 2041 in
737 1985 915 2039 sedem
950 1983 1221 2055 [surripuit
1255 1979 1469 2053 sedem],
1494 1981 1628 2037 sicut
1658 1981 1773 2051 ipse
1799 1983 2088 2036 arbitratus

496 2087 615 2142 'cst,
657 2090 766 2131 uno
796 2085 849 2131 et
879 2075 996 2130 Solo
1039 2083 1324 2145 praesente,
1376 2083 1525 2129 eteo
1568 2074 1657 2141 qui
1686 2088 1908 2129 consors
1944 2074 2087 2128 illius

516 2168 798 2224 insistebat
817 2167 1060 2233 insaniae,
1089 2168 1160 2221 ita
1190 2175 1247 2221 ut
1274 2176 1494 2236 propter
1524 2165 1624 2221 hoc
1646 2166 1940 2235 majoribus
1962 2178 2089 2234 sup-

497 2262 683 2331 tpliciis
707 2261 1031 2316 subderetur
1063 2276 1077 2313 :
1107 2274 1208 2313 nec
1238 2259 1377 2328 quod
1419 2259 1667 2329 sperabat
1697 2258 1948 2314 effectum
1980 2265 2081 2313 est.

500 2353 615 2408 Sed
647 2353 737 2407 ille
756 2336 967 2422 quidem
992 2349 1060 2404 de
1090 2363 1149 2405 se
1177 2364 1243 2404 ex
1276 2358 1425 2420 parte
1454 2349 1537 2405 vel
1571 2348 1791 2403 minima
1817 2349 2084 2419 judicans,

496 2457 769 2512 musquam
801 2441 1013 2513 penitus
1036 2440 1255 2495 onmiuo
1294 2439 1614 2510 comparuit.
1650 2440 1965 2495 Timotheus
1994 2454 2085 2493 an-

510 2555 615 2594 tcm
642 2549 979 2609 paternorum
1003 2551 1265 2592 canonum
1295 2545 1497 2603 custos,
1529 2537 1618 2607 qui
1646 2536 1913 2591 Davidica:
1936 2552 2085 2590 man-

509 2631 804 2685 suetudinis
826 2628 1073 2698 exemplo
1110 2628 1380 2693 subditur,
1410 2636 1463 2681 ct
1497 2642 1667 2697 usque
1707 2626 1759 2680 in
1808 2628 1964 2680 linem
1994 2640 2085 2696 pa-

507 2723 679 2787 tiens,
723 2728 880 2792 atque
913 2718 1160 2789 potestati
1190 2718 1420 2788 propria:
1463 2718 1741 2774 restitutus
1770 2733 1800 2772 a
1848 2717 2084 2785 Christo,

510 2813 739 2885 propriae
763 2812 909 2868 sedis
941 2815 1143 2867 honore
1174 2812 1385 2866 laetatur
1411 2827 1425 2864 :
1459 2819 1513 2865 et
1551 2811 1907 2880 Spiri-ualium
1952 2810 2087 2864 filio-

509 2906 626 2960 ru'm
661 2919 822 2960 voces
862 2904 1152 2974 accipiens,
1200 2902 1424 2974 gratiam
1476 2901 1768 2957 curationis
1812 2912 2087 2971 exspectat

464 3068 469 3073 ι
500 2996 859 3069 multiplicato
887 2995 940 3052 in
961 3011 1020 3052 se
1043 2996 1248 3051 honore
1276 3012 1304 3049 a
1328 2991 1541 3051 Christo
1569 2995 1807 3065 principe
1833 2980 2091 3050 saccrdo—A

452 3078 457 3081 ⁷
505 3098 618 3144 tum
652 3107 663 3144 :
699 3096 920 3159 prOpter
946 3102 1103 3157 quem
1144 3097 1203 3142 ct
1230 3096 1256 3142 t
1293 3087 1532 3142 ierantia:
1573 3102 1827 3143 coronam
1875 3088 2086 3143 sibimet

2192 517 2635 587 omnipotentiam
2684 517 2960 572 cmlestem
3000 522 3217 585 praestat
3245 514 3585 585 interpretes.
3618 516 3768 571 Sicut

2190 629 2319 686 ergo
2358 614 2412 668 in
2442 610 2615 666 reditu
2649 608 2830 664 fratris
2861 620 2915 664 et
2945 606 3247 678 coepiscopi
3297 607 3469 662 nostri
3496 607 3768 664 Timothei

2191 705 2545 777 gratulamur,
2587 703 2657 757 ita
2680 716 2801 757 eum
2827 708 3204 756 commonente
3243 698 3530 755 dilectione
3559 709 3647 755 tua
3673 716 3766 756 cu-

2191 797 2363 867 pimus
2414 792 2939 863 irreprehensibilem
2990 790 3213 863 reperiri
3250 808 3263 843 :
3297 790 3424 860 quia
3473 791 3767 847 meministi

2190 887 2314 952 hoc,
2346 900 2464 940 eum
2506 883 2819 955 jamdudum
2858 882 3031 939 ﬁdelis
3068 882 3312 952 praesulis
3358 897 3464 938 non
3511 882 3769 937 habuisse

2190 976 2567 1041 constantiam,
2598 975 2811 1047 quando
2840 975 2910 1041 ei,
2948 982 3006 1030 ut
3034 974 3267 1029 damnati
3303 974 3538 1029 Dioscori
3570 989 3765 1027 nomen

2190 1072 2331 1125 inter
2375 1069 2560 1124 altaria
2600 1070 2939 1135 recitaretur,
2985 1074 3252 1122 extortum
3290 1075 3392 1121 est.
3437 1066 3565 1120 Data
3606 1066 3767 1119 tertio

2190 1164 2309 1219 idus
2363 1162 2536 1217 Martii
2586 1163 2743 1233 (anno
2787 1159 2910 1216 Chr.
2957 1159 3109 1229 A78),
3159 1159 3256 1215 Illo
3297 1159 3414 1215 viro
3463 1158 3767 1215 clarissimo

2188 1257 2425 1311 consule.

2750 1346 3078 1403 EPISTOLA
3111 1346 3155 1401 Χ
3168 1384 3184 1401 .

2357 1455 2597 1497 εωηιειι
2628 1454 2776 1494 ΡΛΡΞ
2814 1456 2880 1493 AD
2920 1454 3163 1494 ZENONEI
3197 1452 3588 1493 IHPERATOREM.

2189 1547 2396 1605 Gratias
2426 1554 2531 1621 agit
2576 1548 2898 1605 Timotheum
2927 1548 3288 1621 Alea'andrime
3328 1547 3568 1621 Ecclesiae
3609 1550 3754 1602 resti-

2263 1618 2704 1687 tutumfeumque
2747 1629 2892 1692 rogat
2921 1629 2975 1673 ut
3013 1619 3217 1673 Petrum
3255 1620 3482 1692 ejusdem
3517 1618 3760 1673 Ecclesia?

2261 1692 2657 1761 perturbatorem
2688 1690 2876 1762 expelli
2887 1692 3091 1763 jaceat.

2396 1805 2704 1874 Simplicius
2731 1805 3017 1875 episcopus
3044 1802 3246 1858 Zenoni
3276 1802 3536 1873 Augusto.

2261 1900 2364 1954 Per
2393 1898 2609 1955 Petrum
2636 1899 2807 1953 virum
2847 1896 3192 1967 spectabilem
3232 1895 3482 1951 comitem
3511 1891 3765 1949 Placidia:

2188 1990 2537 2046 nobilissima:
2584 1988 2799 2044 feminae
2850 1987 2980 2043 olim
3034 1984 3350 2041 divinorum
3402 1983 3769 2039 exsultatione

2189 2098 2492 2152 munerum,
2517 2079 2853 2154 triumphalis
2884 2080 2937 2134 in
2971 2079 3203 2134 Domino
3229 2078 3380 2149 regni
3408 2076 3571 2133 vestri
3595 2076 3765 2147 gloria

2186 2174 2457 2243 dilatatur,
2509 2189 2631 2229 eum
2677 2170 2998 2228 universalis
3046 2170 3299 2225 Ecclesiae
3339 2169 3531 2240 gaudio
3560 2168 3769 2223 medio-

2185 2267 2390 2322 critatis
2414 2281 2546 2321 mem
2575 2265 2785 2321 litteras
2814 2264 3074 2319 obtulisse
3098 2260 3467 2326 meminerim;
3498 2275 3596 2315 nec
3629 2260 3770 2313 illh'l‘

2188 2357 2467 2413 universos
2516 2356 2793 2412 catholica:
2844 2354 2965 2409 fidti
2999 2353 3306 2409 sacerdotes
3347 2366 3507 2421 opera
3554 2350 3765 2429 Domini

2188 2449 2354 2503 nostri
2381 2448 2465 2503 vel
2510 2448 2656 2503 solus
2697 2446 2845 2517 potui
2873 2455 3074 2511 tacere,
3118 2444 3202 2499 vel
3242 2442 3491 2514 primus:
3531 2441 3653 2512 quia
3680 2455 3766 2495 se-

2187 2539 2419 2595 cundum
2449 2538 2665 2594 beatum
2695 2536 2916 2592 Paulum
2945 2535 3242 2607 apostolum
3268 2531 3357 2606 (II
3379 2532 3499 2587 Cor.
3523 2532 3644 2602 xu),
3666 2531 3766 2587 Ec—

2188 2633 2471 2689 clesiarum
2501 2631 2737 2686 omnium
2764 2645 2949 2685 curam
2997 2629 3291 2696 sustinens,
3333 2627 3463 2687 mihi
3493 2640 3762 2681 summam

2186 2724 2364 2795 gaudii
2391 2723 2456 2780 de
2481 2724 2686 2778 reddita
2712 2737 2807 2796 pro
2836 2723 3009 2778 ciente
3034 2721 3123 2775 nia
3157 2728 3333 2775 vestra
3361 2734 3542 2774 earum
3585 2716 3767 2789 quiete

2188 2814 2494 2885 specialiter
2540 2813 2826 2880 vindicavi,
2877 2814 3019 2883 quod
3068 2826 3164 2867 vos
3204 2810 3505 2865 Divinitatis
3543 2808 3767 2874 auxilio,

2188 2907 2408 2975 dejectis
2464 2906 2735 2976 religionis
2787 2915 2839 2959 et
2880 2904 3027 2975 regni
3085 2904 3349 2972 hostibus,
3408 2900 3768 2955 meruerimus

2190 2997 2386 3051 habere
2440 2997 2689 3061 victores,
2744 3004 2799 3050 et
2855 2996 2908 3049 in
2965 3010 3072 3048 uno
3128 2992 3426 3062 eodemque
3475 2997 3765 3059 proventu,

2190 3090 2407 3146 Christo
2437 3092 2488 3145 in
2526 3090 2677 3145 nobis
2710 3089 2907 3160 ubique
2937 3087 3203 3169 vincente,
3244 3093 3298 3139 et
3326 3084 3503 3138 cultus
3534 3096 3676 3137 verre
3707 3084 3769 3134 fi;

497 3184 775 3254 'religavit.
833 3185 904 3237 At
928 3182 1107 3237 cntius
1153 3180 1313 3252 igitur
1354 3188 1473 3236 oret
1512 3190 1689 3236 vestra
1739 3180 2007 3235 beatitudo
2032 3189 2089 3237 et
2115 3186 2163 3251 ο
2191 3184 2297 3248 dei,
2338 3193 2393 3239 et
2424 3192 2594 3237 status
2623 3191 2705 3238 est
2735 3188 3010 3251 reparatus
3037 3178 3285 3248 imperii:
3317 3175 3457 3246 quod
3482 3181 3767 3243 utrumque

500 3289 606 3343 pro
640 3272 1100 3328 Christianissimo
1148 3269 1492 3341 imperatore,
1544 3281 1597 3326 et
1637 3286 1734 3341 pro
1778 3271 2084 3340 nobisipsis.

509 3365 649 3421 Nhil
678 3366 821 3421 enim
850 3362 1269 3434 prmtermittitur
1298 3376 1482 3417 eorum
1512 3376 1632 3432 qua:
1673 3360 1740 3416 ad
1788 3362 2083 3416 custodiam

499 3456 887 3512 ecclesiasten:
932 3455 1228 3526 respiciunt
1260 3453 1581 3526 disciplinae.
1623 3453 1939 3509 Universum
1981 3453 2088 3507 fra-

501 3548 814 3603 ternitatem
845 3561 965 3619 qua!
1006 3546 1279 3603 vobiscum
1330 3555 1413 3603 est
1446 3547 1498 3599 in
1526 3543 1768 3609 Christo,
1820 3553 1872 3601 ct
1904 3559 2002 3615 ego
2033 3552 2085 3599 et

502 3641 597 3711 qui
636 3652 844 3695 mecum
888 3644 1035 3705 sunt,
1074 3636 1393 3693 salutemus.
1429 3634 1494 3689 Et
1524 3636 1630 3690 alia
1669 3652 1845 3691 meum.
1896 3633 1965 3690 lu-
1985 3634 2087 3688 Do-

507 3731 651 3787 mino
684 3728 1041 3796 conservcris,
1091 3728 1432 3785 sanctissime
1476 3737 1531 3785 et
1574 3728 1883 3784 beatissime
1931 3737 2086 3797 pater

507 3821 621 3894 [ora
643 3835 737 3889 pro
759 3818 925 3883 nobis,
955 3818 1237 3886 iustissime
1257 3815 1446 3886 pater}.

1079 3947 1413 4004 EPISTULA
1446 3948 1510 4002 IX
1523 3988 1536 4002 .

894 4054 1135 4095 ειιηδιιοιι
1161 4055 1308 4096 ΡΑΡΕ
1347 4054 1693 4096 Αυ-Αωοιωι.

509 4134 812 4189 Gratulatur
837 4132 1512 4206 Timetltctthlexandriw
1543 4136 1835 4206 episcopum
1869 4136 2084 4191 catholi-

753 4220 868 4257 cum
915 4220 1021 4258 sum
1052 4203 1295 4259 Ecclesia:
1323 4207 1485 4277 fuisse
1518 4203 1831 4263 restitutum.

442 4286 443 4289 “
509 4296 815 4367 Simplicius
859 4297 1144 4367 episcopus
1173 4297 1369 4420 Aclat’io
1414 4300 1668 4369 episcopo
1697 4298 2082 4357 Constantino-

1176 4377 1430 4420 n0ttano.
1504 4396 1511 4407 ε

1176 4377 1430 4436 potitano.
1504 4396 1511 4407 τ

574 4459 744 4525 Quam
775 4459 845 4513 sit
884 4458 1071 4513 efficax
1118 4457 1531 4529 supplicantium
1577 4458 1805 4514 Domino
1834 4476 2083 4529 perseve-

2191 3273 2311 3328 ideo
2346 3271 2518 3328 fuerat
2548 3271 2782 3343 (diabolo
2811 3286 2870 3326 se
2906 3270 2971 3325 ad
3005 3280 3213 3341 tempus
3242 3264 3622 3336 interserente)
3652 3274 3762 3319 tur-

2188 3364 2393 3431 batum,
2425 3372 2482 3417 ut
2518 3361 2829 3417 alterutrius
2867 3360 3191 3417 adversariis
3237 3356 3531 3427 dissipatis,
3562 3369 3764 3427 prch-

2190 3455 2276 3510 nia
2315 3456 2505 3509 flerent
2549 3453 2751 3524 majora
2803 3453 3102 3519 vincentis;
3140 3452 3280 3506 unde
3330 3458 3435 3504 tam
3492 3448 3765 3519 prurclara:

2190 3545 2415 3601 fructum
2445 3546 2652 3600 virtutis
2694 3545 2919 3614 adeptus
2942 3558 3063 3599 cum
3094 3544 3275 3598 lzetitia
3314 3541 3627 3597 universalts
3659 3539 3759 3593 Ec-

2187 3638 2365 3694 clesiae
2387 3652 2530 3692 nunc
2549 3652 2760 3708 quoque
2783 3637 2899 3692 sine
2919 3637 3222 3691 cessatione
3253 3635 3422 3701 facio;
3456 3643 3634 3690 tacere
3655 3648 3763 3687 non

2188 3744 2405 3800 possum
2447 3730 2646 3798 gratias
2690 3728 2809 3783 sine
2835 3727 2999 3783 dubio
3039 3739 3305 3797 perennes
3351 3727 3489 3794 quod
3530 3723 3771 3794 antiquae

2187 3833 2435 3889 veraeque
2461 3818 2587 3874 fidei
2610 3817 2664 3872 in
2696 3819 2859 3874 fratre
2896 3825 2950 3873 et
2979 3817 3299 3886 coepiscopo
3329 3830 3449 3871 meo
3478 3815 3768 3869 Timotheo

2188 3908 2605 3965 Alexandrinam
2652 3910 2946 3965 Ecclesiam
2986 3909 3327 3972 rcddidisds,
3369 3906 3523 3977 cujus
3565 3907 3634 3962 ad
3682 3921 3770 3961 me

2188 4018 2360 4072 nuper
2399 4003 2594 4059 littera:
2630 4014 3016 4069 commeantes,
3047 4002 3267 4073 expulsa
3302 4002 3623 4072 profanitate
3661 4001 3769 4055 Eu-

2189 4093 2418 4165 tychetis
2464 4104 2626 4165 atque
2671 4094 2911 4150 Dioscuri
2948 4094 3343 4160 damnatarum,
3394 4094 3459 4147 ad
3500 4093 3770 4163 regendos

2184 4183 2518 4240 orthodoxos
2564 4184 2704 4239 beati
2740 4184 2883 4241 Petri
2913 4193 2970 4240 et
3013 4183 3352 4255 evangelistac
3383 4183 3546 4238 Marci
3575 4182 3771 4238 sedent

2191 4275 2353 4346 (quod
2399 4284 2522 4331 ante
2551 4285 2879 4345 compertum
2917 4277 3022 4346 est)
3049 4289 3109 4331 se
3135 4262 3402 4347 recepisse
3431 4289 3770 4330 commemo-

2187 4368 2357 4435 ravit;
2382 4368 2608 4425 incitans
2631 4385 2730 4439 nos
2758 4371 3019 4436 volentes,
3050 4378 3108 4424 ut
3141 4368 3258 4424 hmc
3289 4368 3399 4437 ipsa
3432 4368 3646 4438 pietatis
3674 4385 3771 4424 ve-

2186 4461 2312 4515 stris
2353 4460 2599 4516 sensibus
2644 4460 2990 4516 nferremus.
3033 4460 3103 4517 Ut
3132 4475 3263 4530 ergo
3290 4459 3650 4528 tranquillitas
3682 4476 3771 4515 ve-

508 4550 675 4603 rantia
707 4552 1071 4614 sacerdotum,
1120 4560 1175 4604 et
1221 4564 1376 4619 quam
1412 4549 1648 4619 jucunde
1680 4553 1975 4621 gratuletur
2001 4552 2081 4606 af-
2107 4554 2161 4616 D
2184 4555 2278 4610 stri
2313 4565 2565 4623 perpetua
2596 4563 2649 4608 et
2680 4554 2784 4607 lixa
2815 4554 2884 4609 sit
2905 4554 3075 4625 regni,
3107 4552 3347 4625 quietem
3367 4567 3523 4622 quam
3556 4557 3773 4608 cunct‘s

501 4640 666 4704 fectu,
693 4641 929 4695 studium
960 4641 1100 4710 quod
1132 4639 1434 4695 defensioni
1482 4641 1604 4696 ﬁdei
1635 4641 1860 4697 sinceris
1890 4644 2082 4699 menti-

503 4733 603 4787 bus
660 4733 963 4798 exhibetur,
1008 4724 1199 4787 litteris
1243 4742 1349 4787 tuae
1396 4731 1701 4789 dilectionis
1752 4734 2077 4805 agnoscitur,

500 4825 714 4893 quando
744 4840 811 4894 po
844 4835 864 4879 t
893 4834 1036 4879 tanta
1079 4824 1394 4892 certamina,
1428 4825 1622 4896 quibus
1656 4826 1750 4882 Dei
1777 4829 2081 4883 misericoré

508 4917 589 4971 dia
617 4918 669 4971 in
699 4931 860 4971 causa
893 4918 1124 4988 propria:
1155 4916 1433 4987 religionis
1456 4918 1683 4973 famulos
1712 4929 1765 4974 et
1806 4922 2080 4977 ministros

496 5010 611 5058 Nec
653 5009 987 5064 constifuens
1039 5010 1313 5077 potestati,
1356 5010 1761 5078 probatissimos
1810 5014 1909 5067 sibi
1953 5014 2080 5068 fecit

502 5113 622 5151 esse
655 5099 903 5163 victores,
933 5101 1197 5171 siquidem
1227 5100 1593 5157 Alexandrina
1626 5104 1865 5159 Ecclcs‘a
1898 5107 2078 5161 divino

504 5188 716 5244 tandem
744 5191 944 5259 judicio
975 5194 1222 5260 liberata,
1261 5193 1313 5247 in
1346 5196 1674 5249 consortium
1713 5199 2077 5255 communium

502 5295 600 5335 nos
630 5281 897 5337 aduocans
924 5287 1260 5352 gaudiorum,
1286 5302 1407 5340 eum
1439 5287 1525 5356 qui
1554 5287 1621 5342 ab
1646 5289 1900 5344 ha'retico
1932 5291 2077 5361 fuga-

502 5381 587 5425 tus
614 5372 804 5437 fuerat,
830 5374 895 5426 ad
926 5376 1041 5444 ejus
1062 5377 1242 5433 sedem
1269 5376 1490 5433 rediisse
1512 5381 1743 5434 testaris.
1779 5380 1929 5437 Unde
1959 5382 2075 5437 aui-

503 5466 604 5518 mis
634 5468 1021 5520 exsultantibus
1064 5471 1128 5523 ad
1172 5470 1486 5526 universalis
1532 5469 1788 5528 Ecclesiae
1815 5474 2071 5543 quietem,

500 5556 716 5613 tlhrtsto
754 5559 860 5613 lico
911 5570 1092 5613 nostro
1143 5576 1238 5632 pro
1276 5564 1447 5617 salute
1499 5563 1727 5632 primum
1778 5564 2075 5621 fidelissimi

500 5650 759 5719 principis
788 5651 1174 5720 supplicamus,
1218 5653 1303 5708 cui
1343 5669 1439 5722 pro
1478 5655 1783 5721 devotione,
1816 5671 1918 5726 qua
1947 5673 2077 5710 cun-

498 5734 625 5794 ctos
644 5743 913 5797 antevenit
962 5744 1286 5811 sacerdotes,
1320 5745 1489 5813 pietas
1524 5745 1636 5801 haec
1665 5746 1841 5803 divina
1882 5762 2076 5804 conce»

2185 4647 2237 4701 in
2280 4656 2575 4701 memorata
2621 4646 2863 4701 Ecclesia
2911 4646 3257 4717 praestitistis,
3296 4645 3540 4717 pervigili
3582 4657 3772 4718 prote-

2184 4739 2359 4795 ctione
2401 4741 2663 4796 custodite
2698 4760 2709 4793 :
2741 4749 2794 4796 et
2841 4740 2980 4810 quod
3018 4740 3238 4810 juvante
3280 4754 3377 4793 vos
3407 4738 3635 4792 Domino
3670 4755 3774 4807 pro

2184 4832 2544 4888 innocentium
2579 4834 2776 4888 fecistis
2823 4835 2994 4890 salute
3044 4834 3368 4898 animarum,
3423 4831 3774 4901 religiosiurc

2182 4927 2360 4981 studio
2407 4937 2463 4981 ct
2507 4927 2778 4995 diligentia
2828 4927 3113 4981 attentiore
3151 4916 3415 4995 protegite
3446 4941 3460 4977 :
3492 4925 3613 4992 quia
3656 4941 3772 4978 non

2187 5017 2410 5071 minoris
2450 5027 2532 5073 cst
2587 5019 2768 5089 gloriae
2814 5019 2955 5087 quod
2992 5015 3298 5072 condideris
3350 5026 3566 5069 servare
3600 5027 3771 5081 quam

2186 5109 2481 5164 concedi-rc
2511 5107 2804 5181 [condere];
2846 5121 2900 5165 et
2930 5112 3177 5165 omnibus
3201 5120 3281 5165 est
3310 5108 3774 5178 probatum,‘lan-

2189 5206 2296 5252 tum
2333 5199 2480 5253 vobis
2526 5200 2688 5254 divini
2724 5201 2916 5257 favoris
2949 5202 3275 5270 impensum,
3314 5212 3569 5268 quantum
3604 5195 3772 5249 Chri-

2186 5290 2370 5343 stianze
2394 5289 2637 5359 religioni
2665 5306 2693 5344 a
2726 5302 2900 5345 vestra
2938 5293 3133 5361 pietate
3158 5299 3242 5345 est
3270 5288 3499 5345 scdulita
3528 5288 3571 5341 is
3601 5289 3772 5340 exhi—

2183 5381 2374 5437 bitnm.
2406 5382 2467 5436 Et
2491 5384 2744 5452 quamvis
2768 5385 2818 5437 in
2847 5384 2992 5439 omni
3019 5393 3169 5452 parte
3198 5382 3344 5452 regni
3372 5381 3453 5436 sui
3485 5377 3772 5449 profutura

2178 5473 2358 5527 divina
2396 5473 2561 5527 cultui
2590 5474 2917 5541 providentia
2950 5482 3125 5530 vestra
3158 5490 3265 5528 non
3303 5473 3585 5527 desisteret
3615 5487 3683 5524 cn
3725 5472 3774 5523 is

2182 5566 2406 5632 publicis
2452 5567 2889 5636 tranquillitatem
2940 5568 3193 5623 Ecclesiae
3241 5564 3519 5636 prmferre,
3569 5578 3773 5635 precor

2180 5665 2354 5714 tamen
2399 5667 2455 5712 ut
2510 5658 2649 5727 quod
2703 5675 2798 5728 pr-r
2841 5675 2937 5714 nos
2976 5660 3118 5715 serio
3162 5657 3421 5727 postulat,
3465 5656 3572 5708 imo
3613 5652 3772 5721 quod

2181 5750 2277 5820 ipsi
2327 5754 2607 5820 Specialius
2664 5755 3049 5821 supplicamus,
3101 5754 3315 5807 l’etrnm
3377 5746 3774 5806 Alexandrina
