4086 6328
304 390 374 445 ω
1684 387 1873 446 εριδε

1978 391 2021 445 Δ
2064 387 2173 443 XII.

3494 389 3573 443 ὅθι

304 505 558 561 Ecclesia
605 518 969 573 pervasurum,
1027 514 1081 561 et
1118 507 1186 560 ob
1235 482 1335 558 hoc
1379 504 1498 573 jure
1547 503 1876 569 damnatum,
1906 511 1954 570 Α
1985 502 2191 573 sumus)
2224 502 2274 557 in
2302 503 2479 572 aliqua
2527 503 2781 570 religione
2826 504 3004 577 {forte
3034 503 3270 576 regione]
3317 507 3565 573 antiquus

298 597 425 667 quia
459 595 638 651 utoliri
665 595 910 667 mundam
941 596 1112 652 latens
1140 596 1194 651 in
1222 595 1580 650 Alexandrina
1611 594 1774 666 (sicut
1809 594 1877 648 ad

301 700 401 742 nos
439 689 700 756 scriptum
746 686 852 756 est)
883 687 1100 742 civitate
1136 698 1322 741 contra
1362 684 1479 740 haec
1513 698 1633 755 quas
1661 699 1692 738 a
1729 683 1880 739 vobis

296 785 425 832 sunt
481 785 702 843 statuta,
758 786 1126 844 memoratur,
1163 776 1233 831 ad
1276 776 1546 832 exteriora
1599 774 1876 831 transferri

297 868 547 938 piissima
591 870 949 940 prmeeptione
992 870 1246 939 iubeatis,
1297 882 1366 925 ne
1408 868 1617 939 aliquos
1651 869 1878 924 modica:

292 960 424 1016 fidei
456 960 620 1030 (quod
650 961 826 1017 facere
869 961 1206 1033 perhibetur)
1237 960 1457 1030 inliciat,
1480 970 1536 1017 et
1558 961 1627 1015 ad
1658 975 1879 1032 pervcr-
1918 996 1921 999 ι

294 1052 480 1107 sitatis
504 1066 617 1107 suae
647 1054 1004 1111 instrumenta
1036 1054 1309 1110 traducat.
1344 1054 1525 1125 Longe
1548 1053 1659 1109 sint
1685 1054 1756 1109 ab
1801 1054 1879 1108 ia-

294 1144 621 1199 uocentibus
642 1145 941 1215 perniciosa
966 1145 1237 1215 contagia,
1269 1155 1328 1200 ut
1356 1132 1455 1215 per
1482 1159 1578 1200 vos
1602 1144 1745 1200 intra
1773 1144 1879 1198 θοι

294 1234 430 1289 mini
475 1235 656 1305 gregis
698 1236 839 1292 ovile
887 1237 958 1292 sit
998 1236 1305 1303 sicel-itas,
1342 1252 1503 1308 quam
1534 1236 1652 1292 sola
1692 1246 1878 1291 tenere

291 1336 479 1398 potest
504 1327 800 1400 imperialis
826 1330 1143 1385 auctoritas.

857 1442 1192 1500 EPISTOLA
1232 1442 1299 1499 XI
1312 1483 1326 1497 .

669 1550 916 1594 ειηηιαι
955 1554 1100 1595 ΡΑΡᾸΞ
1140 1557 1207 1594 ΑΙ)
1245 1553 1493 1595 ACACIUI.

292 1624 491 1682 Scribit
518 1624 841 1703 Timotheum
882 1629 1208 1703 Alexandria:
1233 1632 1541 1703 catholicum
1579 1632 1877 1703 episcopum

362 1715 395 1751 ι
419 1716 476 1753 se
499 1700 694 1753 ratium
718 1702 937 1769 petiisse,
965 1703 1102 1770 quod
1127 1699 1357 1755 Dioscuri
1383 1717 1564 1755 nomen
1592 1699 1724 1756 inter
1746 1707 1881 1758 ultu-

362 1769 442 1840 ria
470 1770 648 1824 timore
694 1770 877 1825 ductus
922 1769 1202 1838 recitasset,
1241 1786 1289 1826 et
1317 1789 1372 1827 se
1406 1778 1475 1826 ad
1519 1774 1879 1840 imperatorem

368 1838 560 1894 litteras
586 1842 787 1915 dedisse
812 1852 865 1895 ut
892 1840 1105 1899 Petrum
1123 1843 1269 1898 dictu:
1294 1840 1537 1898 Ecclesia:
1556 1838 1877 1915 perturbato-

367 1926 474 1963 rem
501 1913 680 1982 procul
708 1922 898 1967 arceat.

292 1998 602 2073 Simplicius
663 2003 1212 2147 cpiscopuseptcctciig
1274 2007 1877 2077 Constantinwolitano

356 2161 603 2232 Quantos
626 2175 682 2222 et
726 2179 886 2237 quam
915 2166 1110 2223 uberes
1138 2167 1343 2226 fructus
1374 2172 1692 2228 constantiae
1728 2173 1874 2243 fidei,

278 2262 339 2308 et
366 2254 690 2312 devotarum
716 2258 860 2313 circa
910 2258 1225 2331 religionem
1265 2262 1585 2319 catholicam
1616 2265 1875 2322 mentium

281 2362 506 2419 semper
537 2350 730 2408 habeat
755 2353 1033 2422 fortitudo,
1059 2356 1211 2413 labor
1240 2368 1345 2413 tute
1373 2358 1675 2416 dilectionis
1700 2371 1757 2418 et
1781 2378 1876 2420 co-

276 2450 408 2491 rans
452 2438 547 2509 qui
577 2440 777 2510 pariter
805 2454 1026 2513 repente
1053 2445 1270 2502 diabolo
1308 2447 1620 2518 jamdudum
1650 2453 1872 2508 turban-

274 2537 395 2594 tnt,
444 2533 705 2588 ostendit.
752 2534 885 2591 Nam
930 2551 1053 2591 cum
1096 2537 1298 2594 Christi
1331 2540 1577 2597 inimicus
1617 2549 1674 2598 et
1724 2544 1875 2615 regni

268 2621 576 2680 Christiani
620 2639 837 2698 semper
886 2630 1065 2686 aulam
1112 2645 1238 2688 mox
1289 2648 1515 2692 casurus
1558 2637 1874 2706 invaderet,

270 2731 453 2791 atque
498 2724 659 2793 impia
686 2726 1061 2795 persecutione
1093 2727 1277 2785 fideles
1308 2730 1516 2787 Domini
1562 2733 1877 2806 plebemque

268 2822 618 2878 concuteret,
650 2817 893 2873 oratione
937 2827 1097 2891 atque
1142 2819 1341 2889 vigiliis
1389 2824 1652 2895 sacrilega
1706 2832 1878 2882 tenta-

269 2911 466 2960 menta
513 2907 818 2977 superavit,
860 2916 915 2964 et
952 2922 1012 2965 se
1057 2911 1276 2967 victoria
1325 2902 1564 2969 caelestis
1593 2932 1659 2974 eo
1705 2930 1875 2989 usque

268 2997 549 3067 porrexit,
583 3007 640 3054 ut
686 3013 933 3071 regressu
960 3002 1352 3073 religiosissimi
1380 3007 1660 3079 principis,
1690 3008 1876 3068 Eccle-

266 3089 379 3145 sia-.-
406 3103 618 3161 quoque
645 3092 1026 3152 Alexandrinae
1056 3098 1353 3153 catholicus
1381 3100 1706 3159 redderetur
1731 3104 1873 3161 anti-

267 3186 417 3245 stes,
469 3178 538 3234 de
584 3194 690 3252 quo
719 3197 841 3239 mox
878 3199 1004 3241 cum
1049 3188 1405 3246 exsultatione
1448 3191 1647 3248 divina:
1684 3196 1875 3266 gratize

268 3273 475 3341 gaudia
507 3284 689 3330 nostra
722 3278 1067 3346 contulimus,
1094 3286 1148 3336 et
1175 3282 1373 3337 mutuis
1402 3298 1501 3340 nos
1526 3284 1713 3342 litteris
1741 3287 1867 3346 feci-
1897 3272 1946 3341 C

275 3378 401 3419 mus
434 3365 712 3433 gratulari.
743 3366 811 3425 Et
858 3370 984 3426 licet
1036 3372 1234 3429 laetitia:
1266 3374 1430 3443 ipsius
1470 3391 1740 3447 nunquam
1784 3383 1870 3440 sui

270 3455 518 3512 defuerit
539 3459 834 3528 plenitudo,
852 3470 1032 3518 tamen
1057 3464 1224 3520 frater
1242 3454 1300 3521 et
1320 3468 1671 3539 coepiscopus
1690 3483 1872 3529 noster

274 3548 600 3605 Timotheus
625 3554 1000 3618 persecutione
1042 3555 1370 3623 probabilior
1418 3557 1611 3626 factus,
1659 3562 1869 3628 pristini

274 3657 397 3696 non
439 3642 722 3696 immemor
752 3645 977 3700 instituti
1019 3660 1116 3715 per
1153 3648 1371 3703 fratrem
1401 3656 1455 3703 et
1497 3652 1870 3723 coepiscopum

276 3730 499 3796 Isaiam,
527 3740 582 3787 et
610 3733 746 3789 filios
775 3748 989 3793 nostros
1016 3737 1192 3793 Nilum
1221 3739 1618 3810 presbyterum,
1643 3752 1700 3799 et
1739 3740 1874 3803 Mar-

274 3825 485 3895 tyrium
536 3828 817 3885 diaconum
866 3830 1242 3893 Alexandrinae
1308 3838 1565 3898 Ecclesia:
1611 3838 1871 3898 solemnia

270 3916 480 3987 scripta
509 3920 726 3987 direxit,
758 3920 950 3992 quibus
980 3932 1034 3981 et
1067 3926 1195 3983 illud
1227 3932 1367 4001 quod
1398 3944 1524 3990 ante
1553 3935 1871 4004 perterritus

272 4012 347 4067 de
376 4010 617 4067 Dioscuri
643 4015 858 4070 nomine
884 4015 1102 4083 fecerat,
1154 4034 1211 4075 se
1239 4021 1572 4080 destruxissc
1601 4040 1869 4081 memora-

271 4108 379 4171 vit,
408 4114 465 4160 et
491 4107 861 4165 remissionem
891 4112 1056 4179 ipsius
1076 4114 1279 4170 erroris
1305 4116 1546 4188 expetiit,
1570 4132 1777 4189 nosque
1800 4118 1867 4175 de

271 4197 462 4266 quiete
507 4194 631 4252 fecit
678 4197 935 4256 Ecclesia:
978 4203 1259 4273 gratulari,
1324 4220 1577 4278 expertus
1626 4224 1750 4281 erga
1810 4222 1869 4269 se

271 4297 539 4359 quantum
570 4288 848 4348 nobiscum
878 4302 966 4349 tua
998 4299 1198 4354 caritas
1216 4301 1383 4368 videt,
1407 4304 1545 4372 quod
1574 4304 1625 4359 in
1656 4320 1721 4361 eo
1744 4314 1867 4360 tunc

274 4381 730 4452 reprehendimus
778 4400 885 4441 non
932 4388 1159 4446 inultum
1209 4403 1264 4448 et
1301 4396 1702 4452 reconciliatum
1739 4396 1864 4467 sibi,

276 4488 426 4530 nunc
454 4473 654 4531 divinae
681 4478 1039 4536 miserationis
1064 4482 1339 4551 affectum,
1380 4486 1544 4544 frater
1569 4488 1867 4556 carissime,

274 4565 595 4622 memoratis
626 4569 679 4623 in
726 4567 880 4637 urbe,
912 4586 1032 4642 quae
1083 4591 1204 4631 mox
1250 4588 1528 4648 venerant,
1564 4580 1867 4638 constitutis

1982 595 2075 650 ille
2122 608 2346 663 serpens
2394 595 2554 651 toties
2591 595 2758 651 excisi
2786 596 2979 666 capitis
3020 599 3168 652 virus
3197 596 3461 663 effundat,
3508 608 3565 663 et

1983 686 2261 743 intieiendi
2289 687 2497 757 aliquos
2525 690 2864 744 occasionem
2899 689 3065 760 (quod
3089 690 3250 758 absit)
3280 703 3465 745 rursus
3490 688 3566 744 in-

1982 780 2180 843 veniat,
2205 779 2424 850 provida
2451 788 2839 849 praceptorum
2860 796 2972 835 sua:
2997 782 3203 848 [delatis
3228 782 3566 836 ordinatione

1982 870 2232 940 disponat
2275 869 2568 941 religiosis,
2614 880 2671 926 et
2719 870 2858 926 sicut
2900 871 3203 927 evidentius
3250 871 3568 942 approbavit

1986 961 2115 1029 Deo,
2155 975 2213 1016 se
2252 958 2743 1016 commendantibus
2774 958 2983 1031 legibus
3021 962 3247 1030 sanciat,
3293 977 3361 1018 ne
3387 965 3469 1018 vel
3512 964 3565 1017 in

1985 1051 2215 1107 tenebris
2240 1048 2575 1118 delitescant,
2604 1060 2660 1108 et.
2698 1051 2968 1123 improvisi
2999 1052 3333 1125 ambulantis
3364 1058 3417 1110 iu
3446 1056 3566 1110 luco

1978 1143 2298 1211 percutiant,
2328 1151 2384 1199 et
2413 1143 2493 1198 Itis
2516 1157 2654 1215 quos
2684 1143 2739 1199 in
2768 1143 2872 1199 tide
2903 1158 3166 1214 pauperes
3192 1160 3315 1201 esse
3345 1160 3566 1214 repete-

1981 1236 2090 1291 rint
2130 1236 2295 1307 (quod
2340 1237 2595 1307 propheta
2647 1236 2895 1307 testatur)
2940 1238 3224 1293 insidietur
3265 1247 3323 1292 ut
3370 1244 3560 1306 rapiat.

1980 1327 2197 1383 Petrum
2236 1330 2491 1393 maxime,
2522 1329 2610 1400 qui
2640 1332 3016 1386 nonnullarum
3046 1330 3351 1396 domorum,
3376 1332 3565 1401 suique

1974 1420 2235 1477 similium
2267 1422 2487 1479 latebris
2514 1423 2866 1492 confovetur;
2906 1433 2960 1483 et
2987 1440 3147 1496 quem
3176 1426 3292 1480 zelo
3334 1426 3452 1480 fidei
3497 1429 3566 1480 ab

1976 1516 2289 1586 episcopatu
2317 1519 2593 1575 constituit
2627 1520 2957 1587 submoveri,
2989 1521 3041 1576 in
3071 1520 3368 1578 exteriores
3394 1532 3565 1577 terras

1972 1607 2161 1677 abjiei,
2191 1608 2327 1664 sicut
2359 1620 2412 1666 et
2439 1624 2537 1667 nos
2567 1610 2750 1682 pietati
2778 1612 2896 1683 ejus
2930 1612 3266 1683 scripsimus,
3297 1614 3360 1667 ad
3393 1613 3566 1669 ccclec

1979 1699 2247 1758 siasticam
2273 1718 2461 1773 pacem
2485 1704 2705 1775 speciali
2737 1708 3095 1779 praeceptione
3120 1708 3408 1764 decernat:
3439 1712 3569 1779 quia

1984 1806 2168 1851 rursus
2213 1798 2472 1853 asseritur
2513 1798 2691 1869 aliqua
2746 1808 2930 1855 contra
2985 1798 3387 1869 dispositionem
3441 1800 3562 1856 fidei

1908 1890 1953 1956 Β
1983 1890 2149 1961 ipsius
2178 1893 2292 1947 sine
2319 1891 2619 1949 cessatione
2649 1892 2843 1950 moliri.
2872 1894 3006 1963 Quia
3036 1894 3195 1965 igitur
3224 1893 3337 1950 ha-c
3362 1909 3563 1965 upper-

1979 1985 2205 2041 tunita'e
2236 1985 2513 2055 perlatoris
2540 1986 2786 2041 fidissimi
2816 2000 2915 2042 nos
2945 1987 3181 2058 oportuit
3226 1987 3483 2050 indicare,
3508 1998 3563 2042 et

1979 2075 2265 2146 specialius
2308 2078 2620 2148 admonere,
2652 2079 2930 2135 hortamur
2958 2090 3016 2135 ut
3044 2094 3165 2135 cum
3206 2079 3563 2136 internuntius

1979 2184 2220 2226 remeare
2247 2172 2493 2240 ceperit,
2524 2172 2605 2228 vel
2648 2172 2693 2227 si
2742 2186 2843 2243 qua
2887 2172 3109 2229 forsitn
3148 2172 3321 2229 altera
3352 2175 3562 2229 occasio

1978 2263 2297 2331 reperietur,
2327 2264 2718 2334 quamprimum
2754 2277 2852 2321 nos
2878 2263 3042 2320 facias
3068 2267 3348 2331 certiores,
3379 2274 3433 2321 et
3471 2281 3562 2322 cu-

1977 2366 2092 2408 rant
2118 2366 2354 2409 nostram
2376 2354 2656 2410 snblevare
2677 2354 3024 2426 deprOperes.
3040 2354 3104 2411 Ut
3130 2363 3305 2410 autem
3330 2355 3563 2423 perfecto

1976 2444 2172 2518 gaudio
2192 2446 2566 2518 gauderemus,
2590 2446 2731 2502 idem
2757 2445 2922 2501 frater
2941 2455 2996 2503 et
3014 2446 3361 2516 coepiscopus
3382 2455 3563 2502 noster

1976 2538 2291 2595 Timotheus
2347 2539 2652 2609 exemplum
2706 2538 2872 2594 libelli
2924 2536 3305 2593 satisfactionis
3372 2553 3560 2594 eorum

1976 2644 2111 2702 quos
2154 2646 2186 2687 a
2215 2630 2495 2688 catholico
2524 2630 2645 2687 fidei
2692 2633 2917 2688 veritate
2946 2630 3263 2687 Timotheus
3288 2640 3343 2686 et
3373 2630 3565 2686 Petrus

1975 2726 2189 2797 utrique
2229 2725 2489 2791 damnati,
2520 2724 2882 2781 damnationis
2930 2735 3136 2780 terrore
3174 2722 3559 2790 traduxerant,

1977 2818 2185 2874 veniam
2213 2812 2565 2889 postulantes,
2589 2814 2656 2873 ad
2699 2832 2797 2874 nos
2818 2818 3021 2889 pariter
3044 2818 3351 2883 destinavit,
3379 2832 3559 2873 sacer-

1977 2910 2138 2969 dotali
2172 2911 2367 2982 pietate
2397 2910 2562 2983 lapsis
2600 2912 2887 2968 subvenire
2916 2910 3227 2968 desiderans
3253 2929 3265 2964 :
3295 2911 3435 2981 quid
3478 2910 3558 2966 di-

1974 3003 2114 3059 vinae
2138 3002 2500 3060 miserationis
2530 3001 2746 3071 intuitu,
2776 3018 2895 3074 qua:
2917 3004 3187 3059 neminem
3211 3003 3320 3057 vult
3359 3002 3555 3073 perire,

1975 3096 2258 3154 relutabilc
2288 3112 2395 3153 non
2428 3106 2699 3168 putamus.

2508 3232 2845 3289 EPI$TOLA
2886 3232 3026 3288 XIII.

2143 3338 2385 3379 SIIPLICIl
2422 3340 2569 3380 »Ανιε
2608 3340 2675 3381 ΔΙ)
2714 3340 2954 3379 ΖΕΝῢΝΕΙ
2996 3339 3392 3379 υηιειιλτοιιηι.

1976 3414 2230 3470 Hortatur
2288 3422 2343 3468 ut
2394 3414 2706 3469 Timotheum
2758 3415 3123 3469 Alexandrina
3176 3414 3418 3469 Ecclesia
3462 3432 3567 3470 sua.

2044 3501 2199 3555 opera
2236 3486 2525 3540 restitutum
2567 3495 2818 3556 protegat,
2868 3494 2917 3540 et
2964 3494 3017 3537 ut
3066 3484 3277 3538 Petrum
3328 3487 3570 3553 ejusdem-

2049 3556 2296 3611 Ecdest'a
2318 3558 2718 3627 perturbatorent
2746 3555 2949 3624 longius
2974 3555 3376 3628 expellijubeat.

2201 3650 2508 3719 Simplicius
2531 3650 2816 3719 episcopus
2846 3648 3046 3704 Zenoni
3076 3652 3336 3720 Angusto.

2046 3734 2296 3795 Proxime
2321 3724 2534 3810 quidem
2556 3754 2676 3794 cum
2701 3740 2769 3794 ad
2796 3738 2992 3796 Urbem
3015 3739 3179 3794 frater
3201 3749 3256 3795 et
3283 3741 3556 3808 coepisco-

1974 3848 2074 3903 pns
2099 3831 2484 3889 mediocritatis
2510 3848 2643 3889 mea:
2666 3830 2985 3888 Timotheus
3010 3828 3387 3887 Alexandrina:
3412 3832 3556 3887 urbis

1969 3926 2195 3983 antistes
2224 3934 2421 3982 novato
2446 3939 2600 3983 more
2623 3926 2880 3988 misisset.
2910 3926 3188 3982 victoriam
3221 3936 3412 3982 vestra:
3434 3925 3557 3981 fidei

1973 4018 2028 4073 in
2048 4017 2164 4086 eius
2186 4018 2524 4093 reSIitutione
2545 4019 2793 4087 cognovi.
2816 4017 3021 4075 Pietate
3047 4018 3189 4074 enim
3221 4030 3396 4074 vestra
3427 4019 3556 4076 fulta

1973 4115 2275 4171 Divinitatis
2304 4114 2521 4183 auxilio,
2554 4100 2846 4185 et‘impcrii
2876 4114 3257 4183 tranquillitas,
3286 4124 3340 4171 et
3369 4116 3556 4170 catho-

1969 4206 2089 4263 lica:
2115 4207 2389 4280 religionis
2434 4206 2772 4278 splendorem
2801 4222 2978 4277 suum,
3013 4206 3384 4263 scandalornm
3415 4208 3556 4263 nube

1971 4298 2231 4364 discussa,
2265 4300 2467 4370 recepit
2509 4299 2782 4369 integritas
2818 4316 2830 4353 :
2862 4297 2929 4353 de
2961 4290 3067 4369 quo
3096 4311 3181 4351 me
3207 4299 3407 4367 gratias
3436 4307 3561 4367 post

1974 4392 2139 4449 Deum
2167 4392 2466 4449 clementia;
2504 4402 2699 4448 vestrae
2729 4392 2902 4462 egisse
2950 4390 3286 4456 reminiscor,
3320 4401 3373 4446 et
3416 4405 3557 4445 nunc

1973 4500 2186 4557 quoque
2208 4486 2405 4541 cultum
2450 4494 2632 4540 vestro
2660 4497 2825 4555 regno
2849 4481 3081 4539 debitum
3111 4482 3273 4537 silere
3301 4476 3410 4537 nun
3465 4496 3557 4551 po.

1974 4579 2072 4645 tui,
2100 4593 2167 4633 ne
2197 4575 2590 4648 quodammodo
2617 4576 2828 4632 viderer
2854 4575 3117 4646 ingratus,
3170 4574 3214 4628 si
3244 4574 3397 4629 vobis
3425 4588 3557 4644 qna-
3588 4606 3597 4614 -

273 4658 618 4715 occasionem
650 4661 740 4716 filii
769 4666 1128 4733 nostri‘Pctri,
1154 4668 1250 4725 viri
1283 4672 1592 4739 spectabilis
1630 4676 1861 4745 comitis,

1976 4668 2102 4724 libet
2127 4667 2524 4736 opportunitate
2552 4669 2633 4722 vel
2682 4666 2890 4737 imperii
2923 4667 3005 4721 vel
3054 4664 3412 4721 Eeciesiarum
3441 4664 3557 4721 lau-

272 4750 433 4821 quasi
460 4765 528 4805 ex
555 4755 817 4807 sententia
849 4757 1237 4825 proficiscentis
1266 4762 1524 4832 amplexi,
1548 4773 1654 4819 tam
1679 4774 1865 4820 nostro

276 4842 580 4910 proposito,
608 4858 767 4912 quam
798 4847 1057 4915 petitione
1081 4849 1258 4905 fratris
1288 4858 1343 4905 ct
1364 4854 1664 4924 coepiscOpi
1696 4855 1863 4911 nostri

274 4934 577 4999 Timothei,
603 4935 1007 5009 legatorumque
1031 4940 1195 5012 ipsius
1222 4946 1493 5012 precibus,
1524 4946 1750 5016 idipsum
1794 4947 1861 5002 ad

275 5032 426 5078 tuam
477 5024 740 5081 voluimus
787 5030 1067 5098 pervenire
1115 5032 1382 5097 notitiam,
1414 5045 1470 5089 ut
1516 5035 1673 5089 etiam
1722 5050 1863 5093 nunc

275 5115 646 5169 communium
692 5116 850 5173 fieres
896 5120 1161 5190 particeps
1189 5122 1520 5192 gaudiorum,
1550 5126 1686 5181 etin
1718 5142 1860 5197 prte-

271 5205 439 5260 dictas
479 5206 730 5263 Ecclesiae
778 5211 1161 5280 tranquillita'e
1211 5214 1684 5284 (quemadmodum
1728 5218 1865 5274 disi-

274 5298 439 5367 mus)
490 5299 687 5356 laboris
737 5305 807 5358 tui
855 5304 1131 5360 nobiscum
1181 5322 1432 5377 carpercs
1485 5307 1753 5377 fructum,
1810 5318 1868 5368 et

272 5387 726 5450 christianissimo
755 5409 809 5452 et
836 5400 1250 5459 clementissimo
1278 5404 1505 5475 principi
1542 5417 1754 5463 nostras
1782 5408 1869 5464 Iit-

279 5493 426 5538 teras
455 5482 710 5551 offerens,
733 5504 895 5556 super
922 5488 1025 5547 hac
1051 5493 1210 5548 etiam
1242 5510 1320 5563 re,
1351 5506 1409 5552 ut
1433 5505 1488 5553 et
1515 5497 1628 5568 ipse
1654 5513 1864 5568 quoque

276 5578 582 5635 devotionis
628 5590 683 5637 et
738 5582 863 5636 fidei
910 5585 1140 5655 propria:
1196 5587 1371 5656 donis,
1416 5605 1476 5646 se
1531 5592 1640 5645 Deo
1686 5600 1867 5663 prote-

281 5678 462 5739 gente,
495 5670 725 5739 ltetctur,
755 5682 913 5744 atque
956 5675 1237 5734 insistente
1264 5678 1486 5737 caritate
1528 5688 1617 5736 tua
1646 5683 1869 5740 acriori-

284 5763 383 5818 bus
410 5766 600 5821 stttdtis
628 5768 903 5824 catholica:
934 5769 1204 5838 religionis
1231 5771 1481 5827 salutaria
1512 5776 1712 5846 scripta
1741 5778 1866 5831 mit-

277 5858 448 5914 tendo
489 5859 694 5917 nmnire
736 5861 981 5932 dignetur
1022 5862 1314 5933 Ecclesias,
1362 5879 1429 5921 ue
1462 5865 1622 5935 (sicut
1652 5870 1861 5935 experti

1973 4760 2103 4814 dare
2132 4759 2448 4814 desisterem
2478 4767 2558 4812 tot
2588 4757 2910 4826 triumphos.
2950 4754 3222 4812 Exhibeas
3250 4770 3377 4824 ergo
3407 4754 3556 4809 delii-

1970 4858 2039 4903 tm
2069 4846 2427 4903 venerationis
2454 4846 2721 4913 officiumr
2758 4862 2945 4915 precor
2987 4854 3045 4901 ut
3091 4846 3383 4903 studiosius
3412 4843 3556 4900 circa
3650 4850 3658 4858 ·

1972 4943 2255 4997 universos
2298 4948 2461 4996 recta:
2508 4938 2633 4995 fidei
2678 4938 3005 5005 sacerdotes,
3056 4948 3109 4994 et
3159 4938 3390 4995 maxime
3414 4937 3555 4994 circa

1969 5031 2393 5089 Alexandrinum
2422 5031 2754 5103 episcopum,
2778 5029 2939 5100 cuius
2966 5028 3277 5093 certaminis
3306 5039 3358 5086 et
3390 5039 3556 5085 testes

1965 5125 2144 5181 fuistis
2173 5136 2228 5180 et
2260 5123 2490 5195 iudices,
2521 5123 2870 5194 protectionis
2916 5120 3235 5191 impendatis
3265 5122 3549 5183 auxilium,

1966 5227 2021 5274 et
2041 5219 2342 5274 decernetis
2365 5216 2621 5289 piissimis
2640 5216 2944 5274 constitutis
2969 5215 3183 5271 Petrum
3213 5214 3357 5268 sedis
3385 5212 3553 5280 ipsius

1968 5325 2309 5385 pervaserem
2341 5310 2448 5384 (cui
2492 5324 2590 5367 nec
2638 5311 2690 5366 in
2736 5308 3016 5365 diaconatu
3046 5316 3174 5363 suus
3217 5307 3387 5377 potuit
3416 5305 3547 5360 ordo

1971 5402 2245 5477 constare)
2274 5404 2476 5476 longius
2507 5418 2537 5457 u
2569 5411 2676 5457 tam
2725 5401 2977 5471 praeclara
3026 5400 3240 5455 civitate
3285 5394 3544 5468 relegari,

1972 5512 2041 5553 ne
2088 5495 2412 5552 infirmiores
2459 5492 2625 5567 [forte
2668 5489 2987 5562 infirmioris]
3015 5490 3135 5546 fidei
3164 5490 3373 5559 aliquos
3411 5487 3547 5541 forte
3618 5536 3632 5553 ,

1973 5587 2215 5653 sedueat,
2245 5592 2299 5642 et
2330 5585 2383 5640 in
2412 5582 2601 5640 eadem
2631 5580 2867 5638 Ecclesia
2915 5581 3081 5656 (quod
3112 5580 3275 5647 absit)
3316 5592 3436 5649 qum
3462 5590 3550 5631 so-

1975 5676 2127 5751 pistis
2165 5676 2414 5736 scandala
2454 5691 2637 5732 rursus
2664 5675 2914 5747 exagitet.
2943 5674 3215 5732 Probastls
3241 5672 3293 5727 iu
3321 5685 3552 5741 corpore

1973 5772 2119 5826 ilium
2150 5769 2300 5824 vobis
2329 5769 2565 5823 dexteras
2594 5781 2705 5822 sua:
2748 5767 2965 5822 dedisse
3000 5764 3328 5835 prasidiutn.
3362 5762 3453 5831 qui
3483 5760 3549 5814 ad

1972 5868 2133 5922 totius
2160 5864 2302 5920 orbis
2332 5860 2603 5930 gaudium,
2632 5870 2685 5917 et
2735 5860 2786 5916 in
2821 5859 3072 5915 Ecclesia:
3100 5856 3417 5912 universalis
3454 5868 3548 5906 es-
