4086 6328
518 375 582 432 δι
1861 374 2106 432 SIMPLH

2215 373 2412 431 PAPIE
3715 376 3781 432 52

517 488 858 543 saltationem
913 485 966 542 in
1009 496 1181 543 vestra
1229 484 1511 540 clementia
1567 484 1865 541 Romanum
1916 497 2094 543 servat
2123 487 2316 558 Agnis
2353 487 2610 557 jubeutur
2649 488 2824 558 perire
2871 490 3144 560 suppliciis

520 579 825 648 imperium.
859 579 984 633 Data
1029 594 1061 633 x
1102 575 1350 632 calendas
1397 576 1714 633 Novembris
1760 579 1923 648 (anno
1968 581 2096 633 Chr.

521 668 674 740 478),
707 669 823 723 viro
852 667 1150 727 ciarissimo
1177 668 1423 723 consule.

1033 802 1048 833 ί
1092 801 1421 857 EPISTULA
1462 801 1596 857 XIII.

897 908 1143 951 δηιιιωειι
1183 911 1326 950 ΡΑΡΕ
1366 912 1432 951 ΔΙ)
1473 911 1717 952 ACACIUSI.

795 1009 993 1068 Eadem
1031 1029 1147 1084 qua:
1198 1012 1251 1066 in
1290 1012 1544 1084 superiori
1590 1011 1828 1082 epistola.

516 1122 823 1194 Simplicius
862 1124 1167 1195 episcOpus,
1201 1125 1397 1180 Aracio
1425 1123 1680 1194 episcopo
1723 1123 2103 1181 Constantino-

1187 1195 1441 1266 politauo.

592 1306 848 1362 Proxime
876 1306 1090 1376 quidem
1121 1305 1391 1360 dilectioni
1421 1314 1544 1372 tute,
1569 1304 1872 1375 petentibus
1900 1303 1984 1360 his
2012 1306 2102 1376 qui

514 1397 710 1452 ad'nos
737 1413 764 1450 a
797 1398 962 1453 fratre
1003 1406 1056 1454 et
1098 1399 1415 1466 coepiscopo
1448 1406 1633 1454 nostro
1659 1395 1944 1452 Timotheo
1979 1395 2105 1452 Ale-

518 1487 796 1543 xandrinac
826 1488 1078 1543 Ecclesia:
1101 1488 1336 1543 antistite
1361 1487 1547 1543 directi
1572 1487 1801 1553 fuerant,
1821 1501 2104 1543 commune

519 1579 775 1645 gaudium
808 1578 1001 1634 litteris
1032 1579 1281 1644 iudicavi,
1318 1587 1372 1634 et
1400 1579 1466 1634 de
1510 1578 1685 1632 fructu
1713 1577 1939 1647 piissimi
1976 1590 2106 1646 ope-

520 1669 617 1735 ris,
650 1669 790 1739 quod
834 1671 1132 1725 catholicus
1181 1679 1490 1724 memorata:
1542 1669 1799 1724 Ecclesia:
1851 1668 2105 1724 sacerdos

516 1768 604 1816 est
630 1762 930 1830 restitutus,
975 1763 1179 1832 pariter
1205 1777 1304 1818 nos
1333 1761 1565 1833 gaudere
1593 1761 1887 1816 memoravi
1913 1776 1926 1814 :
1962 1760 2102 1831 quod

3193 508 3206 543 :
3261 493 3312 545 itt
3361 505 3465 562 quo
3513 502 3568 546 et
3611 495 3777 562 quieti

2207 578 2460 635 Ecclesia:
2481 588 2537 634 et
2565 589 2745 635 vestro
2773 582 3064 637 consuletis
3093 582 3339 651 imperio,
3362 584 3486 652 quia
3515 583 3780 639 vindicata

2207 669 2300 724 Dei
2327 671 2650 725 contumelia
2682 671 2989 727 ulciscentis
3029 683 3111 727 est
3140 673 3332 743 gratia,
3365 685 3418 728 et
3463 676 3783 729 conciliatur

2207 763 2288 816 bis
2319 761 2482 816 divini
2514 762 2710 818 favoris
2733 765 3012 831 auxilium,
3040 780 3265 834 quorum
3289 781 3418 820 cura
3446 768 3781 837 sacrilegium

2205 865 2310 905 non
2344 852 2622 922 reliquerit
2651 853 2990 924 impunitum.
3021 856 3125 913 Sed
3158 868 3217 913 ttt
3247 858 3433 927 loquar
3462 857 3782 916 fidu‘cialiter

2205 946 2426 1015 principi
2455 945 2783 1016 Christiano,
2809 949 2854 1004 si
2883 950 3273 1018 praeteritarum
3303 950 3602 1005 litterarum
3645 966 3781 1021 quas

2203 1040 2270 1096 de
2292 1040 2437 1097 Petri
2461 1042 2792 1114 aliorumque
2820 1044 3037 1099 nomine
3065 1044 3373 1114 iamdudum
3395 1045 3461 1099 ad
3488 1042 3707 1099 fratrem
3733 1054 3787 1099 et

2203 1131 2577 1203 coepiscopum
2605 1149 2781 1190 meum
2807 1135 3057 1190 Acacium
3086 1135 3364 1205 scripsisse
3395 1135 3634 1203 memini,
3655 1136 3788 1190 ordo

2206 1236 2500 1292 teneretur,
2530 1227 2597 1282 ad
2643 1229 2743 1284 hoc
2787 1245 2892 1284 non
2924 1229 3094 1298 potuit
3131 1229 3440 1298 pervenire;
3485 1229 3624 1300 quod
3666 1229 3788 1298 jure

2205 1333 2349 1374 nunc
2375 1319 2569 1374 meruit
2595 1319 2886 1376 vindicare.
2917 1319 3292 1375 Mandaveram
3310 1334 3538 1390 namque
3563 1329 3621 1374 ut
3650 1319 3788 1374 facta

2204 1414 2546 1483 suggestione
2577 1415 2760 1484 pietati
2790 1425 3006 1481 vestrae,
3054 1415 3360 1486 praedictus,
3413 1425 3470 1471 ut
3511 1424 3566 1472 et
3607 1415 3788 1470 caeteri

2206 1501 2298 1572 qui
2331 1517 2426 1573 per
2462 1506 2799 1561 occasionem
2831 1505 3121 1576 tyrannicae
3163 1506 3543 1562 dominationis
3573 1506 3788 1562 invase-

2206 1600 2326 1646 rant
2376 1591 2646 1651 Ecclesias
2676 1595 2793 1661 Dei,
2843 1605 2994 1651 extra
3037 1605 3207 1652 metas
3252 1595 3414 1652 vestri
3455 1596 3792 1666 pellerentur

2208 1679 2440 1750 imperii,
2472 1698 2540 1739 ne
2569 1685 2839 1756 pestiferis
2870 1686 3118 1742 sensibus
3167 1687 3465 1757 quibusque
3492 1687 3792 1757 simplicio-

2210 1773 2358 1829 ribus
2388 1791 2482 1832 ore
2525 1779 2792 1850 sacrilego
2818 1779 2964 1836 virus
2996 1781 3360 1849 infunderent,
3392 1790 3446 1837 et
3475 1783 3655 1838 verbis
3684 1783 3790 1839 im-

519 1869 661 1908 "Uﬂc
687 1869 900 1923 quoque
924 1854 1674 1924 sislliﬁcareiproperavimua
1701 1861 1761 1906 υι
1784 1865 2103 1922 agnosceres
2133 1865 2180 1927 B
2211 1867 2310 1936 piis
2337 1879 2522 1925 contra
2571 1870 2728 1925 ﬁdem
2773 1871 3128 1928 orthodoxam
3159 1874 3559 1930 iuuoceutiores
3585 1874 3792 1930 animas

517 1949 712 2019 gaudia
741 1949 1014 2005 silentium
1041 1964 1143 2003 non
1168 1964 1371 2002 amare.
1397 1947 1550 2003 Unde
1571 1960 1783 2016 semper
1804 1946 2103 2010 exsultans,

517 2051 572 2096 et
598 2041 900 2097 orationum
930 2044 1286 2098 communium
1309 2041 1528 2113 cupiens
1562 2051 1680 2096 vota
1712 2041 1927 2107 sociari,
1980 2041 2104 2095 hor-

521 2143 620 2199 tor,
659 2135 823 2191 frater
867 2137 1161 2202 carissime,
1194 2147 1250 2191 ut
1299 2138 1460 2193 rebus
1488 2153 1586 2208 per
1623 2138 2103 2193 clementissimum

517 2235 573 2280 et
597 2225 1118 2283 Christianissimum
1165 2228 1459 2298 principem
1511 2229 1618 2282 Deo
1647 2238 1864 2283 auctore
1889 2232 2108 2295 compo-

517 2323 657 2382 sitis.
698 2323 988 2392 diligentia:
1013 2323 1317 2379 sollicitudo
1346 2338 1454 2376 non
1485 2321 1624 2376 desit
1653 2337 1666 2374 :
1695 2322 1789 2377 sed
1817 2322 2009 2377 Petrus
2039 2324 2106 2379 ab

521 2414 760 2469 indebito
781 2415 880 2470 sibi
911 2415 1117 2471 honore
1142 2414 1402 2484 dejectus,
1429 2413 1480 2468 in
1504 2414 1859 2469 Alexandrina
1888 2415 2106 2484 regione

520 2520 624 2560 non
652 2506 860 2561 sinatur
890 2507 1155 2571 habitare,
1188 2505 1280 2561 sed
1325 2505 1509 2576 procul
1539 2515 1688 2559 extra
1720 2505 1978 2562 terminos
2008 2521 2104 2576 pa-

522 2601 671 2665 triae,
719 2596 856 2652 sicut
903 2599 1066 2654 etiam
1107 2613 1204 2652 nos
1252 2598 1628 2667 poposcimus,
1677 2596 1944 2666 frequenti
1983 2613 2103 2651 eum

519 2688 756 2756 postules
785 2677 1125 2760 suggestione
1154 2689 1410 2761 relegari;
1453 2705 1520 2744 ne
1559 2705 1693 2760 quos
1735 2688 2102 2758 imperitorum

521 2781 800 2850 pravitatis
847 2798 958 2838 sum
1002 2784 1350 2851 persuasione
1406 2783 1648 2848 seducat,
1678 2791 1732 2838 et
1761 2798 1788 2836 a
1829 2782 2104 2840 catholicae

521 2877 735 2930 tramite
764 2877 1003 2932 veritatis
1035 2886 1261 2931 avertat.
1288 2877 1552 2948 Quidquid
1584 2885 1759 2932 autem
1796 2877 1862 2933 de
1893 2878 2106 2949 religio-

520 2967 736 3022 sissimo
769 2967 1079 3036 impetrabis
1109 2969 1355 3039 imperio,
1386 2983 1512 3023 cura
1561 2978 1663 3024 ture
1709 2969 2008 3026 dilectionis
2039 2970 2103 3024 ad

521 3075 694 3113 turam
743 3059 986 3115 notitiam
1037 3060 1192 3116 faciat
1220 3061 1522 3130 pervenire,
1554 3070 1610 3116 et
1657 3076 1753 3116 nos
1784 3070 1996 3118 actuum
2035 3061 2100 3116 ad

520 3150 818 3205 custodiam
867 3152 1190 3222 evangelicte
1253 3152 1513 3207 doctrina:
1577 3153 1962 3222 pertinentium
2012 3152 2106 3208 det

2209 1965 2549 2032 sauciarent;
2599 1966 2740 2036 quod
2786 1975 2894 2021 tum
2925 1975 3169 2037 apparet,
3213 1983 3332 2023 cum
3364 1968 3544 2024 minus
3571 1969 3668 2023 ista
3694 1984 3792 2023 cu-

2207 2065 2411 2121 rantur,
2442 2067 2494 2112 et
2518 2057 2653 2113 levia
2682 2071 2801 2112 esse
2827 2057 3144 2123 creduntur;
3173 2069 3349 2113 actum
3372 2067 3474 2124 est,
3503 2066 3562 2114 ut
3581 2059 3794 2129 (quem-

2207 2149 2493 2205 admodum
2543 2147 2857 2220 perhibetis)
2903 2150 3044 2203 inter
3076 2149 3286 2214 altaria,
3319 2164 3425 2203 non
3465 2148 3572 2217 jam
3633 2148 3788 2217 plebs

2211 2243 2644 2311 persuasionibus
2671 2260 2886 2308 eorum,
2928 2245 3019 2299 sed
3060 2243 3160 2312 ipsi
3199 2260 3411 2314 quoque
3451 2244 3706 2310 prtesules
3739 2253 3792 2299 et

2209 2335 2592 2404 prtedicatores
2623 2336 2742 2391 fidei
2785 2336 3024 2405 perirent
3053 2335 3279 2391 funestis
3318 2336 3508 2406 gladiis
3534 2336 3791 2390 sacerdo-

2209 2436 2309 2483 tes.
2348 2428 2497 2484 Unde
2523 2429 2566 2484 si
2597 2445 2716 2499 qua:
2745 2430 2864 2484 alite
2896 2428 3136 2498 reliquis:
3166 2428 3266 2482 sub
3304 2437 3480 2482 vestro
3508 2427 3790 2497 reperiun-

2210 2526 2296 2572 tur
2318 2519 2561 2586 imperio,
2595 2533 2686 2574 eas
2716 2518 2800 2573 vel
2830 2535 2969 2574 nunc
3001 2520 3050 2573 in
3083 2520 3380 2576 exteriores
3413 2529 3582 2574 terras
3611 2519 3792 2588 iubete

2208 2613 2458 2682 propelli,
2488 2628 2554 2667 ne
2583 2627 2684 2683 qua
2716 2611 2969 2682 deinceps
2993 2611 3043 2666 in
3067 2627 3130 2666 eo
3155 2612 3224 2665 sit
3245 2610 3536 2666 necessitas
3556 2619 3609 2666 et
3630 2626 3791 2666 causa

2207 2702 2485 2774 supplicii;
2518 2703 2638 2772 quia
2674 2703 2864 2756 melius
2906 2705 2986 2757 'est
3023 2701 3222 2755 aditum
3259 2701 3591 2755 obstruxisse
3630 2717 3789 2770 quam

2208 2810 2417 2866 ptenam
2444 2795 2684 2864 exegisse
2714 2794 2928 2862 peccati.
2974 2793 3036 2846 Et
3074 2792 3322 2862 quoniam
3351 2791 3642 2846 seditiones
3674 2791 3783 2845 Au-

2208 2887 2482 2944 tiochenas
2527 2884 2932 2954 religiosissimo
2961 2881 3231 2952 proposito
3261 2880 3522 2935 sedaudas
3558 2896 3663 2934 non
3692 2881 3787 2935 ali-

2205 2987 2286 3034 ter
2314 2977 2691 3039 existimastis,
2725 2973 2826 3028 nisi
2863 2984 3053 3042 prteter
3093 2972 3454 3042 prtrjudicium
3493 2972 3784 3026 venerandi

2206 3071 2346 3127 illius
2372 3069 2584 3126 concilii
2613 3068 2811 3123 Nicami
2855 3067 2994 3137 apud
3039 3065 3556 3134 ConStautinopolim
3598 3064 3788 3120 iisdem

2210 3162 2518 3234 petentibus
2543 3159 2883 3215 ordinaretur
2911 3156 3307 3227 antistes,quod
3332 3157 3384 3211 in
3413 3157 3529 3224 ejus
3555 3165 3789 3210 tantum-

522 3255 644 3296 CSSB
682 3252 977 3298 consortes.
1030 3244 1160 3297 Data
1194 3258 1276 3298 ινι
1306 3243 1556 3299 calendas
1594 3244 1908 3325 Novembris
1937 3243 2103 3315 (anno
2128 3233 2174 3296 0
2209 3233 2368 3309 modo
2398 3266 2623 3322 persona
2655 3251 2733 3306 sic
2779 3248 3114 3305 memoraslis
3169 3257 3525 3316 assumptum,
3559 3256 3615 3301 υι
3643 3248 3790 3302 dei".

520 3333 650 3389 Chr.
678 3333 829 3406 478),
859 3335 956 3390 Illo
978 3337 1093 3391 viro
1122 3337 1423 3394 clarissimo
1447 3338 1688 3394 consule.

1058 3448 1386 3505 EPISTULA
1427 3450 1566 3504 XIV.

686 3554 930 3594 SHIPLICH
970 3555 1115 3596 ΡΑΡΕ
1155 3557 1222 3595 ΑΙ)
1262 3555 1504 3596 ῑΙ-ΖΝΟΝΕΙ
1547 3557 1938 3598 ΙΜΡΕΒΑΤΟΒΕΙΙ.

524 3629 722 3685 Laudat
748 3631 1064 3699 imperatoris
1101 3631 1495 3687 sollicitudinem
1524 3636 1576 3689 in
1614 3635 1694 3688 Itis
1721 3635 1990 3700 puniendis
2018 3634 2104 3700 qtti

593 3702 873 3756 Antiochia:
896 3704 946 3756 in
972 3704 1324 3772 episcoporum
1347 3704 1509 3758 credes
1532 3707 1966 3772 conspirauerunt.
1999 3702 2104 3758 Do-

593 3773 658 3824 ιρι
684 3789 802 3824 sum
834 3773 904 3824 ad
935 3774 1174 3826 Acacium
1217 3776 1414 3829 litteras
1458 3777 1768 3830 exsecutioni
1818 3793 1917 3829 non
1949 3777 2105 3843 fuisse

591 3844 884 3909 mandatas,
911 3853 957 3895 et
993 3845 1317 3897 Antiocheme
1348 3844 1592 3899 Ecclesia:
1617 3847 1858 3899 antistitis
1897 3847 2105 3900 electio-

595 3929 732 3976 nem,
758 3912 968 4034 ἐνῇ·ωηὶ
997 3915 1198 3967 concilii
1237 3931 1338 3967 non
1369 3915 1628 3970 observato
1651 3919 1884 3982 decreto,
1915 3922 2104 3987 {actam

595 4000 754 4034 σουνο
788 3993 861 4034 at.

593 3993 861 4052 approbat.

734 4074 1037 4138 Simplicius
1065 4075 1369 4146 episcopus,
1401 4077 1600 4136 Zenoni
1626 4079 1887 4150 Augusto.

602 4167 673 4220 De
709 4167 946 4222 Ecclesia
974 4168 1308 4226 Antiocbcua
1348 4173 1682 4228 venerandos
1721 4174 1849 4228 mihi
1895 4188 2108 4242 semper

527 4271 724 4312 vestra:
769 4259 984 4330 pietatis
1023 4262 1204 4331 apices
1245 4263 1462 4332 gavisus
1501 4266 1705 4335 accepi,
1735 4267 1928 4335 quibus
1957 4267 2106 4337 inge-

529 4349 641 4402 nito
673 4349 823 4403 vobis
853 4349 1029 4406 studio
1069 4352 1346 4408 catholica:
1375 4355 1641 4423 religionis
1687 4367 1807 4425 post
1837 4357 2107 4413 defensio-

530 4457 650 4496 nent
686 4441 827 4509 fidei,
848 4457 965 4514 qute
992 4458 1089 4498 v~s
1127 4453 1306 4500 servat
1331 4460 1392 4503 ac
1417 4448 1672 4513 custodit,
1703 4449 1990 4518 impietatis
2013 4466 2107 4506 au-

529 4534 736 4588 daciam
762 4545 817 4590 et
847 4533 1081 4591 facinora
1110 4538 1248 4606 apud
1275 4538 1612 4593 Antiochiam
1642 4550 1938 4608 perpetrata
1963 4557 2107 4596 coer-

2205 3361 2332 3416 ceps
2355 3345 2646 3402 secundum
2677 3342 3018 3398 definitiones
3049 3341 3262 3395 Patrum
3290 3339 3546 3396 Orientali
3575 3340 3781 3410 synodo

2205 3442 2404 3496 creatio
2431 3438 2747 3494 Autiocheui
2797 3435 3063 3507 pontificis
3103 3444 3429 3498 reservetur,
3463 3449 3563 3487 nec
3605 3431 3786 3489 haberi

2205 3534 2326 3589 loco
2355 3533 2514 3589 vultis
2546 3531 2778 3601 injuriae,
2818 3529 2958 3601 quod
2995 3529 3345 3585 dissensionis
3385 3531 3554 3598 gratia
3589 3529 3782 3582 factum

2204 3635 2289 3681 est
2341 3622 2666 3680 aufereudte.
2708 3621 2880 3678 Tenet
2917 3621 3054 3676 hanc
3095 3622 3307 3690 pietatis
3351 3629 3546 3676 vestra:
3593 3619 3783 3675 beatus

2206 3715 2395 3773 Petrus
2421 3714 2695 3784 apostolus
2725 3711 3089 3782 sponsionem,
3110 3720 3165 3766 et
3194 3711 3633 3766 Christianissimi
3659 3711 3786 3764 fide-

2205 3807 2501 3877 lissimique
2539 3804 2792 3875 principis
2835 3814 3070 3857 mentem
3115 3801 3168 3855 iu
3210 3802 3324 3857 haec
3365 3800 3524 3856 verba
3553 3801 3786 3869 jurassr,

2206 3900 2344 3970 quod
2378 3899 2599 3970 posthac
2631 3898 2683 3952 iu
2715 3894 3048 3950 Antiochena
3086 3897 3220 3950 urbe
3268 3895 3433 3950 veteri
3478 3909 3630 3950 more
3675 3910 3791 3948 ser-

2208 4002 2327 4048 vato
2354 4008 2383 4046 a
2409 3986 2947 4060 comprovincialibus
2974 3987 3084 4043 suis
3107 3986 3373 4057 episcopis
3399 3985 3700 4053 ordinetur,
3725 4001 3793 4041 ne

2207 4085 2348 4156 quod
2375 4098 2516 4138 nunc
2546 4082 2710 4138 frater
2741 4091 2794 4136 et
2818 4080 3169 4152 coepiscopus
3202 4095 3352 4134 meus
3382 4077 3607 4135 Aeacius
3639 4080 3790 4133 vobis

2207 4185 2291 4232 est
2315 4175 2621 4246 iubentibus
2643 4180 2948 4235 exsecutus,
2985 4173 3037 4226 in
3079 4185 3230 4226 usum
3262 4172 3586 4240 posteritatis
3613 4172 3794 4224 veniat

2209 4278 2262 4321 et
2301 4275 2498 4322 statuta
2527 4265 2775 4329 Patrum,
2819 4279 2938 4334 qua:
2968 4262 3236 4334 praecipue
3272 4261 3561 4330 praestastis
3601 4261 3790 4324 illmsa,

2209 4357 2522 4414 confundat.
2554 4355 2706 4412 Unde
2743 4371 2859 4426 quae
2889 4371 2917 4409 a
2956 4354 3106 4409 vobis
3149 4368 3334 4408 amore
3372 4353 3568 4422 quietis
3606 4363 3795 4409 sancte

2211 4461 2265 4509 et
2296 4452 2544 4522 religiose
2575 4459 2700 4505 sunt
2725 4450 2988 4511 ordinata,
3024 4447 3314 4517 reprc-bare
3349 4463 3451 4501 non
3484 4462 3792 4516 possumus.

2212 4560 2280 4600 ne
2321 4553 2489 4598 status
2521 4542 2868 4598 Antiochente
2907 4540 3166 4596 Ecclesia:
3197 4539 3296 4593 sub
3341 4550 3520 4594 nostra
3571 4539 3795 4594 dubita-

528 4627 630 4679 cita
679 4626 992 4695 reperimus.
1054 4628 1393 4684 Exsultantes
1449 4630 1598 4684 vobis
1648 4631 1822 4686 inesse
1873 4635 2106 4689 mimum
2137 4611 2188 4671 D
2214 4640 2355 4693 tione
2385 4637 2625 4691 videatur
2654 4634 2951 4706 ambiguus.
2980 4634 3244 4703 praecipue
3270 4648 3389 4688 cum
3417 4633 3460 4689 is
3483 4630 3572 4702 qui
3599 4629 3796 4702 iegitur

530 4716 823 4772 fidelissimi
849 4718 1146 4774 sacerdotis
1185 4729 1238 4774 et
1285 4720 1560 4789 principis,
1604 4731 1658 4774 ut
1691 4723 1983 4792 itnperialis
2009 4741 2105 4779 au-

531 4809 751 4861 ctoritas
781 4817 836 4863 et
858 4808 1041 4877 jnnrta
1087 4809 1403 4865 Christiana:
1430 4811 1700 4866 devotioni
1729 4816 2110 4886 acceptabilior

534 4897 643 4953 Deo
690 4895 860 4964 fit-ret,
905 4910 960 4956 et
999 4911 1285 4970 appareret
1329 4902 1627 4972 integritas,
1677 4920 1795 4958 cum
1838 4906 1886 4959 bi
1935 4909 2107 4976 quiin

531 4989 902 5058 episcoporum
933 5005 1094 5048 neces
1139 4991 1397 5060 sacrilega
1443 4993 1590 5049 czede
1621 4995 1815 5050 versati
1846 5006 1990 5062 sunt,
2022 4997 2107 5051 di-

606 5126 623 5157 '
663 5124 1004 5196 Timotheus,
1035 5126 1426 5182 Alexandrinus
1477 5128 1760 5196 episcopus
1810 5129 1860 5184 in
1926 5133 2107 5186 sedem

535 5197 815 5268 restitutus
850 5205 960 5251 tres
997 5195 1159 5251 hosce
1190 5199 1409 5268 legatos,
1437 5195 1622 5252 l-aiam
1653 5195 1986 5268 episcopum,
2014 5201 2108 5256 Ni-

536 5267 645 5340 lum
676 5265 1046 5340 presbyterum
1079 5278 1132 5322 et
1165 5267 1471 5340 Martyrium
1512 5265 1818 5340 diaconum,
1842 5265 1921 5325 'ex
1964 5286 2112 5327 more

537 5335 756 5403 antiquo
785 5334 1175 5408 aditomanum
1215 5334 1518 5408 pontificem
1547 5337 1862 5408 ablegavit,
1899 5342 2109 5397 veniam

534 5419 731 5475 rogans
767 5404 950 5466 delicti
992 5409 1072 5462 sui
1116 5404 1257 5480 illius
1283 5423 1410 5476 quo,
1441 5407 1627 5480 gladiis
1657 5404 2112 5480 Eittycltianorum

533 5484 774 5550 coactas,
811 5477 1671 5550 com_ra_constittttionesiLeonis
1715 5477 1886 5550 papae,
1920 5497 2112 5537 nomen

537 5545 776 5620 Dioscori
806 5545 947 5614 apud
970 5546 1136 5620 altare
1162 5551 1422 5604 recitavit.
1454 5549 1517 5603 Et
1541 5545 1839 5620 quanquam
1865 5553 1914 5606 id
1944 5553 2114 5608 moni-

537 5625 625 5670 tus
656 5615 892 5682 fecisset,
925 5632 1029 5671 non
1080 5618 1194 5672 leve
1239 5629 1415 5675 tamen
1462 5615 1668 5674 facinus
1702 5615 1836 5674 illud
1881 5623 1931 5676 in
1968 5633 2116 5678 tanto

538 5687 788 5762 pontifice
812 5686 979 5762 videri
1012 5698 1236 5762 poterat.
1271 5692 1492 5759 Insuper
1513 5690 1700 5746 eadem
1732 5692 1995 5762 legatione
2021 5708 2119 5747 no-

537 5767 647 5810 tun.
680 5756 803 5812 fecit
831 5756 1046 5829 Petrum
1081 5759 1321 5829 Moggum
1371 5756 1742 5818 Alexandrinae
1783 5756 1926 5816 sedis
1969 5765 2112 5817 inva-

536 5841 736 5894 sorem,
768 5827 856 5898 qui
880 5827 1054 5899 big-nm
1085 5827 1328 5901 captasse
1358 5831 1654 5895 videbatur,
1679 5833 1730 5886 in
1762 5833 1975 5889 civitate
2003 5833 2117 5889 lati-

2213 4728 2510 4792 ordinatus,
2544 4726 2848 4781 testimonio
2885 4726 3186 4780 clementia:
3215 4734 3427 4788 vestrm,
3456 4732 3512 4778 et
3549 4731 3694 4778 tanta
3725 4725 3798 4778 sit

2215 4816 2591 4887 praedicatione
2621 4817 2898 4882 subnixus,
2935 4824 2993 4871 ut
3032 4816 3081 4870 in
3114 4830 3178 4870 eo
3221 4823 3416 4884 praeter
3446 4814 3638 4869 horum
3671 4816 3796 4869 vul-

2216 4924 2400 4963 nerum
2440 4907 2676 4964 dolorem
2721 4909 2895 4978 posito
2942 4910 3205 4976 possimus
3269 4915 3322 4962 et
3370 4907 3627 4962 Ecclesia:
3674 4925 3797 4978 qua:

2217 4999 2363 5054 illum
2396 4998 2610 5065 meruit,
2639 4998 2876 5068 gloriari.
2919 4998 3042 5052 Haec
3090 5012 3251 5066 repen
3285 4996 3329 5050 is
3369 4996 3712 5054 sermonibus
3744 5005 3800 5053 et

2217 5143 2351 5196 tare,
2386 5143 2440 5188 et
2479 5145 2690 5190 secreto
2735 5151 2848 5188 rem
2884 5149 3061 5203 agere,
3090 5132 3435 5188 seducentem
3469 5135 3689 5200 multos,
3743 5143 3800 5190 et

2215 5203 2422 5258 cladem
2466 5204 2609 5258 illius
2641 5205 2891 5275 Ecclesia!
2929 5205 3162 5272 graviter
3202 5219 3524 5272 procurare:
3548 5206 3800 5275 adeoque

2216 5276 2575 5329 necessarium
2608 5274 2776 5328 videri
2807 5285 2862 5327 ut
2885 5276 2950 5329 ad
2986 5275 3098 5327 haec
3129 5275 3361 5339 pericula
3393 5276 3644 5338 tollenda,
3681 5274 3798 5328 Ion-

2215 5345 2334 5414 gius
2363 5346 2413 5398 in
2443 5345 2685 5398 exsilium
2732 5344 3036 5412 pelleretur.
3079 5345 3177 5414 illis
3206 5345 3439 5412 acceptis
3474 5347 3659 5401 scribit
3694 5348 3800 5399 int-

2217 5413 2449 5482 peratori
2480 5424 2532 5469 et
2559 5415 2753 5469 Acacio
2777 5415 3032 5483 episcopo
3069 5413 3375 5482 Simplicius
3409 5430 3565 5484 papa,
3607 5427 3802 5484 petens

2220 5483 2321 5539 hoc
2350 5484 2536 5538 sedulo
2579 5486 2754 5538 curari
2805 5495 2863 5538 ut
2907 5486 3296 5553 quamprimum
3347 5483 3507 5540 homo
3534 5483 3803 5541 scelestus

2220 5554 2428 5624 longius
2457 5554 2508 5608 in
2538 5555 2788 5626 exsilium
2813 5553 3130 5626 detrudatur
3157 5572 3168 5606 :
3195 5553 3314 5607 ideo
3339 5556 3388 5609 in
3418 5557 3625 5624 primis,
3650 5559 3801 5626 quod

2219 5627 2527 5694 episcopum
2555 5624 2892 5679 Alexandria:
2923 5632 3120 5694 ageret,
3156 5639 3311 5694 quem
3345 5628 3570 5680 necdum
3608 5624 3800 5680 diaco-

2222 5711 2346 5749 num
2414 5697 2712 5750 ordinatum
2779 5710 2898 5750 esse
2958 5703 3250 5750 constaret.
3313 5695 3444 5750 Vide
3507 5697 3800 5752 Baronium

2222 5779 2360 5820 anno
2383 5765 2504 5832 478,
2539 5781 2685 5821 num.
2709 5766 2741 5822 9
2773 5776 2826 5822 et
2851 5766 3217 5836 sequentibus.
3250 5764 3378 5822 Ssv.
3412 5768 3610 5824 Btaws.

2337 5841 2360 5864 ο
