4086 6328
304 360 369 415 53
1683 351 1905 408 ΕΡΙΞΤ(

2004 385 2010 405 ι
2054 351 2164 406 λγ.
3478 351 3554 409 Μ

304 470 664 527 venerationis
692 469 871 524 ofﬁcio
894 465 1220 538 respondere
1245 466 1454 530 curavi,
1477 475 1529 519 ut
1562 474 1735 520 tantas
1761 465 1873 520 hae-
1905 469 1951 530 Α
1981 465 2172 519 ctionis
2210 478 2316 518 nou
2346 464 2760 519 irrationabilcm
2788 469 3155 536 eog..uscimus
3181 466 3341 521 fuisse
3370 469 3546 520 (διηυ-

303 565 586 618 reticorum
617 559 831 616 fraudes
855 568 909 613 et
951 557 1184 613 facinora
1221 556 1415 611 divinis
1449 565 1502 610 et
1528 554 1874 610 saecularibus

303 653 510 722 lv-gibus
550 651 932 722 persequenda,
970 663 1088 718 quae
1124 646 1321 718 sapius
1345 647 1579 717 probatis
1619 662 1738 703 esse
1769 657 1871 701 tam

303 747 485 809 novia,
516 745 585 800 de
611 745 866 799 memoria
888 750 942 798 et
967 741 1376 797 conversatione
1403 741 1675 794 hominum
1693 740 1877 810 jubea-

302 841 374 891 tis
398 835 621 901 auferri,
644 849 867 904 quorum
891 832 1177 902 impietatis
1200 831 1364 898 nulla,
1391 839 1642 900 quantum
1666 830 1874 896 videtis,

307 936 485 999 potest
526 927 841 980 auctoritate
869 924 1157 994 compesci.
1194 924 1322 977 Data
1359 937 1391 976 ι
1429 921 1676 976 calendas
1713 921 1879 975 Julias

303 1021 322 1089 (
338 1032 480 1073 anno
513 1016 642 1072 Chr.
685 1016 822 1086 479)
866 1024 988 1086 post
1030 1013 1366 1071 consulatum
1411 1012 1508 1068 Illo
1551 1012 1646 1066 viri
1689 1011 1875 1067 claris-

306 1109 455 1165 simi.

819 1219 838 1250 ⁸
870 1217 1202 1276 EPISTULA
1231 1216 1348 1275 XV.
1445 1245 1448 1248 ·

699 1324 943 1366 διιιιιιοιι
978 1326 1124 1365 ΡΔΡΞ
1151 1326 1218 1365 ΑΒ
1246 1325 1496 1367 ACACIUI.

700 1401 897 1457 Eadem
926 1418 1040 1472 qua
1067 1411 1113 1456 et
1146 1402 1198 1455 in
1222 1402 1492 1472 superiori.

343 1493 656 1568 Simplicius
674 1495 955 1565 episcopus
982 1494 1450 1633 (episcopo
1484 1489 1855 1548 Constantino-

384 1655 795 1713 Clcmeutissimi
826 1654 1082 1725 principis
1105 1654 1542 1725 Litteris,tuaeque
1568 1652 1887 1718 dilectionis,

311 1751 380 1807 de
401 1749 658 1817 sacrilega
693 1756 745 1802 et
772 1746 1127 1802 funestissima
1168 1747 1336 1811 caede,
1375 1762 1493 1816 quae
1521 1743 1658 1815 apud
1701 1743 1902 1798 Antio—

316 1844 489 1898 chiam
510 1840 646 1896 facta
673 1847 774 1904 est,
797 1838 1066 1894 sauciatus
1089 1844 1145 1893 et
1168 1837 1386 1891 nimium
1408 1836 1626 1890 allectus
1643 1850 1874 1890 maerori-

322 1932 638 2004 respondeo,
679 1940 947 1995 astruens,
977 1927 1026 1984 si
1063 1943 1180 1999 qua:
1203 1928 1514 1999 jamdudum
1542 1928 1612 1984 de
1647 1927 1804 1982 Petro
1838 1936 1891 1981 et

317 2022 435 2080 aliis
459 2020 803 2090 complicibus
831 2034 1013 2075 eorum
1037 2020 1377 2090 scripseram,
1403 2029 1456 2075 et
1478 2029 1537 2073 ut
1566 2019 1743 2088 pietati
1774 2017 1891 2087 ejus

313 2133 433 2172 cum
454 2117 685 2181 caeteris,
718 2115 806 2185 qui
832 2115 1071 2179 aderant,
1106 2114 1356 2169 fratribus
1384 2127 1670 2184 suggerere
1705 2120 1890 2181 pastu-

309 2208 506 2273 laram,
533 2217 590 2261 ut
619 2215 913 2277 aptaverat,
947 2207 1243 2262 ordinatum
1275 2205 1483 2270 fuisset,
1515 2204 1890 2259 haereticorum

311 2300 594 2354 temeritas
621 2301 684 2352 ait
725 2307 930 2352 tantum
972 2297 1174 2353 facinus
1211 2313 1316 2352 non
1346 2297 1586 2361 veniret;
1635 2311 1702 2350 ne
1734 2295 1893 2366 [forte

306 2389 429 2462 nec]
459 2391 656 2458 aliquid
690 2387 1023 2444 necessitatis
1051 2390 1328 2453 existeret,
1359 2397 1417 2441 ut
1453 2387 1729 2442 nonaliter
1763 2401 1896 2453 prae-

307 2481 471 2537 dictae
512 2478 887 2534 snbveuiretur
926 2477 1197 2544 Ecclesiae,
1230 2477 1330 2533 nisi
1361 2488 1417 2532 ut
1450 2478 1645 2547 aliquid
1685 2476 1751 2531 de
1777 2477 1896 2546 jure

307 2571 434 2640 ejus
464 2571 670 2624 curatio
693 2570 804 2638 ipsa
831 2568 1115 2623 minueret.
1140 2567 1394 2635 Quamvis
1429 2569 1570 2622 enim
1611 2568 1898 2636 profecerit

306 2663 385 2721 ad
415 2662 668 2733 quietem,
700 2659 840 2730 quod
871 2659 1316 2715 Christianissimi
1362 2660 1496 2729 prin:
1516 2659 1615 2720 ipis
1638 2659 1895 2728 jussione.

311 2755 407 2809 vel
430 2757 546 2809 sine
577 2753 887 2823 praeiudicio
913 2769 1174 2808 canonum
1205 2771 1231 2805 a
1257 2762 1342 2806 tua
1361 2753 1581 2807 caritate
1605 2751 1766 2807 fuerit
1790 2752 1898 2807 Au-

311 2848 596 2901 tiochenus
634 2845 917 2916 episcopus
948 2844 1266 2898 ordinatus:
1303 2853 1478 2898 tamen
1522 2857 1624 2896 non
1661 2851 1744 2897 est
1781 2843 1897 2896 sine

312 2939 517 2992 invidia
564 2937 779 3004 factum,
823 2935 974 3005 cujus
1018 2935 1312 2990 cavendum
1345 2934 1596 3004 deinceps
1623 2932 1780 2988 etiam
1811 2932 1901 2988 ille

312 3040 571 3094 test-tur,
615 3031 702 3097 qui
747 3027 1019 3097 praecepit,
1051 3027 1379 3098 exemplum.
1433 3026 1488 3081 In
1537 3041 1643 3098 quo
1693 3027 1900 3096 pietatis

311 3121 442 3191 ejus
497 3120 700 3188 gratias
748 3119 963 3188 dignum
1014 3127 1096 3173 est
1127 3133 1226 3172 nos
1278 3117 1795 3187 rell-rrezquoniam
1830 3116 1900 3172 ita

313 3210 508 3281 gloriae
535 3224 644 3265 suae
675 3207 978 3264 moderatus
1025 3216 1106 3262 est
1139 3216 1486 3277 potestatem,
1507 3216 1566 3262 ut
1593 3205 1902 3262 ﬁdelissima
1929 3217 1975 3282 ο

315 3304 614 3360 devotione
662 3301 877 3357 Patrum
920 3301 1113 3369 regulis
1154 3300 1469 3356 submittere
1507 3317 1625 3370 quae
1665 3300 1900 3369 juberet,

318 3411 426 3451 nec
467 3396 514 3448 iu
548 3394 918 3449 auctoritatem
966 3393 1131 3462 recipi
1165 3391 1306 3462 quod
1347 3393 1588 3463 sequenti
1631 3393 1908 3446 constituit

318 3497 483 3541 aetate
509 3485 813 3555 prohiberi;
854 3494 912 3539 ut
939 3485 1141 3539 scilicet
1173 3486 1224 3538 in
1255 3485 1354 3538 hac
1385 3483 1752 3539 tantummodo
1785 3500 1906 3554 per-

319 3591 482 3640 sona,
512 3589 668 3643 quam
689 3576 840 3642 jussu
871 3574 984 3643 ejus
1029 3582 1080 3627 et
1105 3573 1283 3627 studio
1309 3574 1502 3643 quietis
1536 3573 1909 3628 Antiochensi-

319 3668 452 3732 bus,
479 3680 582 3720 non
609 3674 699 3720 tua
721 3664 1394 3733 usurpatione,antistitem
1409 3667 1753 3731 eonsecrasti,
1771 3665 1914 3735 quod

330 3757 538 3812 factum
579 3766 666 3812 est
713 3753 1374 3824 necessitate,sufticeret.
1412 3753 1468 3806 ln
1492 3768 1596 3823 quo
1639 3762 1742 3808 tuae
1778 3753 1913 3810 dile-

403 3896 418 3925 ι
455 3895 682 3947 Auctore
697 3900 765 3965 et
793 3891 1080 3965 impulsore
1107 3893 1264 3950 Petro
1288 3894 1561 3965 Cnaplieo,
1592 3911 1747 3964 quem
1761 3897 1904 3953 Zeno

325 3965 625 4032 imperator
661 3964 749 4035 ab,
776 3965 891 4032 ipso
922 3964 1115 4019 throno
1144 3964 1436 4035 dejectum,
1468 3967 1518 4021 iri
1564 3967 1901 4022 Antiochena

326 4036 570 4107 Ecclesia
604 4033 762 4107 nimis
773 4035 1081 4107 incon~ulte
1098 4037 1292 4106 degere
1317 4033 1624 4106 versarique
1642 4039 1903 4107 permisit,

327 4105 649 4174 Eutyebiani
681 4103 873 4158 ibidem
894 4119 1055 4159 novas
1086 4103 1416 4161 turbationes
1441 4103 1798 4173 cruentasque
1821 4125 1905 4164 se-

326 4177 562 4248 ditiones
600 4174 832 4248 vicissim
864 4180 1218 4230 concitarunt.
1265 4177 1393 4230 Nam
1421 4192 1541 4232 cum
1584 4179 1906 4248 Stephanus,

328 4245 665 4300 orthodoxus
689 4247 990 4314 episcopus,
1022 4263 1124 4300 una
1151 4262 1270 4301 eum
1297 4249 1407 4302 suis
1435 4251 1484 4302 iu
1516 4245 1702 4314 magna
1740 4251 1912 4305 eccle-

329 4320 413 4371 sia
444 4330 646 4370 saera-ui
671 4317 911 4383 synaxim
935 4317 1243 4371 solemnitt-r
1271 4318 1582 4380 celebraret,
1610 4317 1748 4374 Petri
1779 4320 1915 4374 Cna-

332 4387 461 4461 phci
493 4386 726 4461 erunium
751 4385 1022 4461 hominum
1043 4387 1381 4461 perditissimi
1398 4390 1609 4461 soboles
1631 4390 1915 4461 Eutychia-

332 4456 419 4530 ni,
433 4456 689 4530 conlecto
719 4456 953 4530 agmine,
980 4460 1179 4530 exertis
1198 4458 1386 4530 gladiis
1411 4459 1646 4514 furentes
1667 4456 1916 4530 ingredi,

335 4529 398 4582 in
431 4526 522 4581 Dei
555 4526 856 4581 sacerdotes
877 4529 1178 4590 saevientes.
1205 4526 1441 4584 'eosdem
1490 4526 1782 4585 saevissime
1805 4541 1913 4585 tru-

1981 555 2142 608 lntum
2173 570 2186 608 :
2213 555 2332 623 quis
2367 552 2723 610 Eccleslarum
2759 556 2876 625 jura
2910 558 3218 625 respiciens,
3249 559 3339 613 diu
3364 568 3414 612 te
3441 574 3546 611 non

1983 647 2244 700 immerito
2284 645 2624 714 stupendisse
2666 647 2907 713 testaris,
2946 664 3011 702 ne
3040 650 3299 704 videreris
3345 650 3549 704 ambire

1981 737 2120 807 quod
2151 746 2297 790 tanto
2319 737 2563 806 principi,
2595 746 2650 793 et
2681 739 2732 792 in
2758 749 2860 792 tam
2879 741 3023 809 gravi
3041 758 3194 796 causa
3219 757 3322 795 non
3343 753 3552 809 poteras

1981 828 2265 896 abnegare.
2299 831 2659 898 QuaprOpter.
2683 829 2846 884 frater
2868 832 3161 898 carissime,
3192 834 3550 886 institutorum

1982 930 2240 985 veterum,
2271 935 2390 988 quae
2416 921 2466 974 iu
2499 930 2551 976 te
2579 930 2702 977 sunt
2739 922 2984 992 probata,
3019 940 3126 979 non
3152 928 3451 990 immemor,
3482 930 3554 981 si-

1981 1023 2071 1067 cut
2102 1012 2306 1068 veniale
2330 1011 2572 1082 judicare
2612 1029 2720 1070 non
2751 1015 2996 1082 pervides
3035 1017 3171 1082 quod
3214 1019 3307 1072 tibi
3347 1031 3552 1073 certum

1984 1113 2064 1158 est
2107 1104 2447 1173 imperatum,
2484 1106 2554 1158 ita
2585 1105 2699 1175 ipse
2733 1105 2865 1158 dans
2910 1105 3163 1160 honorem
3201 1110 3454 1176 patrihus,
3485 1112 3558 1163 la-

1987 1195 2112 1247 bora
2144 1208 2208 1248 ne
2236 1195 2528 1249 necessitas
2559 1193 2628 1248 sit
2673 1195 2779 1250 ulla
2809 1195 3034 1250 faciendi
3063 1199 3201 1266 quod
3235 1203 3386 1268 optas
3419 1217 3557 1255 nunc

1986 1285 2345 1341 sati-factione
2376 1285 2604 1355 purgari.

2269 1395 2702 1454 OBSERVATIO
2726 1398 2785 1454 P.
2809 1398 3076 1456 ΔΝΤΟΝΙΙ
3103 1400 3279 1455 PAGI.

2265 1491 2347 1542 Ad
2373 1506 2459 1544 an.
2485 1490 2672 1545 Christi
2699 1490 2826 1559 ‘79,
2853 1509 2992 1547 num.
3015 1493 3054 1546 2
3078 1503 3123 1548 et
3144 1510 3278 1562 seqq.

2062 1579 2156 1634 liae
2201 1579 2318 1634 duae
2369 1582 2608 1651 proxime
2656 1582 2827 1638 allatae
2866 1587 3104 1651 epistolae
3133 1585 3360 1640 Baronio
3389 1584 3560 1639 omni-

1994 1650 2196 1724 lin-qus
2225 1650 2444 1707 suasere
2478 1653 2804 1724 Stephanum
2838 1650 3104 1710 seniorem
3124 1658 3563 1724 episccipumAn-

1996 1721 2324 1787 tiochcnum,
2354 1737 2494 1776 anno
2523 1721 2648 1788 479,
2674 1725 2740 1779 ab
2770 1725 3035 1780 haereticis
3066 1721 3403 1780 interfectum
3430 1723 3576 1780 fuis--

2001 1800 2181 1864 κηρὶ
2233 1792 2432 1864 ἱηίβίυε
2476 1791 2649 1847 locum
2683 1795 3017 1863 imperatoris
3059 1798 3210 1863 jussu
3235 1797 3563 1864 Stephanum

1881 1875 1896 1902 ν
1931 1852 1974 1912 Β
1999 1852 2264 1930 juniorem
2292 1852 2848 1932 Constantinopoli'ab
2885 1852 3077 1921 Acacio
3103 1852 3426 1920 ordinatum.
3459 1852 3564 1919 er-

1995 1949 2110 1988 rum
2134 1933 2366 2002 vulgaris
2394 1933 2506 2004 haec
2521 1936 2710 2004 opinio
2738 1935 2868 1989 falsa
2897 1948 2998 1999 est,
3021 1946 3074 1989 et
3100 1936 3150 1988 in
3173 1936 3566 2003 subscriptione

1997 2005 2189 2073 priors
2225 2003 2464 2073 epistola
2511 2003 2769 2070 Simplicii
2813 2020 2961 2073 papae
2991 2006 3057 2061 ad
3105 2007 3375 2062 Zenonem
3423 2007 3564 2071 loco,

1995 2072 2106 2141 post
2135 2072 2456 2147 consulatum
2476 2074 2553 2147 illi
2596 2074 2654 2147 γ,
2680 2074 2737 2128 C.
2763 2072 3040 2145 legendum
3070 2087 3184 2140 e~t,,
3202 2087 3312 2147 post
3332 2078 3567 2129 consula-

1994 2155 2102 2214 tum
2137 2141 2336 2214 Placidi
2371 2142 2436 2196 V.
2471 2143 2555 2208 0.,
2603 2141 2835 2214 ideoque
2864 2162 2924 2200 ea
2974 2141 3211 2214 epistula"
3251 2147 3371 2200 data
3429 2161 3568 2199 anno

1994 2213 2121 2279 £82,
2146 2228 2264 2267 cum
2294 2213 2558 2268 Placidius
2591 2230 2679 2268 an.
2712 2213 2806 2269 481
2837 2213 3166 2270 consulatum
3193 2214 3433 2284 gesserit.
3469 2215 3569 2269 De-

1997 2286 2137 2338 tritis
2179 2286 2320 2337 enim
2369 2285 2634 2352 prioribus
2665 2287 2894 2339 nominis
2949 2286 3148 2340 Placidi
3179 2285 3366 2340 litteris
3418 2285 3568 2340 facile

1997 2354 2095 2406 fuit
2125 2353 2362 2424 librario
2413 2369 2616 2414 errare.
2663 2365 2716 2408 et
2769 2358 2884 2410 loco
2920 2354 3115 2409 Placidi
3153 2358 3328 2424 lcp’re
3354 2355 3479 2419 Illi;
3506 2372 3569 2410 ei

1997 2423 2280 2495 magisque
2297 2425 2534 2493 epistola!
2556 2426 2626 2480 1'!
2642 2435 2692 2480 cl
2720 2426 2783 2480 13
2802 2443 2919 2494 quie
2943 2443 3056 2478 eam
3091 2423 3412 2495 praecedunt,
3435 2427 3570 2478 data:

1998 2504 2121 2548 sunt
2158 2493 2259 2548 Illo
2293 2495 2352 2549 ν.
2382 2495 2438 2550 C.
2463 2498 2687 2557 consule,
2720 2493 2858 2549 anno
2887 2512 2964 2550 sc.
2990 2493 3112 2551 47s.
3148 2497 3236 2550 liae
3267 2496 3385 2550 duae
3413 2495 3570 2562 igitur

1999 2565 2237 2631 epistolae
2269 2564 2548 2632 Simplicii,
2594 2567 2645 2618 in
2695 2567 2888 2635 quibus
2927 2567 3126 2621 utentio
3155 2569 3222 2621 de
3270 2567 3415 2620 caede
3457 2568 3570 2633 epi-

1999 2636 2145 2706 scopi
2191 2637 2530 2706 Antiochcni,
2569 2636 2683 2702 ejus
2713 2637 2929 2692 nomine
2960 2651 3269 2706 suppresso,
3303 2635 3571 2702 pertinent

2001 2704 2067 2775 ad
2102 2721 2190 2759 an.
2234 2704 2359 2770 48:2,
2407 2721 2589 2772 ear-que
2621 2723 2724 2761 non
2753 2707 2819 2762 de
2847 2704 3112 2775 Stephano
3142 2706 3356 2770 seniori,
3387 2708 3476 2760 sed
3505 2711 3572 2760 uc

2002 2774 2271 2842 Stephano
2289 2774 2484 2844 juniori
2509 2777 2884 2844 intell’gendae.
2920 2774 3013 2832 Hic
3041 2778 3179 2831 enim
3213 2777 3570 2830 abliaereticis

2005 2845 2332 2906 interfectus.
2367 2859 2418 2900 et
2447 2859 2633 2902 neuter
2661 2845 2728 2901 ab
2768 2849 2960 2903 Acacio
2988 2849 3282 2909 ordinatus,
3331 2847 3422 2900 swl
3474 2849 3573 2897 (Za-

2004 2915 2203 2979 lendio,
2234 2917 2320 2986 qui
2345 2917 2830 2986 Stephanojuniori
2864 2921 3141 2984 successit,
3177 2928 3232 2970 ut
3260 2918 3323 2970 ad
3357 2934 3443 2970 an.
3470 2917 3574 2971 48:!

2005 2985 2338 3040 monstrabo.
2368 2988 2518 3051 Ουοό
2553 2985 2680 3041 vero
2705 3003 2769 3042 ex
2801 2988 3029 3042 Baronio
3050 2992 3124 3040 ait
3155 2988 3320 3041 Biniu-
3357 3002 3494 3040 novo
3524 2997 3576 3040 ιιι

2007 3057 2271 3121 inusitato,
2291 3057 2538 3125 exeritplo
2568 3059 2876 3126 episcopum
2902 3059 3289 3112 Antiochenqu
3318 3055 3371 3109 Cu
3398 3065 3576 3109 ustrin-

2008 3127 2230 3195 t'mopoli
2251 3128 2548 3181 ordinatum
2571 3128 2752 3192 fuisse,
2767 3129 2968 3182 corruit
2983 3143 3048 3181 ex
3069 3129 3133 3180 iis
3150 3143 3267 3191 quae
3285 3127 3348 3180 ad
3368 3142 3456 3179 an.
3475 3126 3577 3180 Ην

2007 3197 2259 3251 diximus.
2305 3198 2375 3250 ibi
2407 3199 2547 3252 enim
2576 3200 2904 3254 ostendimus
2950 3199 3235 3254 Maximum
3264 3213 3350 3265 ep.
3384 3198 3577 3251 Antio-

2008 3268 2236 3350 ciu-num
2267 3267 2720 3350 Constat-inopoii
2740 3272 2807 3325 ab
2838 3269 3086 3350 Anatolio
3108 3267 3577 3350 consecratutit,_lti

2015 3338 2223 3406 Evagrii
2276 3339 2452 3392 verbis
2496 3354 2524 3391 a
2579 3338 2729 3395 Bin'o
2781 3350 2901 3410 post
2931 3341 3215 3393 Baronium
3249 3339 3430 3392 relatis
3465 3340 3575 3401 illa,

2009 3425 2166 3483 quem
2213 3410 2428 3483 triclinio
2467 3427 2517 3462 ιη
2539 3411 2686 3483 lianc
2711 3427 2867 3483 usque
2892 3426 3078 3483 annum
3110 3411 3287 3483 tenuit,
3327 3424 3497 3483 neque
3529 3410 3578 3483 iu

2010 3477 2246 3533 editione
2284 3477 2791 3547 Christolihorsoui,
2829 3497 2999 3549 neque
3027 3482 3078 3535 in
3120 3479 3353 3533 editione
3390 3477 3579 3534 Valesii

2014 3550 2278 3621 leguntur.
2309 3552 2380 3602 Ea
2421 3553 2576 3619 igitur
2604 3566 2787 3605 errore
2827 3551 3138 3621 typographi
3169 3550 3378 3604 Baronii
3422 3549 3579 3603 verba

2015 3619 2083 3671 ab
2119 3619 2333 3686 Evagrii
2365 3628 2511 3674 testu
2542 3621 2759 3675 diverso
2783 3619 3094 3674 charactere
3122 3636 3226 3672 nou
3247 3621 3578 3688 distingpen-

2017 3689 2102 3758 tis.
2153 3689 2224 3758 ita
2252 3688 2413 3742 edita.
2449 3688 2703 3758 Evagrius
2743 3691 2884 3743 enim
2912 3691 3247 3743 durationem
3289 3691 3431 3743 sedis
3460 3688 3582 3742 Ste-

2019 3755 2180 3826 phani
2207 3771 2313 3810 non
2343 3755 2624 3825 memorat,
2657 3771 2709 3814 et
2739 3769 2914 3814 tamen
2945 3759 3032 3814 hic
3061 3759 3264 3825 Binius,
3294 3761 3486 3828 aliique
3513 3760 3581 3813 lo-

2007 3899 2074 3955 de
2147 3899 2384 3956 antistite
2446 3898 2729 3970 deligendo
2791 3901 3087 3957 Antiochiae
3145 3900 3356 3955 COIlzilia
3420 3900 3584 3957 habe-

2006 3979 2208 4043 rentur.
2249 3970 2460 4043 Electus
2484 3979 2580 4043 est
2625 3971 3079 4043 Constantinopoli
3139 3972 3440 4041 Stepha-us
3499 3973 3584 4042 ju-

2011 4041 2149 4112 nior.
2175 4041 2278 4098 Sed
2302 4057 2420 4096 cum
2446 4040 2498 4096 id
2528 4051 2720 4110 praeter
2757 4040 3380 4112 regulas'er-clcsiaSticas
3411 4053 3460 4096 et
3492 4040 3585 4096 au-

2009 4111 2210 4181 tiquam
2239 4112 2585 4167 Antiocheam
2618 4111 2870 4169 Ecclesiae
2900 4115 3336 4170 consuetudinem
3360 4113 3584 4167 accidis-

2011 4193 2114 4249 set,
2151 4192 2332 4252 utpote
2361 4197 2480 4252 quae
2507 4197 2610 4253 non
2637 4185 2737 4239 nisi
2788 4185 2839 4238 in
2891 4183 3118 4240 concilio
3149 4185 3385 4238 omnium
3417 4183 3583 4253 Syriae

2016 4255 2384 4322 episcoporum
2413 4252 2803 4308 Antiochenum
2833 4254 3138 4322 episcopum
3170 4258 3418 4309 ordinare
3444 4252 3582 4306 so!e«

2018 4331 2116 4388 ret,
2155 4323 2297 4378 Zeno
2340 4323 2629 4392 imperator
2678 4325 2882 4379 litteras
2920 4326 2983 4378 ad
3019 4324 3317 4393 poniilicem
3352 4324 3582 4390 scripsit,

2017 4393 2210 4461 quibus
2239 4410 2298 4448 ea
2343 4410 2459 4463 quae
2487 4404 2637 4462 gesta
2667 4404 2823 4450 erant
2852 4411 2880 4448 a
2912 4395 3148 4448 Romano
3182 4399 3429 4462 pontitice
3471 4405 3608 4448 rata.

2019 4464 2360 4517 haberentur.
2396 4463 2635 4520 Pontitex
2683 4465 2953 4534 respondit
2987 4479 3044 4519 se
3075 4465 3264 4518 factum
3295 4464 3584 4518 ordinatio-

2019 4549 2140 4588 nem
2175 4534 2400 4588 libenter
2427 4546 2592 4589 ratam
2625 4534 2946 4600 habiturum,
2973 4535 3130 4588 modo
3164 4538 3460 4592 exeuntium
3487 4535 3586 4587 hoc

333 4598 613 4676 cidarunt,
639 4597 1138 4676 sanctissimumque
1168 4599 1339 4676 ipsum
1364 4601 1656 4676 antistitem
1689 4601 1915 4676 Stepha—
1941 4615 1992 4676 ι)
2017 4604 2493 4676 estraordiuarium
2530 4607 2756 4673 posteris
2793 4597 3245 4676 nihil'prarjudicii
3277 4605 3481 4666 afferat,
3509 4605 3588 4656 id~

338 4683 499 4730 num,
532 4668 582 4720 in
605 4682 761 4735 quem
787 4668 1118 4733 petissimum
1147 4669 1349 4737 majore
1371 4670 1495 4723 odio
1517 4668 1834 4732 :estuabant,
1861 4679 1916 4725 et

301 4779 314 4797 ,
337 4739 423 4791 ira
449 4738 645 4790 incensi
672 4737 1026 4808 corripiebant
1051 4738 1117 4791 ad
1140 4754 1352 4804 necem,
1377 4756 1542 4808 usque
1570 4742 1918 4795 atrocissimis

339 4808 627 4863 t-rmentis
673 4805 1042 4883 coniecerunt.
1069 4809 1164 4883 De
1183 4825 1285 4883 quo
1313 4826 1376 4863 ex
1433 4805 1636 4864 Joanne
1659 4810 1923 4883 _Rhetore

340 4893 567 4931 suorum
605 4885 902 4946 temporum
934 4879 1337 4932 accuratissima
1372 4883 1627 4946 scriptore
1659 4880 1918 4942 Evagrius

342 4949 444 5002 lib.
497 4963 574 5011 ιιι,
605 4962 722 5014 cap.
756 4947 840 5011 lt),
882 4946 995 5002 haec
1028 4948 1210 5002 scribit
1243 4966 1255 5000 :
1288 4946 1441 5002 Petro
1473 4947 1714 5003 Ecclesiae
1740 4950 1922 5003 Antio-

342 5017 524 5070 cheua:
550 5019 834 5089 exturbato,
862 5016 1151 5087 Stephanus
1172 5019 1309 5072 illius
1330 5020 1497 5072 sedem
1519 5022 1753 5089 capessit,
1768 5036 1920 5089 quam

344 5089 566 5140 triennio
613 5087 665 5140 in
709 5088 843 5139 hunc
873 5103 1028 5154 usque
1053 5104 1240 5140 annum
1288 5091 1462 5141 tenuit.
1499 5088 1674 5154 Ilum,
1721 5087 1921 5156 subdit,

346 5157 656 5231 Aut-iocheni
697 5157 907 5231 c_a_l_am_is
937 5159 1003 5210 ad
1031 5158 1413 5231 similitudinem
1455 5159 1722 5214 hastarum
1754 5176 1920 5231 praea-

346 5228 503 5301 cutis,
535 5229 607 5280 uti
637 5227 808 5301 scibit
838 5225 1061 5282 Joannes
1097 5227 1300 5293 filtetor,
1335 5232 1678 5301 confecerunt.
1715 5225 1922 5301 Corpus

346 5297 610 5368 ejusdem,
647 5299 699 5350 in
749 5298 998 5352 Orontem
1029 5313 1236 5352 amnem
1292 5299 1585 5368 projectum
1616 5300 1797 5367 fuisse,
1825 5297 1921 5356 ἐι

349 5368 547 5439 eodem
588 5367 790 5421 Joanne
820 5368 1002 5439 sc_ribit
1044 5367 1394 5437 Nicephorus
1419 5371 1509 5424 lib.
1541 5387 1625 5436 xv,
1677 5386 1798 5439 cap.
1831 5372 1916 5426 18.

351 5436 643 5507 Postquam
692 5440 818 5490 vci'o
864 5437 1005 5491 Zeno
1036 5436 1342 5507 imperator,
1369 5442 1543 5494 missis
1584 5436 1917 5495 Antiochiam

353 5505 621 5561 militibus
667 5507 950 5571 ultoribus,
988 5508 1052 5560 de
1105 5505 1373 5575 Sacrilegis
1405 5511 1683 5564 homicidis
1711 5512 1920 5566 debitas

352 5591 546 5644 pmnas
603 5579 946 5645 sumpsisset,
994 5578 1149 5644 jussit
1197 5587 1251 5630 ut
1299 5581 1659 5635 Autiochenus
1715 5580 1922 5635 futurus

355 5647 645 5714 episcopus
665 5647 1119 5720 Constan'iuopoli
1147 5647 1468 5720 eligeretur;
1502 5650 1659 5720 idque
1697 5651 1815 5704 ideo
1863 5661 1922 5705 ut

360 5721 481 5788 paci
536 5728 585 5769 et
617 5718 776 5788 quieti
808 5717 923 5785 ejus
970 5717 1197 5771 civitatis
1235 5717 1603 5786 prospiceret}
1639 5721 1923 5775 timebatur

358 5786 506 5839 enim
538 5786 694 5842 obdeu
715 5797 763 5841 ta
794 5791 1006 5843 cica'rix
1043 5789 1092 5841 iu
1140 5788 1285 5841 uicos
1312 5789 1540 5843 vicissim
1576 5803 1845 5861 eruptura,
1881 5794 1922 5845 si

2018 4689 2122 4744 que
2143 4674 2753 4745 imperatorjuramento
2782 4677 3071 4745 promittat.
3094 4675 3166 4729 ita
3197 4685 3401 4728 novnct
3434 4688 3585 4745 pror-

2019 4759 2111 4798 sus
2140 4744 2378 4798 inaudito
2405 4744 2648 4813 exemplo
2669 4744 2910 4814 contigit,
2950 4747 3112 4812 utqui
3144 4761 3172 4798 a
3207 4745 3366 4798 totius
3413 4744 3585 4814 Syriae

2020 4814 2287 4882 episcopis
2301 4814 2752 4868 ordinarisoicret
2767 4816 2986 4869 antistes
3000 4816 3384 4876 Antiocheuus,
3400 4822 3588 4879 agente

2021 4883 2371 4949 imperatores,
2425 4895 2477 4935 et
2527 4893 2696 4936 ratum
2740 4885 2969 4938 habente
3024 4886 3277 4951 pontilice
3318 4885 3611 4948 Romano“

2022 4953 2326 5032 Stephanus
2342 4953 2616 5032 junior_ab
2632 4954 2842 5032 _Acacio_
2866 4953 3451 5032 Qonstantiuopolitano
3469 4953 3583 5020 epi-

2024 5037 2188 5089 scopo
2215 5023 2487 5077 ordinatus
2513 5023 2689 5080 fuerit.
2722 5025 2926 5080 Accidit
2957 5024 3116 5078 etiam
3151 5027 3248 5078 hac
3277 5025 3608 5086 occasione“

2025 5094 2164 5162 quod
2191 5093 2329 5149 sicut
2363 5095 2534 5148 latens
2564 5092 2753 5148 humor
2779 5097 2967 5160 malus,
2994 5111 3112 5150 cum
3146 5108 3176 5148 a
3209 5107 3389 5149 natura
3423 5094 3476 5146 in
3499 5110 3590 5147 cu-

2027 5173 2133 5216 tem
2166 5165 2560 5227 transmittitur,
2588 5165 2690 5219 levi
2715 5165 3361 5233 confricatione-pruritus
3379 5165 3590 5218 morda—

2025 5234 2137 5288 cior
2181 5235 2480 5300 excitatur;
2517 5235 2586 5288 ita
2642 5236 2798 5304 plane
2835 5235 3054 5290 ambitio
3086 5236 3350 5300 primatus
3376 5250 3492 5303 quae
3537 5235 3591 5288 iu

2027 5305 2222 5359 Acacio
2253 5304 2509 5360 hactenus
2532 5305 2702 5375 latuit,
2729 5307 2828 5360 hoc
2852 5307 2988 5358 facto
3014 5306 3179 5374 magis
3209 5308 3478 5372 magisque
3514 5305 3592 5357 in-

2026 5388 2208 5438 censa,
2240 5376 2530 5444 appetitum
2557 5376 2812 5444 primatus
2836 5375 2909 5428 illi
2940 5376 3393 5430 vehementiorem
3425 5376 3592 5442 inges-

2023 5444 2112 5508 sit,
2137 5460 2300 5514 usque
2329 5447 2462 5499 adeo
2494 5456 2550 5499 ut
2581 5446 2754 5506 lamis.
2779 5460 2870 5499 seu
2910 5446 3082 5512 potius
3120 5447 3396 5513 eripienda:
3425 5445 3591 5499 rabiei

2023 5528 2202 5586 causa,
2232 5515 2419 5569 custod
2444 5525 2494 5568 ta
2526 5530 2786 5586 canonum
2810 5516 3038 5586 claustra
3062 5533 3208 5586 rupe:
3225 5517 3284 5575 it,
3311 5525 3364 5567 et.
3387 5515 3592 5569 vincula

2021 5584 2297 5638 catholine
2317 5585 2701 5639 communionis
2731 5585 2965 5654 fregerit,
2995 5594 3044 5639 ct
3073 5584 3140 5639 se
3165 5600 3392 5654 suosque
3423 5594 3594 5654 poste-

2023 5668 2110 5707 ros
2135 5655 2430 5721 prazcipites
2454 5654 2678 5717 dederit,
2709 5666 2763 5708 ut
2797 5655 2926 5708 infra
2959 5669 3056 5708 suo
3080 5657 3194 5709 loco
3226 5657 3396 5709 dicem
3440 5671 3486 5709 s.
3519 5655 3594 5708 νίς

2024 5725 2089 5779 de
2115 5726 2394 5780 Barouium
2420 5740 2555 5779 :uuio
2581 5726 2702 5790 479,
2739 5739 2882 5780 nutu.
2923 5725 3091 5780 let?“
3125 5728 3252 5781 ὗεν.
3279 5726 3473 5780 Bistus.
