4086 6328
500 393 572 451 ss
1862 395 2167 454 StMPLlCit
2208 382 2409 452 eam
3678 403 3748 460 5s

500 527 620 591 cum
643 512 798 591 illum
825 511 1082 591 integrum
1099 508 1325 591 Evagrio
1353 507 1648 591 ascribunt,
1681 508 1822 591 quod
1847 525 2067 591 nmnen-
2094 514 2147 574 Α
2238 508 2490 565 Joannem
2519 510 2860 591 conﬁrmare:
2890 510 3356 591 demum‘precatur
3378 525 3434 571 ut
3472 518 3746 591 imperato.

499 582 627 638 dum
674 582 824 646 duxi,
873 598 941 638 ne
973 582 1022 634 in
1070 588 1341 650 posterum
1376 580 1526 634 locus
1572 580 1662 635 ille
1685 579 1861 636 fucum
1888 579 2067 636 faciat.
2154 604 2157 609 -

502 653 669 723 (Lege
694 652 909 724 Paginm
940 650 1019 724 ad
1034 649 1362 724 _a’n._Ch_rist_i
1391 650 1518 724 58},
1551 665 1693 724 num.
1730 652 1768 724 ὅ
1814 659 1869 706 et
1919 666 2067 724 seqq.

500 720 591 778 ubi
608 720 865 794 'plura'de
894 720 1251 794 hisSimplicii
1268 721 1530 794 epistolis,
1555 721 1621 794 de
1647 722 1794 794 cede
1816 720 2072 794 Stephani

498 808 605 848 non
621 789 879 860 senioris,
899 792 993 848 sed
1018 791 1250 860 iunioris
1269 805 1285 853 ;
1306 789 1370 846 et
1399 790 1468 845 de
1498 791 1612 845 solo
1648 789 1973 847 Calendione
2002 791 2071 846 ab

499 865 695 919 Acacio
718 862 1180 931 Constantinopoli
1205 862 1502 930 ordinato.)

996 997 1010 1028 ί
1053 994 1389 1053 EPISTOLA
1434 994 1573 1073 im.

888 1102 1137 1144 SINPLICII
1160 1103 1304 1143 ΡΔΡίΕ
1333 1104 1400 1142 ΑΒ
1427 1100 1662 1143 εωωεκ.

494 1200 821 1260 Calendiom's
852 1199 1153 1255 Autioclteui
1180 1200 1405 1271 episcopi
1434 1198 1727 1255 electionem
1775 1198 2070 1267 conﬁrmat.

530 1316 840 1388 Simplicius
875 1314 1165 1385 episcopus
1204 1311 1398 1388 Aeacio
1432 1312 1687 1384 episcopo
1727 1311 2035 1369 Constanti.

1114 1384 1445 1453 n0politano.

564 1478 886 1536 Antioclteni
914 1477 1189 1535 exordium
1220 1477 1517 1534 sacerdotis
1542 1492 1644 1547 qua
1673 1476 1881 1533 ratione
1916 1475 2075 1532 fuerit

493 1575 667 1635 serius
691 1573 1006 1640 indicatum,
1035 1572 1280 1643 quamvis
1310 1571 1531 1629 minime
1559 1586 1659 1629 nos
1688 1571 1856 1629 latere
1884 1580 2074 1642 potue-

398 1728 405 1731 1
497 1668 586 1729 rit,
620 1675 799 1720 tamen
828 1674 883 1721 et
906 1663 1019 1733 ipse
1049 1662 1133 1719 vel
1162 1662 1401 1734 synodus
1425 1663 1591 1733 ipsius
1618 1662 1888 1719 indicavit.
1918 1661 2073 1730 Quod

493 1757 633 1813 sicut
680 1769 788 1810 non
840 1755 1144 1823 optavimus
1192 1754 1329 1821 fieri,
1380 1753 1451 1810 ita
1500 1754 1681 1810 faciles
1714 1752 2071 1822 excusationi,

2242 597 2348 634 rem
2392 589 2616 648 moneat,
2656 597 2720 635 ne
2747 582 2982 637 literarios
2998 587 3114 656 jam
3142 585 3384 641 damnato
3408 582 3578 657 facere
3610 592 3747 647 uelit.

2171 692 2478 767 Simplicius
2513 694 2799 767 episcopus
2839 694 3032 819 Ac'aéio
3080 698 3335 768 episcopo
3374 700 3752 759 Constantino-

2829 779 2933 819 DOI
2999 781 3087 819 no.

2829 775 3087 836 potitano.

2245 854 2499 911 Miramur
2521 854 2725 925 pariter
2748 863 2801 911 et
2821 856 3088 922 dolemus,
3122 856 3194 912 ita
3219 859 3270 913 in
3300 868 3405 915 tute
3448 859 3752 919 dilectionTs

2170 944 2351 1001 animo
2370 944 2759 1001 dissimulatam
2789 946 3033 1004 lacerare
3056 939 3307 1023 [latitare]
3332 964 3516 1007 curam
3556 955 3755 1010 carita-

2172 1035 2241 1090 tis
2265 1043 2321 1091 et
2348 1035 2471 1092 ﬁdei
2488 1076 2503 1102 ,
2535 1046 2590 1091 ut
2617 1051 2741 1092 cum
2766 1036 3241 1096 christianissimus
3266 1040 3557 1111 imperator
3576 1044 3750 1114 pieta-

2174 1125 2245 1182 tis
2266 1135 2323 1183 et
2346 1128 2625 1199 religionis
2654 1130 2909 1186 instinctu
2937 1130 3135 1188 affandi
3166 1148 3271 1199 me,
3286 1144 3341 1189 et
3369 1135 3437 1191 de
3456 1139 3635 1193 causis
3665 1153 3756 1194 ec-

2172 1216 2488 1273 clesiasticis
2533 1219 2877 1287 consulendi,
2917 1221 3105 1278 fideles
3137 1231 3297 1294 atque
3330 1226 3558 1282 solertes
3589 1229 3758 1285 inter-

2172 1310 2387 1365 nuntios
2422 1309 2737 1377 destinaret,
2764 1316 2879 1382 lpse
2912 1322 2969 1368 et
2992 1313 3221 1371 alternae
3241 1316 3428 1386 gratia:
3449 1328 3504 1373 et
3532 1319 3760 1389 vigilan-

2173 1399 2260 1455 tia:
2304 1400 2585 1470 pastoralis
2627 1400 2846 1467 oblitus,
2877 1416 2978 1458 nec
3003 1403 3203 1475 alioqui
3236 1419 3335 1461 nos
3368 1407 3622 1473 volueris,
3654 1424 3759 1465 nec

2172 1493 2239 1549 de
2260 1492 2345 1548 his
2372 1509 2490 1564 qua:
2515 1494 2583 1549 ad
2613 1494 2899 1552 catholicae
2920 1497 3168 1554 veritatis
3185 1499 3488 1556 custodiam
3517 1501 3761 1571 pertine-

2172 1584 2300 1642 bant
2345 1587 2570 1644 duxeris
2611 1589 2953 1646 instruendos
2985 1605 3000 1645 :
3040 1600 3201 1662 atque
3229 1592 3370 1660 ideo,
3401 1593 3565 1649 frater
3590 1597 3764 1650 caris-

2173 1678 2327 1747 sime,
2362 1694 2480 1750 quar.
2507 1694 2614 1736 non
2637 1679 2909 1738 immerito
2936 1683 3112 1738 cernis
3133 1683 3302 1740 libera
3338 1684 3617 1743 affectione
3644 1689 3765 1742 cul-

2173 1768 2311 1839 pari,
2340 1770 2546 1839 potiore
2565 1770 2841 1842 diligentia
2865 1774 3508 1849 repensando,cognosce
3535 1779 3767 1848 proinde

493 1861 651 1945 tinam
678 1844 1131 1945 θεοεεδίιθείθείξρ
1161 1846 1462 1901 “suum”
1487 1847 1646 1945 {‘Wia
1669 1843 1809 1918 Cl"0d
1832 1845 2072 1945 νξίυξιξδ·
2099 1882 2146 1945 Β
2174 1860 2472 1931 delegatum
2510 1863 2604 1918 tibi
2645 1879 2840 1920 munus
2881 1843 3218 1935 impendens,
3257 1843 3448 1925 sensus
3483 1843 3605 1925 tuos
3634 1885 3767 1941 pru-

472 1936 632 1997 rium
662 1952 769 1994 non
801 1946 884 1995 est
922 1922 1239 1994 vocari'non
1273 1946 1451 2008 potest
1497 1937 1549 1995 in
1593 1950 1820 1995 reatum.
1855 1937 1920 1993 Et
1950 1936 2072 1992 ideo

494 2046 592 2102 per
606 2031 822 2087 fratrem
842 2041 891 2086 et
922 2029 1297 2100 coepiscopum
1324 2039 1562 2086 nostrum
1596 2031 1957 2099 Anastasium,
1984 2029 2076 2101 qui

494 2139 556 2180 ex
580 2124 832 2197 praedicta
861 2122 1080 2195 regione
1105 2121 1340 2179 directus
1376 2131 1476 2190 eat,
1511 2123 1701 2180 litteris
1728 2138 1941 2195 quoque
1972 2131 2075 2177 tua:

493 2216 797 2276 dilectionis
825 2216 1082 2286 acceptis,
1109 2215 1302 2273 alterni
1352 2214 1777 2272 vicissitudinem
1807 2211 2077 2270 sermonis

492 2321 599 2366 tuae
634 2309 967 2367 reddidimus
1011 2307 1279 2375 charitati,
1311 2305 1617 2363 necessario
1654 2305 1834 2361 fratris
1865 2318 1917 2360 et
1961 2320 2079 2362 coe-

495 2403 700 2474 piseopi
720 2401 891 2458 nostri
906 2396 1246 2457 Calendionis
1271 2398 1629 2455 sacerdotium
1651 2397 1852 2469 gremio
1862 2407 2077 2467 aposto-

494 2495 613 2551 lica:
637 2494 784 2551 sedis
817 2493 1076 2565 amplexi,
1105 2493 1160 2549 in
1201 2492 1531 2549 consortium
1558 2499 1799 2548 nostrum
1831 2506 1927 2563 per
1950 2504 2078 2562 gra-

496 2592 625 2648 tiam
651 2589 846 2646 Christi
870 2587 968 2645 Dei
988 2588 1157 2645 nostri
1186 2596 1351 2643 tanta:
1373 2587 1520 2642 urbis
1550 2585 1845 2640 antistitem
1866 2584 2077 2654 collegii

495 2683 690 2739 unione
712 2693 1074 2737 numeramus.
1099 2678 1354 2735 Miramur
1368 2686 1545 2733 autem
1568 2677 1695 2733 nihil
1719 2690 1818 2733 nos
1842 2675 1911 2734 de
1935 2684 2076 2732 statu

494 2774 846 2851 Antiocheam
880 2772 1133 2831 Ecclesiae
1163 2782 1214 2829 te
1259 2775 1563 2829 instruente
1602 2771 1876 2837 didicisse,
1916 2786 2076 2842 quem

494 2881 635 2924 nunc
662 2866 735 2922 ita
765 2865 968 2922 habere
993 2880 1054 2921 se
1082 2866 1467 2936 comperimus,
1500 2873 1560 2922 ut
1590 2864 1817 2934 improbi
1852 2878 1950 2934 per
1978 2878 2075 2919 oc-

492 2958 763 3015 casionem
809 2957 986 3014 obitus
1016 2958 1037 2989 '
1065 2965 1267 3013 sanctae
1303 2958 1578 3012 memoria:
1615 2955 1880 3011 Timothei
1923 2969 2075 3010 eam-

491 3051 619 3109 dem
672 3050 965 3110 Ecciesiam
1023 3060 1287 3108 conentur
1333 3050 1533 3107 habere
1582 3049 1869 3121 captivam.
1922 3048 2077 3105 Unde

492 3143 757 3215 agendum
780 3153 861 3199 est
884 3143 1165 3199 dilectioni
1190 3152 1298 3198 tute
1326 3157 1451 3199 cum
1480 3142 1906 3198 clementissimo
1926 3142 2076 3212 prin-

2178 1953 2367 2010 denter
2384 1954 2594 2022 attolle,
2634 1964 2689 2012 et
2714 1970 2812 2027 pro
2843 1958 3057 2013 tuendis
3085 1958 3539 2017 Chalcedonensis
3569 1962 3766 2033 synodi

2176 2049 2481 2106 constitutis
2521 2050 2871 2108 vehementer
2896 2050 3134 2122 invigila,
3163 2067 3233 2109 ne
3264 2069 3355 2121 per
3379 2054 3767 2127 negligentiam

2177 2141 2545 2215 desidiamque
2589 2153 2827 2200 nostram
2874 2143 3196 2215 subrepatur
3252 2147 3503 2217 gregibus
3549 2147 3769 2205 Domini

2177 2233 2375 2291 lethale
2402 2234 2739 2305 dispendium
2763 2233 2870 2308 [ΑΙ.
2892 2233 3268 2308 suspendium].
3297 2237 3474 2306 Nuper
3499 2238 3569 2292 ab
3590 2237 3768 2310 Egy-

2180 2324 2287 2393 ptia
2315 2325 2545 2395 synodo,
2577 2340 2695 2393 qum
2719 2335 2771 2381 et
2804 2341 3026 2382 numero
3054 2326 3300 2395 plurima,
3333 2339 3385 2384 et
3418 2326 3538 2384 fidei
3574 2330 3768 2384 catho-

2178 2416 2295 2473 lica:
2329 2428 2472 2474 esset
2516 2417 2896 2475 communione
2924 2418 3157 2488 snd‘ulta,
3182 2432 3341 2491 atque
3379 2423 3445 2476 alt
3474 2423 3588 2492 ipso
3617 2424 3767 2482 omni

2178 2509 2564 2579 propemodum
2595 2510 2743 2565 clero
2766 2509 3143 2566 Alexandriam
3173 2510 3317 2567 srdis
3343 2513 3409 2567 ad
3433 2528 3528 2567 nos
3551 2530 3621 2569 ex
3650 2530 3766 2569 mo-

2177 2616 2236 2657 re
2263 2602 2452 2658 relatio
2492 2603 2654 2659 missa
2688 2600 2960 2673 patefecit,
2986 2611 3187 2658 sanctze
3232 2603 3506 2660 memoriae
3536 2605 3765 2661 fratrem

2177 2693 2464 2760 quemdam
2496 2691 2797 2767 [quondam]
2823 2702 2877 2749 et
2898 2692 3271 2763 coepiscopum
3304 2702 3542 2751 nostrum
3565 2695 3771 2753 obiisse

2175 2783 2544 2850 Timotheum,
2593 2784 2754 2855 inque
2791 2783 2908 2851 ejus
2944 2782 3111 2839 vicem
3145 2797 3379 2839 consona
3406 2785 3644 2840 fidelium
3675 2802 3769 2841 νος

2179 2876 2389 2931 luntate
2406 2876 2688 2941 Joannem,
2714 2876 2797 2930 cui
2819 2873 2886 2930 ad
2905 2876 3264 2931 sacerdotium
3287 2886 3537 2932 constare
3567 2878 3764 2933 crede-

2181 2980 2369 3025 rentur
2410 2969 2609 3033 omnia,
2642 2968 3009 3039 subrogatum,
3043 2978 3102 3022 ut
3145 2968 3274 3023 nihil
3306 2969 3527 3023 omnino
3558 2980 3767 3023 restare

2180 3059 2481 3125 videbatur,
2514 3058 2685 3115 nisiut
2714 3059 2824 3115 Deo
2857 3070 3041 3115 nostro
3064 3059 3259 3129 gratia:
3289 3058 3573 3131 agentibus
3608 3061 3767 3117 nobis

2178 3160 2337 3221 atque
2367 3150 2745 3223 gaudentibus,
2778 3159 2837 3205 ut
2860 3149 2977 3205 sine
3006 3150 3255 3220 strepitu,
3296 3150 3437 3219 quod
3466 3149 3767 3207 catholicus

490 3235 628 3307 Cipe.
662 3250 730 3289 πο
756 3235 1089 3290 οοηνθηεῑυῐ·
1107 3233 1210 3289 διώ
1237 3234 1354 3304 eius
1396 3232 1647 3303 imperio.
1687 3233 1829 3303 quod
1861 3232 2072 3305 tyranni
2101 3251 2146 3315 ο
2180 3243 2231 3299 in
2254 3243 2489 3299 defuncti
2512 3243 2871 3298 ministerium
2900 3242 3249 3297 successisset
3279 3241 3524 3308 antistes,
3546 3254 3766 3313 aposto-

492 3326 826 3398 temporibus
863 3327 1037 3399 potuit
1071 3325 1326 3383 obtineri.
1371 3326 1500 3417 Data
1538 3326 1714 3382 idibus
1742 3324 1869 3382 Julii
1897 3324 2071 3400 [antro

488 3420 620 3477 Chr.
647 3419 799 3493 482],
839 3419 1107 3477 Severino
1134 3419 1254 3476 viro
1281 3419 1583 3476 clarissimo
1611 3420 1854 3476 consule.

992 3558 1017 3588 ⁸
1044 3555 1374 3614 EPISTOLA
1404 3555 1572 3612 XVII.

790 3670 793 3675 ’
874 3665 1120 3708 εικνιεειι
1156 3666 1306 3708 ΡΑΡᾸΞ
1337 3667 1403 3706 ΑΙ)
1442 3665 1677 3706 ευκυεκ.

486 3744 822 3817 Conqueritur
838 3761 943 3821 una
966 3762 1084 3821 cunt
1116 3744 1437 3816 imperatoris
1469 3745 1653 3821 Litteris
1679 3743 1743 3821 a_b
1773 3760 1830 3799 eo
1860 3745 2093 3821 litteras.

555 3814 657 3870 non
675 3818 951 3884 accepisse,
983 3816 1029 3870 et
1064 3814 1439 3886 imperatorem,
1465 3814 1675 3869 Petrum
1698 3815 1988 3869 Ita’reticum
2014 3815 2070 3870 in

558 3887 888 3941 Alexandria:
917 3888 1211 3958 rpiswpum
1235 3896 1421 3957 petere,
1440 3886 1563 3940 dum
1586 3886 1694 3956 ipse
1714 3896 1923 3956 paratus
1945 3896 2069 3941 esset

551 4024 572 4059 ⁸
604 4026 758 4080 Ληηο
783 4023 1154 4093 Redemptoris
1181 4022 1349 4079 nostri
1374 4021 1501 4088 482,
1533 4023 1633 4078 sub
1656 4021 1937 4078 consulatu
1966 4023 2067 4079 Se-

484 4095 673 4158 verini,
704 4092 1007 4162 Stephanus
1033 4093 1213 4163 iunior
1241 4093 1611 4148 Antiocltenus
1637 4092 1923 4163 episcopus
1952 4102 2062 4149 tero

482 4169 556 4223 tio
582 4165 887 4223 annosedis
909 4180 1023 4220 suae
1046 4178 1110 4218 ex
1145 4164 1245 4219 hac
1276 4163 1379 4218 vita
1411 4164 1658 4233 migravit
1685 4181 1696 4216 :
1727 4163 2063 4233 coliectaque

482 4237 677 4294 ibidem
708 4235 914 4307 synodo
936 4234 1227 4307 vicinorum
1260 4237 1656 4307 episcoporum,
1681 4234 1882 4290 electus
1904 4244 1986 4307 est
2010 4235 2064 4290 in

480 4308 596 4376 ejus
620 4303 794 4361 locum
820 4303 1110 4361 Calendion
1137 4303 1580 4376 episcopus,’qui,
1603 4313 1661 4359 ut
1681 4313 1906 4376 testatur
1933 4306 2064 4359 Eva-

480 4378 628 4448 grins
666 4377 762 4433 lib.
792 4376 1079 4448 nt,_capite
1116 4376 1204 4448 lg,
1235 4390 1423 4448 omnes
1450 4375 1509 4430 se
1556 4375 1936 4448 convenientes
1964 4376 2063 4448 in:

480 4445 635 4503 duxit
660 4458 717 4502 ut
741 4455 852 4501 tum
877 4446 1132 4503 hmretico
1144 4445 1449 4511 Timotheo,
1474 4453 1585 4500 tum
1607 4447 1798 4501 litteris
1818 4446 2061 4501 Basilisci

479 4519 772 4589 generatim
785 4518 848 4571 ad
875 4531 1061 4589 omnes
1083 4516 1623 4589 scriptis,a_nath_ema
1641 4518 1912 4589 dicerent:
1944 4516 2061 4589 qui-

478 4586 586 4659 que
606 4588 839 4645 Zenonis
871 4586 1154 4659 permissu,
1180 4587 1369 4659 magni
1414 4586 1559 4659 illius
1583 4586 1849 4659 Eustathii
1880 4587 2060 4641 Antio-

480 4656 639 4715 cheni
666 4659 927 4729 episcopi.
950 4656 1018 4713 de
1041 4672 1146 4727 quo
1178 4656 1229 4713 in
1261 4656 1621 4729 netisNicteni
1642 4657 1853 4729 concilii
1885 4673 2056 4729 supra

478 4710 2058 4802 megistanasantestium.an.insanandus
2086 4710 2137 4769 D

479 4798 533 4854 in
553 4800 682 4857 sede
694 4798 1029 4856 Antiochena
1046 4798 1480 4855 confirmandum
1505 4813 1625 4853 esse
1657 4800 1878 4852 missum
1904 4800 2049 4853 Ana-

478 4872 701 4927 stasium
748 4882 1063 4941 epscopnm,
1087 4884 1318 4941 eumque
1345 4868 1692 4924 Catendionis
1736 4868 2057 4941 electirron-

479 4939 834 4997 tirmationem
862 4940 1234 5010 abapostolica
1262 4941 1390 4994 sede
1418 4942 1733 5007 impetrasse
1751 4939 2057 5008 Simplicius

481 5026 613 5135 rapa
643 5012 834 5067 Acacio
856 5009 1759 5092 ConStantinopolitanorenuutiat.
1776 5009 1914 5092 Quid
1938 5020 2057 5091 post

500 5096 598 5135 nec
621 5081 881 5135 Aeacius?
912 5080 1290 5135 Calendionem
1322 5094 1559 5134 criminis
1590 5081 1732 5134 laesa:
1759 5089 2057 5135 maiestatis

500 5079 598 5137 nec
621 5081 881 5137 Aeacius?
912 5080 1290 5137 Calendionem
1322 5079 1559 5134 criminis
1590 5081 1732 5134 lzeste
1759 5080 2057 5148 maiestatis

478 5167 654 5217 reum,
682 5154 922 5220 adeoque
955 5152 1269 5221 episcOpatu
1295 5149 1567 5221 indignum
1595 5165 1716 5221 esse
1741 5150 2055 5215 denuntiat;

481 5233 597 5276 tum
620 5222 760 5292 quod
784 5219 1017 5277 faetiosis
1049 5220 1387 5291 quibusdam,
1416 5229 1473 5273 ut
1504 5220 1580 5292 ait
1610 5219 1889 5292 Evagrius,
1927 5234 2058 5275 con-

477 5303 557 5347 tra
612 5290 881 5347 Zenonem
934 5290 1274 5357 adhaesisset;
1305 5298 1415 5345 tum
1459 5290 1619 5345 etiam
1666 5290 2061 5360 quodgnomen

478 5360 723 5433 ejusdem
765 5361 1005 5433 Zenonis
1039 5378 1071 5418 e
1123 5361 1389 5433 diptychis
1418 5358 1761 5433 abstulisset.
1808 5358 2057 5433 Gelasius

478 5429 639 5502 epist.
684 5434 742 5488 li
777 5432 843 5487 ad
874 5429 1196 5489 Dardanosf
1220 5429 1295 5487 lia
1341 5430 1431 5501 qui
1460 5429 1820 5487 confessorem
1865 5432 2055 5486 Eusta-

479 5505 648 5558 thium
667 5504 719 5559 in
748 5503 963 5557 nomine
986 5505 1305 5559 c0nfessoris
1324 5502 1546 5572 recepit,
1568 5502 1882 5572 su~tinendo
1905 5506 2061 5557 ensi-

478 5575 607 5629 iium
639 5573 994 5630 co‘nfeSsionis
1022 5573 1243 5643 gloriam
1272 5582 1353 5628 est
1383 5571 1723 5629 consecutus.
1762 5571 1887 5627 Post
1908 5590 2055 5626 amo-

478 5656 584 5699 tum
614 5646 999 5708 Calendionem,
1046 5643 1226 5699 subdit
1279 5646 1534 5713 Evagri’us
1560 5658 1679 5714 cap.
1715 5643 1780 5698 i6
1811 5644 2052 5713 praedicti

476 5717 620 5781 libri,
652 5715 835 5770 Petrus
857 5714 1011 5785 [fallo
1034 5724 1360 5785 cognomento
1384 5714 1675 5783 Cnaplteus;
1701 5716 1787 5785 qui
1814 5727 1931 5769 ante
1957 5714 2053 5769 Ca-

479 5789 768 5842 lendionem
793 5796 838 5838 et
865 5783 1183 5856 Stephanum
1205 5789 1465 5854 episcopus
1488 5786 1581 5855 fuit
1613 5783 1912 5847 Antiochim,
1945 5801 2052 5854 prr-

475 5876 649 5925 peram
693 5861 862 5914 sedem
910 5857 1454 5928 recuperavit:eaque
1503 5872 1595 5927 per
1627 5858 1729 5912 vim
1770 5866 1823 5913 ct
1867 5856 2048 5910 duiutu

2180 3336 2295 3391 iicae
2322 3336 2537 3407 quoque
2578 3334 2965 3391 molerationis
2991 3347 3212 3389 assensu
3240 3333 3471 3389 votivam
3525 3345 3764 3393 sumeret

2160 3424 2485 3483 firmitatem
2512 3444 2524 3480 :
2549 3440 2668 3482 cum
2692 3439 2818 3481 ecce
2841 3425 3134 3481 secundum
3158 3426 3603 3481 consuetudinem
3630 3427 3760 3482 mihi

2178 3519 2301 3574 tal'a
2328 3519 2632 3589 disponenti
2666 3516 3087 3589 tranquillissimi
3120 3515 3374 3588 principis
3405 3518 3603 3587 scripta
3632 3527 3760 3575 sunt

2175 3611 2405 3677 reddita,
2433 3611 2628 3681 quibus
2659 3618 3015 3664 memoratum
3048 3614 3299 3679 tanquam
3325 3607 3547 3677 perjurii
3581 3624 3760 3675 reum,

2171 3701 2313 3773 quod
2347 3701 2665 3757 fraternitati
2690 3713 2903 3771 quoque
2928 3710 3030 3754 tute
3054 3713 3159 3752 non
3185 3712 3303 3753 esse
3320 3697 3760 3755 dicereturinco-

2171 3793 2407 3865 gnitum,
2449 3792 2753 3849 sacerdotio
2794 3790 3101 3861 perhiberet
3141 3789 3439 3860 indignum.
3476 3789 3629 3846 illico
3677 3806 3762 3847 re-

2173 3886 2311 3942 traxi
2338 3887 2550 3955 pedem,
2583 3892 2842 3940 et'meam
2866 3882 3110 3939 revocavi
3143 3897 3305 3954 super
3333 3883 3451 3953 eius
3473 3882 3764 3939 confirma-

2170 4022 2407 4079 vicissim
2443 4030 2741 4092 occupata,
2774 4021 3287 4092 Thcopaschitarum
3331 4021 3583 4078 hmresim
3614 4037 3769 4092 saepe

2171 4093 2481 4149 damnatam
2512 4095 2684 4161 palam
2727 4110 2834 4148 non
2879 4102 3083 4148 tantum
3117 4094 3493 4163 promulgavit,
3516 4093 3617 4149 sed
3655 4095 3759 4161 ipsi

2170 4164 2331 4235 etiam
2354 4165 2706 4235 sanctissume
2728 4164 2985 4235 Trinitati
3005 4164 3062 4219 in
3096 4165 3312 4235 trisagio
3328 4165 3524 4235 hymno
3539 4178 3769 4219 crucem

2171 4234 2444 4305 ascripsit,
2478 4234 2643 4305 verbo
2679 4244 2733 4290 et
2767 4250 2931 4304 apere
2958 4234 3183 4298 docens,
3231 4234 3339 4289 non
3362 4234 3521 4305 unam
3549 4242 3762 4289 tantum

2172 4303 2481 4375 personam,
2530 4304 2624 4360 sed
2663 4303 2825 4360 totam
2853 4316 3251 4361 sacrosanctam
3283 4303 3598 4359 Trinitatem
3628 4319 3764 4375 pas-

2172 4374 2284 4430 sam
2317 4392 2461 4431 esse.
2480 4375 2632 4433 Unde
2646 4391 2804 4443 quam
2827 4375 3172 4431 vehementer
3198 4375 3483 4430 Orientalis
3515 4374 3760 4430 Ecclesia

2169 4446 2379 4501 turbata
2427 4446 2585 4502 fuerit
2628 4446 2767 4502 infra
2810 4445 3046 4502 dicetur.
3088 4447 3225 4502 Vide
3272 4446 3561 4500 Baronium
3611 4461 3761 4500 anno

2166 4513 2294 4584 482,
2323 4534 2468 4573 num.
2501 4517 2626 4584 2,3.
2654 4519 2779 4571 δεῖν.
2816 4517 3017 4572 Βικιυε.

2240 4590 2259 4618 ⁸
2302 4586 2619 4642 Timotheus
2666 4586 3068 4642 Alexandrinus
3121 4587 3403 4655 cpiscopus
3454 4584 3767 4642 catholicus

2161 4671 2304 4713 anno
2324 4658 2431 4713 492
2449 4658 2590 4713 diem
2620 4658 2771 4723 obiit,
2795 4672 2917 4712 cum
2940 4656 3168 4713 sedisset
3183 4672 3351 4712 annos
3365 4656 3458 4711 25.
3474 4656 3761 4712 Liberatus

2161 4742 2282 4797 cap.
2324 4729 2411 4784 16.
2456 4729 2539 4789 Ab
2576 4728 2844 4798 episcopis
2872 4726 3088 4798 Egypti
3132 4728 3185 4781 in
3222 4743 3406 4798 unum;
3432 4728 3758 4783 coeuntibus

2162 4796 2433 4853 communi
2468 4813 2732 4854 consensu
2760 4796 2997 4853 Joannes
3026 4799 3189 4853 homo
3217 4796 3559 4853 orthodoxus
3589 4798 3645 4851 in
3679 4799 3759 4852 ioc

2163 4883 2285 4950 cum
2306 4869 2577 4950 _ejt_tsdem
2599 4869 2925 4950 subrogatus
2947 4867 3067 4950 fuit.
3101 4869 3372 4950 Missauest
3400 4867 3760 4950 legationum

2162 4937 2443 4995 electionis
2489 4937 2952 4995 confirmationem
2986 4948 3213 5007 peteret.
3248 4938 3416 5007 Hujus
3462 4937 3758 5005 legationis

2162 5008 2334 5065 relatu
2353 5026 2475 5065 cum
2502 5019 2698 5067 statum
2728 5010 3078 5065 Antiochense
3103 5008 3359 5065 Ecclesiae
3388 5008 3625 5077 pontifex
3657 5024 3757 5063 co-

2162 5081 2455 5150 gnovisset,
2480 5095 2709 5150 eumque
2738 5081 2965 5135 Acut-ius
2995 5078 3221 5134 subdole
3246 5087 3301 5133 et
3322 5080 3591 5134 malitiose
3618 5080 3755 5134 sub.

2166 5148 2781 5219 ticuisset,sequentem
2828 5151 2901 5204 illi
2932 5151 3219 5215 epistolam
3261 5150 3327 5204 i7
3376 5150 3615 5219 scripsit,
3649 5167 3753 5219 qua

2163 5234 2285 5275 eum
2319 5239 2421 5274 non
2452 5221 2722 5275 immerito
2743 5221 3014 5290 redarguit
3033 5220 3175 5290 quod
3195 5220 3264 5274 de.
3289 5220 3448 5275 rebus
3471 5220 3603 5273 tanti
3637 5237 3756 5274 mo-

2164 5293 2329 5345 menti
2362 5293 2489 5345 nihil
2520 5292 2847 5360 scripsisset,
2900 5306 3023 5345 cum
3054 5306 3120 5345 ex
3152 5290 3357 5345 credito
3404 5290 3505 5360 sibi
3536 5290 3703 5343 viCnri
3727 5313 3755 5339 υ

2164 5363 2496 5487 praefectura:
2542 5359 2687 5418 sedis
2728 5362 3043 5432 apostolica
3068 5361 3249 5417 ofticio
3292 5359 3427 5416 illud
3455 5362 3631 5416 facere
3659 5361 3756 5415 de-

2203 5446 2346 5487 utsse
2374 5472 2391 5487 .
3322 5439 3337 5459 ⁴

2203 5439 2391 5487 υἱεεθι.
3322 5439 3337 5459 ⁸

2234 5502 2255 5533 ⁸
2281 5505 2395 5567 Qua
2426 5503 2707 5558 occasione
2738 5501 2853 5557 haec
2883 5501 3109 5573 epistola
3148 5502 3345 5570 scripta
3380 5502 3463 5573 sit
3486 5499 3596 5556 dixi
3656 5514 3751 5554 sn-

2162 5587 2254 5640 pra
2301 5573 2354 5627 in
2397 5574 2540 5627 notis
2568 5573 2809 5642 epistola:
2839 5572 3063 5628 decima:
3101 5583 3267 5628 sexta:
3319 5572 3498 5627 verbis
3556 5581 3752 5642 sancta:

2163 5644 2416 5714 meritoria:
2456 5641 2727 5698 Timothei.
2771 5645 3128 5714 Subrogatum
3173 5642 3225 5697 in
3266 5644 3443 5697 locum
3474 5641 3743 5696 Timothei

2161 5711 2421 5769 Joannem
2459 5716 2606 5769 Zeno
2633 5716 2927 5783 imperator
2954 5711 3193 5783 impulsu
3228 5714 3403 5767 Acacii
3436 5718 3744 5783 episcopum

2160 5785 2362 5838 amovit
2381 5825 2395 5847 .
2421 5788 2579 5854 eique
2603 5785 2888 5840 nefandum
2928 5785 3072 5839 illum
3112 5784 3323 5839 Petrum
3352 5784 3590 5853 Moggum
3621 5791 3747 5854 ante

2160 5855 2424 5921 dejectum
2479 5852 2791 5911 lia-relicum
2835 5855 3151 5921 substituit,
3197 5870 3263 5911 eo
3302 5852 3559 5924 prieteatu
3599 5852 3740 5921 quod
