4086 6328
171 373 230 432 57
467 332 472 338 ’
1531 362 1864 420 EPISTOLA
1907 363 2069 420 xvu.
3379 369 3442 420 Si

175 493 309 546 tione
351 484 696 553 sententiam,
746 497 813 537 ne
855 479 977 551 quid
1033 488 1222 535 contra
1269 488 1474 535 tantum
1541 495 1604 536 ac
1651 481 1757 536 tale
1785 485 1832 543 Α
1863 483 2088 538 subinde
2117 498 2236 553 qua:
2263 492 2533 554 gerantur,
2562 499 2751 556 quam
2774 486 3002 558 gerenda
3030 487 3155 553 είηι,
3181 492 3445 545 νει-θείην

177 579 535 638 testimonium
565 588 904 647 prtepropere
920 572 1110 628 fecisse
1132 571 1426 642 judicarer.
1469 572 1578 628 Sed
1611 573 1741 630 illud

174 689 252 729 me
297 686 402 726 non
441 668 786 724 mediocriter
825 666 947 720 fecit
985 665 1270 720 attonitum
1296 707 1310 734 ,
1361 665 1503 736 quod
1555 665 1746 721 iisdem

178 765 367 821 litteris
406 765 517 818 suis
563 762 803 824 Petrum,
834 759 921 830 qui
942 759 1316 814 haereticorum
1346 758 1523 813 socius
1543 757 1746 814 dudum

171 857 436 914 exstitisse
500 853 756 924 probetur
813 861 866 908 et
929 853 1216 922 princeps,
1267 851 1411 922 quod
1469 853 1749 908 conscien-

171 952 286 1004 tiam
331 947 633 1002 dilectionis
679 955 783 999 tua:
812 945 1153 1000 meminimus
1194 960 1298 999 non
1333 945 1520 1010 latere,
1555 946 1752 1000 instru-

170 1041 476 1108 ctionesque
548 1037 691 1107 ipsas
755 1037 947 1107 quibus
997 1036 1156 1091 fuerit
1204 1037 1545 1104 confutatus,
1595 1051 1753 1092 nosse

170 1132 510 1199 confidimus,
552 1145 821 1200 quemque
862 1131 1023 1184 etiam
1061 1130 1284 1185 dubium
1328 1147 1432 1185 non
1469 1132 1540 1185 sit
1579 1131 1754 1186 adhuc

173 1234 313 1280 extra
373 1223 806 1282 communionem
859 1222 1054 1277 durare
1099 1221 1456 1288 catholicam,
1506 1237 1756 1293 saepeque

172 1333 258 1373 nos
311 1317 378 1372 dc
419 1315 609 1372 eodem
657 1331 722 1371 ex
766 1315 853 1369 illa
901 1315 1030 1369 urbe
1072 1316 1320 1384 pellendo
1365 1315 1646 1385 scripsisse
1687 1316 1759 1372 sit

171 1423 392 1478 certum,
419 1412 484 1466 ad
514 1412 746 1481 praefata:
775 1409 1034 1465 Ecclesia:
1062 1411 1302 1480 regimen
1333 1410 1604 1465 exiStimet
1635 1426 1757 1481 pro—

169 1507 463 1564 vehendum
500 1523 512 1559 :
546 1520 775 1574 cumque
805 1504 1082 1574 promittat
1124 1512 1288 1559 recta:
1329 1503 1450 1558 fidei
1489 1503 1753 1558 deﬁnitio-

173 1602 324 1657 nibus
349 1600 638 1656 convenire
666 1639 680 1664 ,
711 1613 740 1651 a
769 1598 921 1664 cujus
949 1599 1132 1666 utique
1160 1596 1322 1668 (sicut
1348 1597 1594 1664 superius
1624 1595 1757 1667 dixi)

167 1689 432 1747 consortio
457 1701 563 1744 tam
592 1689 736 1760 degit
757 1697 1066 1754 extraneus,
1098 1701 1254 1758 quam
1283 1685 1350 1742 ab
1379 1686 1495 1755 ejus
1517 1701 1760 1740 commu-

169 1785 327 1840 nione
356 1784 618 1839 discretus
648 1795 724 1836 03!
750 1821 766 1847 ,
798 1780 865 1836 ad
897 1795 1056 1851 quam
1085 1780 1127 1833 si
1160 1793 1300 1834 nunc
1321 1778 1505 1834 redire
1537 1787 1758 1833 conten-

170 1876 239 1930 dit
267 1917 283 1940 ,
317 1877 417 1932 nisi
446 1892 538 1946 per
568 1873 987 1929 satisfactionem
1027 1871 1346 1927 Christianis
1381 1871 1578 1942 regulis
1603 1886 1749 1926 com-
1782 1871 1825 1931 Β

172 1978 434 2038 petentem
475 1983 576 2022 non
615 1976 790 2036 potest
835 1965 1088 2032 introire,
1129 1977 1193 2018 ac
1232 1964 1453 2034 perinde
1496 1961 1752 2034 [proinde]

164 2074 267 2114 non
318 2059 385 2114 ad
432 2058 697 2128 fasdgium
744 2055 1093 2112 sacerdotalis
1141 2055 1414 2124 dignitatis
1453 2054 1750 2120 accedere;

163 2151 251 2206 sed
277 2149 508 2205 medelze
527 2191 544 2215 ,
577 2165 696 2220 quae
735 2157 856 2220 post
887 2147 1273 2219 paenitudinem
1304 2147 1602 2217 praestanda
1630 2157 1751 2215 est,

164 2255 554 2311 consequenter
577 2240 748 2312 aptari
771 2241 964 2295 anima:
991 2254 1104 2296 sua:
1132 2240 1353 2309 cupiens
1380 2239 1753 2295 reconciliatus

159 2336 413 2390 auxilium
437 2377 451 2400 ,
482 2350 588 2390 non
620 2334 839 2401 gradum
869 2334 1066 2388 summi
1092 2332 1312 2388 honoris
1339 2332 1593 2389 affectans
1614 2375 1628 2395 ,
1659 2334 1750 2404 qui

157 2427 237 2482 diu
263 2428 610 2484 convincitur
635 2427 798 2482 fuisse
827 2441 1118 2496 pervcrsus
1142 2466 1157 2491 ,
1184 2442 1251 2482 ne
1282 2441 1376 2496 per
1399 2426 1634 2495 speciem
1668 2441 1753 2482 re-

158 2520 386 2576 meantis
414 2533 520 2574 non
554 2518 849 2573 remedium
876 2519 1105 2573 sincera:
1137 2516 1459 2573 salvationis
1489 2516 1746 2588 inquirat,

156 2612 243 2668 scd
289 2613 607 2668 facultatem
641 2610 995 2682 propaganda:
1030 2611 1309 2680 pravitatis
1345 2610 1602 2665 inveniat.
1636 2609 1752 2678 Quo

151 2704 285 2761 fat-to
325 2719 440 2760 non
488 2705 631 2760 hunc
667 2703 840 2774 magis
876 2703 944 2758 ab
981 2717 1166 2758 errore
1193 2701 1559 2768 detrahimus,
1590 2714 1750 2770 quam

151 2797 447 2867 perniciem
484 2797 731 2853 fidelibus
761 2797 1094 2865 irrogamus,
1133 2810 1303 2863 eoque
1334 2795 1494 2850 modo
1523 2793 1749 2851 Chalce-

149 2890 414 2947 denensis
452 2891 642 2961 synodi
681 2897 879 2945 Statuta
910 2889 1208 2953 violantes,
1239 2889 1443 2943 aditum
1481 2904 1619 2942 sreva
1653 2904 1749 2943 co-

149 2985 430 3054 pulatione
474 2983 757 3053 grassandi
815 2982 868 3037 in
928 2982 1224 3037 Ecclesiam
1275 2981 1416 3052 lupis
1467 2983 1751 3050 rapacibus

145 3078 442 3146 aperimus.
481 3075 719 3144 Denique
749 3075 816 3128 ab
843 3074 1045 3129 eisdem
1075 3074 1227 3142 ipsis,
1254 3087 1375 3130 cum
1406 3072 1596 3142 quibus
1623 3073 1749 3128 olim

145 3183 170 3220 a
205 3167 480 3223 catholica
514 3165 920 3236 participatione
948 3165 1156 3221 divisus
1189 3174 1300 3230 est,
1333 3165 1573 3236 pontifex
1612 3165 1751 3220 dici-

143 3267 222 3315 tur
252 3260 525 3332 postulari
571 3278 585 3314 :

142 3362 343 3408 rectam
395 3352 553 3408 fidem
585 3353 743 3420 velle,
777 3353 871 3409 sed
909 3354 958 3408 in
1003 3353 1235 3424 praesule
1281 3353 1498 3424 proprio
1525 3351 1742 3406 nefandi

140 3445 416 3517 dogmatis
456 3462 698 3517 quaerere
739 3456 1098 3518 potestatem;
1134 3462 1308 3518 neque
1347 3449 1484 3502 inter
1519 3446 1664 3516 ipsos
1695 3455 1752 3501 et

139 3541 415 3596 veraciter
460 3540 758 3595 sentientes
796 3554 900 3609 pax
939 3539 1064 3594 inde
1100 3541 1270 3609 possit
1311 3539 1449 3595 foeda
1478 3537 1747 3608 generari,

138 3633 278 3689 unde
307 3631 698 3687 hmrelicarum
721 3632 981 3685 mentium
1002 3632 1198 3686 crescit
1223 3631 1430 3684 funesta
1453 3629 1747 3695 damnatio,

138 3733 186 3779 et
206 3722 622 3780 catholicorum
663 3722 906 3779 succedit
934 3720 1240 3776 miseranda
1273 3720 1575 3788 captivitas.
1611 3720 1755 3774 Tan-

137 3819 197 3872 tis
237 3819 428 3888 igitur
463 3814 617 3870 malis
647 3825 808 3885 atque
846 3815 1101 3885 periculis
1135 3829 1232 3884 pro
1260 3814 1543 3870 sacerdotii
1576 3813 1752 3884 quali-

139 3919 268 3977 tate,
304 3919 368 3966 et
398 3908 678 3963 catholicae
710 3908 1110 3978 praedicationis
1137 3907 1352 3974 intuitu,
1381 3914 1439 3960 ut
1466 3920 1566 3974 qua
1594 3914 1753 3976 potes

135 4004 352 4058 ratione
397 4001 673 4072 sapienter
708 4001 977 4068 obsistas,
1023 4000 1270 4055 maximis
1313 3999 1547 4069 undique
1586 3999 1751 4054 rebus

135 4095 462 4166 astringeris
516 4111 530 4146 :
594 4108 695 4148 nec
735 4092 1009 4148 dilet-tioni
1058 4101 1162 4147 tua:
1194 4092 1274 4147 fas
1316 4101 1399 4147 est
1438 4091 1489 4146 id
1534 4090 1750 4160 segnius

133 4190 376 4257 operari,
409 4185 554 4254 quod
598 4185 662 4240 ad
706 4186 900 4240 animae
932 4194 1037 4239 tua:
1068 4200 1306 4250 causam,
1341 4185 1564 4239 honoris
1603 4185 1743 4239 aesti-

135 4279 509 4346 mationisque
531 4285 835 4347 respectum
858 4291 964 4332 non
984 4277 1196 4332 dubitas
1225 4279 1515 4346 pertinere.
1541 4273 1750 4346 Oppor-

136 4370 468 4425 tunitatibus
499 4385 628 4438 ergo
657 4369 908 4438 repertis,
937 4369 1345 4425 clementissimi
1374 4369 1629 4449 principis
1650 4384 1748 4423 vo-

136 4461 410 4516 luntatem
431 4460 828 4516 incessabiliter
852 4475 949 4530 pro
970 4461 1072 4516 fide
1092 4462 1351 4516 catholica
1373 4461 1744 4530 supplicando,

134 4561 187 4606 et
218 4553 290 4607 ab
323 4552 418 4607 his
459 4551 649 4607 sedulo
688 4567 941 4607 revocare
978 4567 1096 4622 qua:
1131 4552 1314 4606 nociva
1352 4561 1478 4606 sunt
1507 4552 1742 4623 dogmati

1853 575 2112 641 indicare,
2146 585 2197 630 ut
2231 575 2558 630 creditorum
2597 577 2805 634 tibimet
2841 579 3243 650 dispensatione
3274 583 3446 636 domi-

1852 667 1967 720 nica
2003 667 2325 722 talentorum
2358 669 2410 721 in
2441 666 2542 722 hac
2581 669 3023 738 multiplicatione
3052 674 3223 728 fidelis
3256 689 3446 729 servus

1854 760 2154 816 ostendaris
2176 803 2191 828 ,
2219 762 2264 816 si
2297 775 2401 816 non
2431 769 2636 816 tantum
2668 763 2723 817 in
2763 763 2998 819 Ecclesia
3032 768 3114 820 cui
3151 769 3443 836 praesides,

1853 853 1949 908 sed
1976 853 2281 924 ubicunque
2310 855 2584 923 potueris,
2614 869 2712 924 pro
2737 857 2946 912 unitate
2973 859 3237 914 catholica
3269 870 3321 915 et
3352 876 3440 929 pro

1857 948 2094 1018 paternis
2119 948 2522 1004 definitionibus
2551 950 2779 1006 suadere
2805 965 2910 1005 non
2940 967 3153 1006 renuas.
3188 954 3315 1008 Data
3351 953 3438 1007 idi-

1856 1039 1956 1094 bus
1982 1040 2136 1095 Juliis
2163 1041 2325 1111 (anno
2352 1041 2482 1098 Chr.
2520 1042 2670 1114 482),
2701 1043 2958 1099 Severino
2994 1044 3112 1100 viro
3151 1045 3436 1101 clarissime

1857 1131 2096 1187 consule.

2253 1405 2725 1464 FRAGMENTUM
2767 1408 3128 1466 EPISTULA]

2255 1579 2498 1620 SIIPLICII
2530 1581 2676 1620 ΡΑΡΕ
2708 1581 2774 1620 AD
2807 1581 3068 1622 ZENONEI.

1863 1718 2054 1789 incipit
2086 1719 2548 1797 epistola_sanct-.n
2593 1723 2867 1797 memoriae
2902 1724 3161 1795 Simplicii
3201 1741 3348 1797 papa:
3381 1728 3445 1784 ad

2301 1790 2572 1848 Zenonem
2603 1794 3004 1864 imperatorem.

2277 1933 2420 1990 Inter
2449 1947 2629 1991 cwtera
2652 1947 2697 1991 ct
2719 1939 2787 1991 ad
2818 1939 3007 1992 locum.

1928 2052 2036 2108 Sed
2066 2053 2175 2121 jam
2203 2052 2484 2107 veniamus
2508 2051 2575 2106 ad
2605 2068 2698 2106 eos
2728 2069 2954 2124 quorum
2978 2071 3140 2110 unum
3175 2072 3203 2111 a
3237 2059 3446 2127 pontifi-

1854 2146 1942 2201 cio
1962 2143 2345 2199 Alexandrinaa
2369 2144 2622 2199 Ecclesiae
2639 2145 3045 2209 secludendum.
3077 2149 3301 2204 alterum
3327 2149 3447 2209 huic

1859 2238 2255 2308 praeficiendum
2285 2237 2688 2308 tranquillitatis
2714 2247 2818 2293 tua:
2846 2240 3044 2309 scripta
3074 2245 3448 2311 pronuntiant,

1855 2347 1919 2386 ac
1944 2331 2138 2403 primo,
2172 2332 2216 2386 si
2242 2331 2414 2399 placet
2450 2344 2676 2401 persona
2699 2330 2876 2397 Petri,
2903 2333 3152 2388 meritum
3187 2337 3448 2406 expendm

1855 2439 1995 2479 mus.
2027 2423 2288 2478 Nimirum
2314 2423 2402 2478 hic
2442 2430 2526 2478 est
2558 2423 2802 2492 comples
2837 2425 3118 2494 prricida:
3145 2425 3303 2496 [forte
3329 2444 3452 2497 par-

1855 2514 2048 2586 ricidii]
2076 2513 2378 2580 Timothei,
2412 2523 2467 2569 et
2504 2515 2694 2570 exsilio
2733 2515 3068 2585 sempiterno
3097 2527 3280 2574 vestra
3321 2536 3450 2590 quo-

1855 2623 1959 2678 que
1996 2607 2236 2677 jussione
2265 2607 2632 2679 dignissimus.
2664 2606 2760 2662 Hic
2789 2617 2974 2663 contra
3005 2610 3286 2667 veritatem
3317 2612 3452 2667 mili-

1855 2701 2083 2755 tantium
2132 2701 2312 2755 socius
2362 2713 2611 2770 semper,
2669 2709 2723 2755 et
2775 2700 2984 2756 doctor.
3047 2701 3175 2768 llic,
3230 2703 3299 2759 de
3349 2720 3454 2774 qun

1856 2793 2220 2850 Alexandrina
2252 2795 2386 2849 urbe
2413 2793 2663 2864 pellendo
2700 2808 2845 2864 saepe
2888 2809 2974 2850 me
3015 2794 3209 2851 litteris
3236 2811 3454 2866 rogasse

1857 2904 1963 2942 non
1991 2888 2210 2943 dubium
2238 2897 2348 2954 est;
2383 2888 2472 2959 qui
2499 2889 2542 2943 si
2569 2898 2710 2943 esset
2739 2896 2900 2944 recta:
2933 2889 3075 2956 fidei,
3108 2890 3159 2946 in
3190 2891 3452 2946 catholica

1856 2981 2040 3051 utique
2077 2981 2458 3036 communione
2489 2981 2794 3035 mansisset.
2829 2979 2982 3047 Quod
3012 2981 3058 3036 si
3099 2980 3162 3035 ad
3195 2997 3312 3037 eam
3357 2999 3456 3036 nu-

1854 3090 1954 3146 per
1992 3074 2362 3131 emendandus
2390 3074 2598 3129 accedit
2629 3073 2730 3128 bot-
2770 3074 2940 3143 ipsum
2987 3073 3074 3128 diu
3107 3074 3301 3129 retenti
3327 3089 3456 3130 con-

1859 3168 2058 3224 futatur
2095 3168 2330 3232 erroris,
2369 3182 2530 3237 quam
2581 3177 2757 3222 tamen
2805 3168 3234 3224 emendationem
3283 3169 3328 3224 si
3369 3170 3454 3227 vel

635 3270 692 3315 ut
735 3261 864 3315 Satis
899 3260 1176 3316 evidenter
1218 3268 1475 3329 appareat
1513 3273 1616 3312 non
1657 3271 1752 3312 eos
1779 3253 1823 3318 C
1857 3278 1998 3318 nunc
2035 3263 2244 3317 sincera
2276 3269 2456 3316 mente
2486 3264 2841 3331 perquireret,
2869 3262 3286 3317 satisfactionem
3321 3278 3453 3318 con-

1852 3364 2140 3426 sequenter
2171 3353 2388 3408 afferret
2422 3369 2436 3406 :
2470 3367 2576 3407 non
2625 3352 2827 3423 expetit
2867 3353 3026 3424 [forte
3059 3353 3334 3427 exspectat]
3373 3355 3453 3409 di-

1851 3451 2140 3519 gnitatem,
2181 3446 2270 3516 qui
2316 3454 2434 3515 post
2477 3447 2864 3516 pmnitudinem
2906 3446 3229 3517 indulgentia
3261 3449 3453 3519 dignus

1852 3548 1955 3605 est,
1986 3554 2090 3592 non
2127 3537 2350 3592 honore.
2384 3537 2538 3592 Absit
2566 3546 2623 3592 ut
2653 3539 2770 3608 ejus
2795 3536 2953 3592 saluti
2981 3537 3024 3593 si
3049 3538 3332 3608 resipiscit,
3366 3541 3452 3594 in-

1853 3630 2096 3694 videam;
2121 3629 2470 3698 complector,
2496 3629 2685 3683 hortor
2716 3638 2770 3684 et
2809 3630 3034 3699 gaudeo,
3067 3631 3452 3700 gloriosissime

1854 3719 2180 3788 imperator;
2213 3719 2306 3773 sed
2333 3719 2422 3772 diu
2453 3719 2728 3786 pravitatis
2759 3719 2985 3776 vulnere
3008 3722 3248 3777 sauciato
3278 3726 3450 3779 medi-

1853 3808 1989 3865 cinre
2022 3812 2176 3864 venia
2211 3809 2492 3878 competit,
2519 3824 2626 3866 non
2661 3813 2963 3880 potestatis.
2991 3811 3139 3867 Tunc
3159 3811 3298 3869 enim
3329 3815 3453 3870 reli-

1851 3903 2026 3973 gionis
2056 3904 2254 3973 peterit
2284 3903 2612 3973 nuncupari,
2643 3904 2686 3958 si
2723 3907 3079 3975 perversitate
3106 3908 3351 3964 damnata
3383 3909 3450 3965 ad

1849 4014 2036 4055 sanam
2086 3997 2245 4053 fidem
2294 4013 2536 4054 remeare
2581 3998 2940 4069 prreelegerit.
2986 3999 3236 4070 Alioquin
3281 4007 3453 4057 mani-

1850 4093 2017 4149 festus
2065 4100 2148 4148 est
2188 4107 2310 4148 eum
2363 4107 2470 4147 non
2520 4093 2851 4148 curationem
2893 4093 3092 4164 proprii
3137 4093 3449 4152 desiderare

1848 4185 2154 4255 languoris,
2199 4184 2294 4241 sed
2338 4185 2542 4241 ambire
2590 4184 2889 4257 fastigium,
2923 4204 3029 4256 quo
3068 4189 3303 4258 perfidizn
3340 4206 3451 4244 sua:

1849 4277 1994 4331 virus
2042 4276 2250 4333 miseris
2295 4275 2656 4332 animantibus
2695 4277 3051 4334 confidentius
3098 4279 3450 4351 licentiuSque

1847 4367 2137 4434 diffundat,
2183 4375 2239 4421 et
2277 4367 2345 4422 de
2385 4367 2662 4437 superiore
2702 4368 2821 4423 loco
2861 4367 3029 4423 multo
3060 4367 3346 4426 violentius
3394 4373 3448 4425 in

1851 4461 2166 4515 servitutem
2219 4458 2544 4514 catholicam
2603 4460 2812 4527 redigat
2869 4458 3195 4516 libertatem.
3254 4460 3449 4528 Quaeso

1847 4551 2043 4608 deinde
2075 4552 2165 4622 qui
2197 4551 2313 4621 ejus
2348 4550 2622 4621 provectui
2653 4551 3012 4623 sulTragentur
3032 4595 3046 4616 ,
3078 4562 3130 4608 et
3160 4569 3252 4608 eos
3287 4555 3450 4608 audio

134 4643 478 4709 Christiano,
508 4651 562 4698 et
583 4643 879 4699 secundum
916 4642 1031 4698 lure
1058 4658 1178 4714 qua:
1209 4644 1544 4709 mandamus,
1579 4638 1824 4700 infor-D
1848 4659 1968 4701 esse
2015 4642 2460 4699 archimandritas
2482 4687 2495 4709 ,
2542 4653 2595 4698 et
2631 4644 2958 4710 monachos,
2992 4643 3076 4698 vel
3112 4645 3153 4699 si
3196 4645 3284 4713 qui
3324 4658 3450 4700 sunt

135 4750 285 4790 mare
307 4734 537 4797 crebro,
569 4736 729 4805 inque
767 4749 884 4789 eam
914 4743 1120 4804 partem
1159 4751 1279 4806 quae
1308 4737 1478 4790 amica
1508 4737 1577 4789 sit
1607 4735 1744 4790 veri-

134 4829 226 4882 tati
249 4869 264 4890 ,
311 4828 501 4897 potius
544 4827 746 4882 instare
772 4843 878 4882 non
906 4826 1159 4894 desinas,
1191 4838 1244 4883 et
1274 4829 1356 4900 (ut
1382 4837 1623 4883 sanctum
1648 4828 1740 4882 Ti-

134 4920 424 4974 motheum
491 4919 826 4973 venerandus
886 4921 1162 4986 apostolus
1232 4919 1430 4973 Paulus
1492 4919 1747 4990 instituit)

133 5021 453 5077 opportune
474 5052 489 5076 ,
521 5010 857 5078 importune,
882 5011 1234 5076 obsecrando,
1272 5011 1595 5066 insinuando
1643 5027 1740 5066 ex-

137 5101 509 5170 ponendoque
551 5100 858 5157 nullatenus
899 5102 1135 5173 allegare
1171 5104 1444 5170 cessabis,
1487 5112 1542 5158 et
1588 5105 1744 5160 nobis

134 5262 386 5332 perjurus
421 5271 568 5318 esset
594 5262 829 5319 Joannes
862 5283 872 5316 :
906 5273 1090 5334 utpote
1123 5265 1210 5336 qui
1252 5265 1490 5335 jurasset
1520 5282 1624 5321 non
1659 5267 1739 5321 fu-

135 5346 307 5388 turum
359 5340 427 5388 ut
472 5343 847 5405 patereturse
883 5337 1170 5405 aliquando
1216 5337 1265 5391 in
1311 5339 1733 5393 Alexandrinum

134 5405 459 5473 episcopum
497 5404 642 5473 eligi.
667 5404 804 5459 Vide
835 5404 1118 5462 Barouium
1149 5424 1290 5464 anno
1319 5410 1456 5476 482,
1490 5426 1636 5464 num.
1675 5413 1730 5464 ll

135 5486 182 5528 et
213 5477 300 5529 12.
332 5477 470 5530 Sev.
511 5477 712 5529 BINIUS.

204 5549 218 5577 ¹
262 5546 518 5615 Epistola
559 5547 817 5614 Simplicii
865 5562 1012 5616 papa:
1051 5563 1153 5617 qua
1199 5550 1490 5616 respondet
1535 5550 1738 5606 Zenoni

136 5616 457 5686 imperatori
502 5618 703 5684 petenti
752 5619 1128 5672 Alexandrina:
1176 5620 1430 5674 Ecclesia:
1486 5637 1552 5677 ex
1603 5639 1738 5677 nece

135 5686 426 5761 Timotheo
464 5687 609 5743 illata
639 5690 855 5761 vacanti
875 5690 1070 5758 pratici
1095 5691 1310 5743 Petrum
1341 5693 1610 5761 Moggum,
1643 5709 1730 5747 re-

137 5759 272 5826 jeeto
312 5759 531 5831 Joanne
567 5776 722 5826 quem
763 5760 863 5814 sibi
899 5761 1260 5815 Alexandrina
1294 5759 1531 5816 Ecclesia
1565 5768 1734 5831 elege-

139 5840 233 5896 rat,
268 5830 505 5899 cpistola
536 5831 669 5900 hiBC,
705 5831 959 5902 inquam,
994 5833 1268 5902 hucusque
1294 5834 1443 5887 latuit
1472 5830 1727 5902 eruditos,

1848 4737 1936 4792 alii
1978 4739 2064 4806 qui
2104 4750 2224 4791 sese
2253 4751 2280 4789 a
2325 4736 2703 4791 communione
2744 4735 3004 4790 catholica
3040 4747 3446 4804 separaverunt.

1850 4830 2054 4884 Horum
2101 4843 2230 4895 ergo
2270 4826 2634 4882 testimonium
2675 4826 3129 4894 comprobandum
3167 4836 3282 4890 est,
3315 4842 3449 4895 quo-

1850 4936 1965 4973 rum
2003 4918 2331 4974 admittenda
2364 4931 2624 4988 persona,
2655 4916 2845 4988 quibus
2875 4931 3019 4972 same
3053 4917 3170 4971 fidei
3202 4927 3281 4971 est
3310 4934 3447 4970 con-

1847 5013 2086 5068 scientia:
2135 5027 2291 5067 causa
2333 5026 2441 5066 non
2483 5010 2752 5081 suppetit,
2792 5018 2846 5066 et
2887 5010 2974 5081 qui
3023 5026 3142 5065 cum
3195 5009 3445 5065 eumdem

1852 5105 2088 5178 [eodem]
2119 5106 2231 5177 pari
2259 5114 2506 5161 tenentur
2537 5119 2736 5161 errore.
2772 5102 2940 5159 Finis.

1848 5268 2089 5336 quamvis
2114 5267 2183 5321 de
2213 5266 2467 5335 petitione
2491 5267 2588 5320 hac
2617 5281 2642 5317 a
2678 5265 2898 5319 Zenone
2931 5265 3066 5317 facta
3098 5264 3283 5319 moniti
3323 5264 3442 5321 fuc-

1849 5349 1974 5394 rttut
2016 5353 2081 5394 ex
2119 5338 2344 5403 cpistola
2385 5337 2648 5406 Simplicii
2691 5339 2756 5390 ad
2795 5336 3070 5391 Acacium.
3105 5336 3250 5390 Hanc
3289 5353 3438 5402 vero,

1847 5411 2090 5477 quamvis
2120 5424 2224 5464 non
2266 5409 2546 5477 integram,
2581 5408 2730 5462 dedit
2759 5408 2912 5460 nobis
2951 5407 3222 5474 insperato
3257 5419 3438 5462 vetus-

1849 5482 2085 5536 tissimus
2109 5481 2229 5534 eod.
2261 5479 2651 5548 Frisingensis,
2685 5494 2840 5548 quem
2872 5477 2925 5531 in
2957 5494 3108 5531 usmn
3145 5479 3298 5545 lmjus
3326 5481 3439 5533 edi-

1847 5554 2005 5608 tionis
2044 5551 2314 5605 consuluit
2352 5550 2411 5605 P.
2446 5547 2755 5604 ’Frobenius
2799 5547 3016 5602 Forster
3056 5548 3440 5604 Benedictinus

1847 5624 1992 5688 prior
2013 5631 2065 5677 et
2093 5621 2536 5678 bibliothecarius
2555 5622 2610 5676 S.
2648 5621 2970 5674 Entmerami
3001 5619 3325 5674 liatisbonze.
3357 5622 3436 5674 Ex.

1845 5693 1944 5749 hac
1974 5709 2098 5748 vero
2131 5693 2262 5747 nihil
2298 5693 2553 5748 discimus
2591 5705 2747 5760 sutira
2787 5691 2836 5744 id
2868 5692 3009 5761 quod
3038 5690 3146 5759 jam
3183 5691 3433 5744 innotue-

1844 5775 1946 5828 rat,
1964 5763 2296 5832 Simplicium
2323 5763 2528 5818 scilicet
2550 5762 2773 5832 obsequi
2799 5761 3108 5833 imperatori
3130 5776 3435 5817 recusasse.

1843 5837 1996 5891 Joan'.
2035 5835 2168 5892 Doti.
2205 5836 2392 5888 MANSI.
