4086 6328
618 390 690 448 39
1658 381 1967 440 SIMPLIC"
2005 379 2206 439 ΡΑΡᾸΞ
2238 378 2564 437 EPISTOLA
2609 376 2793 433 XVIII.
3797 375 3866 432 60

1107 500 1118 528 '
1143 494 1469 552 EPISTOLA
1499 496 1684 552 XVIII.

1097 624 1339 664 SIIPLICII
1367 625 1434 663 AD
1463 624 1696 663 EUIDEI.

619 723 802 778 Mirari
832 739 884 778 se
910 725 981 777 ait
1009 722 1259 788 Acacium
1281 720 1343 773 de
1373 719 1730 774 Alexandrina
1766 716 2004 771 Ecclesia
2032 734 2186 772 vexa-

688 796 905 848 tionibus
943 783 1260 861 nequaquani
1281 806 1333 843 se
1361 791 1644 861 monuisse;
1672 788 1908 861 hortatur
1937 797 2107 842 autem
2134 796 2188 840 ut

2207 497 2254 556 Α
2284 508 2381 550 suo
2409 491 2679 561 cognoscit
2705 488 2931 559 imperio
2949 527 2964 552 ,
2995 486 3246 542 Ecclesia:
3276 485 3368 540 Dei
3393 485 3460 542 ab
3491 486 3868 544 haereticorum

2288 583 2605 654 contagione
2639 591 2694 636 et
2730 579 2987 650 pravitate
3011 578 3294 645 violentur,
3323 579 3418 633 sed
3455 579 3710 634 doetrinre
3747 581 3872 635 dia-

2288 678 2477 733 bolicae
2504 677 2857 746 praeceptione
2892 674 3105 745 pietatis
3138 674 3301 742 ipsius
3331 682 3652 743 prnislentur
3677 675 3873 730 immu-

2291 783 2408 824 nes.
2451 768 2516 824 Ut
2557 768 2589 822 ii
2627 769 2717 838 qui
2763 767 2865 821 sibi
2908 765 3230 821 crediderint
3266 766 3595 821 sacerdotale
3629 767 3877 822 ministe-

685 864 982 932 imperatori
1017 857 1235 916 insinuet
1289 868 1343 913 ut
1387 860 1548 916 eidem
1594 860 1834 912 Ecclesia:
1877 861 1978 928 p'aa:
2019 868 2190 930 aptata
2290 858 2428 914 rium
2461 859 2695 914 damnati
2739 857 2972 913 hzminis
3009 859 3423 927 praesumptione
3455 857 3718 922 conferri,
3749 873 3878 928 pro-

687 935 952 988 reddatur.

847 1045 1204 1102 Dilectissimo
1232 1043 1381 1098 fratri
1404 1041 1598 1098 Acacio
1627 1040 1948 1111 Simplicius.

692 1137 1085 1209 COgitationum
1117 1138 1274 1194 ferias
1303 1152 1408 1192 non
1432 1136 1724 1191 habemus:
1749 1150 1846 1189 nec
1869 1134 2012 1189 enim
2040 1133 2193 1202 quie-

618 1247 771 1287 scere
817 1249 915 1286 nos
959 1246 1118 1287 causa
1164 1230 1460 1300 permittit,
1507 1244 1664 1299 quam
1706 1228 1751 1282 si
1795 1226 2193 1296 relinquamus,

621 1322 758 1390 apud
797 1321 1068 1377 Christum
1107 1321 1388 1377 Dominum
1431 1331 1708 1387 nostrum,
1749 1317 1900 1387 cujus
1939 1317 2194 1380 interest,

620 1413 950 1470 excusabiles
997 1412 1155 1485 [forte
1198 1407 1585 1480 inexcusabiles]
1633 1423 1837 1465 sumus.
1892 1407 1958 1462 Et
2002 1406 2195 1461 mirum

620 1515 706 1560 est
734 1504 1070 1559 dilectionem
1102 1513 1246 1558 tuam
1279 1512 1357 1558 tot
1383 1500 1615 1556 emensis
1645 1500 2002 1570 temporibus,
2029 1507 2082 1552 et
2123 1506 2199 1551 tot

624 1596 1106 1666 opportunitatibus
1130 1594 1252 1650 inde
1279 1592 1631 1656 venientibus,
1661 1589 1733 1644 nil
1761 1604 1858 1644 nos
1886 1589 1953 1643 de
1975 1588 2201 1642 Alexan-

625 1689 778 1743 drina
810 1689 1044 1745 Ecclesia
1064 1728 1080 1756 ,
1113 1703 1230 1758 qua:
1257 1696 1363 1742 tam
1396 1686 1628 1757 graviter
1655 1683 1908 1754 quatitur,
1939 1681 2202 1735 instruere

625 1781 892 1847 voluisse;
919 1796 1040 1836 cum
1068 1794 1286 1836 monere
1309 1787 1359 1834 te
1389 1791 1484 1832 nec
1511 1773 1802 1844 increpatio
1831 1781 2010 1828 nostra
2042 1770 2204 1826 desti-

2291 950 2521 1019 mulgata
2566 949 2828 1020 imperiali
2876 948 3260 1003 constitutione
3308 947 3468 1002 etiam
3519 962 3549 1001 a
3601 958 3877 1004 conventu

2297 1041 2574 1098 hominum
2621 1040 2936 1112 segregandi
2976 1040 3265 1111 jubeantur
3307 1039 3513 1095 excludi
3553 1055 3570 1094 :
3613 1050 3880 1110 quatenus

2296 1133 2380 1189 his
2415 1133 2712 1201 submotis,
2740 1143 2898 1203 atque
2937 1133 2992 1188 in
3034 1132 3339 1187 solitudinis
3375 1140 3627 1202 perpetua
3671 1134 3883 1204 relega-

2299 1226 2444 1281 tione
2473 1225 2764 1292 damnatis,
2793 1223 3059 1279 antistites
3086 1223 3335 1279 catholici
3362 1223 3604 1294 deceptis
3631 1224 3717 1278 vel
3759 1225 3883 1278 red-

2296 1317 2494 1373 dantur
2534 1316 2823 1382 Ecclesiis,
2854 1316 2937 1372 vel
2983 1305 3252 1373 creentur.
3294 1315 3347 1370 ln
3391 1331 3495 1383 quo
3542 1329 3641 1370 uec
3681 1326 3884 1369 nostra

2300 1424 2488 1480 preces
2517 1409 2660 1479 apud
2687 1407 3147 1479 religiosissimum
3172 1408 3490 1479 principem,
3520 1423 3617 1464 nec
3639 1409 3882 1464 dilectio-

2300 1505 2383 1558 nis
2419 1513 2522 1558 tum
2552 1503 2853 1574 suggestio,
2881 1512 2973 1558 aut
2998 1511 3262 1558 tantorum
3296 1502 3516 1557 fratrum
3552 1511 3883 1568 nostrorum,

2302 1610 2437 1666 quos
2465 1595 2747 1651 advenisse
2773 1594 3292 1664 ConstantinOpolim
3325 1594 3654 1664 reperimus,
3691 1595 3885 1665 impio-

2304 1686 2439 1742 ratio
2461 1685 2824 1750 sacerdotum,
2856 1696 2948 1741 aut
2973 1687 3291 1757 supplicatio
3319 1688 3704 1742 monachorum
3734 1686 3888 1742 labo-

2304 1791 2424 1832 rare
2451 1779 2668 1846 poterit.
2690 1777 2830 1844 Quin
2852 1777 3106 1848 quidquid
3131 1778 3196 1832 ad
3221 1778 3576 1849 integritatem
3606 1778 3889 1834 catholica:

630 1873 773 1938 terit,
803 1881 860 1926 ut
890 1871 1197 1941 participata
1226 1867 1597 1931 sollicitudine,
1632 1865 1836 1918 litteras
1871 1875 2018 1918 meas
2056 1859 2193 1931 apud
2226 1859 2271 1919 Β
2299 1865 2421 1922 fidei
2453 1869 2715 1938 pertinet,
2749 1869 2801 1923 in
2836 1884 2939 1938 qua
2985 1869 3344 1923 Ecclesiarnm
3375 1879 3458 1924 est
3485 1871 3778 1924 constituta
3809 1884 3888 1924 sec

625 1962 1138 2019 Christianissimum
1166 1971 1220 2018 et
1245 1958 1720 2016 clementissimum
1751 1956 2039 2026 principem
2065 1969 2204 2024 pras-

623 2056 862 2112 sentibus
902 2064 1006 2109 tua:
1047 2053 1350 2110 dilectionis
1393 2050 1791 2123 prosequereris
1826 2049 2106 2117 alloquiis,
2149 2055 2205 2101 et

623 2147 848 2201 instituti
868 2146 1057 2202 veteris
1082 2160 1305 2209 memor,
1325 2145 1375 2199 in
1397 2145 1816 2200 orthodoxorum
1838 2140 2202 2196 defensionem

626 2240 900 2294 nobiscum
927 2240 1004 2294 sic
1029 2255 1240 2308 semper
1270 2238 1607 2293 incumberes
1627 2277 1643 2303 ,
1680 2251 1747 2290 ne
1776 2234 2057 2304 quisquam
2103 2247 2203 2286 no-

623 2341 824 2396 strum,
854 2330 1155 2386 Christiana
1187 2330 1345 2398 plebe
1375 2337 1662 2398 pereunte,
1694 2336 1896 2382 reatum
1921 2322 2206 2379 deditionis

626 2421 896 2488 incurrat,
929 2431 981 2476 et
1022 2421 1386 2477 mercenarius
1413 2422 1589 2490 potius
1618 2419 1859 2474 videatur
1887 2431 2007 2473 esse
2045 2430 2204 2487 quam

626 2523 825 2584 pastor.
861 2513 1009 2570 Unde
1050 2512 1322 2568 hortamur
1348 2512 1688 2567 dilectionem
1729 2520 1872 2567 tuam
1915 2519 1971 2565 ut
2007 2524 2204 2580 Oppor-

629 2614 758 2659 tune
784 2612 946 2674 atque
975 2604 1277 2672 importune
1303 2603 1404 2672 piis
1433 2603 1648 2657 auribus
1678 2601 1948 2656 insinuare
1971 2615 2077 2655 non
2107 2600 2205 2655 de—

626 2695 799 2762 sinat,
833 2703 1090 2763 quatenus
1117 2693 1338 2748 remotis
1365 2693 1630 2748 seandalis
1657 2709 1774 2764 qua:
1808 2694 1858 2746 in
1886 2691 2208 2748 Alexandri-

629 2803 754 2841 nam
807 2787 1100 2842 Ecclesiam
1165 2787 1418 2843 recidivis
1472 2785 1690 2840 ausibus
1742 2788 2054 2851 irruerunt,
2106 2800 2206 2854 pax

628 2886 804 2944 aptata
831 2877 1100 2943 reddatur,
1125 2887 1178 2933 et
1198 2877 1447 2931 celeriter
1467 2876 1754 2946 vigilantia:
1781 2886 1882 2932 tunc
1904 2877 2196 2946 profectus,

631 2969 946 3039 posthabitis
999 2969 1445 3037 difficultatibus,
1495 2968 1797 3024 inducatur.
1844 2970 1971 3022 Data
2023 2978 2210 3023 octavo

630 3061 750 3116 idus
777 3063 1115 3132 Novembris,
1147 3064 1406 3120 Severino
1435 3063 1677 3130 consule,
1709 3065 1898 3118 directa
1927 3080 2016 3134 per
2043 3065 2209 3120 Resti-

629 3164 812 3210 tutum.

1259 3247 1584 3303 EPISTOLA

1116 3354 1356 3394 SIIIPLICII
1388 3357 1455 3393 AD
1482 3356 1719 3394 EUIDEM.

960 3430 1001 3482 Α
1034 3429 1169 3483 Luca
1201 3430 1488 3484 Holsteinio
1522 3432 1698 3485 Romae
1725 3432 1884 3485 edita.

875 3520 1230 3576 Dilectissimo
1258 3523 1402 3575 fratri
1429 3522 1624 3577 Acacio
1649 3523 1973 3591 Simplicius.

703 3609 918 3667 Litteris
960 3624 1063 3666 tua».
1092 3612 1426 3679 dilemionis,
1463 3629 1596 3683 quas
1634 3629 1729 3683 per
1765 3613 1930 3668 filium
1974 3625 2213 3669 nostrum

637 3702 995 3773 Epiphanium
1035 3704 1316 3758 diaconum
1361 3704 1599 3773 probata:
1646 3704 1768 3759 fidei
1811 3703 2104 3771 direxisti,
2150 3721 2212 3760 ea

634 3809 755 3861 qua:
780 3795 1002 3848 strictim
1035 3794 1420 3864 religiosissimi
1442 3794 1542 3849 viri
1575 3795 1670 3849 lilii
1701 3797 1866 3850 nostri
1896 3796 2214 3866 presbyteri,

635 3884 1066 3938 archimandrita:
1103 3899 1223 3938 cum
1263 3885 1539 3940 monachis
1577 3888 1663 3942 vel
1705 3897 1830 3943 ante
1869 3888 2214 3956 scripserant,

635 3974 797 4028 latius
840 3975 1116 4040 indicasti,
1164 3985 1218 4029 et
1266 3976 1473 4045 prolixo
1519 3977 1731 4047 quidem
1775 3977 2076 4045 volumine,
2125 3981 2217 4035 sed

636 4080 887 4122 sermone
918 4069 1224 4122 necessario
1261 4068 1522 4132 retulisti;
1557 4076 1614 4122 ut
1653 4069 1778 4138 quid
1808 4069 1890 4124 vel
1917 4068 2221 4124 Constanti-

639 4159 853 4227 nopoli,
887 4159 970 4213 vel
1013 4159 1065 4212 in
1102 4159 1221 4213 aliis
1263 4159 1569 4228 regionibus
1607 4160 1674 4214 ab
1713 4160 1979 4216 haereticis
2014 4156 2217 4232 ges'tum

638 4249 965 4304 disceremus
999 4267 1011 4303 :
1037 4263 1099 4304 ac
1123 4250 1328 4320 singula
1357 4265 1474 4321 qua:
1505 4261 1692 4306 contra
1723 4252 2110 4308 ecclesiasticas
2138 4269 2216 4308 re-

637 4341 820 4407 gulas,
861 4351 912 4395 et
949 4349 1135 4396 contra
1175 4341 1344 4410 ipsam
1382 4343 1702 4398 catholicam
1730 4344 1886 4399 fidem
1919 4345 2221 4415 ubicunque

641 4433 924 4487 commissa
957 4442 1100 4502 sunt,
1132 4443 1256 4489 ante
1295 4443 1510 4490 nostros
1540 4436 1722 4491 oculos
1749 4437 2060 4503 collocasti;
2091 4453 2223 4508 qua-

641 4535 795 4579 teuus
827 4526 1070 4581 videatur
1105 4542 1212 4596 quo
1246 4527 1408 4582 etiam
1449 4528 1686 4583 remedio
1716 4529 2091 4584 subveniretur
2123 4532 2222 4585 Ec-

2304 1959 2504 2015 curitas
2530 1975 2777 2031 regressu
2807 1960 3024 2031 pietatis
3049 1976 3182 2027 sum,
3213 1961 3437 2015 Domino
3459 1976 3516 2014 se
3539 1960 3732 2030 ubique
3764 1976 3890 2030 pro-

2305 2061 2563 2120 sequente
2591 2051 2836 2107 omnium
2860 2051 3196 2121 praeveniens
3222 2061 3343 2106 vota
3373 2053 3626 2107 restituit.
3657 2052 3724 2106 Et
3751 2052 3889 2121 apud

2306 2152 2540 2197 mentem
2566 2141 3077 2198 Christianissimam
3112 2143 3284 2198 facilis
3314 2153 3396 2199 est
3420 2145 3742 2213 impetrandi
3777 2159 3889 2215 gra-

2308 2232 2414 2296 tia,
2445 2231 2536 2287 ubi
2568 2232 2841 2304 religionis
2881 2241 2963 2288 est
2999 2248 3177 2289 causa.
3208 2233 3357 2288 Sicut
3399 2249 3526 2304 ergo
3563 2234 3756 2290 litteris
3795 2251 3890 2290 no-

2307 2323 2455 2391 stris,
2489 2324 2559 2378 ita
2585 2333 2686 2378 tua:
2720 2324 3048 2394 dilectionis,
3085 2325 3164 2380 vel
3196 2326 3432 2379 omnium
3460 2326 3681 2380 fratrum
3715 2328 3806 2396 qui
3837 2341 3890 2381 se

2307 2415 2374 2470 ad
2423 2416 2744 2470 documenta
2803 2416 2926 2471 fidei
2981 2430 3092 2471 sua
3138 2416 3584 2472 Christianissimi
3638 2418 3891 2487 principis

2310 2514 2704 2575 praesentavere
2745 2508 3096 2576 conspectui,
3153 2509 3488 2576 suggesﬁone
3541 2511 3892 2577 repetendum

2307 2610 2419 2665 est,
2452 2610 2510 2655 ut
2539 2601 2860 2656 Timotheus
2885 2617 3006 2656 cum
3046 2603 3364 2672 sequacibus
3400 2604 3511 2658 suis
3538 2603 3601 2656 ad
3643 2604 3892 2658 irremea-

2309 2694 2415 2750 bile
2436 2694 2696 2765 dirigatur
2723 2695 2995 2750 exsilium.
3021 2695 3152 2749 Cum
3179 2710 3286 2765 quo
3312 2695 3507 2750 Paulus
3531 2696 3597 2748 ab
3626 2695 3892 2765 Ephe~ina

2318 2788 2581 2854 Ecclesia,
2614 2798 2670 2843 et
2697 2788 2886 2842 Petrus
2907 2789 2982 2842 ab
3002 2786 3335 2842 Antiochena
3368 2787 3584 2843 civitate
3617 2788 3891 2857 depulsus,

2310 2888 2470 2950 atque
2497 2894 2687 2934 omnes
2715 2880 2804 2950 qui
2831 2879 2898 2934 ab
2927 2893 2991 2934 eo
3019 2893 3098 2946 se,
3127 2879 3214 2934 vel
3237 2879 3305 2933 ab
3335 2879 3416 2934 his
3442 2894 3578 2948 quos
3609 2879 3799 2934 illicite
3823 2881 3894 2934 fe-

2311 2979 2491 3037 cerat,
2522 2970 2790 3026 aestimant
2819 2971 3102 3041 episcopos
3140 2971 3452 3040 ordinatos,
3488 2972 3675 3026 eadem
3706 2973 3894 3026 debent

2315 3061 2436 3132 lege
2475 3063 2722 3144 percelli,
2755 3063 2830 3118 De
2869 3063 3104 3119 Antonio
3147 3071 3358 3128 autem,
3400 3062 3490 3132 qui
3530 3078 3715 3118 eorum
3765 3078 3895 3132 quos

2315 3162 2501 3209 contra
2555 3153 2850 3209 Ecclesiam
2905 3164 3158 3225 tyrannos
3205 3157 3470 3220 miserat,
3518 3156 3896 3223 antesignanus

2239 3237 2285 3300 C
2315 3247 2550 3302 existens
2574 3288 2590 3314 ,
2622 3247 2758 3302 sicut
2787 3248 3044 3318 scriptum
3077 3257 3159 3303 est
3190 3247 3362 3319 (Psal.
3390 3264 3511 3313 vin,
3541 3248 3620 3316 5),
3657 3249 3898 3302 inimicus

2316 3348 2372 3394 et
2395 3338 2650 3394 defensor
2679 3340 2942 3409 apparuit.
2973 3340 3048 3395 De
3076 3341 3282 3396 Joanne
3320 3339 3551 3409 quodam
3581 3337 3890 3393 Constanti-

2317 3431 2645 3501 nopolitano,
2675 3431 2762 3500 qui
2786 3431 2855 3485 ah
2876 3430 3143 3485 haereticis
3164 3431 3496 3501 Apamenum
3521 3429 3900 3490 sacerdotium,

2317 3521 2458 3592 quod
2485 3521 2558 3586 ei,
2587 3521 2678 3592 qui
2717 3523 2999 3593 presbyter
3023 3522 3238 3577 aliunde
3278 3522 3480 3588 fuerat,
3509 3521 3590 3576 vel
3619 3537 3648 3574 a
3677 3520 3901 3576 catholi<

2318 3613 2396 3668 cis
2425 3628 2640 3667 sumere
2670 3629 2777 3667 non
2806 3613 3036 3681 licebat,
3067 3628 3127 3668 se
3152 3612 3462 3669 litcreticum
3496 3611 3783 3683 publicavit
3809 3654 3823 3676 ,
3852 3623 3903 3680 et

2317 3705 2461 3776 quod
2490 3707 2540 3760 in
2575 3720 2635 3760 se
2669 3721 2952 3775 perperam
2983 3705 3178 3759 factum
3208 3714 3289 3759 est
3313 3704 3693 3774 impr0perium
3725 3713 3902 3758 retor-

2319 3799 2391 3852 sit
2445 3797 2497 3852 in
2553 3807 2859 3859 auctorem;
2913 3796 3196 3866 expellens
3242 3796 3310 3849 ab
3357 3793 3637 3849 Antiochia
3687 3794 3901 3873 Petrum

2321 3903 2665 3959 pervaserem
2691 3890 2880 3958 ipsius,
2915 3885 3160 3942 eamdem
3191 3885 3485 3940 Ecclesium
3519 3884 3634 3954 ipse
3655 3883 3900 3952 pervasit,

2324 3981 2426 4036 sub
2453 3981 2792 4036 anathemate
2824 3994 2853 4033 a
2878 3979 3308 4036 Christianorum
3337 3981 3611 4034 conscrtio
3630 4023 3645 4047 ,
3677 3977 3764 4033 vel
3798 3979 3903 4048 ipsa

2322 4073 2683 4142 appellatione
2725 4087 3064 4127 removemos
3103 4089 3117 4125 :
3165 4088 3265 4127 nec
3300 4086 3530 4141 unquam
3577 4071 3661 4125 his
3696 4069 3905 4124 satisfa-

2326 4163 2519 4218 ctionis
2543 4160 2942 4232 patefaciendus
2964 4170 3046 4216 est
3069 4161 3240 4216 locus.
3269 4161 3399 4229 Quia
3424 4161 3560 4215 sicut
3582 4160 3747 4214 ludus
3771 4161 3904 4214 inter

2324 4254 2618 4323 apostolos.
2657 4254 2728 4308 ita
2756 4254 2840 4308 isti
2869 4253 3008 4308 inter
3037 4252 3307 4307 ministros
3338 4251 3432 4306 Dei
3465 4252 3685 4305 subdola
3716 4259 3768 4304 et
3796 4251 3906 4306 dia-

2324 4345 2485 4401 bolici
2526 4346 2747 4414 spiritus
2786 4345 2975 4400 fraude
3016 4343 3306 4399 latuerunt.
3339 4343 3412 4398 De
3442 4341 3731 4397 Christiani
3771 4355 3906 4410 quo-

2323 4453 2429 4508 que
2474 4438 2649 4507 pepuli
2680 4435 2786 4491 fide
2819 4445 2874 4491 et
2912 4435 3200 4490 devotione
3245 4433 3537 4504 gaudentes
3561 4474 3576 4500 ,
3610 4433 3903 4501 profectum

2325 4529 2441 4598 ejus
2469 4538 2524 4584 et
2551 4525 3047 4598 multiplicationem
3069 4526 3180 4582 Deo
3202 4525 3398 4595 jugiter
3425 4524 3784 4593 supplicantes
3817 4538 3906 4577 ex-

638 4616 838 4683 clcsiis,
873 4617 1064 4685 quibus
1085 4615 1192 4670 vim
1221 4616 1320 4671 sub
1345 4618 1626 4673 occasione
1657 4621 1947 4691 tyrannicae
1974 4619 2220 4674 domina-
2249 4611 2300 4670 D
2324 4619 2553 4690 petimus
2584 4635 2598 4671 :
2631 4629 2688 4674 ut
2717 4618 2769 4673 in
2801 4617 2991 4672 timore
3019 4626 3178 4686 atque
3205 4630 3389 4670 amore
3411 4615 3620 4669 Domini
3649 4627 3900 4684 perseve-

640 4707 843 4774 tionis,
895 4717 950 4762 et
998 4723 1091 4778 per
1135 4708 1430 4764 absentiam
1478 4709 1916 4765 Christianissimi
1965 4713 2218 4782 principis

640 4800 974 4870 perniciosus
1012 4801 1148 4856 latro
1190 4810 1245 4857 et
1286 4801 1548 4858 recidivus
1589 4804 1802 4857 invasor
1847 4803 2217 4860 Alexandrinae

643 4890 899 4946 Ecclesia:
930 4891 1110 4958 lapsus
1129 4891 1331 4946 exsiliis
1360 4893 1636 4963 irrogavit.
1673 4895 1822 4950 Unde
1851 4894 2064 4950 unicum
2098 4906 2217 4965 post

641 4981 840 5050 Deum,
879 4982 970 5052 qui
1014 4981 1304 5038 Ecclesiam
1344 4993 1396 5037 et
1436 4985 1820 5053 rempublicam
1855 4986 2221 5041 consola‘ione

642 5074 869 5130 mirabili
899 5075 1136 5129 visitavit
1157 5117 1171 5141 ,
1197 5075 1406 5129 etiamsi
1432 5076 1534 5129 hoc
1563 5076 1676 5131 fieri
1708 5077 1926 5132 minime
1955 5078 2220 5148 postulas-

637 5181 759 5232 ses,
783 5167 1184 5222 clementissimi
1213 5167 1548 5236 imperatoris
1576 5167 1826 5223 auxilium
1853 5169 2099 5223 duximus
2123 5168 2222 5223 im-

641 5258 986 5326 plorandum;
1015 5266 1075 5314 ut
1105 5275 1202 5329 pro
1232 5260 1480 5314 omnibus
1499 5274 1621 5329 qua
1642 5275 1805 5330 regno
1827 5261 1941 5329 ejus
1966 5261 2220 5317 Dominus

640 5349 844 5414 tribuit,
876 5363 945 5403 ne
975 5350 1194 5405 ulterius
1231 5351 1284 5404 iu
1330 5350 1461 5406 orbe
1494 5360 1776 5419 terrarum,
1810 5367 1944 5423 quas
1972 5352 2213 5408 subditas

712 5530 1054 5601 ‘Perbrevcs
1091 5530 1248 5585 hasce
1279 5539 1333 5584 et
1363 5531 1628 5586 aculeatas
1674 5532 1872 5586 litteras
1912 5539 2206 5601 postremas

638 5599 702 5654 ad
729 5600 977 5655 Acacium
1004 5601 1147 5655 dedit
1174 5601 1472 5670 Simplicius
1492 5643 1506 5666 ,
1542 5603 1734 5672 quibus
1765 5599 1924 5656 illum
1945 5602 2201 5653 adversus

640 5672 920 5725 hmreticos
954 5672 1018 5724 ad
1053 5673 1287 5740 prmlium
1319 5690 1417 5726 evo
1439 5689 1542 5728 are
1570 5681 1824 5734 conatur;
1855 5673 1947 5725 sed
1991 5672 2206 5735 frustra,

641 5751 822 5808 utpote
852 5742 1240 5814 quirtransfnga
1277 5742 1444 5799 factus
1479 5746 1529 5797 in
1559 5744 1747 5797 castris
1781 5743 2207 5814 adversariorum

637 5813 851 5878 militet,
884 5811 1210 5885 solliciteque
1240 5817 1376 5886 apud
1423 5817 1798 5886 impcmtorem
1841 5823 1980 5886 agat,
2013 5824 2068 5866 ut
2101 5811 2207 5866 duo

2328 4726 2484 4778 rans,
2517 4718 2573 4766 et
2600 4724 2826 4765 numero
2853 4709 3064 4780 augeri,
3093 4719 3146 4764 et
3183 4709 3386 4764 caelesti
3428 4715 3695 4762 mereatur
3727 4714 3910 4775 prote-

2327 4804 2506 4858 ctione
2551 4802 2770 4857 muniri.
2813 4801 2871 4856 In
2917 4818 3023 4872 quo
3070 4801 3302 4857 maxime
3349 4801 3667 4871 gloriamur,
3708 4811 3762 4853 et
3797 4799 3903 4854 Deo

2325 4904 2512 4951 nostro
2551 4894 2933 4964 gratulabimur
2999 4893 3370 4962 eomplacere,
3413 4891 3535 4962 quia
3582 4889 3902 4959 pastoralem

2323 4991 2540 5061 respicit
2591 4990 2860 5057 fructum,
2901 4988 3134 5058 religiosi
3184 4988 3338 5043 ovilis
3391 4996 3754 5056 augmentum.
3803 4984 3899 5038 Diu

2323 5094 2502 5138 autem
2536 5083 2726 5138 fratres
2763 5091 2820 5138 et
2854 5083 3201 5151 coepiscopos
3229 5089 3440 5134 nostros
3474 5078 3611 5146 apud
3640 5077 3901 5131 Constan-

2323 5173 2600 5242 tinopolim
2641 5187 2744 5225 non
2790 5171 3042 5225 convenit
3076 5171 3346 5226 demorari
3389 5187 3402 5222 :
3444 5184 3584 5223 nunc
3613 5167 3898 5238 praecipue,

2321 5277 2442 5317 cum
2486 5269 2704 5331 propter
2734 5262 3141 5316 concessionem
3173 5261 3558 5330 persecutionis
3593 5275 3711 5329 quae
3762 5267 3900 5314 mota

2323 5350 2497 5407 fuerat
2517 5396 2530 5420 ,
2558 5351 2804 5407 sollicita:
2833 5359 2992 5420 atque
3026 5353 3264 5407 attonitae
3290 5361 3415 5406 sunt
3443 5350 3496 5413 in
3527 5347 3900 5419 suprascriptis

2314 5529 2559 5584 venenati
2586 5527 2808 5592 colubri,
2835 5529 3146 5585 truculentae
3174 5529 3357 5582 bestia:
3380 5537 3433 5583 et
3454 5528 3596 5582 faces
3624 5526 3901 5580 haeretico-

2316 5616 2458 5664 rum,
2490 5598 2770 5664 Cnapheus
2791 5612 2846 5654 et
2879 5601 3094 5669 Moggus
3119 5600 3466 5654 Antiochensi
3492 5607 3550 5652 et
3575 5596 3893 5669 Alexandri-

2319 5687 2400 5724 na:
2426 5670 2540 5726 sedi
2567 5671 2944 5735 obtrudantur,
2967 5666 3298 5740 légitimique
3329 5683 3665 5740 possessores
3694 5666 3895 5740 Calen-

2316 5741 2438 5794 dion
2494 5750 2549 5796 et
2596 5740 2832 5798 Joannes
2879 5737 3113 5811 episcopi
3171 5737 3294 5795 inde
3329 5737 3708 5810 ’expellautur.
3767 5737 3894 5793 Sev.

2321 5813 2519 5866 liisws.
