4086 6328
215 426 272 490 sl
525 421 625 477 SS.
657 419 881 478 LUPUS
923 398 1009 477 ΞΤ
1050 420 1508 478 EUPHRONIUS.
1540 453 1607 462 -
1640 419 1703 476 IN
1744 423 1801 478 S.
1844 409 2076 478 LUPUM
2115 421 2326 479 EPISC.
2359 423 2781 482 .TRECENSEM
2822 426 3115 484 NOTITIA.
3392 430 3460 484 6!

215 539 451 597 Ecclesiis
482 540 729 595 civitates
759 555 774 594 :
802 555 868 595 ne
897 540 1087 611 aliquis
1121 539 1315 596 dubius
1346 542 1566 596 rationis
1593 551 1644 594 et
1675 551 1779 595 tre-
1811 547 1857 603 Α
1886 542 2119 604 scripsit.
2171 541 2243 594 Ex
2276 557 2336 596 ea
2369 542 2708 611 intelligimus
2733 542 2973 596 Acacium
3015 539 3286 596 monuisse
3314 540 3458 595 Sim-

213 632 354 699 pidus
385 631 582 684 mentis
612 639 886 699 exspectet
914 631 1036 685 novi
1075 631 1276 700 aliquid
1323 642 1441 700 post
1486 630 1782 686 Chalcedo-

213 735 364 776 nense
387 721 673 775 concilium
697 730 878 775 contra
908 722 1248 778 deﬁnitiones
1273 723 1436 792 ipsius
1461 723 1737 777 retractari
1765 740 1777 774 :

210 816 320 883 quia
351 828 449 883 per
482 814 790 868 universum
822 814 1076 870 rmmdum
1109 815 1379 870 insolubili
1407 815 1781 871 observatione

209 908 491 970 retinetur,
529 908 670 976 quod
715 921 744 960 a
782 892 1121 962 sacerdotum
1153 907 1499 963 universitate
1534 916 1616 962 est
1654 922 1782 962 con-

207 999 475 1063 stitutum;
523 1007 576 1052 et
617 999 757 1052 sicut
784 1000 1031 1067 apparuit
1069 1000 1309 1054 caelestis
1339 999 1533 1054 totiens
1564 1000 1780 1054 ultionis

205 1089 492 1144 assertione
527 1089 820 1144 ﬁrmatum.
856 1089 1007 1145 Unde
1040 1090 1222 1144 divino
1248 1090 1452 1158 judicio
1489 1091 1780 1146 reluctatur

207 1181 437 1250 qui~qnis
486 1181 731 1249 ejusdem
773 1183 1096 1238 venerabilis
1141 1183 1362 1238 deﬁnita
1401 1183 1609 1238 concilii
1660 1193 1780 1253 post

209 1282 275 1328 tot
311 1274 389 1326 dl\
408 1274 509 1326 ina:
538 1271 916 1343 indignationis
941 1274 1184 1345 exempla
1212 1290 1316 1329 non
1340 1275 1599 1345 sequitur.

467 1405 898 1464 OBSEIKVATIO
938 1409 998 1465 P.
1030 1407 1305 1465 ANTONH
1346 1409 1503 1466 PAGI

460 1501 528 1554 ad
550 1519 636 1555 an.
670 1500 861 1556 Christi
896 1504 995 1558 477
1023 1543 1038 1570 ,
1071 1521 1215 1558 num.
1253 1503 1317 1557 12
1337 1514 1390 1560 et
1420 1504 1504 1558 15.

286 1591 588 1663 llolstenius
626 1593 677 1646 in
705 1593 1032 1648 Collectione
1065 1594 1302 1649 Romana
1333 1593 1623 1660 publicavit
1662 1595 1777 1663 epi-

203 1664 382 1734 stolam
434 1662 693 1732 Simplicii
743 1679 890 1732 papa:
932 1665 997 1718 ad
1029 1666 1276 1718 Acacium
1308 1662 1772 1734 Constantinopol.

202 1733 504 1803 episcopum
550 1749 669 1802 qua:
711 1750 826 1788 sne
872 1735 962 1788 die
1005 1745 1059 1790 et
1100 1737 1322 1790 consule
1369 1747 1472 1800 est,
1515 1733 1777 1804 quamque

203 1805 436 1875 Labb-us
476 1813 605 1859 tum.
662 1805 726 1859 IV
764 1804 996 1871 Conci|.,
1051 1822 1170 1874 pag.
1217 1806 1374 1869 1059,
1422 1815 1544 1875 post
1590 1822 1777 1862 omnes

203 1874 454 1940 Simplicii
492 1875 744 1942 epistolas
789 1876 926 1930 male
970 1878 1273 1930 collocavit.
1321 1874 1454 1930 Cum
1483 1877 1623 1930 enim
1653 1892 1770 1932 eam

207 1946 476 2012 seripserit
518 1944 855 2015 Simplicius,
907 1948 1062 2014 paulo
1114 1957 1390 2014 postquam
1451 1953 1659 2015 accep‘t
1704 1949 1772 2003 ab

204 2016 390 2070 Aeacio
424 2015 544 2077 vim,
567 2031 689 2084 qua:
716 2017 859 2070 illata
889 2020 1058 2071 fuerat
1082 2017 1357 2081 Ecclesiis,
1383 2021 1476 2071 sub
1508 2019 1772 2072 occasione

197 2090 472 2157 tyrannica:
499 2088 889 2152 dominationis,
923 2098 969 2141 et
999 2105 1087 2157 per
1125 2088 1407 2142 absentiam
1438 2089 1773 2143 Christianis-

197 2156 612 2228 simiprincipis;
651 2167 705 2212 et
745 2174 861 2227 Ipso
897 2156 1161 2226 tempore,
1201 2175 1307 2228 quo
1337 2160 1557 2213 )Elutrus
1594 2161 1770 2214 adhuc

196 2226 421 2289 vivebat,
467 2226 622 2291 quem
657 2226 778 2282 cum
813 2229 1129 2298 sequacibus
1170 2226 1279 2284 suis
1309 2231 1375 2282 ad
1401 2230 1772 2284 irremediabile

195 2297 424 2350 exsilium
455 2300 631 2367 dirigi,
663 2316 691 2351 a
723 2297 940 2354 Zenone
983 2301 1112 2369 imp.
1147 2301 1432 2368 petendum
1462 2316 1584 2355 esse
1614 2300 1764 2365 dicit,

194 2377 406 2435 apparet
438 2383 557 2421 eam
585 2370 864 2437 epistolam
887 2370 939 2424 in
965 2371 1140 2425 futura
1161 2372 1490 2426 Collectione
1516 2372 1771 2426 concilio-

194 2453 300 2508 rum
341 2438 656 2493 immediate
700 2440 1066 2496 collocandum
1098 2457 1216 2496 esse
1259 2451 1378 2508 post
1423 2443 1706 2506 epistolam
1737 2444 1770 2498 8

193 2507 456 2576 Simplicii
499 2510 563 2562 ad
611 2508 881 2565 Zenonem
923 2514 1050 2580 imp.
1086 2507 1268 2565 datam
1294 2527 1383 2567 vm
1438 2513 1553 2566 idus
1587 2513 1766 2566 Octob.

193 2589 296 2646 post
341 2580 672 2653 consulatum
710 2580 920 2636 Basilici
965 2591 1010 2636 et
1042 2584 1262 2647 Armati,
1310 2599 1411 2652 qua
1456 2584 1768 2653 Simplicius

193 2651 834 2723 gratulaturimperatori
880 2653 948 2708 de
995 2651 1607 2723 recuperato’imperio';
1647 2670 1768 2709 cum

195 2729 304 2794 post
327 2721 482 2775 illam
507 2721 558 2794 in
587 2723 773 2794 eadem
805 2723 1121 2778 collectione
1149 2725 1340 2778 concil.
1369 2721 1622 2794 sequatur
1648 2723 1767 2792 epi-

194 2791 317 2844 stola
349 2792 536 2846 Acacii
581 2794 644 2847 ad
682 2793 1036 2862 Simplicium,
1073 2809 1176 2863 qua
1217 2795 1264 2847 ei
1295 2791 1562 2849 Timothei
1594 2791 1767 2850 ΕΗπί

195 2872 415 2934 mortem
463 2863 753 2934 significat,
791 2880 909 2934 qua:
955 2865 1128 2921 adhuc
1163 2864 1496 2932 Simplicium
1549 2866 1768 2924 latebat,

194 2944 304 2984 eum
357 2933 656 3002 Epistulam
715 2933 1112 2990 ab’llolsienio
1158 2936 1356 2990 editam
1404 2934 1470 2991 ad
1515 2937 1768 2990 Acacium

1882 613 2090 681 plicfum
2117 613 2184 666 de
2209 612 2416 682 synodo
2445 629 2473 664 a
2505 629 2564 666 se
2592 613 2730 678 apud
2757 612 3276 680 Constantinopolim
3321 612 3458 665 indi-

1881 691 1985 736 cta.
2017 683 2122 751 _Ait
2157 687 2301 736 enim
2332 683 2638 751 Simplicius
2673 701 2685 735 :
2723 683 2867 736 (mde
2898 685 3102 737 unicum
3133 695 3243 750 post
3274 682 3458 744 Deum,

1880 754 1967 818 qui
2011 749 2294 804 Ecclesium
2343 763 2387 805 et
2434 749 2794 823 rempublicam
2837 749 3186 807 consolatione
3233 753 3458 805 mirabili

1879 824 2117 886 uisitauit,
2142 823 2340 877 etiamsi
2377 823 2471 876 hoc
2501 825 2614 889 ﬁeri
2643 823 2848 876 minime
2878 823 3213 892 postulasses,
3246 823 3464 875 clemen-

1882 893 2064 946 tissimi
2104 893 2423 957 imperatoris
2474 896 2723 947 auxilium
2772 895 3014 946 duximus
3051 894 3459 961 implorandum,

1882 973 1937 1034 ut
1970 979 2060 1031 pro
2099 964 2332 1016 omnibus
2373 981 2486 1033 qua:
2524 979 2680 1034 regno
2724 967 2833 1034 ejus
2863 963 3113 1017 Dominus
3161 965 3359 1025 tribuit,
3400 979 3463 1016 ne

1883 1032 2096 1085 ulterius
2123 1034 2320 1102 iniorbe
2367 1032 2640 1100 terrarum,
2670 1032 2794 1102 quas
2823 1035 3052 1087 subditas
3078 1049 3172 1086 suo
3203 1036 3459 1100 cognoscit

1881 1103 2114 1170 imperio,
2157 1101 2401 1158 Ecclesia:
2437 1105 2528 1157 Dei
2570 1104 2631 1156 ab
2684 1101 3034 1157 ltwreticorum
3079 1105 3375 1173 contagione
3415 1115 3462 1156 et

1882 1175 2126 1242 pravitate
2150 1174 2420 1239 violentur,
2449 1177 2538 1229 sed
2568 1175 2811 1227 doctrina
2835 1175 3100 1227 diabolica:
3127 1174 3462 1240 pra'ceptione

1883 1245 2085 1310 pietatis
2109 1245 2272 1312 ipsius
2303 1256 2604 1314 praeteritur
2634 1247 2904 1300 immunes.
2954 1244 3020 1298 Ut
3055 1245 3092 1296 ii
3118 1245 3206 1312 qui
3233 1245 3327 1297 sibi
3354 1259 3462 1296 cre-

1881 1314 2104 1367 diderint
2130 1316 2444 1369 sacerdotale
2471 1316 2803 1369 ministerium
2829 1316 3056 1368 damnati
3083 1315 3298 1366 hominis
3331 1329 3460 1382 prte-

1879 1387 2166 1454 sumptione
2191 1387 2432 1455 conferri,
2459 1387 2778 1454 promulgata
2807 1385 3059 1450 imperiali
3081 1384 3456 1448 constitutione,

1879 1457 2029 1508 etiam
2050 1472 2080 1508 a
2096 1466 2339 1510 conuentu
2359 1456 2621 1509 hominum
2644 1457 2912 1526 segregati,
2929 1456 3210 1524 jubeantur
3229 1455 3456 1509 excludi:

1877 1536 2126 1593 quatenus
2157 1528 2235 1579 his
2264 1527 2531 1592 submotis,
2576 1537 2727 1596 atque
2779 1527 2832 1579 in
2879 1526 3167 1579 solitudinis
3212 1535 3458 1596 perpetua

1879 1597 2191 1664 relegatione
2231 1596 2508 1662 damnatis,
2550 1594 2796 1651 antistites
2843 1596 3078 1650 catholici
3121 1595 3339 1664 deceptis
3385 1594 3460 1648 uel

1879 1667 2162 1720 reddantur
2192 1665 2457 1731 Ecclesiis,
2505 1668 2581 1721 cel
2608 1677 2863 1721 creentur.
2909 1666 2974 1720 In
3015 1682 3114 1736 quo
3159 1683 3246 1718 nec
3275 1676 3460 1718 nostra:

1880 1753 2050 1804 preces
2073 1739 2213 1808 apud
2241 1739 2678 1808 religiosissimum
2709 1738 3008 1806 principem,
3029 1735 3130 1789 inec
3168 1735 3459 1808 dilectionis

1881 1815 1982 1861 tua
2024 1809 2303 1879 suggestio,
2332 1807 2420 1861 aut
2448 1819 2702 1879 tantorum
2738 1809 2954 1878 fratrum
2986 1816 3296 1879 nostrorum,
3324 1807 3458 1874 quod

1881 1878 2142 1932 advenisse
2173 1878 2669 1948 Constantinopolim
2705 1880 3006 1946 reperimus,
3040 1878 3334 1948 imploratio
3372 1893 3459 1929 sa-

1875 1951 2156 2014 cerdotum,
2203 1959 2291 2002 aut
2333 1946 2638 2017 supplicatio
2682 1951 3046 2003 monachorum
3090 1946 3327 2002 laborare
3368 1963 3457 2015 po-

1874 2022 2010 2073 terit.

1948 2089 2326 2158 lmploraverat
2357 2097 2536 2144 autem
2572 2089 2912 2156 imperatoris
2943 2088 3198 2142 auxilium
3229 2086 3449 2155 Simpli-

1874 2160 1990 2214 cius
2036 2161 2087 2214 in
2128 2160 2350 2228 epistola
2399 2161 2464 2213 ad
2494 2160 2762 2215 Zenonem
2814 2175 2902 2214 rm
2950 2160 3064 2212 idus
3116 2158 3296 2211 Octob.
3346 2167 3457 2223 post

1874 2233 2196 2284 consulatum
2222 2230 2464 2283 Basilisci
2499 2241 2547 2283 et
2579 2232 2815 2295 Armatii,
2858 2233 3084 2298 ideoque
3115 2228 3455 2282 llolsteniana

1875 2301 2098 2369 epistola
2147 2301 2415 2368 prioribus
2459 2301 2734 2354 mensibus
2773 2300 2898 2353 anni
2944 2301 3272 2368 insequentis
3311 2301 3456 2369 data.

1877 2367 1930 2425 In
1964 2372 2049 2426 illa
2080 2367 2241 2436 enim,
2282 2385 2443 2441 quam
2485 2386 2575 2425 an.
2606 2373 2707 2425 s77
2753 2385 2841 2423 vm
2881 2369 2998 2423 idus
3033 2367 3211 2422 uctob.
3243 2367 3457 2441 scripsit

1874 2441 2204 2511 Simplicius,
2243 2439 2335 2495 ait.
2375 2441 2521 2495 Unde
2548 2450 2667 2494 ante
2704 2441 2874 2494 omnia
2914 2455 3109 2509 precor,
3151 2449 3204 2492 ut
3234 2439 3457 2511 Alexan-

1877 2509 2080 2566 drinam
2104 2510 2385 2566 Ecclesium
2426 2528 2525 2564 non
2555 2513 2723 2564 minus
2751 2528 2782 2563 a
2809 2511 3029 2578 funesto,
3057 2527 3208 2579 quam
3249 2510 3311 2561 ab
3351 2509 3459 2561 hce-

1873 2584 2027 2636 retico
2054 2599 2320 2654 pervasore
2350 2583 2630 2654 clementch
2662 2582 3285 2654 vestrmrdispositionibus
3331 2579 3457 2654 libet

1875 2649 2064 2719 ratam,
2107 2654 2358 2708 catholico
2393 2662 2441 2706 et
2471 2653 2694 2722 legitimo
2735 2649 3207 2706 restitui'censeatis
3243 2649 3458 2722 antistiti

1872 2725 2042 2788 eisque
2067 2725 2243 2787 etiam,
2285 2740 2411 2793 quos
2446 2721 2727 2776 temeritate
2773 2722 3037 2793 diabolica,
3070 2721 3283 2793 dii-ersis
3320 2721 3460 2793 ordi-

1873 2812 2020 2846 nasse
2050 2791 2358 2862 perhibetur,
2390 2794 2582 2863 ejectis,
2614 2803 2764 2847 rectae
2793 2793 2916 2862 β.ἐὶ
2957 2792 3222 2862 subrogari
3262 2791 3458 2845 consti-

1875 2868 2030 2919 tuatis
2061 2867 2345 2936 episcopos,
2381 2876 2485 2919 etc.

1386 3239 1552 3284 ANNO
1594 3238 1829 3284 DOUINI
1873 3236 2252 3282 CCCCLXXIX.

272 3424 518 3660 S.
669 3429 1608 3670 LUPUS
1745 3424 3369 3819 RECENSIS

755 3931 882 4060 S.
988 3933 1498 4061 EUPHB
1521 3931 1726 4055 ON
1739 3926 1993 4055 IUS
2092 3925 2896 4054 EDUENSIS.

1477 4243 2155 4348 ΝΟΤΙΤΙΑ

892 4447 972 4508 IN
1016 4445 1386 4511 SANCTUM
1431 4442 1702 4508 LUPUM
1744 4441 2192 4506 EPISCOPUM
2242 4445 2743 4508 TRECENSEM.

1527 4587 1544 4642 (
1574 4583 1642 4634 Ex
1683 4581 1810 4633 Bibl.
1855 4582 2131 4647 Galland.)

242 4719 297 4773 1⁸
319 4717 562 4772 Sanctus
592 4715 768 4784 Lupus
798 4713 1131 4771 Tricassinus
1155 4716 1461 4785 episcopus,
1491 4716 1574 4770 vir
1605 4715 1762 4784 plane
1790 4717 1837 4779 C
1868 4715 1932 4768 de
1951 4715 2175 4782 quadam
2190 4717 2396 4779 specula
2427 4717 2683 4782 caritatis,
2713 4733 2802 4770 nec
2841 4719 2904 4771 de
2932 4719 3173 4788 inferiore
3207 4719 3256 4773 Η
3263 4723 3460 4774 ierusa-

175 4809 549 4874 admirandus,
589 4823 830 4878 magnam
879 4808 963 4862 sui
992 4808 1224 4862 nominis
1269 4809 1635 4863 celebritatem
1673 4823 1768 4875 po-

175 4905 332 4958 steris
363 4901 609 4972 reliquit,
643 4912 698 4956 ut
733 4915 800 4955 ex
827 4911 1067 4956 veterum
1099 4900 1168 4955 de
1193 4916 1259 4956 eo
1295 4899 1615 4955 testimoniis
1636 4896 1768 4952 satis

177 4992 550 5064 intelligimus.
585 4992 883 5046 Eucherius
909 4991 1053 5045 enim
1094 4989 1464 5060 Lugdunensis
1499 4989 1565 5042 de
1592 4988 1768 5043 solitu-

177 5085 295 5140 dine
323 5085 600 5140 Lirinensi
630 5082 789 5138 Verba
818 5084 1016 5138 faciens
1049 5082 1122 5154 (a)
1151 5101 1164 5137 :
1203 5081 1354 5147 Haec,
1381 5082 1571 5151 inquit,
1597 5081 1768 5134 habuit

177 5179 441 5232 reverendi
494 5178 715 5230 nominis
763 5176 988 5247 Lupum,
1039 5178 1125 5244 qui
1172 5177 1312 5230 nobis
1342 5176 1487 5230 illum
1531 5192 1594 5229 ex
1636 5173 1768 5228 tribu

177 5267 454 5340 Benjamin
512 5270 691 5335 lupum
749 5267 995 5337 (Paulum
1039 5263 1367 5337 apostolum)
1418 5267 1608 5323 retulit.
1660 5264 1766 5320 Sed

172 5374 308 5430 unus
340 5375 456 5428 pra:
483 5359 691 5412 creteris
740 5359 1035 5413 audiendus
1064 5358 1338 5426 Sidonius,
1385 5358 1474 5428 qui
1517 5357 1764 5412 eumdem

178 5447 382 5519 Lupum
410 5450 767 5518 compellans,
790 5450 902 5504 ltzec
927 5449 1110 5504 scribit
1139 5450 1210 5520 (b)
1233 5467 1247 5504 :
1275 5449 1350 5502 Tu
1378 5449 1531 5503 Pater
1550 5447 1765 5502 Patrum

179 5554 219 5594 et
240 5545 518 5613 episcOpus
547 5545 928 5612 episcoporum,
961 5550 1006 5596 et
1036 5544 1165 5596 alter
1208 5542 1384 5597 saeculi
1413 5544 1486 5596 tui
1513 5540 1763 5607 Iacobus,

248 5728 326 5797 (a)
357 5726 592 5781 Eucher.
623 5726 780 5797 epist.
811 5724 875 5779 ad
908 5723 1098 5790 llilar.,
1121 5722 1265 5793 542,
1290 5722 1428 5778 Bibl.
1454 5722 1555 5778 PP.
1587 5721 1759 5793 Lugd.

183 5795 406 5861 torni",
442 5811 562 5867 pag.
589 5796 690 5852 866
720 5795 774 5851 b.

248 5869 328 5939 (b)
360 5863 549 5925 Sidon.
585 5867 673 5922 lib.
728 5883 800 5931 Vl,
825 5865 982 5935 epist.
1020 5866 1068 5931 l,
1131 5880 1246 5935 pag.
1303 5864 1407 5920 995
1457 5863 1519 5934 b,
1577 5863 1759 5919 tom.l

1873 4807 1994 4872 lem,
2019 4815 2124 4858 tota
2150 4805 2390 4860 Ecclesia
2414 4805 2507 4858 Dei
2523 4808 2682 4859 nostri
2709 4807 2928 4860 membra
2950 4811 3305 4880 superinspicis
3329 4826 3348 4864 :
3377 4812 3460 4862 di-

1873 4913 2005 4967 gnus
2033 4898 2121 4966 qui
2168 4912 2338 4950 omnes
2371 4897 2648 4950 consoleris
2688 4898 2942 4967 infirmos,
2966 4902 3155 4969 quique
3186 4903 3364 4953 merito
3394 4902 3458 4953 ab

1876 4991 2109 5044 omnibus
2129 4989 2434 5044 consularis.
2460 4990 2602 5044 Alibi
2642 5000 2823 5045 autem
2858 5007 2978 5046 eum
3002 5001 3158 5046 vocat
3199 4991 3270 5064 (ς)
3300 4993 3460 5063 facile

1874 5083 2148 5153 principem
2171 5083 2478 5153 pontiﬁcum
2520 5081 2941 5149 Gallicanorum,
2985 5100 3091 5138 suae
3119 5095 3220 5138 tam
3262 5087 3458 5156 profes-

1871 5174 2030 5228 sionis
2057 5176 2354 5241 magistrum
2391 5191 2543 5244 quam
2571 5175 2834 5245 dignitatis
2864 5185 3139 5230 auctorem.
3171 5175 3308 5242 Quin
3337 5186 3446 5239 est,

1876 5264 2046 5335 inquit
2073 5264 2172 5336 (ά),
2207 5266 2402 5336 primus
2431 5267 2654 5320 omnium
2676 5275 2803 5330 toto,
2831 5281 2932 5333 qua
2953 5274 3108 5334 patet,
3139 5269 3256 5322 orbe
3299 5269 3460 5338 ponti.

1874 5357 2047 5425 ficum,
2080 5356 2233 5425 cujus
2272 5357 2624 5426 prtcrogativce
2667 5357 2941 5427 subjicitur
2965 5396 2980 5419 ,
3026 5357 3178 5424 cujus
3233 5375 3461 5413 censura

1872 5451 2093 5502 attremit
2126 5450 2284 5503 etiam
2320 5449 2467 5502 turba
2497 5449 2726 5518 collegii,
2751 5449 2803 5499 in
2841 5447 2993 5515 cujus
3022 5450 3286 5518 gravitatis
3324 5466 3460 5502 com-

1872 5543 2186 5612 parationem
2209 5542 2319 5612 ipsa
2345 5541 2500 5595 etiam
2529 5540 2916 5612 grandavorum
2945 5543 3100 5592 corda
3131 5551 3436 5611 pucruscunt

1874 5736 2000 5791 opp.
2029 5718 2306 5775 Sirntond.
2339 5717 2468 5773 edit.
2502 5718 2648 5770 Paris

1946 5792 2016 5839 (ei
2051 5791 2124 5839 ld.
2161 5790 2251 5839 lib.
2283 5804 2373 5839 vn-
2404 5788 2560 5839 enist.
2587 5788 2639 5839 3.
2669 5801 2784 5839 nae.
2822 5787 2947 5839 10“
2987 5803 3036 5839 c.
3073 5790 3140 5839 1ῑυὶ

1945 5792 2016 5930 ἐς)
2051 5791 2124 5843 Id.
2161 5790 2251 5841 lib.
2283 5804 2374 5855 vn,
2404 5788 2560 5869 epist.
2587 5788 2639 5849 3,
2669 5801 2784 5856 pag.
2822 5787 2947 5842 10H
2987 5803 3036 5868 c,
3073 5790 3200 5867 ibid.

1970 5860 2023 5930 ό)
2048 5861 2120 5915 ld.
2159 5861 2245 5915 lib.
2284 5875 2354 5927 VI,
2381 5869 2536 5929 epist.
2575 5859 2622 5923 l,
2651 5873 2768 5944 pag.
2801 5859 2904 5914 996
2935 5861 2984 5923 ιι,
3019 5862 3149 5913 tbtd.
