4086 6328
618 414 696 469 65
1632 416 1733 474 SS.
1773 412 1928 472 LUPI
1969 409 2347 470 TRECENSIS
2390 409 2476 464 ET
2517 406 2886 464 EUPIIRONII
3810 405 3890 460 ω

626 528 824 596 Verbo,
856 538 937 584 est
962 528 1141 599 Lupus
1179 527 1400 584 Sidonio
1447 527 1544 599 (α),
1582 546 1765 583 norma
1804 544 2029 593 morum,
2057 529 2201 583 colu-
2229 530 2284 587 Α
2312 525 2434 588 ιε’-7,
2466 523 2519 578 in
2551 522 2878 578 Britanniam
2906 534 3034 576 vero
3057 519 3291 589 legatum
3317 533 3459 574 anno
3487 518 3594 575 429
3621 527 3885 575 statuunt.

625 638 747 676 mna
775 624 1039 686 uirtutum,
1064 638 1205 688 aera,
1230 622 1349 691 quia
1374 630 1573 691 sancta,
1590 622 1827 676 dulcedo.
1863 621 1990 676 Haec
2011 631 2065 676 et
2094 621 2198 676 alia

627 713 931 782 bnjusmodi
978 713 1254 783 complura
1313 712 1381 769 de
1440 713 1670 784 praesule
1713 722 1898 768 nostro
1944 712 2201 769 Trecensi

612 805 983 873 Arvernorum
1007 806 1253 859 antistes.
1394 868 1399 873 _

692 894 749 947 2°
796 894 981 965 Neque
1032 896 1207 952 solum
1246 898 1474 968 egregiis
1518 900 1728 969 p'etatis
1765 915 1829 957 ac
1882 900 2201 971 integritatis

621 984 838 1040 dotibus
865 1000 985 1056 qua:
1025 988 1327 1056 pontificem
1371 989 1615 1059 deceant,
1643 990 1739 1045 sed
1769 991 1927 1047 etiam
1961 991 2200 1047 doctrina

623 1085 677 1131 et
704 1077 1011 1133 eruditione
1044 1078 1264 1149 reliquis
1293 1082 1701 1138 antecellentem
1731 1093 1972 1138 sanctum
1992 1083 2199 1155 Lupum

620 1170 879 1239 praedicat
907 1171 1048 1226 idem
1074 1171 1348 1229 Sidonius.
1378 1174 1615 1230 Primum
1664 1176 1806 1231 enim
1849 1177 2199 1247 Arb’ogastcm

618 1262 893 1329 comitem,
924 1263 1011 1334 qui
1032 1264 1132 1319 sibi
1164 1266 1472 1323 enodandas
1492 1278 1843 1339 proposuerat
1861 1271 2036 1325 varias
2059 1285 2090 1326 e
2115 1284 2204 1325 sa-

618 1354 728 1410 cris
760 1356 1050 1426 Scripturis
1082 1357 1275 1426 petitas
1302 1358 1647 1428 quaestiones,
1668 1358 1737 1418 ad
1765 1360 1937 1431 ipsum
1970 1360 2203 1418 Trecen-

622 1461 735 1503 sem
766 1449 1073 1519 episcopum
1118 1453 1350 1519 remisit,
1382 1462 1608 1510 testatus
1636 1453 1715 1527 (ὁ)
1746 1456 1889 1525 quod
1920 1455 2062 1510 illius
2110 1456 2205 1511 do-

622 1541 798 1595 ctrina
835 1540 1119 1595 abundanti
1144 1545 1483 1600 eventilando:
1511 1561 1603 1599 nec
1627 1546 1743 1616 ejus
1762 1548 2067 1619 consultatio
2094 1547 2203 1617 suf-

648 1629 829 1687 ἴσθι-ει.
857 1630 1058 1689 Deinde
1088 1648 1216 1689 vero
1241 1633 1307 1690 ad
1334 1635 1580 1691 eumdem
1624 1646 1866 1692 sanctum
1896 1635 2200 1707 pontificem

642 1722 886 1801 scribens
915 1724 985 1795 (c)
1020 1743 1033 1778 :
1084 1723 1236 1793 Mihi,
1265 1727 1363 1792 ait,
1394 1728 1532 1799 rigor
1556 1739 1899 1783 censuratuaz
1934 1729 1985 1781 in
2023 1729 2201 1783 litteris

623 1830 764 1884 teque
793 1825 847 1868 ut
874 1816 1100 1870 moribus
1132 1827 1208 1870 est
1241 1818 1564 1888 ambifariam
1585 1820 2066 1875 contremiscendus.
2107 1821 2202 1876 γε.

2301 616 2399 683 Qui
2429 622 2707 685 postquam
2725 614 2777 667 in
2801 612 3107 668 Tricassino
3134 612 3421 682 praisulatu
3451 611 3597 680 ipsos
3625 611 3891 683 quinqua-

2298 708 2444 778 ginta
2471 706 2606 761 duos
2629 718 2800 761 annos
2826 704 3116 774 explesset,
3143 717 3288 758 anno
3317 702 3531 758 demum
3560 701 3663 758 479
3696 702 3888 772 plenus

2296 798 2507 854 dierum
2535 797 2588 852 in
2616 796 2812 853 coelum
2845 811 2909 850 ex
2939 796 3040 849 hac
3068 794 3174 849 vita
3206 793 3453 864 migravit
3483 790 3585 866 (It).

2373 893 2430 948 δ’
2461 892 2635 963 Magni
2665 890 2824 960 hujus
2844 888 3129 945 Trecensis
3176 886 3449 957 pontiﬁcis
3480 886 3571 956 qui
3620 885 3721 940 fuit
3774 888 3888 942 exi-

2301 986 2467 1042 mium
2498 984 2752 1041 Ecclesia:
2782 983 3068 1040 Gallicanae
3103 980 3288 1046 decus,
3316 979 3577 1049 cujusque
3624 978 3888 1034 immensa

2304 1077 2567 1149 praeconia
2597 1077 2870 1133 memoriae
2895 1073 3298 1130 commendavit
3324 1072 3577 1127 Sidonius
3606 1071 3884 1140 Apollina-

2302 1171 2402 1238 ris,
2422 1171 2542 1227 duat
2574 1179 2777 1226 tantum
2806 1168 3051 1239 epistolae
3077 1175 3371 1238 superant;
3410 1150 3886 1235 quarumwa‘lieram

2303 1262 2469 1318 edidit
2485 1260 2803 1318 Sirmondus
2817 1261 2904 1332 (ι).
2918 1258 3059 1315 unde
3073 1259 3124 1314 in
3139 1258 3490 1314 conciliorum
3509 1257 3889 1313 collectionem

2303 1353 2557 1423 deinceps
2584 1353 2791 1408 transiit
2822 1352 2962 1424 (m);
2995 1352 3217 1407 alteram
3273 1349 3537 1405 Acberius
3576 1349 3629 1403 in
3662 1349 3889 1418 Spicile-

2304 1448 2392 1518 gio
2423 1446 2524 1518 (η).
2555 1444 2619 1501 Et
2643 1444 2881 1516 priorem
2912 1443 3129 1516 quidem
3160 1448 3281 1514 post
3310 1457 3508 1497 annum
3536 1442 3642 1498 443
3670 1441 3890 1511 scripsit

2304 1550 2521 1595 sanctus
2570 1540 2749 1610 Lupus
2777 1550 2875 1593 suo
2910 1546 2964 1593 et
2992 1538 3160 1592 sancti
3212 1532 3502 1605 Euphronii
3536 1535 3879 1604 Augustodu-

2305 1634 2487 1688 nensis
2513 1627 2750 1701 episcOpi
2777 1631 2991 1685 nomine
3014 1627 3085 1682 ad
3124 1627 3396 1682 Talasium
3432 1625 3745 1695 episc0pum
3779 1627 3906 1681 An-‘

2302 1724 2685 1792 degavensem,
2714 1723 2804 1794 qui
2829 1706 3113 1791 utrumque
3144 1718 3425 1791 praesulem
3445 1718 3800 1774 consuluerat
3826 1719 3890 1775 de

2303 1817 2475 1872 tribus
2496 1816 2746 1886 capitulis
2772 1832 2787 1871 :
2820 1816 3073 1871 nimirum
3105 1814 3166 1868 de
3199 1814 3386 1885 vigiliis
3410 1814 3599 1868 natalia
3651 1812 3888 1878 Domini,

623 1922 741 1963 rum
766 1923 833 1963 ex
861 1923 928 1965 eo
958 1910 1299 1979 potissimum
1336 1912 1680 1983 intelligimus
1710 1922 1903 1983 quanta
1929 1915 2205 1984 sapientiae,
2235 1903 2281 1964 Β
2309 1912 2616 1985 Epiphania:
2639 1922 2686 1967 et
2717 1910 2933 1966 Pascha:
2956 1928 2977 1976 ;
3011 1911 3075 1965 de
3123 1910 3379 1982 bigamis;
3410 1915 3456 1963 et
3480 1910 3543 1962 de
3564 1908 3626 1962 iis
3651 1907 3739 1978 qui
3769 1923 3890 1960 con-

624 1998 784 2056 Iaude
803 2000 1060 2057 claruerit
1096 2011 1313 2058 sanctus
1346 2003 1548 2073 Lupus,
1588 2005 1729 2073 quod
1783 2021 1925 2059 anno
1980 2005 2086 2061 429
2114 2006 2202 2062 vix

630 2092 836 2148 exactis
866 2092 918 2147 in
957 2093 1268 2163 episcopatu
1299 2095 1507 2151 duobus
1532 2096 1709 2163 annis,
1741 2110 1771 2150 a
1800 2096 2046 2151 Pati-ibus
2072 2096 2202 2152 Gal-

626 2184 815 2241 licanis
844 2186 895 2241 in
925 2202 1115 2257 magna
1143 2189 1350 2260 synodo
1381 2188 1714 2259 congregatis
1756 2187 1961 2258 legatus
1994 2188 2046 2244 in
2088 2187 2205 2244 Bri-

627 2279 867 2333 tanniam
893 2279 1150 2336 adversus
1183 2281 1496 2351 Pelagianos
1525 2298 1627 2336 una
1672 2296 1794 2337 cum
1837 2292 2025 2338 sancto
2073 2280 2205 2337 Ger.

630 2386 794 2425 mauo
823 2372 1249 2429 Antisiodorensi
1272 2375 1524 2445 episcopo
1563 2375 1721 2431 luerit
1745 2377 1985 2431 omnium
2013 2377 2203 2433 suti‘ra-

623 2462 890 2531 giisdesti:
914 2473 1051 2518 atus.
1066 2465 1180 2532 Qua
1192 2464 1535 2536 delegatione
1552 2467 1788 2537 pluribus
1803 2485 1923 2525 ven.
1941 2469 2079 2525 Beda
2097 2470 2202 2543 (d):

623 2552 970 2624 ejusdemque
993 2554 1274 2627 legationis
1295 2557 1570 2614 historiam
1595 2559 1713 2616 fuse
1738 2561 2075 2631 persequitur
2100 2561 2205 2616 Nu-

623 2645 787 2701 risius
811 2646 908 2718 (c),
942 2662 1004 2703 ac
1029 2657 1149 2719 post
1177 2665 1301 2706 eum
1327 2652 1368 2705 Τ
1373 2650 1701 2707 illemontius
1726 2651 1795 2723 (ί)
1836 2662 1892 2709 et
1921 2654 2028 2708 alii.
2063 2654 2206 2709 Dixi-

622 2752 744 2793 mus
792 2739 994 2809 Lupum
1046 2740 1100 2795 in
1150 2741 1391 2797 Ecclesia
1437 2743 1691 2799 'I‘rccensi
1732 2744 1962 2815 regenda
1987 2746 2204 2800 biennio

567 2839 570 2843 '
622 2838 833 2895 exacto,
862 2830 913 2885 ln
944 2830 1271 2887 Britanniam
1313 2835 1536 2889 missum
1570 2834 1730 2891 fuisse
1769 2850 1911 2891 anno
1958 2836 2080 2903 129,
2114 2854 2205 2894 ne-

621 2935 725 2988 que
750 2920 894 2975 enim
927 2923 1058 2977 viris
1086 2922 1259 2978 doctis
1308 2923 1385 2997 (g)
1418 2926 1673 2995 probatur
1717 2926 1862 2995 Pagii
1913 2929 2203 2996 sententia,

620 3012 711 3083 qui
739 3028 803 3067 ex
830 3014 1032 3068 Sidonii
1059 3017 1283 3086 epistola
1316 3018 1404 3073 ubi
1430 3018 1504 3073 ait
1539 3018 1643 3089 (Ιι),
1677 3018 1885 3090 Lupum
1916 3022 1968 3074 in
1996 3032 2205 3091 aposto-

622 3101 718 3155 (ξι-α
744 3101 861 3157 sede
887 3120 1065 3158 novem
1104 3105 1221 3177 jam
1250 3108 1477 3180 exegisse
1520 3111 1887 3179 quinquennia,
1931 3110 2205 3167 existimat

622 3194 903 3261 prtesulem
961 3200 1357 3255 Arvernensem
1389 3215 1486 3270 per
1523 3203 1937 3273 quinquennalia
1990 3206 2204 3275 imperii

622 3286 851 3341 (la-sarci
881 3291 1312 3360 supputationem
1346 3293 1551 3357 iniisse,
1582 3295 1825 3366 adeoque
1875 3297 2008 3369 Lupi
2054 3299 2201 3354 ordi-

572 3414 579 3423 .
626 3379 898 3435 nationem
941 3398 1084 3438 anno
1111 3383 1218 3439 428
1247 3384 1555 3455 illigandam
1583 3401 1703 3442 esse
1736 3386 1925 3444 definit
1965 3388 2049 3461 (i).
2099 3389 2204 3445 No-

623 3471 779 3526 risius
812 3474 991 3545 itaque
1017 3491 1081 3531 ac
1120 3474 1495 3533 Tillemontius
1522 3476 1655 3534 locis
1690 3480 1867 3535 citatis
1918 3481 2202 3537 Baronium

623 3565 870 3620 assectati
900 3563 1003 3637 (j),
1032 3577 1277 3623 sanctum
1305 3570 1512 3640 Lupum
1540 3568 1847 3626 ordinatum
1876 3570 2040 3629 fuisse
2062 3588 2202 3629 anno

697 3697 775 3775 (ᾳ)
799 3697 990 3775 Sidon.
1024 3698 1176 3771 ibid.,
1206 3718 1325 3775 pag.
1353 3704 1456 3760 997
1487 3720 1537 3760 e.

688 3769 762 3845 (Αὸ)
902 3771 1009 3845 _Iib.
1046 3789 1116 3837 tv,
1150 3768 1311 3844 ep'ist'.
1356 3776 1442 3842 17,
1473 3777 1719 3845 pag.953
1745 3792 1791 3842 ο,
1824 3777 1956 3833 ibid.

692 3837 763 3978 ξε)
798 3838 870 3901 Id.
902 3839 1107 3922 lib..ix,
1139 3837 1296 3915 epist.
1335 3837 1574 3916 “(pagi
1608 3848 1741 3902 nos
1772 3837 1820 3913 'c,
1855 3848 1986 3904 ibid.

717 3909 771 3978 ά)
805 3909 933 3964 Bed.
968 3912 1101 3967 IItst.
1130 3917 1265 3970 eccl.
1301 3917 1391 3971 lib.
1425 3932 1463 3978 t,
1493 3931 1612 3978 cap.
1646 3919 1735 3972 17.

629 3918 662 3950 δ
694 3909 771 3984 (ά)
795 3909 933 3984 bed.
968 3912 1101 3984 Ilist.
1130 3909 1265 3970 eccl.
1301 3917 1391 3971 lib.
1425 3909 1468 3979 1,
1493 3909 1612 3984 (εἴη).
1646 3919 1735 3972 17.

689 3981 760 4053 (ε)
794 3979 970 4033 Neris.
1017 3982 1172 4060 Ilust._
1202 3985 1380 4057 Pelag.
1416 3985 1510 4041 lib.
1544 3979 1604 4053 ti,
1630 3999 1751 4057 cap.
1801 3986 1854 4054 5,
1901 4002 2054 4060 pagg.
2097 3991 2201 4049 501

621 4065 798 4120 seqq.,
814 4065 956 4120 κίονι).
992 4060 1121 4109 tom.
1154 4055 1191 4109 I.

692 4119 779 4199 (Ι.)
810 4119 1022 4199 Tmen"
1055 4133 1193 4199 19!!»
1214 4127 1331 4193 XV.
1376 4142 1528 4197 pass-
1563 4127 1628 4182 15
1657 4143 1808 4199 seqq.

691 4188 883 4271 (9)],άο
908 4188 1052 4271 έοηξε
1076 4196 1223 4271 χνι,
1258 4188 1392 4268 pag:
1422 4188 1545 4265 iis,
1599 4210 1712 4254 not.
1737 4188 1791 4266 '1',
1821 4208 1874 4255 et
1904 4215 2022 4271 pag.
2074 4203 2201 4268 750,

620 4258 796 4320 ηοίξ⁷6
823 4262 873 4313 in
907 4261 965 4316 S.
999 4258 1219 4325 Sidon.’
1261 4258 1273 4266 ’
1326 4258 1354 4268 ν
1533 4258 1543 4265 ’
1634 4278 1637 4279 ⁷

691 4333 782 4415 (ἡ).
817 4332 1128 4415 Sidon._Iib.
1165 4355 1235 4404 γι,
1268 4340 1428 4410 epist.
1452 4340 1503 4406 1,
1552 4355 1671 4411 pag.
1698 4341 1801 4397 997
1842 4358 1896 4413 a,
1930 4357 2056 4415 opp.
2089 4344 2202 4400 Sir-

619 4404 806 4461 tnund.
843 4411 974 4457 tom.
1000 4404 1040 4458 1.
1304 4404 1317 4410 “
1374 4418 1375 4421 ‘

690 4474 756 4547 (ἱ)
802 4472 1292 4556 Pagi_.nPro_legqm.
1324 4478 1963 4556 ad_dlssert_._rllypat,,§
2014 4484 2105 4551 3|,
2146 4496 2203 4543 et

619 4543 843 4622 altario:
873 4543 998 4609 428,
1026 4550 1051 4622 §
1079 4543 1175 4615 es:
1199 4552 1323 4622 item
1352 4551 1416 4605 ad
1448 4567 1574 4605 ann.
1598 4543 1785 4622 472,'§'
1815 4553 1867 4609 5.

691 4615 770 4690 U)
806 4612 1001 4670 BaI'on.
1026 4612 1101 4676 3d
1127 4612 1252 4676 ann.
1286 4621 1412 4685 472,
1449 4622 1512 4694 §§
1549 4623 1614 4676 14
1641 4612 1810 4679 ειἸὲ.

1294 4846 1431 4926 SS.
1517 4846 1753 4929 LUPI
1830 4850 1961 4928 ET
2034 4850 2593 4931 EUPHRONII
2671 4849 3207 4929 EPISTGL/E.

2228 4610 2277 4675 D

2297 2008 2471 2079 jugali
2496 2015 2850 2061 assumuntur.
2875 2004 3239 2060 Posteriorem
3256 2019 3383 2059 vero
3407 2011 3590 2057 noster
3604 2001 3891 2058 Trecensis

2305 2099 2530 2154 antistes
2556 2098 2779 2153 Sidonio
2807 2097 3105 2167 inscripsit,
3137 2109 3241 2167 qua
3270 2094 3345 2149 illi
3376 2095 3748 2166 episcopatum
3775 2094 3891 2150 Cla-

2305 2205 2679 2252 romontannm
2702 2196 3022 2265 gratulatur.
3061 2195 3210 2250 Ilanc
3232 2201 3411 2249 autem
3447 2194 3729 2263 epistolam
3758 2194 3890 2249 scri-

2307 2288 2479 2360 psisse
2508 2296 2725 2345 sanctus
2747 2287 2928 2358 Lupus
2947 2287 3260 2359 perhibetur
3278 2287 3562 2343 desinente
3592 2301 3738 2340 anno
3770 2286 3889 2355 471,

2306 2378 2648 2451 episcopatus
2680 2380 2799 2451 ejus
2823 2378 2913 2449 45,
2946 2378 3155 2435 scilicet
3183 2386 3301 2447 post
3327 2393 3507 2430 novem
3523 2380 3640 2444 jam
3675 2377 3893 2431 decursa

2304 2474 2650 2545 quinquennia
2675 2475 2727 2528 in
2749 2472 3031 2542 apostolica
3050 2472 3187 2541 sede,
3219 2479 3279 2527 ut
3315 2471 3389 2527 ait
3414 2471 3529 2541 ipse
3558 2470 3817 2527 Sidonius
3843 2471 3891 2526 in

2310 2567 2504 2624 litteris
2532 2582 2664 2637 quas
2691 2565 2864 2622 eidem
2903 2574 3091 2622 saneto
3119 2564 3332 2636 prsesuli
3380 2563 3655 2632 rescripsit
3683 2564 3789 2634 (ο).
3822 2564 3893 2619 De

2307 2670 2531 2730 utraque
2547 2673 2706 2729 porro
2721 2658 2945 2730 epistola
2961 2657 3358 2713 'l‘illemontium
3382 2655 3463 2729 (p)
3480 2665 3638 2728 atque
3650 2666 3893 2712 auctores

2306 2748 2553 2806 Historia:
2580 2748 2856 2805 litterariae
2878 2747 3092 2806 Gallicae
3120 2747 3199 2822 (q)
3224 2748 3507 2805 consulere
3537 2740 3783 2817 prastat.
3830 2745 3891 2800 At

2306 2858 2435 2898 vero
2460 2841 2529 2898 de
2556 2843 2854 2912 posteriore
2888 2841 2989 2898 viri
3018 2839 3213 2898 eruditi
3244 2840 3406 2897 verba
3454 2839 3540 2895 hic
3582 2838 3895 2895 exscribere

2305 2936 2435 2991 libet
2465 2935 2569 3007 (r):
2606 2952 2625 2988 ι
2654 2936 2757 3004 Qui
2789 2936 2928 2991 hanc
2957 2934 3464 3005 epistolamlegerit,
3498 2932 3674 3001 fallor,
3702 2931 3893 3002 inquit,

2307 3030 2409 3085 nisi
2444 3044 2655 3085 mecum
2706 3030 2946 3100 impense
2981 3028 3160 3084 doleat
3210 3028 3475 3098 iacturam
3520 3034 3596 3080 tot
3641 3025 3892 3083 aliarum.

2306 3136 2437 3192 quas
2465 3122 2532 3177 ab
2559 3136 2625 3178 eo
2658 3120 2853 3192 (Lupo)
2881 3120 3108 3191 scriptas
3126 3121 3288 3174 luisse
3315 3119 3619 3188 colligimus
3641 3132 3712 3171 ex
3743 3116 3893 3172 Sido-

2308 3214 2583 3281 nio;dum
2614 3212 2764 3269 illum
2794 3213 2921 3268 facit
2959 3212 3324 3268 Ecelesiarum
3348 3209 3587 3265 omnium
3637 3209 3693 3262 in
3737 3207 3894 3262 rebus

2312 3303 2485 3360 dubiis
2516 3304 2905 3370 consiliarium,
2940 3305 2992 3358 in
3024 3302 3265 3359 adversis
3296 3301 3716 3357 consolatorem.
3740 3299 3894 3354 Juvat

2315 3406 2491 3452 tamen
2515 3398 2597 3451 vel
2621 3396 2788 3451 semel
2833 3396 3141 3465 loquentem
3183 3394 3455 3449 audivisse
3501 3392 3785 3459 Sanctum,
3842 3398 3896 3444 ut

2308 3486 2431 3541 inde
2456 3485 2687 3557 penitius
2716 3486 2834 3555 ejus
2861 3485 3098 3543 indolem
3134 3483 3486 3556 spiritumque
3512 3483 3843 3539 noverimus.
3872 3500 3890 3533 ι

2379 3710 2455 3783 (Ις)
2488 3711 2731 3766 Bolland.
2768 3712 2887 3783 Act.
2919 3711 3019 3767 SS.
3055 3720 3184 3783 tom.
3234 3708 3325 3763 VII
3351 3708 3559 3783 .l‘nliiin
3601 3718 3895 3765 comment.

2307 3781 2375 3838 de
2399 3780 2455 3838 S'.
2502 3784 2648 3852 Lupo
2682 3798 2831 3836 num.
2857 3782 2927 3837 45
2966 3791 3020 3837 et
3045 3782 3136 3852 82,
3182 3796 3334 3850 pagg.
3368 3780 3456 3852 59,
3483 3782 3573 3833 67.

2378 3853 2461 3922 (ι)
2494 3850 2768 3907 Sirinond.
2800 3852 3008 3907 Concil.
3040 3850 3176 3922 Gall.
3204 3861 3335 3905 tom.
3370 3850 3713 3922 I,Ji:tg._122.

2404 3920 2475 3991 ni)
2496 3923 2699 3977 Concil.
2736 3931 2868 3977 tom.
2892 3922 2956 3988 ν,
2991 3937 3110 3993 pag.
3144 3921 3231 3993 7ft,
3260 3922 3389 3976 edit.
3418 3920 3549 3993 Ven.
3579 3920 3751 3975 Labh.

2403 3993 2458 4063 η)
2501 3993 2924 4063 Αριιθτηδρίοἰι.
2971 3991 3101 4047 toni.
3141 3992 3210 4059 ν,
3242 4006 3362 4063 pag.
3414 3991 3552 4056 579,
3604 3992 3718 4046 sive
3771 4006 3889 4047 nov.

2308 4061 2446 4117 edit.
2471 4073 2599 4117 tom.
2632 4061 2720 4130 III,
2751 4061 2871 4133 pag.
2905 4063 3030 4118 ⁸502.
3244 4061 3254 4063 ⁷
3316 4110 3319 4113 η

2378 4133 2453 4205 (ο)
2499 4134 2686 4189 Sidon.
2720 4132 2929 4198 Iith,’
2958 4135 3115 4203 epist.
3160 4134 3211 4199 1,
3262 4148 3417 4203 pagg.
3452 4132 3556 4187 997
3600 4148 3652 4195 a,
3703 4141 3839 4187 tom.
3876 4132 3892 4185 I

2307 4220 2443 4275 opp.
2469 4205 2631 4263 Sirm.
2657 4206 2748 4259 cit.

2376 4274 2456 4345 (ρ)
2490 4274 2702 4330 'I‘illem.
2735 4290 2863 4330 tom.
2899 4274 3037 4337 XVI.
3065 4290 3220 4344 pagg.
3252 4274 3354 4331 l55
3384 4288 3537 4341 seqq.

2378 4342 2459 4417 (q)
2488 4347 2623 4402 Hist.
2650 4347 2814 4403 Iiltér.
2846 4348 2914 4401 de
2944 4346 2991 4400 In
3034 4342 3260 4411 France,
3291 4355 3424 4412 tom,
3474 4347 3537 4407 Il,
3585 4358 3740 4414 pagg.
3792 4342 3892 4398 490

2303 4432 2673 4614 δὲπῖιὲἓεςιι.
2720 4487 2785 4542 ad
2838 4489 2956 4543 Act.
3008 4484 3109 4542 SS.
3155 4495 3286 4541 tom.
3322 4485 3406 4541 VII
3451 4485 3607 4553 Julii,
3645 4500 3769 4556 pag.
3804 4485 3889 4548 67,

2307 4573 2458 4613 num.
2561 4601 2575 4614 .

2307 4573 2458 4613 num.
2484 4573 2575 4614 δ’Ζ.

1895 5013 2547 5068 ψ

1112 5121 1443 5181 EPISTOLA
1474 5122 1703 5182 PRIMA.

1030 5273 1158 5314 UPUS
1187 5273 1366 5314 DOIINO
1390 5275 1539 5316 PAPtB
1569 5274 1795 5318 SIDONIO.

682 5374 897 5440 Gratias
926 5400 1023 5457 ago
1066 5390 1291 5447 Domino
1318 5390 1429 5446 Deo
1458 5401 1641 5448 uestro
1681 5392 1808 5450 Jesu
1857 5393 2069 5451 Christo
2101 5412 2194 5466 per

605 5476 694 5547 'Sp
718 5478 875 5533 ritum
919 5490 1185 5547 sanctum,
1218 5482 1308 5556 qui
1350 5495 1422 5553 te,
1452 5487 1729 5544 carissime
1777 5489 1960 5553 frater,
1990 5490 2043 5543 in
2092 5490 2192 5545 hac

607 5570 856 5638 generali
885 5570 1205 5631 titubatione
1232 5584 1288 5631 et
1315 5592 1562 5646 pressura
1592 5576 1952 5635 dilect'ssimze
1982 5595 2194 5650 sponsae

608 5660 869 5717 Ecclesia:
915 5677 1047 5729 suze,
1078 5665 1143 5719 ad
1187 5665 1305 5736 ejus
1350 5672 1798 5728 sustentationem
1846 5682 1901 5728 et
1952 5675 2196 5728 consola-

606 5754 813 5808 tionem
847 5755 897 5809 in
932 5756 1263 5812 sacerdotem
1293 5763 1528 5827 vocavit,
1575 5772 1631 5819 ut
1660 5764 1732 5818 sis
1764 5765 1986 5821 lucerna
2018 5764 2068 5817 in
2120 5765 2193 5818 ls-

606 5847 746 5916 Irael,
779 5848 991 5905 etsicut
1018 5850 1333 5909 ambitiosos
1386 5854 1616 5913 honores
1651 5857 1937 5914 mundanae
1988 5857 2193 5914 militia:

2299 5146 2419 5184 cum
2452 5145 2660 5184 summa
2695 5129 2848 5183 laude
2876 5137 3163 5183 exsecutus
3192 5143 3268 5191 es,
3302 5125 3374 5183 ita
3407 5126 3613 5182 militia:
3657 5125 3895 5181 caelestis

2302 5236 2529 5291 operosa
2557 5220 2739 5275 munia
2775 5231 2829 5275 et
2867 5220 3087 5275 humilia
3121 5218 3413 5275 ministeria
3447 5218 3563 5289 ipso
3591 5218 3890 5288 adjuvante

2304 5308 2522 5369 Christo
2557 5313 2807 5367 alacriter
2839 5327 3143 5381 percurras,
3190 5326 3291 5367 nec
3342 5322 3488 5366 retro
3538 5312 3602 5364 ad
3651 5321 3892 5364 aratrum

2307 5404 2571 5475 applicata
2601 5418 2781 5469 manu,
2812 5403 3175 5473 pigritantium
3204 5404 3561 5476 agricolarum
3588 5419 3737 5457 more
3765 5418 3893 5457 oeu-

2301 5496 2381 5550 los
2408 5505 2708 5551 convertas.
2740 5493 2820 5549 Tu
2851 5493 3223 5566 imperatorios
3252 5496 3429 5565 apices
3480 5511 3573 5565 per
3611 5494 3891 5565 gloriosis-

2299 5586 2463 5639 simas
2495 5584 2782 5641 afﬁnitates
2812 5584 3055 5656 proxime
3084 5594 3409 5643 consecutus
3437 5601 3526 5652 es;
3546 5597 3602 5641 tu
3624 5586 3893 5640 trabcales

2301 5688 2525 5732 ornatus
2574 5676 2988 5749 Splendidasque
3038 5680 3408 5750 praefecturas,
3439 5688 3496 5734 et
3526 5677 3785 5751 quidquid
3818 5677 3892 5731 ir-

2302 5770 2538 5840 requieta
2561 5768 2955 5827 desideriorum
2984 5772 3153 5828 series
3184 5773 3287 5828 sibi
3331 5772 3539 5829 beatius
3588 5770 3639 5828 in
3686 5772 3891 5829 smculo

2304 5873 2480 5929 potest
2510 5866 2729 5932 tingere,
2761 5865 3085 5922 houuniticus
3113 5875 3165 5921 et
3195 5866 3334 5922 inter
3360 5876 3636 5939 streperos
3666 5868 3887 5939 plausus
