4086 6328
196 330 259 387 65
1554 374 1581 399 ,

196 436 489 497 exercuisti.
524 436 751 491 Mutatus
807 441 890 491 est
925 433 1077 501 ordo,
1126 443 1181 490 et
1236 433 1289 489 in
1334 432 1495 488 domo
1548 433 1756 489 Domini
1788 440 1840 498 Α

194 531 387 599 apicem
416 525 658 597 attigisti,
691 525 780 594 qui
811 540 916 580 non
942 524 994 579 iu
1018 524 1331 579 exuberanti
1374 522 1630 579 mundani
1657 523 1760 579 fas-

196 634 271 676 tus
296 618 518 687 fulgore,
550 608 643 672 sed
695 616 750 671 in
798 616 1027 671 maxime
1076 615 1255 669 infima
1308 613 1502 669 mentis
1539 612 1761 683 depres-

194 712 352 772 sione,
385 718 439 761 et
467 706 653 761 humili
692 707 983 774 resupinati
1013 705 1194 760 cordis
1232 704 1529 776 ahjectione
1556 714 1763 774 pertra-

192 800 407 857 ctandus
463 807 566 853 est.
618 798 717 864 Qui
755 799 879 852 olim
922 796 1204 851 conabaris
1259 797 1516 851 natalium
1567 795 1760 850 decora

198 892 388 947 additis
433 889 725 944 honoribus
778 904 1053 959 superare,
1109 903 1209 945 nec
1250 889 1509 945 credebas
1556 887 1759 943 homini

193 983 449 1047 sufﬁcere,
479 981 527 1036 si
552 982 764 1036 exteris
812 996 912 1051 per
957 990 1124 1047 esset,
1156 990 1212 1035 et
1255 994 1414 1050 pares
1445 994 1551 1034 nou
1582 989 1759 1034 trans-

194 1076 519 1146 grederetur,
552 1075 606 1127 in
652 1089 772 1128 eum
822 1083 1017 1128 statum
1061 1072 1347 1137 devenisti,
1380 1073 1433 1127 in
1482 1087 1588 1144 quo
1634 1072 1763 1129 licet

193 1163 433 1233 superior
455 1162 583 1216 nulli
606 1172 657 1217 te
678 1162 841 1217 debes
867 1163 1198 1231 superiorem
1228 1170 1510 1231 reputare;
1540 1162 1760 1217 minimo

191 1256 515 1312 subditorum
548 1261 758 1307 tuorum
783 1253 1110 1323 suppositus,
1142 1269 1208 1308 eo
1239 1254 1356 1321 plus
1381 1253 1491 1309 eris
1514 1252 1752 1309 honora-

192 1349 304 1412 tior,
334 1362 443 1418 quo
491 1355 542 1400 te
593 1345 866 1400 humilitas
914 1344 1114 1400 Christi
1164 1346 1426 1415 sccinget,
1473 1353 1528 1399 et
1572 1357 1759 1402 eorum

192 1445 391 1513 plantas
414 1440 764 1505 osculabaris,
790 1453 948 1509 supra
976 1453 1201 1509 quorum
1243 1439 1419 1508 capita
1444 1436 1610 1508 pedes
1638 1444 1761 1492 tuos

193 1536 305 1590 olim
351 1534 621 1589 collocare
667 1532 1061 1601 dedignabaris.
1119 1532 1223 1587 Iste
1254 1532 1492 1603 profecto
1518 1531 1626 1600 jam
1658 1531 1752 1586 tibi

194 1627 335 1681 labor
366 1624 642 1688 incumbit,
676 1633 735 1678 ut
763 1625 839 1679 sis
863 1624 1099 1677 omnium
1122 1638 1332 1690 servus,
1363 1623 1453 1694 qui
1484 1622 1754 1678 videbaris

190 1719 419 1775 omnium
470 1717 737 1781 dominus,
760 1725 817 1771 et
857 1715 975 1770 aliis
1028 1715 1351 1782 incurveris,
1381 1716 1472 1784 qui
1525 1725 1755 1771 exteros

1642 320 2018 379 EPISTOLIE.

3377 327 3447 384 66

2465 392 2791 490 scisma
2826 432 2889 489 ll.

1863 558 2168 599 SANCTORUK
2192 559 2544 601 εῐιιεαοιιυιιυκ
2576 561 2693 602 ιυρι
2716 562 3010 604 ἸἬΙΕΑΞΒΙΝΙ
3031 564 3099 604 ΕΤ
3129 554 3443 607 ἱϋΡΙΙΙὶΟΝΙΙ³

1934 628 2457 682 Αεςυετοουκεηςιε,
2488 632 2555 670 ΑΙ)
2595 631 2857 674 τΑιΑειυι
2898 635 3178 675 EPISCOPUI
3213 638 3446 678 ANDEGA-

1933 698 2158 739 VINSEI.

1863 775 1940 831 De
1968 776 2402 862 solemnitatibus,
2430 787 2477 832 et
2496 779 2561 862 de
2573 780 2785 851 bigamis
2807 784 3022 853 clericis,
3047 796 3097 841 et
3123 788 3186 842 iis
3213 790 3303 859 qui
3321 770 3446 844 cott-

2372 859 2546 921 jugatt'
2574 864 2921 912 assumuntur.

1863 936 2089 993 Domino
2115 950 2302 1016 sancto
2330 948 2384 1016 _et
2406 941 2468 1016 in
2497 938 2894 1016 Christo_cultu
2927 954 3087 1016 atque
3116 946 3320 1004 honore
3345 966 3439 1004 ve-

1935 1007 2173 1090 nerando
2203 1008 2512 1090 beatissimo
2542 1011 2692 1090 fratri
2718 1012 2928 1090 Talasio
2950 1007 3200 1090 episcopo
3220 1060 3233 1084 ,
3261 1020 3444 1090 Lupus

1932 1088 1989 1134 et
2012 1077 2353 1150 Euphronius
2374 1080 2608 1150 episcopi
2637 1085 2835 1152 pariter
2864 1077 3042 1154 positi.

1930 1166 2412 1225 Commonitorium
2428 1172 2568 1239 quod
2602 1188 2697 1241 per
2720 1175 3105 1232 subdiaconum
3123 1179 3440 1235 Arcontium

1861 1260 2084 1319 missum
2113 1262 2311 1330 fuerat,
2346 1264 2675 1334 inspeximus
2708 1285 2720 1319 :
2751 1268 2817 1322 ad
2845 1270 2987 1339 quod
3019 1273 3283 1327 sanctitati
3314 1283 3438 1338 tum,

1860 1350 1994 1407 sicut
2027 1352 2335 1423 peposcisti,
2367 1355 2693 1424 respondere
2721 1360 3047 1416 curavimus.
3080 1361 3267 1432 Vigilia
3292 1373 3445 1417 nata-

1860 1441 1925 1497 lis
1946 1442 2158 1501 Domini
2178 1445 2334 1515 longe
2361 1445 2467 1501 aiio
2490 1461 2667 1508 more.
2696 1464 2852 1517 quam
2882 1448 3101 1505 Pascha:
3128 1452 3327 1523 vigilia,
3354 1470 3444 1507 ce-

1862 1531 2112 1605 lebranda
2168 1550 2182 1586 :
2229 1533 2353 1606 quia
2409 1535 2493 1590 hic
2563 1536 2855 1592 nativitatis
2901 1538 3161 1596 lcetioucs
3207 1542 3443 1611 legendae

1859 1634 2001 1688 sunt,
2038 1626 2146 1681 illic
2165 1635 2341 1682 autem
2371 1629 2651 1696 passionis.
2674 1630 2985 1700 Epiphania:
3007 1648 3219 1703 quoque
3245 1635 3443 1691 soletn-

1861 1715 2000 1770 nitas
2025 1716 2183 1772 habet
2212 1733 2371 1773 suum
2400 1720 2689 1789 specialem
2711 1721 2934 1779 cultum.
2968 1723 3097 1791 Quae
3125 1725 3321 1796 vigiliae
3352 1726 3436 1780 vel

193 1808 557 1873 conculcabas,
597 1823 703 1862 non
733 1806 854 1877 quia
877 1821 996 1861 eras
1019 1805 1410 1876 superbus,sed
1433 1805 1555 1876 quia
1584 1805 1758 1874 digui-
1792 1804 1836 1863 B
1863 1804 2124 1871 maxime,
2158 1815 2250 1861 aut
2281 1819 2500 1877 perpete
2530 1820 2716 1880 nocte,
2748 1821 2838 1866 aut
2863 1822 3007 1891 certe
3039 1814 3091 1867 in
3122 1816 3441 1869 matutinum

196 1911 362 1955 talum
404 1898 790 1970 prteteritarum
842 1897 1140 1965 majestate,
1175 1911 1242 1952 ne
1290 1896 1462 1952 dicem
1498 1895 1755 1963 vanitate,

201 2002 400 2046 tantum
448 1988 537 2045 tibi
568 2000 794 2043 caeteros
848 1986 1277 2043 antecedentium
1329 1993 1468 2049 erat,
1500 1995 1756 2056 quantum

191 2081 279 2135 tibi
328 2079 490 2135 modo
519 2093 629 2149 prte
676 2077 884 2133 caeteris
935 2086 1016 2131 est
1061 2075 1441 2131 recedendum.
1475 2074 1580 2130 Fac
1627 2089 1756 2146 ergo

186 2184 236 2224 ut
266 2184 409 2227 nunc
454 2169 727 2240 ingenium
760 2166 1052 2223 transferas
1081 2166 1146 2221 ad
1180 2167 1382 2234 divina,
1412 2168 1505 2239 qui
1549 2174 1755 2221 tantum

188 2260 397 2317 valuisti
427 2261 495 2315 ad
527 2261 779 2314 humana.
813 2259 1076 2329 Colligant
1103 2257 1285 2329 plebes
1317 2267 1423 2313 tua:
1451 2271 1515 2313 ex
1547 2271 1640 2312 ore
1670 2266 1757 2312 tuo

186 2355 363 2425 spinas
394 2353 461 2409 de
485 2353 660 2424 capite
687 2352 957 2416 Crueitixi,
985 2353 1072 2423 qui
1097 2367 1160 2406 ex
1192 2350 1371 2405 verbis
1394 2348 1498 2406 tuis
1538 2347 1759 2420 collige-

186 2448 301 2501 bant
325 2460 483 2500 rosas
514 2446 581 2499 de
607 2460 797 2516 pompa
827 2443 1080 2499 mundiali
1099 2462 1112 2507 ;
1131 2452 1185 2497 et
1211 2442 1423 2514 capiant
1451 2441 1517 2498 de
1544 2440 1759 2513 eloquio

186 2540 475 2595 sacerdotis
518 2539 677 2594 verba
708 2539 1008 2608 disciplina:
1050 2537 1308 2601 cwlestis,
1355 2537 1445 2608 qui
1476 2536 1761 2606 capiebant

184 2634 244 2686 de
296 2631 521 2703 eloquio
568 2630 893 2687 duuiinantis
943 2645 1185 2684 normam
1215 2628 1512 2699 disciplina:
1566 2627 1757 2681 civilis.

184 2730 287 2803 Ego
336 2728 557 2800 q:dent
587 2730 673 2797 qui
727 2738 777 2784 te
827 2736 1032 2783 tantum
1078 2727 1251 2782 amavi
1289 2740 1408 2781 cum
1453 2722 1762 2796 sequebaris

184 2824 495 2878 ariditatem
524 2820 724 2887 saeculi,
761 2820 905 2887 qua‘i
947 2834 1194 2876 mensura
1245 2826 1403 2888 putas
1438 2817 1550 2888 jam
1582 2828 1763 2871 amare

182 2924 503 2987 sequentem
536 2916 832 2991 ulertatem
864 2912 1020 2968 cmli‘!
1055 2911 1171 2968 iam
1199 2908 1433 2975 delibor,
1459 2916 1515 2962 et
1557 2907 1765 2963 instans

180 3017 262 3061 est
302 3005 573 3063 resolutio
617 3020 757 3070 mea,
811 3003 904 3059 sed
964 3017 1067 3059 nou
1123 3008 1379 3070 putavero
1434 2999 1648 3064 resolvi,
1674 2996 1766 3070 qui

181 3098 300 3153 licet
328 3097 569 3161 solutus,
603 3098 653 3149 in
688 3107 735 3150 te
789 3094 985 3163 vivam,
1015 3103 1069 3149 et
1117 3104 1168 3148 te
1200 3094 1253 3148 in
1304 3093 1546 3148 Ecclesia
1600 3090 1765 3145 relin-

1860 1906 2116 1965 vergeute
2142 1936 2161 1961 ,
2190 1896 2440 1953 curanda:
2469 1909 2596 1954 sunt
2622 1915 2643 1957 :
2674 1900 2937 1970 paschalis
2980 1912 3158 1958 autem
3198 1905 3374 1975 v'gilia
3414 1920 3442 1963 a

1861 2000 2084 2056 vespere
2106 2002 2230 2045 raro
2262 1990 2315 2043 in
2342 1990 2660 2045 matutinum
2692 2008 2857 2063 usque
2886 1993 3220 2063 perducitur.
3244 1996 3442 2052 Deinde

1860 2076 1914 2132 in
1942 2078 2115 2148 vigilia
2140 2077 2360 2135 l’aschae
2380 2080 2718 2138 diversorum
2741 2083 3000 2157 librorum
3030 2086 3290 2143 lectiones
3318 2096 3443 2143 sunt

1860 2170 2226 2235 recensendm,
2252 2186 2370 2243 qua:
2401 2181 2526 2229 tota
2550 2173 2783 2230 habeant
2810 2176 3009 2247 aliquid
3041 2177 3113 2233 de
3132 2178 3443 2249 praefigura-

1862 2262 2029 2329 tione,
2049 2272 2141 2319 aut
2168 2262 2415 2319 vaticinio
2429 2265 2719 2334 passionis:
2747 2268 3014 2341 antedicta
3043 2279 3221 2326 autem
3242 2271 3442 2341 vigilia,

1862 2363 2020 2423 prout
2067 2353 2242 2410 visum
2296 2353 2491 2420 fuerit;
2522 2356 2661 2411 inter
2687 2357 3018 2427 psallendum
3054 2369 3109 2415 et
3138 2361 3447 2429 legendum,

1865 2444 1980 2501 sive
2005 2444 2073 2502 de
2099 2445 2377 2517 prophetis
2397 2487 2413 2514 ,
2443 2448 2559 2504 sive
2599 2449 2669 2504 de
2695 2449 2846 2507 Novo
2871 2450 3219 2509 Testamento
3238 2494 3255 2519 ,
3301 2455 3445 2522 quod

1861 2537 2090 2608 quisque
2117 2538 2378 2606 voluerit,
2408 2553 2517 2595 non
2545 2538 2730 2611 legali,
2753 2540 2850 2598 sed
2876 2542 3174 2597 voluntaria
3217 2541 3444 2600 lectione

1863 2638 2166 2696 praesumat.
2196 2628 2268 2686 De
2295 2629 2506 2700 clericis
2541 2645 2666 2687 vero
2695 2631 2920 2702 bigantis
2940 2671 2957 2698 ,
2986 2647 3153 2703 usque
3182 2633 3248 2688 ad
3279 2638 3445 2688 ostia-

1863 2718 1973 2775 rios
2004 2718 2241 2775 Ecclesia
2268 2720 2527 2788 permittit
2553 2730 2607 2777 et
2632 2722 2859 2792 patitur:
2879 2730 3102 2794 etquam
3122 2708 3241 2796 quis
3263 2739 3445 2781 sacer~

1865 2807 2046 2863 dotum
2066 2812 2300 2881 regulam
2333 2826 2431 2881 pro
2450 2812 2782 2870 districtione
2802 2828 2896 2869 sua
2922 2816 3297 2887 assumpserit,
3323 2816 3446 2886 jure

1863 2902 2148 2958 custodiet.
2173 2902 2479 2959 Exercistas
2501 2919 2649 2971 vero,
2682 2914 2774 2962 aut
2799 2906 3177 2973 subdiaconus,
3199 2922 3228 2964 a
3250 2923 3446 2965 secun-

1866 2992 1948 3048 dis
1978 2994 2177 3065 nuptiis
2202 2996 2414 3065 penitus
2440 2997 2697 3053 excludit.
2720 2997 3131 3061 Generationem
3155 3014 3283 3057 vero
3310 2999 3445 3056 filio-

1867 3098 1984 3139 rum
2030 3085 2098 3140 ab
2130 3084 2212 3140 bis
2237 3125 2255 3155 ,
2296 3101 2432 3156 quos
2470 3089 2787 3158 conjugatos
2841 3090 3161 3146 assumimus
3190 3129 3209 3158 ,
3252 3092 3449 3148 melius

178 3206 357 3260 quam.
394 3189 612 3245 Gaudeo
653 3188 798 3255 exui,
834 3197 1113 3258 postquam
1166 3185 1464 3243 Ecclesium
1518 3174 1832 3251 iuduisti,C
1861 3184 2043 3245 esset,
2103 3178 2148 3232 si
2198 3178 2315 3235 fieri
2358 3181 2571 3249 possit,
2628 3181 2801 3237 arceri
2855 3198 2872 3238 :
2919 3196 3055 3251 quos
3113 3185 3306 3239 melius
3358 3196 3446 3243 est

178 3291 229 3336 et
253 3293 305 3339 te
354 3282 533 3338 induit
589 3280 851 3338 Ecclesia.
906 3280 1074 3336 Macte
1120 3278 1357 3335 amicitia
1407 3286 1634 3345 vetuste,
1667 3276 1762 3333 scd

177 3374 519 3431 fraternitate
545 3390 751 3431 recens.
781 3374 1076 3445 Supprimit
1105 3382 1410 3446 postremus
1442 3372 1627 3429 titulus
1659 3386 1761 3429 au-

176 3470 380 3539 tiquos,
410 3469 540 3525 nihil
569 3479 653 3524 est
688 3468 830 3538 quod
862 3468 1021 3524 hodie
1049 3469 1205 3523 velim
1248 3467 1317 3523 de
1344 3468 1614 3538 praterita
1646 3481 1761 3522 tne—

175 3561 403 3616 miuisse
458 3559 761 3629 dilectione,
813 3559 1025 3628 quando
1077 3559 1335 3614 moderns
1375 3557 1647 3628 dign'tatis
1702 3567 1785 3615 et,

174 3652 479 3706 firmiorem
518 3648 644 3703 facit
692 3662 812 3704 esse
860 3649 1136 3703 caritatem
1178 3657 1232 3703 et
1259 3648 1606 3702 tenaciorem.
1639 3647 1684 3703 0
1714 3648 1762 3703 si

174 3741 323 3797 Deus
347 3739 512 3794 vellet
538 3749 595 3793 ut
626 3749 676 3793 te
700 3737 1083 3806 amplecterer!
1112 3737 1206 3792 sed
1239 3738 1293 3792 in
1323 3737 1514 3806 spiritu
1544 3736 1763 3806 perficio

174 3831 317 3901 quod
355 3844 463 3887 non
514 3843 728 3899 possum
782 3829 837 3883 in
881 3842 1131 3896 corpore,
1159 3835 1215 3884 et
1253 3836 1520 3900 praesente
1545 3826 1758 3882 Christo

181 3936 288 3977 non
343 3919 577 3989 amplius
622 3918 931 3986 reipublicae
960 3917 1262 3987 prtefectum
1311 3930 1538 3973 veneror
1578 3924 1633 3973 et
1676 3930 1764 3971 os-

179 4013 357 4080 culor,
390 4012 484 4067 sed
518 4012 792 4076 Ecclesia',
823 4011 913 4085 qui
946 4010 1071 4065 milii
1104 4010 1241 4066 illius
1283 4016 1465 4074 relate,
1493 4010 1754 4081 dignitate

180 4104 369 4168 frater,
402 4110 457 4158 et
486 4102 685 4157 meritis
729 4111 877 4171 pater
918 4109 1021 4157 est.
1051 4103 1153 4157 Ora
1194 4115 1289 4172 pro
1318 4096 1429 4167 me,
1460 4110 1519 4157 ut
1562 4100 1616 4157 itt
1650 4102 1760 4158 Do-

178 4194 329 4250 mino
357 4204 924 4263 consunimatus,0pus
946 4195 1087 4263 quod
1117 4192 1349 4262 iniunxit
1377 4206 1766 4261 consummem,

180 4295 231 4339 et
259 4285 314 4339 in
347 4299 416 4341 eo
444 4283 655 4340 tandem
684 4282 933 4353 impleam
970 4292 1212 4355 tempora
1239 4298 1358 4353 qua:
1400 4291 1630 4348 restant,
1676 4284 1770 4351 qui

179 4384 256 4429 tot
279 4384 338 4430 et
367 4383 510 4429 tanta
534 4375 551 4443 (
574 4391 603 4429 v
623 4392 650 4424 ι’
682 4374 840 4428 mihi!
867 4371 885 4443 )
911 4373 991 4428 his
1022 4388 1142 4443 quae
1178 4388 1283 4430 non
1308 4372 1490 4441 debui,
1524 4373 1766 4444 implevi,

1869 3286 1974 3328 non
2002 3272 2228 3339 assumi,
2255 3286 2415 3343 quam
2430 3272 2498 3327 de
2519 3271 2603 3329 his
2623 3282 2809 3343 postea
2838 3273 2939 3330 sub
2959 3273 3169 3331 diversa
3191 3290 3444 3333 senatum

1864 3362 2121 3419 varietate
2148 3363 2342 3421 certari
2374 3379 2392 3420 ς
2420 3378 2542 3420 cum
2571 3364 2761 3423 melius
2782 3364 2852 3423 sit
2880 3379 3069 3423 omnes
3090 3365 3440 3438 disceptatio-

1864 3469 1992 3509 num
2014 3468 2204 3510 causas
2232 3455 2480 3525 excludi,
2513 3465 2570 3512 ut
2609 3457 2699 3527 qui
2727 3472 2830 3515 non
2854 3458 2961 3514 vult
2991 3458 3049 3516 in
3072 3459 3324 3517 clericatu
3348 3475 3443 3530 ge-

1866 3545 2040 3602 nerari
2060 3585 2076 3613 ,
2104 3561 2210 3601 non
2236 3549 2531 3613 constituat
2546 3548 2599 3604 in
2616 3548 2807 3604 altario
2829 3551 3163 3620 coniugatus.
3191 3552 3318 3608 Haec
3347 3567 3447 3623 pro

1868 3638 2254 3694 consuetudine
2302 3639 2659 3695 Ecclesiarum
2691 3651 2993 3698 nostrarum
3018 3683 3038 3710 ,
3071 3660 3299 3711 quarum
3339 3661 3444 3701 una

1863 3733 1947 3781 εει
1968 3726 2179 3793 regula,
2212 3727 2419 3795 paginae
2459 3727 2617 3796 hujus
2643 3743 2894 3785 sermone
2916 3731 3202 3786 texuimus.
3233 3732 3291 3787 Si
3319 3736 3445 3801 quid

1865 3831 1995 3874 vero
2039 3831 2136 3887 pro
2173 3818 2377 3874 honore
2423 3818 2630 3876 Domini
2673 3829 2851 3891 potest
2898 3820 3245 3881 districtionis
3265 3837 3451 3880 secre-

1863 3922 2033 3975 scere,
2062 3917 2121 3964 et
2140 3909 2185 3965 si
2203 3910 2398 3973 imitari
2428 3925 2531 3966 non
2551 3925 2971 3982 possumus,pro
3002 3912 3210 3969 Domini
3239 3912 3448 3970 honore

1864 4001 2215 4073 laudabimus.
2242 4002 2373 4058 Nam
2403 4001 2515 4072 jam
2545 4003 2798 4060 Ecclesiae
2826 4003 3099 4074 obsequiis
3124 4014 3441 4076 aggregatos

1867 4098 1935 4153 ad
1973 4099 2235 4157 secundas
2282 4100 2497 4170 nuptias
2540 4099 2770 4157 transire
2804 4116 2909 4156 non
2962 4102 3195 4170 patimur
3228 4118 3244 4155 :
3282 4116 3451 4172 quos,

1872 4202 2148 4260 postquam
2177 4192 2435 4260 assumpti
2463 4190 2697 4259 fuerint,
2737 4190 2901 4248 etiam
2930 4207 2960 4247 a
2999 4191 3186 4261 primis
3234 4192 3445 4259 penitus

1869 4297 2144 4349 arcemus;
2185 4286 2480 4341 exorcistas
2527 4284 2821 4348 duntaxat,
2860 4294 3018 4355 atque
3059 4283 3439 4339 subdiaconus.

1871 4374 1929 4431 In
1957 4375 2424 4447 Augusmdunensi
2469 4388 2644 4433 autem
2679 4375 2911 4433 Ecclesia
2932 4418 2947 4444 ,
2980 4376 3066 4430 vel
3107 4375 3361 4431 ostiarius
3390 4374 3469 4429 int

181 4466 271 4521 sed
300 4465 449 4537 apud
495 4458 775 4521 Dominum
808 4464 1194 4521 misericordia.
1230 4466 1433 4521 Memor
1481 4475 1602 4521 esto
1635 4464 1763 4522 mei.
1792 4460 1850 4523 Β
1875 4468 1982 4525 imo
2008 4469 2189 4529 officio
2216 4470 2538 4527 constitutus
2564 4512 2581 4538 ,
2613 4471 2661 4526 si
2698 4484 2919 4526 uxorem
2949 4470 3105 4525 aliam
3138 4468 3407 4538 acceperit
3430 4509 3450 4534 ,

230 4644 244 4673 ²
266 4642 439 4711 llujus
455 4642 613 4715 etiam
637 4642 875 4711 epistolae
892 4652 1099 4711 tempus
1113 4640 1370 4715 incertum
1383 4656 1486 4710 eet,
1502 4645 1601 4699 nisi
1620 4645 1762 4715 quod

181 4711 381 4767 Talasii
413 4729 447 4767 η
471 4714 555 4779 ivi,
589 4723 645 4766 ut
674 4724 924 4781 apparet,
965 4714 1198 4781 episeopi
1237 4714 1525 4769 admonere
1570 4711 1762 4769 nomen

181 4784 416 4848 vitetur,
464 4793 521 4836 ut
560 4798 663 4838 non
703 4785 870 4837 multo
899 4792 1016 4852 post
1040 4783 1421 4852 Andegavense
1455 4788 1761 4851 concilium,

185 4853 235 4905 in
268 4869 382 4922 quo
408 4855 691 4921 episcopos
716 4854 993 4908 ordinatus
1018 4864 1121 4919 est,
1150 4857 1215 4907 ad
1245 4869 1367 4908 eum
1391 4857 1609 4908 mis~zatn
1638 4872 1761 4911 cre-

185 4923 400 4977 damus.
429 4922 630 4978 Prteter
660 4924 805 4978 varia
854 4924 969 4992 ejus
1013 4924 1358 4993 exemplaria,
1390 4940 1509 4994 qua:
1552 4926 1605 4978 in
1656 4940 1768 4978 ma-

186 5007 287 5048 nus
364 5005 573 5048 nostras
629 5002 920 5057 venerunt,
988 4994 1459 5049 animadvertimus
1526 4995 1766 5064 ejusdem

185 5065 299 5117 tieri
357 5073 684 5119 mentionem
734 5066 785 5117 in
843 5064 1058 5135 antiqua
1113 5065 1433 5135 collectione
1465 5079 1762 5135 eanoumn,

187 5149 306 5202 quas
378 5146 461 5188 est
522 5137 572 5187 in
636 5132 1061 5191 bibliotheca'S.
1114 5134 1366 5191 Germani
1428 5132 1761 5191 Parisiensis.

191 5205 309 5277 Jac.
356 5206 788 5277 AStnuosata—
839 5205 1035 5277 Talasii
1085 5206 1320 5277 episcOpi
1392 5206 1767 5277 consultationi

188 5273 253 5349 de
299 5275 473 5349 tribus
508 5275 752 5349 capitulis
797 5273 1138 5349 respondent;
1180 5278 1415 5349 Primum
1458 5275 1527 5334 de
1568 5276 1765 5349 vigiliis

189 5343 396 5419 Natalis
424 5346 667 5419 Domini,
714 5343 1094 5419 Ephipitanite,
1146 5357 1200 5405 et
1230 5348 1447 5404 Pascha:
1467 5389 1481 5413 ,
1514 5343 1761 5419 quo'ritu

190 5417 530 5491 celebranda:
558 5417 693 5491 sint.
708 5420 842 5471 't‘um
867 5417 935 5470 de
956 5418 1298 5491 inferioribus
1314 5417 1545 5485 clericis,
1571 5419 1764 5491 quibus

191 5500 392 5541 uxores
428 5489 622 5541 ducere
664 5489 825 5552 licet,
859 5497 1035 5540 utrum
1080 5489 1341 5546 secundas
1378 5489 1599 5558 nuptias
1627 5491 1763 5544 inire

191 5558 423 5621 possint.
452 5558 567 5625 Qua
602 5559 652 5613 in
683 5573 742 5612 re
775 5558 879 5624 pati
907 5559 1118 5625 quidem
1149 5559 1438 5613 Ecclesiam
1470 5561 1681 5624 docent,
1706 5569 1764 5613 ut

192 5627 400 5680 ostiarii
429 5636 563 5682 altas
585 5643 782 5682 uxores
818 5629 1054 5691 ducant,
1089 5640 1143 5683 et
1183 5631 1376 5698 bigami
1410 5632 1535 5685 tiaut
1564 5648 1576 5681 :
1607 5646 1766 5683 exur-

193 5698 357 5752 eistas
383 5714 508 5754 vero
535 5710 589 5753 et
612 5700 967 5754 subdiaconus
994 5714 1022 5751 a
1053 5703 1302 5754 secundis
1334 5701 1530 5767 nuptiis
1553 5701 1766 5766 penitus

196 5767 502 5825 excludere.
532 5768 793 5825 Caeterum
819 5772 869 5825 in
897 5769 1084 5824 Eccles
1106 5786 1134 5823 a
1153 5770 1448 5825 'l‘ricassiua
1474 5770 1766 5825 exorcistas

1867 4656 1922 4701 et
1936 4646 2212 4715 diaconos,
2233 4653 2512 4718 postquam
2541 4647 2593 4702 in
2616 4648 2819 4702 clerum
2848 4648 3105 4717 assumpti
3122 4660 3264 4718 sunt,
3284 4648 3445 4701 etiam

1875 4731 1905 4772 a
1935 4718 2121 4786 primis
2139 4718 2335 4786 nuptiis
2355 4717 2526 4772 arceri
2556 4734 2568 4771 :
2599 4718 2649 4769 in
2680 4717 3163 4786 Augustodunensi,
3195 4733 3256 4771 os
3284 4719 3442 4770 iunius

1866 4800 1896 4839 a
1941 4788 2211 4841 secundis.
2262 4787 2539 4840 Postremo
2586 4787 2937 4840 subdiaconu.
2985 4801 3166 4854 pacem
3207 4788 3344 4839 inter
3386 4801 3444 4838 se

1866 4855 1996 4910 dare
2014 4856 2075 4911 in
2100 4857 2335 4911 sacrario
2363 4856 2560 4911 debere
2583 4895 2597 4919 ,
2628 4858 2732 4908 neu
2780 4856 2832 4909 in
2858 4856 3067 4909 altario.
3106 4855 3289 4909 Exstat
3332 4855 3445 4907 haec

1867 4929 2094 4996 epistola
2133 4927 2184 4979 iu
2218 4925 2381 4996 variis
2420 4926 2694 4981 codicibus
2731 4925 3342 4996 antiquis,_citaturque
3393 4925 3444 4996 in

1872 4994 2178 5065 pet-vetusta
2222 4995 2540 5065 collectione
2585 4994 2946 5052 canonum’S.
2994 4994 3245 5050 Germani
3294 4994 3442 5048 Pari-

1870 5064 2086 5121 Sieusis.
2124 5066 2241 5121 Jac.
2275 5064 2595 5121 Sinnoancs.

1940 5138 1958 5167 '
1991 5139 2120 5208 Lupi
2152 5138 2437 5192 Tricassini
2479 5138 2714 5206 episcopi
2756 5136 2894 5206 apud
2922 5150 3106 5192 omnes
3145 5134 3439 5191 clarissima

1867 5216 1949 5263 est
1976 5209 2235 5264 memoria
2268 5226 2279 5261 :
2326 5208 2619 5278 Eupltronii
2648 5209 3147 5278 Augusmdunensis
3186 5223 3250 5260 ex
3279 5209 3439 5263 Sidu-

1868 5281 1976 5343 nio,
2004 5278 2263 5348 Gregorio
2297 5277 2497 5333 Turon.
2538 5288 2592 5334 et
2626 5295 2690 5333 ex
2732 5278 2897 5332 ldatio
2937 5278 3024 5347 qtti
3061 5277 3281 5348 alteram
3323 5279 3441 5347 ejus

1846 5347 2149 5415 epistulam
2206 5358 2594 5404 commemorat
2650 5350 2702 5403 in
2736 5348 2999 5402 Chronico
3035 5347 3161 5401 anni
3210 5363 3392 5403 ccccu
3427 5366 3439 5399 :

1868 5419 2077 5481 Diebus,
2110 5422 2302 5487 inquit,
2355 5420 2665 5489 insequentis
2713 5416 2930 5489 Pascha:
2967 5420 3072 5489 visa
3116 5418 3348 5489 quwdam
3392 5419 3443 5471 in

1866 5491 2009 5557 creto,
2037 5490 2323 5560 regionibus
2365 5488 2685 5553 Galliarum;
2718 5488 2926 5560 epistola
2956 5490 3016 5560 de
3045 5488 3121 5542 Itis
3156 5488 3445 5558 Euphronii

1866 5559 2339 5632 Augustoduncnsis
2392 5560 2618 5628 episcopi
2676 5561 2744 5610 ad
2806 5559 3143 5683 AgripKinum
3212 5560 3445 5638 comitem

1870 5632 2007 5683 faeta
2029 5630 2284 5683 evidenter
2325 5632 2564 5683 ostendit.
2593 5630 2664 5683 De
2692 5628 2906 5682 Talasno
3001 5628 3316 5683 ιιόεαωγιοηει
3367 5629 3445 5679 dt-

1862 5627 2007 5700 facta
2029 5630 2284 5685 evidenter
2325 5627 2573 5700 ostendit;
2593 5630 2664 5700 De
2692 5627 2906 5682 Talasio
2933 5627 3343 5700 'Audegavrnsi
3367 5627 3450 5679 di-

1869 5697 2011 5756 ctum
2033 5714 2109 5756 est
2136 5701 2201 5755 ad
2224 5698 2487 5771 synodum
2516 5699 2952 5769 Andegavensetn
2972 5738 2987 5762 ,
3021 5700 3071 5753 iu
3100 5712 3202 5767 qua
3232 5697 3451 5752 ordina-

1873 5781 1956 5826 tus
1979 5782 2076 5825 est.
2102 5771 2220 5826 Jac.
2245 5775 2564 5837 Sinuosuus.
