4086 6328
174 301 234 355 89

1440 268 1918 326 EPISTULARL‘M
1961 269 2086 322 LID.
2129 269 2167 323 Ι.

3342 266 3413 320 70

187 401 469 464 cedentibus
497 394 676 457 vobis,
728 399 1068 460 peccatorum
1100 401 1342 442 meorum
1384 385 1593 438 vincula
1620 383 1732 438 tlis-
1762 388 1808 445 Α
1840 393 2082 452 peccato,
2113 398 2138 436 s
2163 382 2430 451 nejutlicii
2456 382 2828 440 recordatione
2851 426 2864 449 ,
2899 389 3202 452 peccatum;
3233 391 3290 436 ut
3316 383 3414 436 du-

185 509 432 565 rmupere,
457 486 792 556 acceptisque
820 481 1080 538 columba:
1111 480 1251 534 illius
1282 477 1467 548 pennis
1491 475 1609 547 (1’s.
1635 489 1740 538 Liv,

187 594 254 659 7).
279 604 304 640 a
327 580 618 637 venantium
644 575 846 644 laqueis
873 573 1092 628 evolare
1119 569 1234 641 (Ps.
1259 585 1345 635 xc,
1378 568 1456 636 3),
1488 575 1542 621 et
1563 566 1743 619 vobis-

187 656 292 733 cum
323 673 517 742 positus
543 668 594 721 iu
631 665 894 720 dominica
924 662 1041 730 lege
1068 659 1408 728 requiescere
1434 674 1448 722 ;
1486 665 1545 710 ut
1573 656 1742 720 sitim,

189 783 328 839 quam
345 761 594 832 opuscula
617 766 792 811 vestra
818 753 1039 823 legendo
1060 751 1304 820 concepi,
1329 750 1443 820 ipso
1460 753 1742 817 praesente,

189 858 312 914 unde
338 855 422 909 illa
448 856 750 911 manarunt,
779 846 995 900 uberius
1026 844 1277 898 hauriens
1324 841 1739 908 restinguerem,

189 960 238 1004 ut
261 944 487 1002 caritatis
509 940 824 1010 igniculum,
868 950 1030 1004 quem
1060 935 1113 989 in
1147 931 1339 1002 tepidis
1377 929 1569 984 animae
1614 929 1744 984 dor-

187 1039 384 1096 mientis
433 1032 627 1087 favillis
666 1028 994 1085 ferventibus
1043 1024 1359 1087 suscitastis,
1413 1021 1633 1091 prolatis
1681 1020 1748 1075 de

150 1121 433 1187 'condensa
464 1124 849 1192 scripturarum
878 1118 1116 1188 pabulis,
1158 1115 1310 1169 vivax
1348 1115 1557 1168 ﬂamma
1591 1111 1749 1165 robo-

186 1230 334 1285 raret,
377 1230 499 1287 qua:
538 1212 752 1282 eloquio
793 1209 963 1263 sancti
1002 1208 1109 1262 oris
1150 1218 1405 1268 accensa,
1455 1216 1605 1256 more
1649 1198 1747 1253 sibi

187 1313 360 1375 solito,
403 1309 456 1362 in
504 1314 722 1374 pectore
758 1299 1058 1372 peccatoris
1109 1299 1218 1351 vim
1271 1305 1473 1349 natura:
1521 1291 1750 1362 potentis

186 1406 436 1463 ssereret,
468 1391 831 1450 calefacienda
853 1390 1058 1460 frigida,
1086 1385 1452 1442 inluminanda
1485 1382 1744 1438 tenebro-

186 1506 255 1552 sa,
277 1499 325 1543 et
349 1488 535 1557 spinas
555 1481 836 1538 criminum
860 1476 1246 1533 consumendo.
1276 1474 1534 1539 Adhaesit,
1565 1473 1754 1527 doctor

185 1579 382 1643 eximie,
413 1576 596 1630 anima
625 1587 739 1626 mea
769 1579 885 1641 post
903 1579 975 1624 te.
1007 1569 1089 1623 Me
1119 1577 1298 1622 autem
1339 1566 1594 1633 adjuvent
1624 1577 1749 1616 ora-

185 1674 344 1725 tiones
372 1676 498 1731 tuze,
533 1673 592 1718 ut
617 1663 839 1734 pOSSilll,
866 1660 1092 1715 terrenis
1120 1658 1323 1712 actibus
1352 1654 1568 1724 spretis,
1596 1653 1755 1708 cmle-

1846 474 1967 542 plici
2003 482 2160 542 atque
2199 473 2386 541 majori
2429 473 2624 528 delicto
2672 475 2787 542 ipse
2817 491 2900 529 me
2939 488 3211 543 premam,
3243 475 3413 541 utqui

1846 564 2109 618 tarditatis
2150 578 2272 618 reus
2313 579 2453 630 sum,
2495 579 2613 618 esse
2665 566 2911 636 incipiam
2954 564 3232 618 falsitatis:
3267 574 3322 618 et
3348 569 3414 618 ab

1845 656 2072 710 humana
2102 672 2266 722 usque
2293 655 2482 724 injuria
2504 657 2707 711 crimen
2735 657 3016 712 extendam
3039 656 3104 710 ad
3125 666 3379 710 aeternam
3402 675 3410 707 :

1845 764 1987 804 nunc
2028 759 2229 803 tantum
2271 758 2588 819 exspectans
2627 749 2695 804 de
2733 750 2975 819 segnitiae
3020 765 3156 803 noxa
3198 761 3414 804 senten-

1847 842 2004 905 tiam;
2051 840 2246 895 divina:
2297 855 2425 895 vero
2454 855 2549 909 pro
2594 840 2856 894 mendacii
2908 841 3106 894 ultione
3146 840 3417 908 subjiciar.

1848 931 2148 986 Pmserlim
2179 946 2298 985 cum
2321 944 2446 986 vera
2475 931 2743 986 confessio
2765 930 3148 1000 indulgentiam
3174 941 3266 996 ;et
3294 931 3424 985 falsa

1847 1023 2124 1078 excusatio
2155 1031 2422 1079 mereatur
2445 1021 2728 1078 odensam.
2767 1022 2906 1077 lato
2936 1022 3115 1092 itaque
3146 1031 3254 1076 tam
3295 1025 3419 1077 sim-

1850 1115 1974 1185 plici
2000 1116 2343 1171 confessione
2370 1131 2529 1186 quam
2554 1115 2778 1186 supplici
2801 1116 3010 1172 veniam
3043 1126 3245 1186 petere.
3267 1132 3421 1187 quam

1851 1215 2070 1276 peccata
2099 1207 2398 1275 geminare.
2429 1206 2602 1262 [labes
2630 1222 2780 1276 ergo,
2809 1215 2960 1274 pater
2992 1206 3218 1275 Optime,
3249 1217 3423 1274 pastor

1850 1299 2088 1366 egregie,
2103 1312 2276 1353 meam
2295 1300 2462 1369 culpa:
2483 1312 2616 1352 meae
2637 1306 2988 1368 spontaneum
3012 1298 3425 1353 confessionem.

1853 1388 2028 1445 Habes
2075 1400 2130 1445 et
2171 1391 2222 1444 in
2263 1390 2509 1460 discipuli
2557 1406 2764 1456 errore,
2803 1390 2944 1460 quod
2988 1405 3031 1444 ci
3057 1390 3256 1459 rrigas;
3293 1400 3346 1444 et
3375 1391 3427 1444 iu

1853 1484 2080 1539 oviculae
2112 1484 2394 1554 languore,
2423 1483 2562 1554 quod
2587 1497 2763 1538 sanes.
2796 1482 3185 1551 Potestatisque
3211 1493 3263 1536 et
3281 1481 3426 1550 judi-

1854 1576 1920 1629 cEi
1954 1574 2026 1629 tui
2057 1585 2158 1640 est,
2193 1587 2368 1629 utrum
2398 1576 2529 1630 velis
2567 1575 2760 1629 ulceris
2788 1574 2889 1628 mei
2935 1573 3269 1644 putredinem
3303 1574 3427 1628 ferri

1857 1670 2032 1737 rigore
2062 1668 2396 1734 rescindere,
2441 1683 2507 1721 an
2553 1666 3045 1722 medicamentorun
3087 1666 3310 1721 lenitate
3339 1681 3431 1719 cu-

184 1761 343 1815 stibus
363 1757 593 1813 inhiare.
611 1753 742 1822 Quia
764 1767 980 1820 corpus,
999 1749 1137 1820 quod
1164 1748 1544 1816 corrumpitur,
1569 1758 1751 1814 aggra-

1870 1775 1998 1813 rare.
2033 1759 2142 1827 Ego
2165 1769 2341 1813 tamen
2375 1768 2545 1812 utram
2571 1756 2846 1827 elegeritis
2875 1758 3208 1819 curationem
3239 1757 3430 1822 amplc-

185 1861 270 1905 vat
293 1851 521 1904 animam
552 1847 708 1917 (Sap.
734 1860 808 1909 ιι,
845 1842 965 1914 15),
1017 1853 1071 1894 ιιι
1101 1838 1358 1895 inclinare
1391 1852 1577 1892 aurem
1605 1851 1760 1889 suam

190 1941 254 1996 ad
271 1939 476 1994 oracula
501 1938 678 1990 divina
704 1950 808 1992 non
833 1934 1000 2003 possit
1025 1930 1298 2002 (Pr.xuv,
1324 1929 1430 1995 ll),
1465 1937 1521 1980 ut
1545 1927 1763 1980 domum

191 2035 348 2102 patris
399 2030 604 2084 oblivio
643 2026 919 2090 obediens,
969 2039 1086 2094 qua:
1141 2022 1381 2077 vocantis
1426 2019 1650 2088 imperio
1697 2017 1764 2072 de

184 2135 315 2179 terra
353 2137 446 2177 sua
478 2130 540 2176 ct
569 2119 887 2188 cognatione
933 2115 1170 2171 discedat
1199 2113 1351 2184 (Gen.
1388 2128 1482 2177 xu,
1524 2112 1573 2177 l)
1607 2120 1764 2178 atque

184 2221 350 2286 illam,
379 2233 503 2287 qum
529 2216 577 2271 ei
603 2218 1020 2276 demonstratur,
1055 2209 1228 2280 potius
1254 2205 1616 2274 concupiscat.
1647 2203 1762 2256 Non

184 2314 314 2365 etim
363 2309 547 2362 adhuc
590 2307 727 2359 valet
774 2305 1035 2375 pusillitas
1068 2311 1245 2355 nostra
1279 2310 1476 2354 metum
1519 2294 1765 2349 obnoxia:

179 2402 496 2457 conditionis
545 2397 838 2466 expellere,
894 2405 946 2448 ct
985 2393 1195 2447 caritati
1246 2375 1496 2462 perfectae
1546 2398 1765 2456 purgata

179 2496 333 2548 corda
361 2504 638 2554 reserare,
684 2499 742 2541 ut
789 2486 1150 2555 relinquentes
1185 2481 1490 2552 prtcscntia,
1521 2490 1764 2547 petamus

178 2598 399 2648 aeterna;
433 2583 718 2653 eiectaque
745 2579 931 2632 ancilla
956 2576 1106 2646 (Gen.
1127 2591 1238 2639 xxi,
1271 2575 1376 2641 l0),
1404 2570 1765 2626 Iiwreditatetn

180 2689 452 2748 paternam
479 2674 636 2730 liberi
663 2673 924 2741 possimus
940 2669 1181 2737 adipisci.
1207 2665 1563 2734 Quamobrem
1587 2677 1766 2732 spero,

177 2769 388 2824 domine
415 2770 491 2822 mi
518 2811 532 2835 ,
570 2775 626 2818 ut
649 2778 743 2833 pro
765 2777 850 2817 me
878 2761 1240 2814 indesinenter
1267 2756 1453 2818 oretis,
1485 2763 1539 2809 et
1561 2754 1770 2823 quoties

177 2860 369 2928 dignati
433 2857 651 2912 fueritis
694 2853 995 2908 ariditatem
1051 2861 1208 2904 terra:
1270 2862 1402 2901 mea:
1451 2845 1770 2914 eloquentia:

175 2966 361 3010 vestra:
399 2955 582 3008 imbre
612 2948 954 3018 perfundere,
981 2959 1085 2998 non
1119 2942 1268 3007 mihi,
1301 2941 1438 2994 sicut
1469 2953 1611 2993 nunc
1644 2938 1770 2992 feci-

174 3049 282 3113 stis,
323 3058 379 3103 et
413 3047 597 3101 adhuc
638 3057 770 3097 meas
813 3037 1138 3094 infirmitatis
1187 3035 1387 3105 ignari,
1436 3033 1695 3086 delicatos
1719 3039 1768 3083 et

1865 1853 2334 1922 ctarintrepidus;
2387 1868 2485 1907 nec
2523 1862 2756 1922 paternae
2807 1853 2968 1906 ictum
3007 1853 3242 1906 dextera:
3273 1852 3427 1906 decli-

1866 1947 2044 2008 nabo;
2096 1944 2390 1998 dummodo
2436 1945 2734 2012 portionem
2785 1944 3064 2014 promissa:
3113 1944 3432 1999 htereditatit

1865 2038 2151 2106 adipiscar.
2204 2035 2385 2106 Neque
2427 2036 2695 2091 attendam
2737 2050 2856 2106 qua:
2899 2035 3026 2089 mihi
3073 2051 3226 2102 paena
3267 2035 3337 2088 sit
3387 2035 3434 2088 in

1865 2127 2097 2198 ﬂagello,
2140 2128 2231 2182 sed
2286 2143 2441 2198 quam
2496 2129 2718 2182 habeam
2765 2128 2817 2181 in
2864 2136 3198 2182 testamento.
3255 2126 3438 2180 Melius

1867 2220 2006 2275 enim
2045 2219 2173 2273 mihi
2215 2229 2298 2273 est
2344 2220 2474 2273 flere
2512 2233 2674 2288 super
2716 2229 2894 2286 patre,
2936 2234 3094 2287 quam
3144 2228 3198 2271 ut
3227 2217 3434 2270 abdit-et

1866 2319 2203 2379 contemptus
2240 2326 2271 2365 a
2320 2318 2489 2378 patre.
2537 2309 2668 2375 Quia
2708 2318 2987 2378 parentum
3019 2309 3187 2376 pietas
3224 2307 3436 2360 distrin-

1867 2400 1974 2468 git,
2021 2411 2079 2455 ut
2108 2401 2374 2471 corrigat;
2413 2415 2518 2455 non
2567 2406 2916 2469 perseverat,
2961 2409 3018 2453 ut
3067 2401 3290 2469 puniat,
3346 2412 3438 2452 nec

1871 2505 2072 2550 tantum
2127 2497 2176 2550 ei
2225 2498 2472 2552 maeroris
2513 2496 2672 2551 infert
2706 2495 3005 2565 arrogantia
3059 2495 3439 2563 superbientis.

1869 2598 2122 2657 quantum
2154 2588 2401 2657 gaudium
2434 2589 2532 2641 fert
2580 2586 2847 2641 humilitas
2870 2587 3196 2641 confitentis.
3232 2587 3321 2642 Sic
3349 2588 3438 2639 illu

1873 2678 2142 2747 Evangelii
2186 2678 2673 2750 indulgentissimus
2717 2689 2866 2751 pater
2918 2680 3106 2744 filium,
3165 2691 3441 2749 praeceptas

1876 2771 2188 2826 substantia:
2248 2772 2584 2827 decoctorem
2619 2814 2635 2838 ,
2705 2774 2825 2826 lteto
2880 2771 3114 2840 suscepit
3172 2770 3441 2839 amplexu,

1875 2866 2171 2935 p'omptiur
2217 2866 2450 2934 gaudere
2501 2864 2569 2920 de
2617 2864 2824 2930 reditu,
2873 2879 3030 2933 quam
3078 2864 3341 2931 imputare
3379 2863 3442 2916 de

1875 2959 2024 3028 lapsu
2067 2958 2227 3027 (Luc.
2275 2957 2400 3026 xv).
2454 2957 2691 3027 Denique
2732 2972 2835 3011 nou
2879 2955 3270 3025 exprobrantur
3310 2955 3442 3008 fat-i-

1875 3065 2036 3113 nora,
2085 3065 2190 3103 non
2232 3048 2472 3113 luxuria,
2517 3062 2622 3101 non
2652 3055 2899 3117 egestas;
2952 3047 3065 3100 sola
3095 3045 3336 3101 conversi
3365 3061 3445 3100 re-

173 3143 358 3195 dulces
409 3139 592 3204 cibos,
648 3134 740 3189 sed
790 3131 1133 3194 austeriores,
1189 3137 1243 3182 et
1291 3125 1590 3195 :egritudini
1637 3135 1768 3176 mea:
1798 3124 1843 3187 C
1873 3141 2048 3195 νας,ίο
2098 3141 2275 3193 omnia
2323 3140 2512 3193 damna
2561 3149 2888 3207 εοηιρεηηι,
2952 3137 3084 3205 Qui,
3133 3136 3301 3206 major
3350 3135 3446 3191 fui.

173 3246 447 3301 congruos
481 3225 811 3296 suggeratis;
844 3223 964 3290 quia
989 3235 1094 3274 non
1121 3217 1410 3284 expediunt
1439 3218 1604 3270 stulto
1633 3213 1770 3267 deli-

169 3328 298 3392 cite;
350 3325 704 3394 postmodum
739 3316 1098 3388 proditoribus
1138 3313 1271 3368 meis
1304 3313 1605 3366 censorium
1634 3321 1773 3377 prte-

170 3417 342 3469 lieatis
377 3427 675 3468 assensum
701 3455 714 3478 ,
749 3408 838 3480 qui
881 3422 1028 3462 more
1060 3407 1275 3459 humani
1305 3401 1532 3472 ingenii,
1577 3398 1771 3452 affectu

169 3509 340 3562 timio
379 3504 706 3575 prmpediti,
745 3518 773 3554 a
808 3501 1035 3554 veritate
1075 3496 1260 3566 judicii
1293 3495 1644 3556 declinantes,
1693 3491 1775 3544 in-

163 3610 409 3656 currunt
460 3613 561 3668 pro
600 3607 787 3648 amore
816 3589 1174 3645 mendacium.
1221 3588 1363 3640 Sane
1399 3600 1495 3638 nec
1531 3592 1776 3635 vereatur

159 3693 442 3746 sanctitas
476 3695 678 3748 vestra,
703 3697 769 3737 ne
791 3679 1098 3735 vulneribus
1121 3676 1252 3730 meis
1270 3675 1469 3745 gratior
1497 3673 1565 3724 sit
1592 3672 1776 3723 foven-

161 3785 225 3838 tis
269 3783 551 3840 dcxtera,
599 3789 758 3845 quam
805 3769 1060 3827 secantis.
1099 3767 1231 3834 Quia
1282 3780 1342 3820 ea
1371 3778 1469 3817 nec
1499 3777 1581 3814 mc
1618 3773 1776 3828 posse

161 3876 372 3938 curari,
393 3881 458 3926 et
486 3877 664 3922 tamen
683 3866 917 3936 graviter
931 3860 1340 3932 computruissc,
1360 3856 1583 3909 Domino
1599 3854 1779 3917 dante,

163 3970 272 4036 jam
303 3963 530 4020 sentio.
564 3961 628 4016 Et
657 3959 777 4013 ideo
804 3955 970 4028 eligo,
1005 3963 1061 4008 ut
1085 3968 1170 4007 me
1193 3951 1372 4022 justus
1397 3944 1779 4003 misericordia

164 4056 563 4128 increpatione
609 4051 904 4119 corripiat,
951 4060 1108 4115 quam
1159 4050 1317 4112 caput
1367 4055 1545 4095 meum
1600 4038 1777 4091 oleum

164 4147 493 4218 peccatoris
543 4141 840 4212 impinguet
883 4134 1011 4210 (Ps.
1037 4134 1273 4203 ch,$).
1321 4129 1560 4200 Supplici
1603 4129 1780 4196 itaque

165 4258 330 4312 prece
362 4243 639 4309 deposco,
687 4243 743 4288 ut
773 4233 841 4288 de
871 4230 962 4286 illo
999 4227 1251 4283 thesauro
1299 4221 1652 4294 penetralium
1685 4234 1779 4274 ve-

165 4309 444 4397 strorum,
499 4328 642 4384 unde
673 4339 812 4381 nova
840 4332 895 4377 et
926 4329 1109 4376 vetera
1146 4315 1386 4387 proferre
1423 4309 1780 4368 consuevistis

168 4424 401 4494 (Matth.
439 4436 566 4486 xm,
593 4416 707 4487 52).
741 4412 1044 4485 peritissimi
1068 4416 1254 4479 utpote
1279 4403 1498 4494 medici,
1542 4401 1781 4494 qui-lan-

1877 3232 2064 3302 procul
2117 3231 2279 3285 dubio
2325 3231 2460 3300 patri
2513 3229 2736 3283 facultas
2786 3228 3019 3293 reditus,
3061 3243 3216 3296 quam
3267 3243 3443 3281 rerum

1876 3326 2117 3381 facultas.
2181 3322 2362 3392 Itaque
2396 3321 2666 3376 abscessit)
2707 3335 2854 3375 reum
2895 3318 3132 3382 fecerat,
3183 3319 3446 3388 regressin

1877 3415 2000 3470 fecit
2053 3415 2339 3468 insontem.
2411 3412 2483 3465 Ea
2547 3411 2911 3466 misericordia
2975 3408 3172 3464 sufﬁcit
3230 3409 3450 3465 hteredi.

1877 3508 2012 3574 Quin
2045 3507 2201 3560 etiam
2232 3514 2466 3573 paterna:
2500 3503 2796 3557 clementia:
2839 3502 2992 3554 venia
3035 3501 3147 3554 sola
3177 3514 3285 3555 non
3338 3501 3446 3554 suf-

1880 3601 2008 3667 ficit,
2046 3600 2186 3668 quod
2224 3598 2359 3653 ulnis
2406 3597 2570 3662 fovet,
2613 3595 2754 3664 quod
2792 3594 2957 3663 gratia
2985 3593 3312 3662 permulcet;
3349 3593 3449 3646 nisi

1880 3702 1936 3748 et
1964 3706 2185 3746 munera
2214 3690 2355 3757 larga
2388 3686 2720 3756 multiplicet.
2751 3687 2845 3738 Dat
2875 3685 3126 3738 annulum
3158 3699 3224 3738 ne
3269 3698 3454 3737 rursus

1881 3799 1909 3838 a
1949 3792 2124 3853 patre,
2166 3780 2385 3851 perfidia
2433 3779 2589 3845 duce,
2633 3777 2891 3833 discedat.
2945 3775 3320 3832 Calceamenta
3365 3778 3455 3829 dat

1881 3874 2128 3946 pedibus,
2169 3889 2275 3945 quo
2321 3872 2524 3927 facilius
2567 3870 2719 3925 ardui
2763 3869 2967 3924 itineris
3001 3883 3188 3938 aspera
3231 3880 3284 3924 et
3323 3867 3454 3924 dura

1881 3977 2208 4022 contemnat.
2266 3964 2364 4018 Dat
2413 3973 2466 4018 et
2515 3963 2681 4030 ipsam
2713 3960 2936 4031 primam
2967 3975 3124 4030 quam
3156 3957 3458 4029 perdiderat

1881 4058 2094 4121 stulam.
2127 4066 2186 4111 ut
2213 4070 2368 4124 quem
2397 4070 2424 4107 a
2455 4063 2626 4108 morte
2651 4060 2946 4122 receperat,
2987 4051 3204 4119 pristina
3243 4051 3459 4104 immur-

1883 4150 2084 4203 talitate
2113 4148 2356 4202 donaret.
2394 4145 2558 4198 Datur
2581 4142 2741 4197 etiam
2763 4144 2876 4211 ipse
2895 4141 3096 4210 juniori
3125 4140 3320 4195 vitulus
3363 4156 3454 4195 re-

1882 4254 2061 4304 verso,
2118 4237 2209 4308 qui
2257 4235 2455 4291 seniori
2503 4249 2670 4304 agnus
2707 4232 2865 4288 datus
2908 4231 3085 4287 fuerat
3135 4231 3203 4287 de
3230 4230 3461 4301 [Egypto

1883 4331 2208 4403 profecturo.
2231 4329 2364 4396 Quia
2389 4327 2503 4397 ipse
2534 4326 2711 4381 educit
2734 4342 2799 4380 ex
2836 4324 3070 4394 Egypto
3099 4333 3268 4394 pater.
3304 4324 3459 4378 Tanti

1885 4423 2119 4492 parentis
2145 4421 2352 4476 imitare
2377 4428 2552 4472 tantus
2576 4417 2755 4472 fidem.
2783 4416 2954 4472 Trade
2979 4415 3345 4485 peccatoribus
3368 4415 3462 4468 ad-

166 4489 464 4582 guentium
510 4509 820 4562 innumeras
851 4508 906 4558 et
932 4499 1109 4554 varias
1139 4493 1485 4567 agritudiues
1515 4489 1765 4561 quotidie,

1881 4516 2158 4587 jutorium,
2191 4522 2382 4583 pra-sta
2412 4510 2726 4568 conantibus
2757 4509 3156 4571 remissionem,
3204 4510 3459 4561 interces-

169 4604 345 4672 gratia
384 4601 490 4655 Dei
521 4596 827 4664 adjuvantc,
868 4589 1097 4653 sanatis,
1127 4584 1366 4657 languori
1395 4597 1604 4652 quoque
1640 4595 1786 4645 meo,

168 4670 288 4762 qua:
315 4688 635 4746 convenire
666 4681 1018 4754 cognoscitis,
1051 4678 1438 4732 medicamenta
1471 4670 1714 4727 mittatis.

781 4792 1110 4847 EPISTOIA
1149 4789 1213 4842 ll.

244 4899 470 4951 Damno
505 4909 622 4955 suo,
657 4887 904 4954 peculiari
931 4889 980 4938 iu
1003 4886 1203 4955 Christo
1233 4881 1450 4955 pentina
1480 4889 1715 4949 patrono,

634 4949 824 5013 Fausto
853 4958 1091 5027 episcopo
1119 4949 1378 5007 Ruricius.

242 5075 318 5114 tta
353 5074 452 5113 me
515 5055 772 5107 hat-tenus
819 5049 979 5117 impia
1026 5044 1348 5114 negligentia
1398 5050 1452 5094 et
1509 5039 1788 5108 negligens

172 5155 435 5224 impietas
471 5144 852 5218 possederunt,
897 5151 952 5194 ut
997 5139 1122 5208 quid
1149 5179 1165 5202 ,
1213 5135 1428 5189 domine
1459 5132 1569 5198 mi,
1612 5130 1663 5185 iu
1709 5146 1793 5184 me

172 5222 545 5313 potissimum
578 5250 848 5297 accusem,
879 5230 1153 5294 nesciant;
1202 5237 1254 5281 ct
1305 5225 1428 5296 quid
1475 5225 1525 5278 in
1567 5239 1651 5277 me
1683 5222 1793 5290 pri-

176 5355 327 5392 mum
383 5345 694 5395 excusem,
752 5344 856 5382 non
903 5326 1189 5379 inveniam.
1234 5324 1290 5377 Si
1331 5323 1474 5376 enim
1514 5331 1795 5386 argumen-

174 5429 452 5482 tationem
526 5422 759 5491 aliquam
829 5419 893 5470 ad
940 5414 1273 5469 excusandas
1326 5411 1700 5466 excusationes
1743 5406 1796 5460 in

178 5520 427 5587 peccatis
494 5514 754 5568 exhibere
801 5516 1078 5561 tentavcro
1122 5505 1234 5573 (Ps.
1266 5519 1384 5562 ch.
1429 5503 1506 5569 4),
1547 5498 1792 5566 adjiciam

251 5706 279 5734 ι
321 5690 570 5751 Juvenis
622 5687 718 5742 fuit
748 5685 836 5752 qui
888 5683 1091 5737 litteras
1136 5693 1221 5732 am
1259 5678 1368 5731 bat.
1405 5676 1560 5729 illum
1609 5674 1779 5726 virum

1887 4612 2092 4665 sionem
2135 4607 2358 4676 largire,
2401 4603 2783 4672 confitentique
2828 4602 2938 4655 filio
2985 4615 3089 4654 non
3134 4601 3214 4653 sill
3255 4614 3304 4650 ιιι
3349 4599 3464 4665 ιιι-ε

1888 4700 2092 4754 veniam
2123 4698 2316 4757 tribue.
2346 4696 2439 4749 sed
2475 4695 2588 4763 ipse
2617 4695 2822 4746 veniam
2850 4691 3138 4759 deprecare
3163 4706 3177 4751 ;
3223 4698 3276 4741 ut
3303 4703 3460 4756 quem

1890 4794 1944 4848 in
1976 4788 2251 4861 peregrina
2286 4785 2451 4855 pattia
2474 4781 2979 4852 appellasltbcrum,
3014 4780 3065 4832 in
3098 4777 3306 4848 propria
3338 4791 3459 4844 pos-

1895 4885 1969 4938 sis
1997 4882 2176 4935 videre
2207 4879 2506 4932 liberatum.
2540 4875 2603 4928 Et
2623 4874 2710 4942 qui
2743 4887 2836 4941 per
2865 4887 2922 4925 se
2937 4871 3113 4924 amisit
3141 4868 3464 4922 dominicam

1895 4971 2288 5034 liberalitatem,
2325 4981 2416 5036 per
2444 4979 2493 5019 te
2537 4972 2801 5018 mereatur
2847 4960 3099 5028 consequi
3143 4959 3464 5024 lihcrtatem,

1895 5082 1995 5121 nec
2044 5081 2071 5118 a
2124 5075 2299 5118 vestro
2344 5069 2624 5130 separetur
2679 5055 2912 5122 solatio,
2961 5053 3052 5124 qui
3109 5061 3469 5122 scqut-stratur

1897 5177 2135 5232 prmum
2453 5221 2780 5278 erasmus
2829 5217 2917 5271 ιιι.

1902 5323 2284 5379 Derinctissimo
2321 5318 2460 5371 Filio
2498 5329 2794 5437 .serlr‘tperqtte8
2831 5308 3070 5378 magni/ie

2604 5399 2766 5437 urictu
2802 5418 2814 5433 .

2604 5399 2814 5437 uricms.

1971 5483 2249 5543 Scribcutli
2297 5481 2427 5536 mihi
2482 5477 2545 5531 ad
2604 5472 3002 5528 ttnauituitalem
3050 5479 3190 5523 tuam
3245 5467 3476 5529 aditum,

3075 5324 3104 5360 ο
3141 5317 3164 5342 α
3236 5301 3277 5348 ﬂ
3285 5287 3468 5354 esperio

1890 5666 2250 5736 tuagn‘zflr-u-n,
2305 5661 2381 5715 Ge
2405 5671 2577 5712 emam
2613 5654 2917 5708 litterarum
2963 5657 3017 5703 et
3059 5645 3349 5700 amicorum
3383 5657 3476 5707 ap~

2635 5858 2664 5865 -ι
