4086 6328
589 349 650 403 7t
1935 337 2022 395 nu
2036 335 2186 419 mou

2302 332 2530 390 'ISCOPI
3804 327 3879 383 72

589 479 749 536 quem
771 467 1113 519 obstruxerat
1140 454 1427 527 imperitia,
1460 452 1714 525 patefecit
1747 451 1967 508 allectus
1991 461 2046 507 et
2086 453 2172 508 illa
2204 456 2254 513 Λ

589 556 913 612 dominatrix
951 550 1189 606 omnium
1228 549 1428 617 pietas,
1464 561 1558 615 per
1585 560 1745 617 quam
1781 544 2067 600 ﬂectuntur
2096 544 2175 598 ri-

588 650 731 720 gida,
763 660 922 703 saxea
962 642 1296 706 molliuntur,
1343 638 1603 696 sedantur
1635 638 1863 705 tumida,
1905 637 2177 699 leniuntur

589 752 801 809 aspera,
844 742 1149 791 tumescunt
1196 733 1357 796 lenia,
1404 733 1695 788 mitescunt
1740 746 1903 796 sava,
1953 730 2179 784 smviuut

589 830 768 896 mitia,
817 826 1184 883 accenduntur
1214 825 1444 895 placida,
1492 836 1758 880 acuuntur
1787 824 1939 879 bruta
1962 862 1976 889 ,
2006 821 2180 877 domi-

588 934 784 979 nantur
810 919 1074 986 barbara,
1124 919 1376 974 immania
1428 918 1723 988 placantur.
1780 915 1950 971 Etiam
1992 920 2046 970 in
2093 930 2181 970 me

587 1030 721 1086 opus
740 1030 895 1070 suum
931 1027 1211 1083 peragens,
1235 1026 1297 1066 os
1318 1010 1529 1082 elingue
1558 1010 1842 1074 reseravit,
1877 1008 2179 1077 producons

589 1122 677 1162 me
696 1121 762 1162 ex
792 1105 1061 1171 tutissimo
1091 1102 1291 1157 silentii
1320 1116 1534 1157 recessu
1570 1099 1635 1156 ad
1673 1100 1945 1170 publicum
1992 1096 2180 1152 formi-

589 1199 935 1267 dandumque
960 1196 1221 1267 judicium
1255 1204 1306 1250 et
1350 1191 1595 1249 invitatio
1623 1191 1788 1248 vestri
1824 1205 1961 1247 nova
2000 1189 2183 1245 subire

590 1292 884 1362 compellit.
916 1288 1155 1355 Scilicet,
1184 1297 1242 1342 ut
1264 1286 1352 1358 qui
1377 1286 1639 1342 hactenus
1677 1284 1820 1340 illam
1857 1283 2178 1339 sententiam

590 1393 811 1441 secutus
855 1384 1152 1454 antiquam,
1196 1396 1301 1449 qua
1348 1378 1545 1435 dicitur
1580 1395 1594 1433 :
1633 1378 2019 1448 Smpenumero
2048 1390 2185 1448 pra:-

595 1486 742 1532 stare
771 1484 980 1544 tacere,
1017 1488 1176 1544 quam
1213 1473 1429 1537 dicere;
1478 1469 1815 1527 inscientiam
1857 1481 2030 1523 meam
2072 1481 2186 1521 ma-

596 1568 783 1623 luerim
813 1565 1147 1622 verecuudlre
1170 1563 1530 1639 taciturnitate
1573 1562 1783 1634 legere,
1816 1575 1974 1632 quam
2014 1561 2186 1643 impu-

596 1661 789 1716 denter
812 1659 1087 1714 incoudito
1110 1671 1359 1712 sermone
1389 1655 1656 1727 proferre.
1688 1668 1795 1709 non
1827 1663 1933 1708 tam
1962 1660 2187 1708 cOnsue-

598 1752 801 1807 tudinis
852 1765 986 1805 mea:
1039 1750 1341 1814 immemor,
1397 1762 1557 1817 quam
1607 1745 1922 1801 rusticitatis
1965 1744 2183 1811 oblitus,

2902 447 3120 506 EPIST.
3161 447 3251 504 IV.

2353 543 2738 603 Det-irrctissimo
2766 542 2877 613 [ilia
2911 558 3207 613 semperque
3240 539 3513 613 magniﬁco
3545 538 3801 611 Hesperio

2580 642 2583 645 π
2943 613 3206 668 Ruricius.

2300 736 2301 739 “
2352 728 2548 802 Recepi
2578 730 2757 801 apices
2785 727 3147 784 uuanimitatis
3197 736 3324 794 tuac,
3362 736 3468 781 tam
3496 726 3666 797 gratia
3706 741 3880 797 quam

2279 822 2618 895 eloquentia;
2668 829 2774 877 tam
2824 834 3009 876 amore
3059 818 3261 890 pariter
3306 832 3463 889 quam
3495 818 3708 887 lepore;
3764 827 3882 874 tam

2281 917 2394 972 sale
2417 930 2575 986 quam
2608 913 2768 972 melle
2810 927 3103 983 respersas.
3137 912 3193 968 lu
3238 911 3434 983 quibus
3473 927 3574 969 nec
3596 911 3883 968 dulcedini

2282 1008 2497 1065 deesset
2524 1006 2748 1079 aliquid,
2792 1020 2893 1063 nec
2916 1004 3115 1076 sapori.
3142 1003 3243 1071 Qui
3285 1018 3405 1060 cum
3450 1003 3597 1059 omni
3623 1003 3886 1061 dictionis

2283 1112 2339 1158 et
2366 1100 2587 1156 rationis
2616 1107 2733 1155 arte
2756 1097 3163 1169 praeemineant,
3190 1098 3308 1154 solo
3338 1105 3515 1153 tamen
3538 1111 3570 1152 a
3589 1112 3650 1153 se
3668 1096 3887 1154 discre-

2284 1206 2413 1262 pare
2435 1191 2684 1246 videntur
2708 1189 2929 1260 judicio.
2954 1189 3090 1244 Dum
3112 1188 3256 1245 enim
3290 1188 3552 1259 paginulas:
3580 1203 3742 1261 metr,
3770 1205 3887 1245 non

2285 1283 2427 1339 laudi
2456 1293 2617 1354 aptae,
2664 1282 2761 1339 sed
2792 1283 3169 1351 vituperationi
3207 1282 3406 1351 ineptia
3437 1283 3757 1338 rusticitatis
3784 1297 3885 1351 ap-

2288 1386 2432 1448 tatae,
2480 1377 2683 1446 majora
2730 1376 2938 1432 meritis
2971 1374 3205 1431 tribuere
3250 1375 3490 1442 festinas,
3533 1384 3587 1429 et
3630 1375 3890 1443 sequeris

2288 1470 2376 1525 Vcl
2400 1467 2806 1525 declamationis
2834 1481 3075 1531 cursum,
3125 1466 3210 1522 vel
3233 1464 3825 1543 diligentis/allectum;
3855 1481 3887 1520 a

2290 1575 2479 1615 norma
2500 1560 2632 1616 recti
2659 1559 2842 1629 iudicii
2869 1559 3170 1615 declinasti.
3197 1558 3277 1615 Ad
3306 1574 3464 1629 quam
3497 1574 3609 1615 rem
3629 1574 3737 1630 ego
3758 1575 3887 1629 per-

2290 1655 2574 1710 fectionem
2605 1668 2710 1709 non
2740 1654 3053 1725 ignorantia:
3085 1652 3233 1723 vitio,
3279 1653 3375 1708 sed
3405 1663 3705 1725 spontaneo
3736 1656 3889 1709 arbi-

2292 1757 2406 1803 tror
2440 1746 2786 1802 descendisse
2823 1745 3069 1812 consilio,
3129 1744 3321 1816 triplici
3376 1760 3447 1800 ex
3494 1761 3656 1802 causa
3686 1763 3699 1801 :
3737 1754 3803 1801 ut
3836 1747 3889 1803 in

595 1847 744 1916 quasi
773 1860 839 1900 ex
873 1844 1070 1898 Arione
1100 1842 1154 1896 in
1177 1841 1447 1910 Orpheum
1480 1847 1701 1910 repente
1729 1844 1989 1904 mutatus,-
2019 1836 2180 1893 velitu
2214 1841 2259 1901 Β
2290 1840 2434 1897 tenui
2460 1839 2684 1896 materia
2724 1848 2780 1895 et
2806 1853 3031 1896 acumen
3063 1838 3283 1908 ingenii,
3328 1848 3381 1895 et
3411 1839 3522 1895 oris
3548 1839 3887 1907 facundiam,

596 1936 964 1994 disertissimis
994 1936 1211 1990 auribus
1252 1934 1356 1990 tuis
1406 1948 1501 1989 ore
1536 1932 1753 2004 garrulo
1786 1945 1895 1987 non
1932 1945 2036 1986 tam
2068 1929 2185 1986 ofli-

595 2032 773 2085 ciosus
799 2042 957 2098 quam
988 2026 1278 2097 iniuriosus
1301 2024 1551 2081 existere.
1605 2023 1741 2079 Dum
1772 2033 1828 2079 et
1852 2023 2033 2095 ignota
2066 2037 2186 2091 per-

595 2132 767 2188 tento,
812 2129 864 2175 et
920 2122 1127 2174 insueta
1175 2132 1463 2189 praesumo.
1513 2115 1620 2174 Sed
1665 2115 1878 2179 dabitis,
1933 2126 1990 2170 ut
2044 2129 2188 2179 reor,

595 2213 809 2268 veniam
835 2211 1070 2267 venienti
1101 2226 1166 2264 ex
1206 2208 1606 2264 necessitudine
1641 2207 1959 2263 necessaria:
2004 2221 2192 2261 neces-

596 2306 791 2360 sitatis.
850 2303 983 2369 Quia
1037 2301 1180 2373 quod
1229 2300 1451 2356 dilectio
1490 2302 1543 2354 in
1584 2299 1892 2354 mortalium
1926 2299 2108 2353 mentii
2132 2315 2192 2354 us

598 2393 828 2450 naturali
884 2401 1152 2463 potestate
1199 2390 1300 2446 sibi
1360 2389 1615 2455 vindicet,
1671 2390 1948 2445 conscium
1996 2397 2192 2444 mutua:

600 2484 868 2555 passionis
894 2493 1079 2553 pectus
1102 2483 1361 2553 agnoscit.
1391 2481 1534 2552 Ergo
1565 2480 1974 2536 neexcusationi
1992 2479 2194 2537 diutius

601 2580 973 2646 immorantes,
1013 2576 1087 2631 ita
1118 2575 1362 2647 paginam
1401 2572 1707 2640 dilatemus,
1763 2582 1823 2630 ut
1870 2588 1975 2630 non
2021 2574 2193 2629 solum

600 2671 694 2726 tibi
734 2686 842 2725 non
872 2669 1125 2725 exhibeat
1177 2682 1357 2724 sermo
1401 2667 1745 2738 incomptior,
1800 2681 1986 2722 verum
2034 2666 2196 2722 etiam

602 2762 753 2834 copia
803 2761 1109 2817 inordinata
1163 2760 1480 2829 fastidium;
1529 2758 1640 2830 jam
1691 2758 1743 2814 in
1775 2772 1961 2815 vocem
1986 2759 2198 2830 pietatis

602 2855 954 2925 erumpimus,
1003 2861 1058 2908 et
1091 2852 1483 2908 desideriorum
1514 2851 1675 2908 verba
1707 2859 2002 2921 ructamus,
2051 2867 2199 2931 com-o

602 2947 920 3002 mendantes
971 2945 1068 3000 tibi
1118 2944 1313 3016 pignus
1344 2952 1620 3009 nostrum,
1666 2941 1970 3013 depositum
2022 2952 2193 3012 tuum,

602 3037 755 3107 cujus
783 3051 881 3091 nos
909 3037 1252 3106 susceptione
1281 3035 1492 3104 cepisti.
1523 3034 1643 3090 Tibi
1667 3036 1811 3090 enim
1840 3048 1990 3101 spem
2019 3045 2201 3104 postc-

602 3129 780 3183 ritatis
808 3142 981 3192 meae;
1036 3127 1130 3182 tibi
1183 3126 1433 3182 solatium
1460 3127 1587 3181 vitae
1617 3127 1929 3197 priesentis,
1971 3136 2025 3182 ct
2055 3126 2201 3182 leva-

2291 1940 2348 1990 et
2364 1931 2690 1989 afﬂuentiam
2721 1932 2989 1988 sermonis
3013 1931 3350 1989 ostenderes.
3396 1932 3565 1988 Sicuti
3615 1933 3671 1988 in
3702 1935 3889 2004 jejuno

2291 2033 2450 2095 atque
2480 2024 2656 2080 otioso
2694 2024 2899 2093 cespite
2926 2024 3097 2094 magis
3141 2024 3428 2079 strenuitas
3467 2024 3695 2080 cultoris
3725 2040 3887 2095 appa-

2292 2124 2397 2183 ret,
2415 2130 2537 2171 cum
2564 2122 2659 2169 aut
2686 2115 3034 2171 rebellionem
3059 2114 3336 2185 glebarum
3360 2116 3626 2171 tenacium
3654 2118 3885 2187 repetita

2294 2207 2493 2275 saepius
2534 2207 2887 2277 impressione
2914 2207 3148 2263 vomeris
3193 2206 3397 2274 domat,
3444 2218 3538 2263 aut
3573 2208 3885 2263 ariditatem

2295 2300 2512 2355 nimiam
2561 2302 2815 2356 stercoris
2841 2300 3152 2371 aspersione
3196 2300 3466 2365 fecundat,
3522 2308 3582 2355 ut
3609 2300 3885 2356 fructuum

2295 2392 2527 2464 copiam,
2555 2408 2712 2463 quam
2738 2393 2836 2450 soli
2870 2401 3055 2449 natura
3088 2402 3264 2464 negat,
3293 2392 3557 2448 industria
3589 2394 3885 2464 producat;

2298 2486 2372 2540 ita
2417 2494 2472 2541 et
2514 2495 2568 2541 tu
2597 2494 2887 2556 egestatem
2943 2486 3185 2553 epistolas
3226 2499 3361 2543 mea:
3407 2485 3737 2553 eloquentia:
3788 2498 3889 2541 tua:

2299 2577 2544 2634 ubertate
2580 2578 2783 2646 ditasti,
2816 2586 2874 2633 ut
2904 2579 3071 2647 possit
3100 2592 3243 2644 esse,
3274 2579 3318 2632 si
3348 2592 3464 2633 eam
3493 2579 3887 2647 suppresseris,

2299 2679 2351 2725 te
2379 2671 2652 2741 loquente,
2701 2670 3015 2736 laudabilis;
3064 2670 3109 2725 si
3153 2686 3279 2725 vero
3311 2669 3617 2741 protuleris,
3665 2670 3890 2726 incutiat

2298 2772 2354 2818 et
2385 2762 2511 2818 mihi
2535 2762 2602 2818 de
2627 2762 2756 2818 falsa
2785 2760 2965 2829 laude,
3004 2770 3059 2816 et
3086 2762 3180 2817 tibi
3215 2760 3284 2817 de
3308 2760 3497 2831 iudicii
3528 2775 3719 2817 errore
3743 2774 3889 2817 vere-

2299 2856 2570 2911 cundiam.
2621 2854 2688 2909 Et
2716 2854 2933 2920 ideirco,
2978 2854 3099 2924 quia
3128 2853 3451 2923 imperitiam
3478 2866 3655 2908 meam
3682 2852 3764 2908 tui
3792 2867 3888 2923 pu-

2300 2948 2449 3005 doris
2469 2963 2605 3020 opus
2628 2963 2747 3004 esse
2768 2948 3006 3012 Voluisti,
3037 2962 3167 3003 cave
3189 2962 3277 3014 ue,
3308 2947 3579 3018 praeconio
3608 2957 3703 3011 tur
3736 2946 3891 3003 nobis

2302 3056 2408 3095 non
2434 3039 2905 3110 respondentibus,
2937 3047 3024 3093 tua
3057 3039 3389 3107 periclitetur
3416 3038 3634 3094 electio.
3682 3036 3885 3108 Itaque,

2301 3134 2349 3188 si
2372 3132 2498 3203 quid
2526 3130 2658 3187 mibi
2687 3132 2883 3196 credis,
2934 3130 2982 3187 si
3031 3130 3157 3200 quid
3188 3130 3401 3201 utrique
3431 3128 3697 3197 consulis,
3758 3126 3890 3184 indi«

601 3232 748 3283 men,
779 3218 825 3273 si
850 3218 1103 3273 divinitas
1148 3219 1418 3283 annuerit,
1454 3216 1677 3283 futurae;
1734 3218 1829 3272 tibi
1881 3218 1973 3273 uni
2014 3216 2194 3298 omnia
2222 3212 2268 3277 C
2300 3240 2462 3296 gnum
2490 3230 2770 3291 memor-:3,
2802 3224 3074 3281 oblivione
3098 3222 3471 3295 dignissimum
3498 3225 3749 3279 volumen
3772 3223 3889 3278 abs.

604 3324 721 3365 mea
766 3319 889 3365 ruta
938 3308 1208 3365 commisi.
1259 3308 1339 3365 Te
1378 3318 1405 3346 ⁸
1447 3308 1747 3365 elicitorem
1771 3318 1826 3365 et
1851 3307 2198 3365 formatorem

605 3401 911 3474 lapillorum
946 3401 1230 3468 nobilium,
1263 3409 1319 3457 et
1345 3401 1654 3457 rimatorem
1681 3400 1835 3468 auri,
1877 3410 1929 3457 te
1956 3411 2202 3472 reperto-

606 3511 721 3551 rem
753 3509 907 3566 aquze
937 3494 1155 3550 latentis
1180 3495 1314 3565 elegi
1339 3535 1353 3559 ,
1381 3495 1470 3565 qui
1511 3495 1665 3551 sciris
1707 3494 1986 3551 abstrusas
2011 3493 2203 3566 lapidi-

606 3585 707 3641 bus
733 3598 971 3655 gemmas
998 3585 1233 3657 propria.-
1260 3584 1491 3641 reddere
1518 3587 1896 3657 gent‘rositati;
1950 3601 2071 3657 qum
2098 3587 2202 3641 utf-

606 3695 710 3752 que
732 3680 783 3735 in
811 3687 954 3734 tanta
974 3694 1153 3734 rerum
1179 3677 1493 3735 confusione
1514 3678 1825 3735 amitterent
1845 3679 2198 3748 nobilitatem,

606 3772 648 3825 si
674 3770 910 3841 judicem
940 3785 1047 3826 non
1080 3770 1363 3826 baberent.
1406 3769 1612 3845 Aurum
1644 3786 1880 3842 quoque,
1908 3771 2089 3827 arenis
2120 3771 2197 3827 vi.

606 3860 747 3916 libus
781 3860 1044 3927 mixtum,
1100 3861 1203 3913 nisi
1255 3861 1480 3914 artificis
1528 3861 1746 3916 solertia
1782 3862 1990 3916 lavetur
2025 3861 2199 3931 aquis,

608 3951 818 4021 ignibus
840 3952 1143 4020 eliquctur,
1188 3965 1289 4006 nec
1326 3951 1668 4021 splendorem
1713 3954 1914 4023 poterit
1966 3956 2203 4010 retinere

610 4057 710 4097 nec
734 4042 1009 4096 meritum.
1036 4042 1225 4110 Septas
1254 4044 1417 4097 etiam
1450 4057 1707 4112 aquarum
1742 4044 2071 4099 manantium
2106 4061 2199 4100 ve-

612 4149 730 4200 nas,
761 4144 817 4188 et
843 4134 1135 4189 obductum
1168 4143 1310 4189 terra
1349 4135 1533 4189 liuenti
1565 4136 1806 4205 alveum,
1845 4137 1944 4191 nisi
1974 4137 2203 4208 diligen-

613 4226 721 4279 tius
745 4226 1117 4280 erndcraverit
1157 4224 1472 4296 appetitoris
1510 4224 1809 4293 industria,
1856 4227 2031 4282 laticis
2068 4228 2202 4283 unda

615 4331 720 4371 non
770 4315 917 4372 liuet.
980 4317 1055 4371 Ita
1095 4326 1148 4372 et
1180 4326 1496 4373 tenerorum
1547 4320 1721 4375 adhuc
1763 4319 1908 4377 acies
1948 4336 2202 4377 sensuum

614 4407 932 4478 ignorantia:
962 4410 1168 4477 nubilo,
1200 4411 1352 4482 quasi
1381 4413 1664 4469 crassitate
1705 4415 1975 4469 scabrosm
2008 4415 2207 4485 rubigi—

616 4502 701 4557 nis
731 4502 973 4568 obsessa,
1003 4504 1103 4558 nisi
1132 4504 1348 4559 as~idua
1371 4506 1607 4560 doctoris
1642 4507 1765 4561 lima
1796 4517 2080 4577 purgetur,
2110 4522 2204 4561 ne—

2302 3318 2510 3401 conde,
2555 3318 2601 3374 si
2644 3318 2726 3375 vis
2768 3329 2819 3375 et
2850 3334 2938 3376 me
2975 3318 3041 3372 ad
3072 3316 3349 3374 arbitrium
3382 3326 3528 3373 tuum
3555 3319 3790 3374 aratoris
3810 3316 3887 3373 fa-

2306 3425 2448 3467 mam
2472 3418 2529 3467 et
2554 3420 2606 3466 te
2633 3411 2841 3482 probati
2857 3410 3056 3482 iudicis
3084 3410 3333 3468 obtinere
3356 3426 3659 3482 personam.

2375 3604 2767 3661 Devinctissimo
2797 3604 2905 3675 ﬁlia
2936 3516 3538 3731 magnifico
3569 3603 3821 3676 Hesperio

3017 3693 3229 3731 ericius.

3017 3693 3229 3731 urmus.

2377 3767 2773 3839 Spoponderas,
2828 3767 2905 3824 liii
2954 3768 3254 3835 carissime,
3304 3778 3363 3824 ut
3411 3768 3542 3824 mihi
3593 3769 3894 3839 aliquosde

2310 3859 2621 3916 ramuscula
2648 3874 2807 3929 quem
2838 3874 2904 3915 ex
2948 3860 3302 3916 amaritudine
3344 3861 3396 3916 itt
3427 3861 3785 3919 domesticum
3807 3878 3895 3919 sa.

2308 3965 2491 4019 porem
2514 3948 2828 4005 vertendum
2856 3950 3393 4023 transferendumque
3425 3967 3768 4024 susceperas,
3806 3955 3895 4008 ilc-

2306 4040 2486 4095 sculos
2510 4040 2831 4109 destinares,
2876 4057 3103 4111 quorum
3130 4042 3301 4098 odore
3327 4055 3710 4113 cognoscerem
3742 4059 3898 4116 quam

2307 4146 2457 4201 spem
2486 4134 2601 4203 spei
2621 4148 2810 4204 gerere
2836 4132 3119 4200 deberem;
3145 4120 3446 4190 utrumnam
3474 4136 3575 4206 ipsi
3598 4136 3765 4192 liores
3784 4152 3899 4207 ger.

2310 4226 2472 4290 mina,
2506 4234 2600 4281 aut
2619 4242 2808 4283 rursus
2842 4227 2955 4297 ipsa
2999 4228 3241 4298 germina
3288 4227 3492 4283 fructus
3532 4228 3615 4283 sui
3643 4229 3899 4299 qualitate

2312 4320 2708 4389 promitterent,
2742 4321 3009 4393 iidemque
3037 4322 3229 4379 iterum
3264 4322 3468 4379 fructus
3492 4331 3672 4379 utrum
3697 4325 3900 4395 possint

2309 4425 2363 4473 te
2390 4427 2724 4488 excoquente
2772 4418 3077 4483 mitescere,
3119 4429 3174 4475 et
3198 4419 3337 4474 dulci
3378 4418 3706 4489 eloquentia
3737 4424 3899 4475 verbo

2308 4496 2638 4565 audientium
2661 4502 3073 4568 corda‘satiare.
3095 4512 3255 4580 Quod
3285 4512 3405 4583 quia
3437 4513 3618 4569 nescio
3646 4529 3813 4584 quam
3837 4513 3900 4570 ob

617 4596 733 4666 quit
762 4606 953 4665 sponte
982 4596 1301 4653 clarescere.
1336 4596 1506 4651 Tuum
1536 4614 1667 4669 ergo
1699 4615 1871 4666 nunc,
1918 4611 2068 4654 tuum
2098 4609 2199 4669 cst,
2234 4599 2284 4661 D
2310 4617 2525 4659 causam
2554 4602 2734 4659 facere
2764 4604 3040 4671 distulisti,
3070 4614 3429 4674 opportunum
3453 4619 3548 4660 vos
3577 4605 3899 4662 admonendi

618 4688 672 4739 in
717 4687 801 4740 his
841 4687 1094 4742 omnibus
1132 4697 1187 4743 et
1232 4689 1469 4759 opinioni
1517 4700 1641 4755 tum,
1694 4700 1749 4746 et
1774 4700 1958 4746 nostro
2008 4693 2207 4761 pariter

617 4780 946 4848 respondere
964 4780 1188 4851 judicio,
1222 4797 1290 4836 ne
1328 4791 1422 4836 aut
1450 4792 1504 4839 tu
1550 4784 1955 4855 prmsumpsisse
1996 4784 2203 4850 illicite,

616 4885 706 4930 aut
736 4892 833 4931 uos
861 4876 1258 4932 inconsiderate
1288 4861 1518 4948 ‘elegisse
1548 4878 1847 4935 videamur.

621 5172 854 5245 pnllabat
879 5172 1147 5245 Sidonius,
1196 5188 1284 5242 ep.
1310 5173 1345 5224 I.
1371 5188 1448 5237 tv,
1477 5187 1561 5241 ep.
1588 5171 1689 5245 22.
1734 5173 1813 5228 Ad
1853 5189 1975 5245 eum
2008 5176 2208 5245 smpius

625 5242 838 5315 Scripsit
879 5244 1145 5311 Ruricius,
1171 5256 1224 5298 ut
1258 5251 1401 5314 patet
1424 5258 1491 5298 ex
1515 5242 1677 5314 epist.
1704 5246 1761 5311 5,
1797 5245 1855 5311 4,
1892 5244 1947 5313 5,
1993 5242 2103 5315 ipsi
2130 5247 2209 5300 iu-

626 5313 861 5383 scriptis.
905 5315 1063 5369 iisan.

699 5392 724 5420 ι
766 5384 838 5437 lta
876 5398 1129 5453 expresse
1165 5400 1267 5439 ms.
1302 5391 1498 5439 novato
1527 5384 1788 5440 vocabulo
1824 5394 1879 5441 et
1911 5402 2016 5441 non
2047 5388 2215 5441 inele-

628 5464 785 5524 gante
806 5470 968 5509 sensu
1007 5457 1072 5509 ab
1112 5456 1391 5521 eliciendo,
1435 5456 1574 5510 sicut
1608 5455 1816 5525 Jupiter
1858 5463 1926 5511 ab
1955 5460 2214 5513 eliciendis

630 5524 939 5582 fulminibus
967 5526 1241 5581 dicebatur
1271 5525 1494 5595 Elicius,
1530 5524 1689 5582 Ovid.
1716 5543 1769 5582 ill
1812 5527 1999 5582 Fast:

776 5616 1010 5671 Eliciuut
1034 5615 1158 5671 caelo
1178 5625 1251 5681 te,
1280 5615 1483 5684 Jupiter
1505 5634 1525 5673 :
1556 5618 1691 5673 unde
1716 5620 1935 5672 minores

844 5688 896 5743 Ν
904 5704 1001 5743 unc
1023 5705 1219 5758 quoque
1261 5701 1308 5744 te
1337 5689 1624 5758 celebrant,
1658 5688 1982 5759 Eliciumque
2010 5700 2211 5745 vacant.

702 5806 811 5863 Nisi
844 5804 1000 5862 malis
1026 5806 1238 5877 legere:
1275 5804 1576 5859 licitatorem
1600 5845 1615 5871 ,
1662 5804 1806 5874 quod
1846 5818 1953 5858 non
1982 5803 2152 5873 place:
2184 5820 2198 5868 ;

2320 4697 2529 4758 tempus
2575 4689 2777 4754 iuveni,
2833 4704 2940 4759 quo
2989 4690 3043 4744 iu
3092 4689 3371 4744 harmonia
3421 4690 3604 4745 mundi
3651 4694 3901 4746 universa

2317 4781 2606 4837 animantia
2648 4782 2797 4837 bruta
2828 4785 3048 4852 pariter,
3088 4794 3141 4840 et
3164 4784 3413 4854 elinguia,
3449 4784 3781 4853 incedentia,
3815 4800 3903 4839 vo-

2317 4874 2680 4945 lantia,atque
2710 4876 2939 4946 reptilia,
2959 4876 3070 4931 suis
3100 4890 3325 4946 qumque
3355 4877 3547 4938 modis,
3567 4878 3681 4932 suis
3711 4878 3902 4940 sibilis,

2316 4968 2536 5039 suisque
2564 4985 2788 5038 qumque
2818 4968 3059 5034 vobibus,
3106 4972 3207 5024 etsi
3236 4984 3371 5024 sono
3402 4969 3644 5037 dissono,
3692 4981 3791 5024 aut
3817 4986 3905 5025 ore

2320 5173 2433 5227 vel:
2455 5173 2837 5237 elucidulorem,
2854 5175 2995 5242 quod
3021 5175 3222 5229 malim.
3252 5175 3377 5230 Haec
3405 5176 3902 5236 Canisius.—Ma'c,

2322 5246 2376 5298 ni
2403 5243 2579 5309 fallor,
2604 5245 2889 5301 laudantur
2911 5244 2990 5299 illi
3018 5261 3205 5301 versus
3231 5247 3427 5301 Ovidii.
3470 5248 3584 5301 Non
3614 5247 3739 5302 ideo
3765 5249 3905 5300 dice-

2320 5315 2477 5369 batur
2497 5314 2717 5388 Jupiter
2738 5315 2801 5368 El
2823 5316 2955 5388 cius,
2988 5318 3127 5388 quod
3151 5317 3369 5371 fulmina
3394 5319 3630 5373 vibraret
3653 5329 3710 5373 et
3750 5319 3906 5372 elice-

2318 5394 2418 5449 ret,
2458 5387 2549 5441 sed
2582 5386 2721 5454 quod
2760 5402 2790 5441 e
2828 5386 2965 5442 casio
3000 5386 3112 5441 rlici
3152 5402 3211 5441 se
3248 5399 3539 5455 pateretur.
3586 5391 3718 5442 Cum
3762 5401 3901 5442 ειιιιιι

2318 5456 2531 5527 Jupiter
2578 5457 2628 5511 in
2678 5458 2903 5526 gratiam
2944 5457 3129 5512 Numm
3167 5458 3524 5513 desiderantis
3578 5474 3719 5514 seire
3780 5473 3904 5527 quo-

2321 5527 2481 5582 modo
2511 5526 2709 5599 fulmen
2738 5527 2869 5597 piari
2919 5538 3127 5599 possit,
3162 5544 3195 5583 e
3229 5531 3383 5585 caelis
3428 5531 3482 5585 in
3523 5542 3697 5585 terras
3735 5526 3903 5599 tratus-

2322 5596 3135 5672 tneassct,AEliciuadeebatur.
3174 5600 3263 5654 Sic
3284 5600 3443 5655 etiam
3478 5601 3761 5672 Hrsperius
3794 5596 3901 5672 Eli:

2316 5672 2457 5743 citari
2472 5669 2768 5743 lapillorum
2798 5671 3097 5743 dicebatur,
3119 5686 3154 5741 q
3194 5672 3261 5727 od
3296 5686 3537 5743 gemmas
3572 5667 3604 5728 ὁ
3643 5681 3785 5728 terra
3817 5667 3897 5724 vel

2318 5741 2583 5811 lapidibus
2613 5742 2885 5797 educeret.
2931 5742 3088 5796 Btsx.
