4086 6328
240 367 311 428 ’13

1527 356 2006 415 EPISTOLARUM
2044 357 2172 413 LIB.
2213 358 2253 413 1.

3421 358 3484 415 74

251 485 469 548 diverso,
521 479 635 549 pari
675 486 851 533 tamen
879 476 1091 543 affectu,
1137 475 1286 545 quasi
1333 489 1440 529 uno
1465 481 1727 529 concentu
1755 472 1806 527 in
1834 476 1887 534 Α
1913 473 2294 526 commendare
2327 486 2430 524 non
2463 473 2750 540 possimus,
2779 472 2963 527 saltem
2997 473 3078 528 vel
3102 473 3305 544 paginis
3334 489 3487 533 man-

250 576 442 632 laudem
486 570 688 642 preprii
736 567 966 623 auctoris
1003 575 1328 634 erumpunt,
1406 575 1460 619 et
1492 564 1802 633 potentiam,

247 683 394 739 quam
433 676 679 734 promere
724 669 1014 728 nequeunt,
1061 658 1258 713 sentire
1297 671 1356 710 se
1401 655 1649 725 produnt.
1695 653 1807 708 Hoc

249 761 462 826 namque
490 765 732 823 tempore
761 751 936 805 cuncti
962 750 1106 806 orbis
1145 749 1352 820 species
1379 748 1615 801 rediviva
1646 759 1805 814 repa-

246 863 401 908 ratur.
434 849 502 903 Et
526 845 778 918 quidquid
802 845 852 898 in
885 860 950 899 eo
979 844 1082 898 situ
1111 842 1434 912 squalidum,
1465 839 1664 908 frigore
1690 848 1805 891 tur-

245 946 435 1007 hidum,
458 941 629 1010 glacie
655 946 984 999 concretum,
1009 937 1249 990 nuditate
1275 934 1536 1000 deforme,
1558 932 1806 987 ariditate

244 1043 614 1108 praemortuum
645 1031 902 1084 hactenus
944 1028 1062 1091 fuit,
1103 1026 1169 1080 ad
1200 1026 1366 1080 instar
1395 1023 1806 1080 resurrectionis

241 1127 484 1195 emergit;
538 1135 597 1178 ut
646 1124 814 1176 discat
858 1122 1088 1175 humana
1133 1119 1392 1187 fragilitas
1419 1117 1485 1172 de
1514 1115 1806 1171 visibilibus

238 1216 538 1279 invisibilia,
581 1221 636 1269 et
663 1214 728 1266 de
761 1210 1110 1280 przescntibus
1156 1211 1329 1263 futura
1377 1221 1720 1276 cognoscere,
1753 1213 1807 1259 et

237 1325 380 1381 spem
409 1316 648 1363 venturae
665 1303 901 1359 melioris
930 1303 1120 1365 aetatis,
1143 1300 1380 1369 deposita
1408 1295 1805 1366 desperatione,

238 1401 508 1470 percipiat.
540 1397 689 1452 Nunc
714 1396 873 1451 etiam
906 1395 1060 1448 tellus
1090 1392 1258 1448 sterili
1299 1391 1474 1458 rigore
1501 1389 1803 1454 conclusas,

237 1493 380 1560 quasi
406 1491 550 1546 virili
579 1488 782 1543 semine
812 1485 910 1539 hoc
941 1500 1104 1538 verno
1135 1492 1375 1552 tempore
1402 1490 1679 1549 concepto,
1711 1494 1806 1535 oc-

236 1583 383 1641 cultis
403 1581 651 1637 maritata
679 1578 962 1643 meatibus,
992 1589 1154 1630 venas
1195 1575 1336 1628 laxat
1376 1573 1441 1626 ad
1474 1581 1706 1642 partum.
1741 1569 1810 1625 Et

236 1676 351 1732 hinc
368 1672 517 1744 quod
547 1671 751 1726 deliciis
778 1684 961 1731 suave,
990 1667 1130 1736 quod
1156 1666 1272 1721 esui
1312 1664 1489 1728 dulce,
1523 1663 1661 1732 quod
1689 1661 1806 1717 usui

233 1770 376 1835 utile,
398 1764 546 1837 quod
573 1765 732 1819 victui
761 1760 1146 1826 necessarium,
1171 1757 1310 1826 quod
1337 1755 1473 1810 visui
1491 1753 1805 1823 jucundum,

1915 563 2044 618 dare
2071 577 2337 617 curemus.

2516 675 2727 732 EPIST.
2774 677 2881 732 VII.

1913 765 2131 819 Domino
2172 781 2264 820 suo
2309 767 2630 835 peculiariter
2675 768 2730 839 in
2771 767 2970 820 Christo
3013 779 3227 839 patrono
3271 771 3485 828 Bassnfo

2438 839 2674 906 episcopo
2708 837 2964 890 Ruricius.

1982 928 2149 996 Quam
2181 943 2268 984 me
2296 929 2518 1000 diligere
2560 938 2742 982 sancta
2790 930 2974 997 pietas,
3017 939 3071 986 et
3111 933 3193 1001 pia
3233 935 3484 990 sanctitas

1911 1033 2086 1079 vestra
2130 1025 2379 1096 dignetur
2423 1026 2738 1081 multimodo
2785 1027 3025 1096 probatis
3069 1026 3260 1082 affectu
3288 1070 3301 1092 ,
3353 1029 3482 1080 dum

1911 1115 2130 1185 legenda
2157 1119 2534 1182 transmittitis,
2588 1131 2641 1173 et
2669 1119 2905 1188 neglecta
2933 1118 3212 1188 corrigitis,
3245 1119 3486 1173 dilectio-

1911 1221 2031 1262 nem
2057 1208 2323 1278 diligendo
2346 1211 2678 1278 provocatis;
2713 1221 2765 1264 et
2794 1211 2935 1280 quod
2966 1211 3262 1279 prmdicatis
3284 1213 3480 1277 verbis,

1910 1297 2113 1352 docetis
2159 1302 2440 1370 exemplis.
2485 1303 2588 1356 Sed
2631 1304 2879 1373 quoniam
2925 1318 3106 1357 semen
3155 1313 3390 1357 vestrum
3435 1306 3484 1356 in

1911 1397 2051 1443 terra
2083 1392 2330 1447 steriliet
2347 1392 2565 1448 dumosa
2594 1408 2698 1448 non
2729 1394 2958 1460 proficit,
2979 1402 3162 1463 utpote
3181 1411 3298 1464 qua:
3323 1395 3485 1448 senti-

1910 1479 2008 1534 bus
2032 1486 2558 1549 supererescentibus
2594 1485 2988 1551 suf'focatur,ne
3023 1487 3162 1541 sicut
3199 1485 3484 1540 infructuo-

1911 1587 2022 1628 sam
2046 1574 2192 1628 illam
2215 1577 2491 1632 ficulneam
2517 1577 2799 1648 mejubeat
2826 1579 3076 1632 Dominus
3098 1579 3290 1645 vineze,
3327 1592 3485 1648 quam

1913 1672 2060 1719 tanto
2089 1674 2331 1738 tempore
2357 1669 2712 1740 nequidquam
2757 1679 3049 1738 exspectat,
3076 1669 3346 1733 abscindi;
3396 1683 3487 1723 vos

1912 1757 2242 1813 severiorem
2269 1762 2590 1815 sententiam
2623 1761 2826 1817 orando
2851 1760 3082 1828 differte,
3107 1760 3275 1815 donec
3290 1760 3486 1815 doctri-

233 1862 367 1931 quod
390 1859 616 1915 olfactui
647 1865 876 1926 gratum,
929 1852 1066 1921 quod
1118 1850 1278 1904 tactui
1329 1849 1601 1915 blandum,
1651 1859 1811 1900 omne
1839 1859 1890 1922 Β
1917 1863 2000 1903 nm
2050 1860 2241 1906 vestra:
2269 1851 2297 1890 δ
2343 1852 2664 1923 pinguedine
2713 1865 2959 1924 tanquam
3003 1864 3157 1910 terra:
3192 1854 3487 1908 amaritudo

239 1952 496 2024 producit.
556 1947 832 2018 Siquidem
883 1944 999 1999 htec
1046 1953 1129 1999 est
1182 1943 1269 1996 illa
1325 1940 1643 2010 temperies,
1693 1952 1812 2007 quae

235 2046 407 2102 mundi
442 2043 719 2099 nascentis
750 2039 1050 2103 materiam,
1102 2035 1252 2106 quasi
1294 2035 1467 2089 adhuc
1511 2033 1562 2086 in
1595 2033 1813 2086 incuna-

232 2138 364 2192 bulis
395 2146 643 2192 teneram
692 2133 744 2187 in
774 2129 979 2201 gremio
1025 2127 1254 2198 quodam
1281 2124 1710 2180 clementissima:
1735 2123 1813 2175 al-

229 2230 370 2284 tricis
393 2226 687 2296 complexu
714 2221 970 2285 nutrivit;
1002 2235 1068 2275 ne
1089 2217 1442 2272 substantiam
1467 2216 1609 2270 nullo
1632 2215 1810 2269 labore

228 2321 464 2376 duratam
519 2326 614 2372 aut
659 2316 876 2370 aestivus
923 2313 1099 2368 fervor
1126 2318 1396 2375 exureret,
1441 2317 1533 2362 aut
1568 2307 1811 2362 hiemalis

226 2414 371 2485 algor
400 2413 794 2480 exstingueret,
844 2417 935 2462 aut
982 2413 1259 2460 ventorum
1307 2404 1470 2457 ﬂabra
1511 2409 1805 2470 portarent.

226 2506 392 2562 liabet
419 2505 607 2574 itaque
631 2511 910 2570 susceptus
938 2509 1060 2553 tuus
1087 2495 1651 2552 convenientissimum
1678 2503 1811 2549 tem-

223 2612 340 2666 pus,
372 2613 484 2666 quo
538 2595 699 2648 animi
733 2592 978 2647 socordia
1021 2590 1234 2644 tandem
1276 2586 1559 2657 aliquando
1590 2594 1617 2623 ι
1645 2585 1810 2655 depo-

223 2692 342 2758 sita,
371 2689 761 2745 hebetudinem
788 2685 965 2741 cordis
991 2693 1233 2739 exacuat.
1261 2681 1325 2736 Et
1343 2682 1384 2735 si
1409 2682 1546 2735 inter
1570 2680 1811 2734 homines

219 2782 534 2838 declamare
562 2797 666 2836 non
695 2788 891 2849 potest,
919 2778 1106 2833 saltem
1135 2778 1273 2831 inter
1294 2775 1525 2845 pecudes
1550 2774 1805 2837 clamare,

219 2882 310 2928 aut
336 2873 482 2929 inter
510 2871 759 2928 volucres
777 2869 980 2939 garrire
1008 2867 1242 2922 festinet.

851 3001 1066 3056 EPIST.
1112 2999 1197 3054 Vl.

220 3097 446 3154 Domino
478 3105 654 3153 sancto
683 3104 730 3149 et
754 3094 978 3166 piissimo
997 3091 1156 3166 AP_atri
1187 3089 1479 3156 Nepotiane
1520 3087 1809 3158 presbytero

877 3163 1136 3218 Ruricius.

285 3280 525 3337 Codices
568 3292 702 3349 quos
748 3277 1001 3332 sanctitas
1043 3281 1220 3328 vestra
1262 3271 1554 3327 transmisit
1605 3270 1807 3338 accepi,

213 3372 535 3442 eloquentia
568 3370 765 3435 claros,
815 3366 1038 3422 scientia
1088 3367 1371 3435 perfectos,
1411 3362 1652 3417 doctrina
1684 3377 1814 3432 pro-

214 3464 339 3530 bos,
375 3461 511 3516 fidei
534 3462 762 3528 puritate
791 3459 1129 3528 perspicuos;
1162 3457 1249 3526 qui
1274 3470 1546 3509 sacrorum
1577 3455 1816 3508 testimo-

212 3558 438 3611 niorum
476 3553 725 3608 ubertate
755 3551 1064 3617 locupletes,
1114 3548 1428 3600 auctoritate
1478 3554 1811 3613 praestantes,

210 3646 336 3701 luce
365 3645 668 3712 fulgentes,
719 3641 872 3694 facile
916 3649 969 3692 et
997 3638 1227 3690 fidelium
1262 3646 1466 3689 mentes
1491 3636 1811 3699 illuminent,

205 3748 261 3794 et
298 3733 618 3791 infidelium
640 3745 853 3786 errores
870 3730 1118 3798 detegant
1143 3737 1299 3796 atque
1318 3727 1654 3779 convincant.
1676 3726 1818 3790 Quo-

212 3844 336 3883 rum
367 3840 482 3896 ego
510 3833 665 3894 gustu
691 3820 980 3875 admodum
1014 3817 1158 3873 tenui
1189 3817 1442 3886 pellectus
1471 3817 1642 3883 potius
1661 3829 1817 3883 quam

213 3920 491 3979 refectus,
544 3915 608 3969 ad
637 3913 932 3968 satietatem
961 3917 1179 3981 propter
1226 3907 1611 3961 sollicitudines
1638 3905 1818 3960 sarculi

214 4011 526 4083 pervenire
554 4023 656 4062 non
707 4006 873 4076 potui.
907 4004 1055 4058 Sicut
1084 4002 1223 4056 enim
1253 4000 1561 4053 stomachus
1590 4013 1709 4052 cum
1740 3997 1819 4052 fe-

215 4102 642 4167 briumardore
665 4098 1002 4167 decoquitur,
1036 4094 1220 4148 dulces
1267 4092 1366 4146 sibi
1394 4101 1516 4145 ante
1541 4090 1689 4145 cibos
1719 4103 1817 4144 nec

214 4166 442 4251 oblatos
473 4206 572 4247 ore
599 4166 826 4258 recipit,
853 4203 950 4242 nec
981 4185 1207 4255 requirit
1235 4184 1470 4249 ablatos;
1518 4181 1589 4236 ita
1617 4188 1671 4235 et
1695 4176 1815 4232 ani-

217 4301 341 4342 mus
364 4281 667 4341 mundanis
686 4279 1043 4334 anxietatibus
1069 4277 1316 4345 eurisque
1337 4274 1631 4339 confectus,
1661 4269 1817 4339 spiri-

218 4380 358 4436 tales
389 4377 571 4443 dapes
599 4388 698 4428 nec
727 4371 993 4426 desiderat
1019 4369 1289 4432 absentes,
1322 4381 1418 4420 nec
1447 4365 1614 4432 carpit
1648 4376 1816 4431 appo-

218 4472 376 4533 sitas,
434 4481 542 4522 nec
588 4464 749 4519 sentit
798 4462 1022 4515 infusas.
1068 4461 1195 4525 Quae
1236 4473 1355 4511 cum
1411 4457 1479 4509 ita
1531 4470 1590 4509 se
1633 4454 1686 4506 in
1733 4467 1818 4507 me

222 4563 497 4626 habeant,
520 4573 615 4611 vos
633 4566 808 4610 tamen
831 4564 885 4609 et
913 4554 980 4622 pii
1007 4552 1236 4621 parentis
1255 4549 1518 4618 probastis
1547 4547 1813 4610 affectum,

221 4665 276 4710 et
307 4651 544 4709 solliciti
595 4645 831 4716 magistri
879 4642 1265 4703 ministerium,
1316 4649 1366 4693 et
1412 4638 1581 4694 seduli
1624 4637 1815 4692 medici

221 4744 502 4816 implestis
548 4739 803 4798 officium,
849 4743 906 4788 ut
947 4734 1037 4787 tali
1086 4731 1244 4785 taedio
1287 4730 1547 4783 laboranti
1579 4728 1812 4782 medica-

224 4849 410 4895 menta
440 4845 685 4900 congrua
717 4827 1021 4883 mitteretis.
1073 4824 1277 4889 Quibus
1326 4831 1380 4877 et
1408 4831 1625 4890 propter
1655 4821 1821 4889 negli-

222 4927 474 4998 gentiam
513 4935 686 4976 meam
727 4933 824 4986 ego
870 4931 975 4971 non
1023 4915 1176 4969 valeo
1205 4912 1455 4979 consequi
1486 4911 1818 4978 sospitatem.

227 5022 337 5077 Vos
367 5031 564 5075 tamen
582 5007 886 5083 percipietis
912 5023 939 5061 a
966 5007 1110 5076 justo
1131 5011 1476 5073 repensatore
1494 5000 1818 5068 mercedem,

228 5114 320 5181 qui
352 5111 529 5165 etiam
561 5117 656 5173 pro
680 5101 900 5170 ingratis
924 5106 1103 5168 grates
1141 5093 1428 5150 benevolas
1467 5093 1663 5147 referre
1691 5107 1821 5147 con-

231 5203 433 5257 suevit.
465 5197 672 5250 llorum
700 5205 799 5260 ego
828 5189 1173 5258 praefatorum
1205 5185 1445 5240 codicum
1475 5199 1658 5250 unum,
1690 5185 1827 5238 sicut

229 5290 503 5362 iussistis,
555 5281 770 5348 retinui,
819 5279 980 5334 alium
1007 5277 1210 5343 remisi,
1243 5291 1400 5346 quem
1437 5276 1494 5331 S.
1526 5274 1708 5369 Hilarii
1742 5275 1828 5330 Pi-

233 5396 410 5440 etava:
465 5376 621 5433 urbis
667 5373 917 5427 antistitis
975 5384 1096 5425 esse
1158 5369 1432 5423 noveritis.
1497 5367 1665 5434 Quod
1704 5368 1828 5437 quia

235 5469 654 5547 praeceperatis,
704 5463 942 5519 indicare
987 5461 1187 5516 curavi.
1221 5458 1373 5514 Hune
1401 5473 1528 5513 vero
1559 5467 1824 5514 retentum

236 5564 564 5640 permittitis
611 5557 932 5623 transferre;
978 5552 1238 5622 disposui,
1282 5561 1338 5609 ut
1374 5551 1516 5622 quod
1550 5551 1821 5607 memoria:

312 5718 338 5746 ι
373 5705 481 5760 Ms.
520 5700 585 5780 in.
605 5695 840 5777 margine
860 5694 1119 5746 detestata.
1205 5699 1210 5704 '

312 5779 337 5816 δ
373 5778 480 5830 Ms.
496 5812 507 5829 .
539 5778 792 5834 pinguitie.

505 5863 775 5922 Pnnoa.
839 5852 1058 5916 LVIII.

1841 3228 1888 3292 C

1914 1937 2244 1996 infructuosa
2288 1941 2578 1998 duleeseat.
2631 1944 2733 1999 Sed
2767 1945 3015 2014 quoniam
3059 1945 3177 2012 plus
3201 1952 3325 1998 sunt
3351 1945 3488 2012 apud

1913 2045 2000 2086 me
2020 2031 2214 2086 delicta
2243 2047 2400 2104 quam
2450 2034 2642 2099 verba,
2689 2051 2790 2091 nec
2836 2052 3048 2105 possum
3098 2037 3234 2092 facta
3276 2038 3488 2107 expiare

1911 2123 2279 2190 sermonibus,
2330 2124 2642 2195 obsequium
2684 2127 2873 2182 saltem
2901 2127 3190 2196 epistolare
3222 2127 3488 2195 dependo,

1911 2219 1966 2266 et
1994 2212 2208 2280 librum,
2259 2231 2414 2285 quem
2462 2217 2850 2285 praestiteratis,
2901 2233 2986 2273 me
3014 2219 3284 2273 remisisse
3322 2219 3487 2286 signi—

1911 2302 2031 2358 fico.
2064 2303 2262 2369 Alium,
2311 2307 2401 2375 qui
2451 2307 2743 2362 identidem
2780 2309 2974 2364 vestris
3003 2309 3185 2363 usibus
3236 2325 3490 2363 nuncne—

1912 2394 2176 2448 cessarius
2207 2410 2314 2448 non
2342 2406 2443 2465 est,
2491 2412 2649 2467 spero
2699 2413 2793 2466 per
2834 2398 3143 2467 portitorem
3177 2399 3361 2452 harum
3394 2413 3486 2453 re-

1913 2486 2071 2538 mitti.
2095 2485 2332 2542 Juheatis
2354 2489 2510 2542 simul
2533 2490 2675 2559 quod
2701 2491 2744 2544 si
2770 2491 2995 2560 propitio
3015 2491 3124 2546 Deo
3140 2491 3205 2544 ad
3232 2491 3488 2546 solemni-

1913 2584 2075 2632 tatem
2101 2589 2407 2635 sanctorum
2431 2581 2668 2651 gurdone
2693 2582 2886 2638 abituri
2927 2584 3066 2648 sitis.
3097 2583 3490 2639 recurrentibus

1913 2671 2050 2726 scire
2079 2672 2300 2727 faciatis.

2513 2810 2730 2868 EPIST.
2777 2813 2907 2867 Vlll.

1915 2896 2136 2950 Domino
2158 2914 2251 2951 suo
2287 2902 2532 2975 peculiari
2565 2904 2614 2956 in
2641 2903 2838 2958 Christo
2865 2905 3083 2958 Domino
3117 2915 3332 2975 patrono
3358 2916 3378 2944 ε
3405 2906 3490 2961 Si-

2356 2973 2510 3025 donio
2533 2975 2767 3042 episc0po
2799 2975 3058 3029 Ruricius.

1987 3081 2409 3140 Praedicantibus
2443 3086 2615 3153 vobis,
2660 3089 2854 3157 smpius
2901 3090 3114 3144 audisse
3157 3105 3241 3145 me
3290 3093 3490 3160 recolo,

1917 3175 2222 3231 nullatenus
2251 3177 2322 3232 ab
2363 3179 2730 3250 iniquitatibus
2773 3196 2870 3238 nos
2916 3197 3072 3252 posse
3112 3185 3346 3251 purgari,
3393 3185 3493 3240 nisi

1918 3267 2175 3324 fuerimus
2204 3270 2426 3325 erimina
2460 3281 2660 3340 nostra,
2710 3276 3036 3330 conscientia
3078 3288 3491 3347 compungente,

1917 3357 2170 3414 confessi.
2221 3360 2352 3427 Quis
2381 3363 2543 3426 enim,
2597 3379 2703 3418 non
2749 3364 2922 3420 dicam
2966 3368 3240 3437 consequi,
3285 3369 3378 3422 sed
3411 3371 3492 3424 vel

1919 3465 2163 3520 quaerere
2191 3462 2353 3522 queat
2391 3455 2795 3524 indulgentiam,
2846 3457 2948 3513 nisi
2977 3459 3330 3529 deplorationi
3361 3477 3495 3515 con-

1919 3542 2211 3598 fessionem
2231 3545 2432 3600 erroris
2451 3546 2744 3615 adjungat?
2765 3548 2895 3614 Quia
2917 3565 3070 3604 error
3091 3551 3493 3620 indulgentiam,

1921 3647 2026 3686 non
2075 3633 2405 3702 indulgentia
2448 3636 2668 3704 requirit
2707 3652 2967 3692 errorem.
3016 3641 3166 3704 Quod
3214 3659 3313 3710 ego
3344 3643 3498 3696 valde

1922 3736 2102 3775 serum
2135 3737 2255 3777 esse
2284 3738 2635 3792 cognoscens,
2668 3726 2875 3780 facinus
2905 3743 3080 3781 meum
3112 3745 3278 3797 nuper
3301 3731 3499 3783 admis-

1921 3829 2063 3881 sum,
2111 3815 2294 3884 pietati
2342 3827 2537 3870 vestrae
2587 3817 2820 3872 iudicare
2865 3834 2969 3873 non
3012 3819 3212 3873 distuli.
3244 3820 3318 3874 Ne
3357 3822 3499 3888 quod

1921 3907 2082 3962 modo
2106 3907 2366 3976 prodente
2389 3923 2474 3962 me
2495 3917 2699 3977 spectat
2730 3909 2794 3965 ad
2838 3910 3068 3979 veniam,
3114 3921 3324 3967 tacente
3355 3923 3500 3982 post-

1923 3999 2138 4054 modum
2167 4001 2461 4068 pertineret
2485 3999 2551 4055 ad
2579 4002 2814 4071 culpam.
2861 4003 2963 4058 Sed
2981 4004 3090 4073 jam
3124 4005 3293 4074 ipsum
3316 4005 3498 4062 dolum

1923 4091 2245 4161 proferimus
2273 4091 2325 4145 in
2360 4091 2615 4146 medium.
2650 4093 2799 4147 Furti
2827 4109 2912 4148 me
2941 4095 3094 4149 vobis
3121 4112 3269 4151 reum
3300 4107 3498 4163 statuo,

1923 4191 1978 4237 et
2004 4182 2308 4252 depositum
2337 4192 2572 4239 vestrum
2597 4200 2703 4250 me,
2725 4185 3093 4255 ignorantibus
3119 4189 3287 4255 vobis,
3318 4189 3500 4245 illicito

1923 4278 2331 4346 praesumpsisse
2372 4279 2681 4346 pronuntio.
2726 4279 2875 4347 Quod
2906 4290 2962 4334 ut
2989 4291 3163 4335 tamen
3193 4285 3498 4338 committe-

1925 4385 2060 4434 rem,
2085 4371 2426 4426 occasionem
2461 4371 2805 4441 perpetrandi
2850 4372 3096 4428 facinoris
3128 4389 3220 4429 vos
3249 4375 3498 4440 dedistis,

1922 4473 2014 4518 aut
2044 4473 2308 4519 tentantes
2336 4465 2609 4534 cupidum,
2633 4475 2725 4520 aut
2752 4467 3018 4521 indoctum
3049 4469 3262 4522 erudire
3283 4471 3500 4538 cupien-

1925 4566 2024 4611 tes.
2059 4557 2306 4612 Codicem
2355 4573 2602 4628 namque,
2653 4574 2809 4628 quem
2840 4561 2906 4614 de
2936 4562 3098 4614 fratre
3132 4576 3251 4615 meo
3280 4561 3501 4616 Leontio

1927 4663 2013 4703 me
2033 4648 2275 4718 recipere
2299 4648 2598 4716 jusscralis,
2649 4652 2982 4707 transtulisse
3011 4668 3097 4706 me
3129 4653 3317 4706 fateor.
3348 4653 3500 4720 Quod

1929 4739 1974 4793 si
1996 4739 2259 4809 probatis,
2291 4736 2318 4774 ἀ
2349 4739 2644 4807 ignoscite;
2667 4741 2711 4794 si
2743 4741 3031 4808 imputatis,
3058 4745 3346 4812 agnoscite.
3370 4744 3498 4808 Quia

1930 4829 2250 4882 confessioni
2296 4832 2508 4897 querela
2555 4827 2806 4883 sociatur.
2858 4830 2986 4883 Nam
3021 4833 3246 4897 primum
3279 4842 3334 4883 ut
3377 4847 3499 4886 eum

1932 4917 2164 4985 legerem
2189 4917 2432 4970 voluntas
2457 4916 2686 4984 impulit.
2731 4917 2930 4972 Deinde
2959 4919 3046 4973 ille
3078 4929 3156 4972 ut.
3181 4918 3497 4975 transferre-

1933 5016 2018 5062 tur
2065 5007 2309 5062 extorsit.
2358 5008 2490 5063 Nam
2540 5025 2659 5065 cum
2708 5011 2776 5066 de
2831 5011 3056 5081 dapibus
3114 5012 3279 5081 ipsius
3326 5012 3499 5071 adhuc

1933 5114 2097 5166 pauca
2121 5099 2392 5166 libassem,
2439 5101 2615 5157 taliter
2653 5118 2740 5158 me
2780 5113 2938 5174 gustu
2969 5104 3265 5159 illecebrosi
3294 5108 3500 5174 saporis

1928 5191 2118 5261 illexit,
2143 5201 2199 5245 ut
2231 5192 2385 5260 primi
2409 5193 2802 5262 quodammodo
2846 5197 3080 5264 parentis
3111 5195 3366 5263 imitator,
3398 5196 3501 5250 Do-

1930 5284 2074 5336 mino
2120 5291 2340 5350 repente
2367 5291 2697 5353 contempto,
2748 5284 2812 5337 ad
2853 5285 3152 5338 satietatem
3201 5285 3498 5340 studuerim

1931 5373 2238 5441 pervenire;
2290 5373 2564 5442 magisque
2592 5374 2874 5429 consilium
2908 5375 3181 5431 suadentis
3212 5393 3370 5445 quam
3402 5376 3503 5430 im-

1932 5465 2136 5533 perium
2160 5462 2483 5518 dominantis
2512 5465 2791 5519 audierim.
2824 5464 2954 5519 Nam
2980 5476 3035 5522 ut
3064 5469 3239 5523 omnia
3271 5466 3502 5537 pectoris

1933 5555 2037 5610 mei
2081 5568 2272 5608 arcana
2318 5555 2683 5620 manifestam,
2732 5555 2952 5611 videbar
2997 5559 3125 5614 mihi
3168 5559 3289 5614 libri
3338 5557 3503 5627 ipsius

2007 5687 2538 5760 fliuitArvernorum
2557 5688 2741 5760 cp'jsc.,
2760 5688 2909 5756 isque
2926 5691 3325 5760 celeberrimus.
3343 5693 3498 5747 Btmv.

2005 5757 2030 5794 ⁸³
2055 5756 2212 5813 Forlc
2241 5758 2531 5828 agnoscite;
2559 5759 2601 5811 si
2624 5759 2885 5828 imputatis
2912 5762 3174 5827 ignoscite.

3120 5851 3156 5905 3
