4086 6328
580 360 651 419 75
1931 355 2187 413 numen
2227 357 2531 415 EPlSGOPl
3790 366 3863 431 ,ὅ

544 530 547 533 .
580 474 745 531 verba
774 473 1109 531 adhortantis
1130 475 1316 524 audtre
1341 487 1352 522 :
1376 468 1514 536 Quid
1553 483 1758 538 cessas,
1789 471 2013 541 ingrate,
2042 472 2168 542 quid
2197 482 2253 538 Α
2277 475 2512 548 ambigo.
2546 478 2687 535 Cum
2733 488 2789 536 et
2833 495 2930 540 vos
2970 483 3252 542 abundetis
3301 476 3626 556 tabellariis,
3669 488 3727 546 Et
3766 506 3860 551 me

579 565 825 621 dubitas?
851 563 999 618 Nosti
1028 576 1150 631 erga
1172 568 1225 615 te
1244 561 1549 616 communis
1572 563 1782 619 Domini
1813 565 2159 631 voluntatem,
2266 567 2451 624 sciatis
2479 570 2725 627 laborare
2749 580 2989 643 egestate
3015 578 3304 643 sermonis,
3341 593 3403 635 ac
3432 582 3717 638 sterilitate
3741 587 3860 639 exi-

577 674 737 728 quam
784 656 1008 711 diversis
1053 653 1429 709 occasionibus
1482 663 1531 708 te
1579 656 1801 710 elimare
1848 658 2161 724 contendat,
2266 658 2328 711 Iis
2354 657 2575 727 ingenii,
2612 661 2758 716 velut
2779 663 2980 719 aestivis
3010 666 3283 721 mensibus
3313 670 3698 727 arentis'vene
3724 680 3858 727 cur-

576 768 734 823 quam
764 750 853 806 tibi
885 749 1047 805 etiam
1077 748 1245 802 invito
1273 747 1544 817 spiritales
1585 748 1733 803 cibos
1777 751 1950 805 soleat
1991 750 2163 805 bonus
2263 763 2381 802 sum
2410 749 2624 818 sudare,
2650 766 2757 807 non
2779 752 3276 811 fluere.Addidistis
3295 759 3860 829 etiam,sicutAchilli

578 855 759 915 pastor
786 844 1051 912 ingerere.
1099 840 1225 895 Mihi
1257 839 1439 906 crede,
1489 840 1606 909 plus
1640 839 1756 907 tibi,
1798 844 1843 894 si
1870 841 2161 909 distuleris,

573 954 732 1010 quam
772 936 1117 992 transtuleris
1154 933 1456 1004 imputabit.
1514 933 1650 1001 Quia
1680 934 1936 989 studiosis
1962 934 2159 1004 iavere,

572 1048 681 1087 non
710 1030 952 1085 invidere
978 1029 1276 1084 consuevit.
1326 1027 1419 1082 His
1450 1036 1506 1082 et
1544 1026 1743 1083 talibus
1770 1028 1993 1085 silentio
2026 1030 2162 1086 allo-

571 1126 714 1196 quiis
737 1126 789 1179 in
808 1122 1020 1179 vincula
1036 1122 1154 1192 ejus
1182 1136 1267 1176 me
1291 1122 1624 1177 voluntarius
1650 1124 1849 1192 pariter
1862 1133 1918 1178 et
1941 1133 2164 1179 coactus

572 1227 766 1285 sponte
784 1213 1016 1282 conjeci,
1036 1213 1103 1267 ad
1120 1212 1532 1282 exemplandum
1552 1228 1677 1269 eum
1697 1213 1920 1269 festinus
1937 1216 2161 1282 accessi,

574 1311 744 1379 Quem
774 1310 957 1365 nescio
984 1316 1188 1372 utrum,
1231 1305 1370 1360 sicut
1400 1313 1504 1371 est,
1557 1307 1941 1376 transcriptum
1969 1321 2036 1361 an
2068 1321 2163 1377 pa-

573 1417 748 1462 ratum
793 1403 1019 1460 reddere
1064 1402 1289 1458 debeam
1344 1401 1398 1456 in
1437 1409 1619 1457 vestro
1668 1401 1867 1471 pendet
1911 1402 2154 1457 arbitrio.

573 1498 688 1569 Ego
733 1506 910 1552 tamen
942 1495 1114 1551 libens
1165 1493 1389 1548 multam
1443 1507 1605 1563 quam
1647 1492 1959 1556 intuleritis,
2008 1493 2157 1547 exci-

572 1588 745 1659 piam;
791 1588 915 1657 quia
973 1584 1274 1642 remedium
1321 1598 1500 1640 meum
1545 1593 1782 1639 vestrum
1828 1583 1992 1639 credo
2034 1597 2158 1640 esse

572 1680 877 1746 decretum,
929 1687 986 1734 et
1037 1678 1355 1734 sententiam
1408 1685 1644 1731 vestram
1688 1674 1954 1731 medelam
2018 1677 2159 1731 duco

572 1785 714 1837 esse,
741 1785 849 1826 non
878 1783 1112 1839 pcenam.
1912 1766 1915 1767 ⁷

1197 1902 1411 1959 EPlST.
1454 1902 1545 1958 IX.

574 1996 795 2052 Domino
822 1996 1072 2067 peCuliari
1113 1997 1167 2050 in
1207 1992 1408 2067 Christo
1445 1995 1663 2050 Domino
1690 2006 1905 2067 patrono
1944 1995 2160 2052 Sidonio

1230 2066 1495 2120 Ruricius.

642 2160 717 2214 lta
748 2173 831 2213 me
858 2172 1053 2213 recens
1098 2158 1441 2226 praedicatio,
1487 2166 1540 2212 et
1577 2158 1795 2228 antiqua
1826 2158 2043 2213 dilectio
2072 2174 2160 2214 ve-

571 2260 697 2307 stra:
731 2250 942 2318 pietatis
984 2249 1195 2313 illexit,
1227 2258 1286 2301 ut
1311 2248 1537 2301 audeam
1568 2249 1787 2302 auribus
1818 2250 2009 2303 vestris
2042 2250 2159 2305 ine-

470 2327 482 2341 “
571 2342 697 2410 ptiis
739 2340 872 2393 meis
921 2337 1100 2392 facere
1153 2338 1350 2407 saepius
1391 2338 1678 2406 injuriam;
1726 2339 1853 2394 dum
1901 2351 2157 2408 vestram,

571 2443 829 2505 quantum
854 2431 1022 2485 sterili
1049 2430 1320 2499 ingeniolo
1350 2431 1687 2498 conceditur,
1718 2434 1983 2505 attingere
2004 2437 2160 2504 cupio

564 2524 931 2593 disciplinam.
976 2522 1147 2587 Quam
1189 2522 1289 2577 etsi
1343 2524 1556 2593 assequi
1603 2526 1805 2595 grande
1842 2535 1952 2593 est,
2000 2538 2161 2597 atque

571 2617 822 2687 difﬁcile,
850 2620 1005 2691 sequi
1035 2629 1213 2675 tamen
1255 2620 1534 2689 pulchrum
1582 2624 1665 2677 est
1707 2635 1865 2694 atque
1905 2624 2154 2682 sublime.

573 2713 834 2781 Quoniam
880 2729 1211 2769 summarum
1262 2731 1443 2771 rerum
1495 2732 1601 2772 non
1649 2718 1864 2787 adeptio
1912 2728 2155 2791 tantum,

572 2805 666 2860 sed
697 2804 859 2859 etiam
892 2805 1117 2860 imitatio
1146 2806 1259 2876 ipsa
1282 2805 1517 2875 jucunda
1556 2818 1658 2864 est.
1701 2808 1833 2875 Quia
1885 2826 2158 2881 nunquam

572 2896 685 2951 fere
729 2896 923 2965 aliquis
957 2896 1073 2967 ejus
1099 2897 1177 2953 rei
1206 2900 1455 2967 portione
1490 2898 1556 2953 ad
1591 2900 1854 2969 integrum
1881 2912 2058 2967 caret,
2092 2904 2159 2957 ad

570 3004 732 3059 quam
774 2988 1038 3044 scandere
1081 3004 1145 3044 ac
1190 2989 1477 3059 pervenire
1518 2992 1870 3046 contenderit.
1907 2993 2159 3049 Desidero

570 3084 783 3154 itaque,
822 3083 1041 3139 domine
1082 3084 1189 3151 mi,
1239 3084 1522 3150 desidero,
1571 3087 1821 3155 inquam,
1869 3087 1974 3142 tuis
2026 3087 2158 3143 cibis

571 3174 752 3239 relici,
801 3181 893 3227 tuo
936 3173 1080 3229 fonte
1120 3176 1323 3244 potari,
1368 3177 1472 3230 tuis
1518 3178 1712 3246 repleri
1752 3178 2010 3247 dapibus,
2055 3178 2158 3232 tuis

2266 837 2592 911 Patroclum,
2623 853 2716 899 aut
2752 844 2964 901 Herculi
2988 846 3277 915 Theseum,
3319 850 3406 906 vel
3441 851 3653 908 Theseo
3698 855 3859 926 Pyrri-.-

2265 934 2475 1001 thoum,
2532 935 2607 990 ita
2652 950 2748 991 vos
2783 937 2918 992 mihi
2964 938 3165 995 debere
3209 943 3423 998 sociari.
3456 942 3513 998 In
3541 943 3626 999 his
3655 944 3859 1003 fabulis

2264 1029 2525 1103 factisque
2564 1035 2828 1105 maiorum
2864 1051 2970 1093 non
3012 1039 3413 1109 praerogativam
3464 1050 3854 1110 personarum,

2265 1124 2360 1179 sed
2408 1128 2867 1195 comparationem
2908 1129 3169 1185 debemus
3214 1130 3520 1187 dilectiOnis
3568 1134 3855 1201 accipere;

2265 1230 2323 1273 ut
2350 1222 2645 1275 amicorum
2671 1223 2976 1278 recolentes
2999 1225 3236 1292 nomina,
3263 1240 3550 1296 sequamur
3570 1230 3856 1298 exempla;

2264 1320 2320 1368 et
2345 1327 2531 1368 eorum
2560 1314 2618 1369 in
2649 1329 2749 1370 nos
2776 1316 3036 1371 vocabula
3064 1317 3468 1384 transferentes,
3492 1320 3684 1375 merita
3714 1332 3858 1375 con-

2264 1406 2537 1473 feramus;
2570 1414 2729 1477 atque
2750 1423 2814 1461 ex
2853 1408 3088 1477 ipsorum
3118 1411 3281 1479 gestis
3314 1410 3594 1479 magniﬁca
3626 1426 3857 1481 quaeque

2264 1504 2320 1552 et
2357 1498 2583 1555 honesta
2629 1511 2948 1568 carpentes,
2982 1499 3105 1555 vita:
3135 1512 3336 1557 nostra:
3384 1502 3588 1558 utiliter
3626 1508 3853 1573 coapte-

2265 1605 2418 1657 mus;
2449 1602 2504 1647 et
2534 1595 2832 1649 serviamus
2881 1594 3119 1648 nobisin
3162 1595 3385 1650 caritate
3437 1595 3699 1663 candida,
3743 1612 3853 1651 non

2269 1682 2574 1739 adulatione
2616 1685 2810 1740 fucata.
2855 1685 3284 1757 Studeamusque
3313 1687 3453 1757 quod
3501 1688 3556 1742 in
3600 1688 3855 1744 amicitiis

2266 1776 2478 1831 illomm
2510 1787 2785 1846 poetarum
2822 1778 3031 1835 falsitas
3059 1780 3244 1847 finxit,
3283 1782 3333 1835 in
3364 1782 3518 1837 nobis
3546 1783 3852 1837 animorum

2178 1862 2237 1924 ¹Β
2264 1869 2462 1925 veritas
2490 1880 2749 1940 peragat;
2794 1880 2851 1926 ut
2890 1872 3014 1926 dum
3058 1870 3255 1927 imitari
3303 1872 3549 1928 videmur
3589 1874 3802 1944 antiqua
3832 1915 3852 1939 ,

2262 1960 2631 2031 relinquamus
2662 1963 2953 2029 imitanda;
2986 1972 3040 2018 et
3066 1965 3341 2019 seniorum
3372 1963 3508 2019 facta
3532 1963 3811 2020 laudantes
3836 2006 3850 2027 ,

2263 2052 2547 2108 laudemur
2570 2069 2599 2107 a
2628 2056 2878 2123 posteris.
2907 2055 3033 2111 Hmc
3062 2070 3210 2126 ergo,
3259 2055 3476 2110 domine
3501 2056 3605 2121 mi,
3638 2056 3852 2111 ﬂamma

2263 2148 2497 2211 pectoris
2538 2144 2682 2210 mei,
2738 2146 3070 2214 persuasioni
3119 2157 3253 2212 tute,
3299 2152 3457 2216 quam
3504 2146 3854 2201 conscientia

2262 2246 2395 2289 mete
2435 2236 2662 2304 amplius
2709 2235 2970 2305 credens,
3011 2237 3199 2307 gerulo
3233 2235 3552 2305 festinante,
3604 2237 3854 2292 breviter

2260 2325 2566 2394 cursimque
2605 2326 2799 2382 dictavi
2830 2343 2845 2382 :
2892 2338 3012 2396 quae
3036 2328 3229 2398 peritia
3255 2337 3345 2383 tua
3376 2336 3428 2383 et
3455 2327 3696 2397 probitas
3722 2334 3844 2394 tua,

2261 2417 2305 2471 ei
2333 2417 2488 2473 amici
2534 2418 2876 2475 verecundia:
2916 2420 3179 2487 consulit,
3230 2427 3322 2475 aut
3362 2420 3542 2477 celare
3588 2419 3849 2487 debebit,

2260 2516 2355 2563 aut
2381 2508 2670 2565 emendare
2696 2510 2929 2565 curabit.

2885 2621 3104 2680 EPIST.
3144 2622 3241 2679 XI.

2261 2709 2485 2768 Domino
2527 2715 2732 2769 sublimi
2776 2724 3071 2839 sempeéque
3098 2715 3390 2798 .magniﬁco
3431 2714 3583 2783 fratri
3617 2711 3846 2769 Fredar.

2980 2802 3189 2839 unctus.

2980 2802 3189 2841 unctus.

2333 2879 2595 2946 Quoniam
2644 2879 2935 2935 ammnitati
2970 2880 3211 2934 nemoris
3245 2879 3409 2933 vestri
3439 2879 3600 2933 etiam
3649 2878 3851 2935 deserti

2262 2972 2430 3026 noetri
2460 2972 2687 3041 ineptias
2718 2972 2964 3027 voluistis
2992 2972 3207 3043 adjungi
3227 3014 3241 3039 ,
3272 2970 3563 3039 transmisi,
3598 2971 3737 3027 sicut
3766 2971 3852 3025 in-

2254 3063 2529 3135 junxistis,
2566 3064 2801 3119 abietum
2829 3065 3039 3135 plantas
3065 3106 3080 3131 ,
3107 3078 3215 3120 non
3242 3064 3454 3136 specie,
3495 3064 3591 3119 sed
3614 3064 3851 3134 proceri-

2263 3167 2373 3213 tate
2402 3158 2719 3225 placituras;
2746 3173 2850 3213 non
2875 3157 3161 3225 fructibus,
3186 3158 3280 3213 sed
3308 3158 3390 3212 sui
3414 3156 3853 3228 peregrinatione

572 3237 747 3337 epulis
778 3266 1011 3336 saginari
1047 3284 1058 3318 :
1092 3281 1225 3336 quas
1251 3267 1299 3322 si
1320 3269 1441 3338 quis
1461 3312 1475 3336 ,
1508 3237 1948 3325 distribuentibus
1972 3268 2155 3337 vobis,
2186 3237 2233 3302 Ε
2264 3250 2568 3315 mirabiles;
2617 3265 2724 3306 non
2756 3266 2854 3306 usu
2882 3258 3064 3321 aptas,
3097 3251 3193 3307 sed
3220 3252 3532 3307 ammaitate
3564 3250 3848 3322 jucundas.

572 3375 681 3415 non
711 3375 923 3416 summo
948 3376 1043 3416 ore
1074 3362 1352 3427 libaverit,
1401 3363 1496 3417 sed
1538 3363 1662 3417 totis
1701 3364 1892 3417 animae
1937 3363 2156 3417 visceri-

572 3452 675 3507 bus
702 3460 961 3521 appetens
990 3452 1214 3508 conviva
1245 3452 1512 3509 sorbuerit
1534 3494 1549 3521 ,
1580 3464 1746 3523 atque
1772 3456 2162 3524 intimoipecto-

571 3541 647 3595 ris
699 3542 1041 3611 postmodum
1090 3543 1307 3599 easdem
1363 3544 1731 3600 ruminaturus
1778 3546 2155 3612 absconderit;

570 3634 793 3704 incipiet
844 3636 1073 3691 assiduis
1127 3638 1517 3694 ructationibus
1567 3638 1622 3695 in
1672 3640 1887 3696 laudem
1945 3641 2157 3697 Domini

569 3727 955 3797 omnipotentis
975 3744 1289 3800 erumpere;
1323 3730 1553 3787 refertus
1581 3733 1771 3802 corde,
1802 3749 1897 3789 ore
1920 3734 2155 3805 jejunus,

566 3817 696 3873 dum
744 3828 893 3873 satur
928 3822 1127 3883 esurit,
1157 3831 1211 3876 et
1238 3831 1511 3877 saturatur
1553 3825 1832 3891 esuriens;
1882 3828 2051 3896 magis
2104 3827 2157 3881 in

568 3913 977 3981 regeneratione
1007 3916 1349 3971 Saturandus.
1379 3916 1492 3973 Nec
1519 3918 1711 3975 deesse
1740 3923 1937 3990 poterit
1967 3921 2117 3977 cibus
2137 3963 2153 3990 ,

568 4002 721 4070 cujus
753 4013 935 4071 pastus
963 4004 1015 4057 in
1047 4004 1212 4059 verbo
1241 4012 1344 4061 est.
1389 4005 1461 4062 Ut
1496 4022 1596 4078 ego
1626 4008 1815 4066 harum
1843 4012 2155 4067 deliciarum

569 4093 837 4162 particeps
878 4106 1001 4149 esse
1038 4109 1251 4149 merear
1280 4098 1476 4165 vestris
1518 4101 1832 4169 patrociniis
1877 4103 2153 4173 ohtinete,

565 4181 809 4252 mihique
835 4197 999 4251 supra
1028 4198 1335 4241 mensuram
1371 4188 1567 4246 virium
1596 4193 1896 4249 connitenti
1936 4195 2157 4250 auxilia-

568 4283 715 4329 tores
756 4275 1029 4341 accedite,
1063 4276 1329 4347 simulque
1376 4290 1431 4335 et
1473 4283 1541 4337 ab
1583 4284 1710 4338 ovili
1750 4284 1905 4339 vobis
1949 4286 2155 4343 credito

568 4379 677 4421 non
725 4366 966 4420 inveniar
1007 4366 1236 4424 alienus.
1266 4369 1459 4438 Orate,
1512 4383 1889 4446 errantemque
1922 4392 2075 4434 ovem
2123 4396 2152 4434 a

567 4454 782 4525 pascuis
816 4456 995 4511 saeculi
1030 4457 1097 4511 ad
1129 4460 1309 4514 caulas
1343 4460 1641 4519 dominicas
1682 4475 1987 4535 reportate;
2029 4469 2150 4539 quia

569 4545 782 4603 confido
830 4548 975 4619 quod
1040 4549 1515 4610 intercessionibus
1566 4556 1761 4611 vestris
1814 4557 1928 4613 fieri
1982 4562 2153 4629 possit

567 4651 756 4708 agnus,
789 4640 880 4708 qui
902 4648 1077 4695 vester
1104 4643 1365 4697 meruerit
1392 4657 1512 4700 esse
1541 4645 1856 4718 discipulus.

1198 4772 1413 4831 EPIST.
1455 4776 1521 4831 X.

781 4881 1028 4957 Domino,
1059 4890 1249 4958 pectori
1274 4907 1387 4957 suo,
1419 4891 1589 4963 Lupo,
1620 4903 1646 4932 α
1670 4895 1938 4953 Ruricius.

632 4978 835 5049 Accepi
862 4979 1072 5035 litteras
1101 4985 1555 5052 magnanimitatis
1589 4996 1692 5044 tua:
1712 5031 1725 5054 ,
1760 4992 1953 5061 quibus
1983 5009 2149 5049 excu-

562 5082 686 5125 sare
732 5071 971 5143 dignaris
1016 5073 1158 5142 quod
1209 5082 1400 5145 utlme
1460 5080 1634 5151 rarius
1683 5082 2001 5153 eloquentia:
2046 5096 2149 5143 tuae

562 5170 685 5213 rore
713 5175 993 5233 respergas
1025 5161 1193 5233 bajuli
1242 5164 1401 5220 faciat
1444 5168 1656 5240 inopia;
1685 5172 1953 5245 simulque
1985 5177 2144 5233 etiam

564 5250 771 5308 indicas
811 5263 861 5309 te
890 5257 1073 5313 mirari
1116 5274 1234 5324 cur.
1283 5276 1403 5315 cum
1446 5265 1576 5318 mihi
1628 5281 1812 5323 eorum
1851 5252 2147 5341 frequentia

563 5355 833 5415 suppetat,
864 5352 1149 5409 verborum
1176 5369 1389 5425 quoque
1418 5357 1569 5425 copia
1597 5372 1807 5430 compta
1833 5378 1938 5418 non
1980 5364 2145 5433 desit,

562 5436 717 5493 vobis
760 5440 997 5498 scribere
1036 5448 1232 5516 saepius
1261 5448 1579 5505 detrectem.
1609 5452 1760 5520 Quod
1800 5470 1895 5510 vos
1922 5472 2015 5525 per
2042 5459 2150 5514 iro-

564 5525 747 5597 niam,
787 5539 850 5587 ut
898 5541 979 5587 est
1016 5532 1217 5604 leporis
1242 5541 1405 5595 vestri
1449 5539 1730 5613 facundia,
1774 5546 2014 5615 jactasse
2043 5566 2150 5606 non

635 5735 664 5801 ξ
694 5728 819 5801 [uit
839 5729 1123 5801 episcopus
1153 5734 1510 5796 Tritiassinus.

634 5796 662 5837 δ
699 5799 816 5857 Vox
843 5796 1116 5873 corrupta.

2172 4604 2232 4683 ἓ)

2263 3342 2478 3411 Quippe
2522 3356 2641 3412 qum
2681 3356 2801 3397 cum
2830 3343 3132 3397 coaluerint
3157 3342 3512 3399 crassitudine
3541 3343 3853 3399 umbrarum

2266 3433 2291 3470 δ
2315 3433 2646 3489 Cevenarum
2668 3436 2831 3505 frigus
2856 3446 2879 3474 ο
2895 3436 3126 3493 Oceanis
3146 3438 3197 3491 in
3219 3437 3493 3493 testatibus
3518 3436 3853 3507 praebitum.

2264 3529 2331 3583 Et
2379 3528 2482 3583 hoc
2533 3530 2674 3585 inter
2720 3530 2841 3584 illas
2889 3531 3333 3600 praeclarissimas
3384 3531 3583 3586 diversi
3630 3532 3853 3601 generis

2262 3620 2515 3691 arbores,
2554 3631 2663 3676 tam
2692 3621 2887 3677 decore
2907 3637 3066 3691 quam
3096 3624 3325 3678 utilitate
3353 3630 3693 3691 praestantes,
3715 3637 3856 3692 opu-

2262 3717 2437 3773 lentas
2461 3732 2649 3783 onere,
2679 3718 2960 3773 distinctas
2990 3718 3155 3785 ﬂore,
3188 3718 3355 3774 odore
3385 3718 3704 3787 fragrantes.
3736 3717 3855 3773 Illis

2261 3810 2403 3865 enim
2462 3810 2700 3864 ndustria
2730 3820 2908 3865 vestra
2938 3810 3196 3876 contulit,
3228 3810 3370 3880 quod
3392 3811 3493 3865 soli
3524 3820 3714 3865 natura
3739 3825 3854 3865 non

2260 3901 2501 3972 protulit.
2536 3900 2668 3956 Nam
2714 3911 2771 3956 ut
2799 3901 3051 3957 ruborem
3078 3918 3354 3967 rosarum,
3387 3903 3622 3959 liliorum
3649 3902 3855 3958 cando-

2262 4008 2411 4059 rem,
2443 3994 2581 4050 lauri
2609 4002 2923 4063 perpetuum
2947 3995 3180 4050 virorem
3200 4038 3215 4063 ,
3249 4004 3304 4052 et
3323 3997 3425 4051 alia
3454 3996 3851 4067 hujuscemodi,

2260 4085 2453 4139 similia
2486 4085 2683 4140 vilihus
2712 4086 3117 4155 praetermittam
3151 4087 3314 4157 (quia
3353 4080 3500 4157 saepe
3538 4102 3636 4157 per
3679 4088 3853 4143 abun-

2259 4176 2495 4231 dantiam
2527 4175 2764 4245 pretiosa
2793 4177 3083 4243 vilescunt,
3113 4188 3168 4234 et
3197 4179 3322 4235 facit
3352 4178 3503 4249 copia
3534 4181 3850 4250 quotidiana

2259 4267 2551 4339 fastidium)
2583 4269 2691 4325 illic
2730 4271 2888 4325 etiam
2911 4272 3232 4339 graminum,
3262 4274 3584 4343 germinum,
3621 4274 3849 4329 fruteto-

2256 4377 2377 4417 rutn
2403 4363 2699 4433 peregrinae
2734 4362 2946 4417 collatae
2977 4372 3101 4418 sunt
3129 4365 3437 4429 suavitates,
3454 4364 3593 4419 visui
3615 4366 3849 4437 usuique

2254 4462 2562 4511 vernantes.
2593 4454 2702 4509 Sed
2730 4454 2857 4525 quid
2883 4454 2994 4509 illic
3028 4455 3256 4523 primum
3288 4455 3609 4511 laudandum
3634 4458 3723 4524 sit,
3751 4466 3850 4513 aut

2256 4545 2582 4608 mirandum,
2624 4545 2716 4599 ubi
2754 4545 2914 4599 etiam
2949 4547 3207 4615 temporis
3247 4540 3595 4615 intemperies
3638 4558 3848 4618 tempe-

2257 4637 2442 4692 ratur?
2463 4635 2738 4706 Siquidem
2762 4636 2892 4691 inibi
2923 4636 3138 4692 torrida:
3160 4636 3343 4691 fervor
3362 4638 3564 4693 aestatis
3585 4648 3696 4695 tam
3720 4655 3845 4695 um-

2256 4726 2472 4781 brarum
2495 4741 2650 4795 quam
2675 4725 2935 4781 undarum
2961 4728 3136 4798 rigore
3158 4728 3689 4799 depellitur.Hiemis
3711 4746 3846 4788 vero

2256 4820 2310 4874 in
2342 4827 2545 4875 tantum
2574 4835 2680 4874 non
2710 4822 2939 4875 sentitur
2961 4823 3245 4891 asperitas,
3276 4832 3333 4877 ut
3360 4824 3501 4878 intra
3529 4825 3720 4881 eadem
3747 4840 3845 4897 po-

2257 4913 2362 4966 tius
2401 4921 2552 4981 tepor
2586 4911 2745 4977 aeris,
2779 4921 2832 4965 et
2861 4920 3053 4966 cantus
3082 4913 3280 4979 avium,
3318 4914 3461 4969 veris
3492 4914 3686 4970 reddat
3720 4916 3842 4971 efﬁ-

2254 5003 2417 5073 giem.
2452 5002 2560 5058 Sed
2590 5002 2715 5071 quid
2746 5017 2848 5073 ego
2878 5004 3161 5059 immemor
3190 5005 3472 5075 imperitia:
3501 5022 3673 5073 mete,
3706 5024 3843 5079 pau-

2260 5109 2385 5163 pere
2412 5108 2683 5160 sermone,
2717 5094 2789 5149 mi
2819 5093 3064 5161 domine,
3098 5097 3238 5152 ruris
3264 5098 3429 5152 vestri
3454 5097 3707 5167 divitias,
3738 5100 3838 5156 de-

2255 5184 2407 5239 licias
2444 5184 2774 5251 describere,
2819 5198 2910 5241 aut
2946 5202 3199 5244 enarrare
3240 5190 3532 5257 contendo,
3576 5192 3643 5245 ad
3684 5192 3839 5263 cujus

2254 5276 2468 5331 laudem
2510 5277 2673 5332 etiam
2718 5279 2930 5349 ingenia
2971 5280 3175 5351 majora
3212 5282 3660 5338 succumberent?
3706 5285 3838 5341 Date

2255 5367 2433 5437 itaque
2478 5370 2824 5438 impudentia:
2863 5385 2997 5427 mete
3038 5373 3270 5440 veniam,
3306 5388 3468 5442 quam
3506 5377 3831 5445 extorsistis,

2254 5462 2346 5531 qui
2387 5469 2446 5515 ut
2482 5462 2699 5519 auribus
2738 5464 2932 5521 vestris
2960 5467 3219 5524 verbosus
3248 5468 3556 5528 existerem.
3596 5470 3835 5542 dignatio

2254 5563 2430 5609 vestra
2462 5568 2548 5609 me
2569 5556 2861 5626 compellit.
2884 5556 3183 5616 Confidens
3203 5560 3346 5631 quod
3368 5560 3602 5633 epistola
3624 5564 3834 5636 longior

2332 5761 2352 5789 ε
2394 5751 2509 5807 Vox
2538 5763 2806 5826 corrupta.
