4086 6328
217 400 284 457 77
1500 410 1978 474 EPISTOLARUM
2017 414 2146 477 LIB.
2184 419 2224 473 l.
3404 440 3474 501 73

214 515 376 581 vobis,
414 514 645 573 dominis
685 520 841 587 meis,
882 520 924 575 si
966 521 1273 592 displiceret
1319 525 1503 595 aﬂ‘atu,
1550 527 1783 597 placeret
1811 533 1865 594 Α
1888 533 2078 604 cymba
2104 535 2337 591 instabili
2366 537 2729 610 fluctuantem,
2756 545 2907 615 quasi
2933 547 3042 617 jam
3069 547 3137 605 de
3163 524 3462 609 sublimiori

214 608 413 664 affectu.
452 607 583 664 Cum
625 611 1002 668 intellexeritis
1038 630 1155 669 eam
1198 632 1304 671 non
1333 633 1428 687 pro
1460 619 1779 689 eloquentiae

204 700 405 771 lepore,
445 701 538 757 sed
587 718 686 774 pro
717 714 895 759 vestro
922 721 1107 761 amore
1147 710 1456 778 copiosam;
1490 712 1777 783 simulque,

214 792 325 863 quia
361 793 590 849 sciebam
619 796 1000 852 sublimitatem
1029 808 1260 854 vestram
1296 802 1347 855 iu
1379 802 1564 857 amicis
1588 804 1780 859 vestris

210 886 319 957 plus
356 887 749 957 reprehendere
777 891 1156 947 taciturnitatis
1190 895 1586 967 verecundiam,
1620 914 1778 969 quam

134 1036 140 1061 ι
210 980 469 1050 loquacem
504 980 886 1037 familiaritatis
916 984 1215 1041 audaciam.

791 1122 1011 1180 EPIST.
1060 1125 1172 1180 XII.

459 1209 686 1266 Domino
714 1216 935 1281 pectoris
960 1217 1040 1270 sui
1068 1215 1215 1272 Celso
1245 1218 1501 1276 Ruricius.

267 1300 493 1370 Trepido
534 1303 590 1356 in
628 1306 956 1373 praeconium
997 1319 1233 1364 vestrum
1274 1327 1335 1367 os
1376 1313 1590 1385 elingue
1634 1330 1778 1372 rese-

203 1407 329 1458 rare,
352 1392 436 1447 cui
462 1394 721 1463 sciojure
740 1398 901 1452 etiam
932 1399 1140 1469 ingenia
1168 1403 1369 1473 majora
1399 1409 1770 1466 succumbere.

202 1483 323 1551 Quid
350 1484 492 1540 enim
526 1487 753 1556 primum
784 1490 851 1544 de
874 1490 1175 1548 atl‘ectionis
1202 1505 1293 1550 aut
1318 1496 1643 1567 dignationis
1684 1518 1774 1557 ve-

199 1587 312 1633 strae
350 1579 509 1634 laude
551 1586 1011 1641 commemorem?
1050 1586 1142 1656 qui
1187 1603 1372 1646 omnes
1425 1592 1556 1647 mihi
1608 1596 1768 1663 ruris,

202 1679 224 1706 ⁸
251 1672 424 1733 moris,
481 1680 560 1739 et,
599 1675 741 1743 quod
782 1676 865 1730 his
894 1678 1143 1734 omnibus
1188 1682 1359 1751 majus
1394 1693 1499 1751 est,
1532 1686 1771 1741 caritatis

198 1764 399 1820 delicias
426 1767 761 1836 contulistis,
795 1781 887 1825 aut
915 1784 1085 1839 certe,
1120 1774 1162 1828 si
1193 1776 1321 1844 quid
1354 1777 1543 1831 horum
1576 1780 1767 1847 defuit,

197 1855 544 1926 deputandum
593 1862 845 1931 tempori,
894 1878 999 1919 non
1048 1866 1200 1921 vobis
1244 1877 1326 1922 est
1372 1869 1765 1938 imputandum.

1885 623 2100 692 specula
2126 625 2210 680 vel
2241 626 2582 684 eminentiori
2624 634 2761 689 colle
2797 638 3059 707 reSpicitis
3075 640 3110 711 τ,
3132 640 3316 713 Egone
3346 662 3457 714 vos,

1884 717 1971 785 qui
2002 716 2069 772 ad
2099 727 2310 789 portum
2341 723 2511 778 venite
2554 740 2645 795 per
2678 729 3008 796 poenitentiae
3054 735 3460 808 indulgentiam,

1882 807 2111 866 Domino
2153 813 2552 882 gubernatore?
2580 818 2608 856 δ
2652 818 2767 876 Non
2798 838 2897 893 ego
2924 826 3159 896 penitus,
3192 807 3356 888 frater
3385 835 3465 889 tli-
3554 892 3555 895 η

1882 902 2042 972 lecte,
2074 906 2151 961 sic
2178 909 2390 980 scripsi,
2424 920 2481 965 ut
2508 911 2636 967 mihi
2668 914 2865 986 aliquid
2893 916 3196 990 blandiens,
3238 940 3335 982 vos
3364 927 3465 982 itn-
3548 938 3549 941 ‘

1882 994 2051 1062 probo
2095 995 2259 1054 dente
2302 1000 2627 1073 morderem,
2664 1021 2762 1062 nec
2808 1014 2865 1062 ut
2907 1008 3001 1065 Vos
3034 1009 3317 1083 lzederem;
3367 1019 3464 1075 sed

1882 1087 2013 1143 mihi
2062 1090 2303 1160 epistola:
2340 1091 2699 1154 familiaritate
2739 1101 3016 1158 vincirem.
3067 1104 3201 1162 Nam
3244 1111 3290 1164 si
3326 1111 3463 1169 bene

1880 1180 2255 1251 consideretis,
2292 1192 2536 1243 votorum
2581 1202 2705 1247 sunt
2735 1193 2822 1249 illa
2856 1197 3036 1268 verba,
3066 1215 3175 1257 non
3205 1212 3417 1259 actuum
3443 1224 3459 1272 ;

1879 1281 1932 1326 et
1954 1277 2187 1342 Optantis
2211 1280 2386 1347 potius
2412 1296 2570 1350 quam
2596 1287 2879 1342 monentis.
2896 1289 3028 1358 Quia
3052 1309 3160 1350 non
3187 1297 3314 1366 quid
3341 1313 3460 1368 age-

1880 1377 2084 1431 remus,
2116 1367 2210 1422 sed
2250 1370 2481 1439 qualiter
2508 1374 2700 1430 vellem
2749 1387 2804 1432 ut
2834 1379 3160 1451 viveremus,
3214 1390 3456 1457 exposui.

1878 1451 2143 1510 Caeterum
2175 1458 2219 1513 si
2251 1469 2400 1516 actus
2429 1463 2549 1518 vitae
2578 1482 2715 1520 mea:
2748 1471 3033 1538 praueritae
3073 1478 3457 1546 praesentisque

1879 1542 2156 1613 discutias,
2202 1552 2421 1620 pudebit
2459 1562 2532 1623 te,
2583 1556 2769 1613 intimo
2807 1569 2863 1616 et
2903 1542 3267 1621 secretissimo
3298 1542 3461 1623 fratre

1880 1644 2037 1703 teste,
2065 1637 2230 1708 ferre,
2264 1659 2384 1713 quae
2411 1662 2515 1700 non
2550 1650 2736 1716 puduit
2763 1651 2873 1707 Deo
2900 1662 3034 1709 teste
3066 1666 3087 1693 ο
3120 1660 3457 1729 promittere,

1876 1745 1974 1799 pro
1993 1733 2185 1801 quibus
2214 1735 2542 1795 facinoribus
2571 1745 2708 1800 meis
2730 1760 2889 1815 spero
2914 1764 3009 1804 vos
3037 1752 3214 1819 potius
3235 1753 3456 1811 Domino

1875 1824 2209 1895 supplicetis,
2254 1838 2310 1882 ut
2351 1845 2486 1900 quos
2530 1832 2583 1888 in
2630 1837 2731 1892 hoc
2769 1840 2969 1894 saeculo
3012 1843 3364 1899 amicitiarum
3402 1857 3458 1901 et

197 1947 239 2002 Ν
262 1916 277 1926 ’
707 1916 723 1931 ⁸
830 1916 844 1928 ’
1062 1916 1196 1921 '""
1248 1916 1325 1922 ””
1372 1916 1765 1938 ’“’¹’“’“”““””
1796 1919 1851 1984 Β
1875 1916 2286 1986 propinquitatis
2316 1922 2481 1979 voluit
2511 1941 2633 1982 esse
2659 1942 2957 1999 consortes,
3006 1935 3056 1988 in
3084 1937 3258 1991 futqu
3291 1938 3455 1993 bono-

240 1962 319 2003 atn
359 1959 529 2005 totum
556 1952 695 2021 apud
728 1969 845 2020 vos,
877 1958 1018 2025 quod
1046 1971 1231 2014 earum
1258 1972 1477 2030 pectus,
1504 1964 1643 2033 quod
1675 1964 1771 2019 ha-
1874 2023 1990 2033 _____
2020 2010 2198 2033 ,“Lu,
2237 2028 2345 2033 ω,
2382 2031 2437 2033 ᾧ
2485 2019 2518 2033 ,.
2560 2019 2570 2030 .

192 2038 297 2094 buit
318 2039 518 2096 clarum
545 2045 797 2110 mundus,
830 2046 1030 2102 inveni.
1055 2048 1210 2105 Nulla
1233 2067 1319 2107 me
1347 2055 1558 2121 penitus
1577 2056 1769 2125 jocuu-

191 2129 342 2187 ditate
375 2132 701 2200 fraudastis;
744 2138 871 2206 quin
910 2142 1071 2196 etiam
1112 2142 1469 2201 desiderabile
1498 2147 1625 2202 mihi
1671 2148 1766 2204 ho-

189 2223 370 2291 spitioli
409 2224 525 2280 mei
566 2226 841 2284 desertum
889 2242 1066 2286 vestra
1118 2234 1394 2291 vicinitate
1434 2237 1655 2294 fecistis.
1701 2240 1767 2295 Et

189 2313 371 2371 idcirco
412 2333 509 2375 me
548 2321 718 2391 magis
762 2322 1046 2380 finitimum
1076 2327 1227 2383 vobis
1256 2344 1380 2385 esse
1414 2332 1761 2401 congaudeo,

188 2406 296 2476 quia
322 2424 426 2465 non
458 2425 541 2466 ex
572 2421 683 2467 toto
707 2415 882 2471 malus
909 2427 1011 2483 est,
1055 2421 1146 2489 qui
1175 2420 1328 2478 bonis
1349 2422 1610 2494 jungitur.
1654 2426 1761 2482 Sed

186 2515 244 2554 ne
269 2499 523 2559 exhibeat
551 2506 703 2561 vobis
736 2508 849 2577 ipsa
891 2510 1091 2582 ineptia
1123 2516 1203 2569 sui
1238 2516 1448 2584 longior
1476 2533 1659 2574 sermo
1686 2520 1764 2573 fa-

186 2594 418 2663 stidium,
446 2597 602 2653 salve
631 2599 993 2669 largissimum
1023 2604 1176 2671 dico;
1212 2616 1267 2662 et
1296 2608 1592 2674 vitrarium,
1625 2613 1762 2666 sicut

184 2685 422 2755 jussistis,
454 2706 551 2746 me
579 2690 881 2750 destinasse
911 2697 1156 2767 significo
1182 2717 1195 2751 :
1228 2700 1379 2768 cujus
1402 2717 1537 2770 opus
1563 2705 1757 2769 nitore,

184 2792 275 2833 non
302 2779 593 2852 fragilitate
614 2794 828 2854 oportet
850 2786 1109 2857 imitetur,
1125 2798 1183 2843 ut
1209 2791 1445 2858 dilectio,
1463 2809 1580 2863 quae
1606 2796 1759 2850 nobis

183 2887 209 2926 a
236 2878 543 2942 parentibus
572 2880 780 2949 relicta,
809 2883 1069 2952 magistro
1106 2885 1321 2953 tradita,
1354 2888 1480 2942 vita:
1517 2904 1760 2945 commu-

182 2964 350 3037 nione,
383 2969 596 3024 firmata
626 2981 710 3026 est
738 2973 1009 3039 secundis,
1038 2975 1290 3031 elimetur
1318 2979 1581 3045 adversis,
1615 2982 1756 3036 nulla

183 3059 378 3123 penitus
406 3062 683 3116 turbinum
714 3065 951 3133 procella
986 3066 1277 3137 frangatur.
1312 3070 1443 3124 Nam
1475 3074 1612 3127 sicut
1640 3075 1755 3128 auri

180 3159 325 3220 atque
345 3155 557 3223 argenti
588 3156 821 3224 pretiosa
850 3158 1155 3227 sinceritas,
1177 3164 1220 3215 si
1252 3167 1398 3229 aeris,
1418 3174 1508 3220 aut
1530 3168 1748 3235 plumbi,

179 3241 254 3296 vel
281 3244 573 3313 cujuslibet
603 3247 828 3303 alterius
857 3252 1097 3307 materiae
1129 3254 1330 3310 vilioris
1357 3255 1518 3311 fuerit
1547 3258 1754 3313 admix-
1788 3288 1795 3313 λ

179 3334 310 3389 tione
336 3347 611 3407 corrupta,
658 3339 763 3393 nisi
808 3342 1008 3411 ignium
1050 3347 1448 3403 examinatione
1476 3360 1750 3421 purgatur,

176 3438 264 3480 nec
278 3428 627 3497 splendorem
649 3433 948 3487 naturalem
968 3437 1164 3504 poterit
1183 3438 1400 3503 habere,
1422 3455 1520 3496 nec
1540 3458 1748 3498 sonum.

174 3516 292 3573 Nam
337 3535 439 3576 nec
466 3523 603 3577 visui
636 3525 959 3590 claritatem,
993 3542 1092 3581 nec
1123 3528 1370 3583 tinnitum
1402 3532 1576 3587 reddit
1604 3534 1754 3589 audi—

176 3613 262 3679 tui,
292 3613 578 3682 magisque
607 3630 829 3669 raucum
859 3629 1099 3689 resonat,
1133 3623 1176 3673 si
1202 3620 1448 3690 feriatur,
1479 3635 1533 3678 et
1558 3626 1753 3680 stridu-
1840 3660 1844 3664 -

172 3705 292 3761 lum.
330 3706 485 3760 Hanc
511 3720 639 3776 ergo
665 3709 1014 3776 sententiam,
1043 3726 1148 3763 non
1181 3725 1376 3777 meam,
1401 3714 1493 3768 sed
1519 3715 1751 3784 Domini,

172 3796 327 3854 frater
366 3798 596 3867 optime,
636 3807 952 3855 contuentes
993 3801 1195 3869 pariter
1234 3811 1288 3856 et
1323 3814 1633 3873 sequentes,
1683 3807 1753 3861 ita

172 3892 322 3948 Vitam
356 3903 600 3948 nostram
648 3894 828 3949 medio
872 3909 1054 3961 cursu,
1100 3896 1457 3965 gubernatore
1487 3898 1603 3968 ipso
1644 3899 1752 3954 Do-

172 3985 336 4051 mino,
374 3995 761 4054 temperemus,
797 3995 857 4040 ut
893 4002 1016 4041 cum
1045 3988 1309 4043 serenitas
1340 3991 1597 4056 arrideat,
1630 4006 1754 4059 pro-

173 4079 368 4146 sperior
412 4078 574 4133 ﬂatus
623 4080 850 4141 invitet,
900 4094 1048 4134 mare
1092 4080 1356 4150 placidum
1405 4081 1745 4147 blandiatur;

174 4170 393 4226 scientes
433 4182 615 4227 tamen
659 4171 806 4226 illam
837 4173 1071 4241 aequoris
1113 4173 1341 4244 subjecti
1374 4173 1650 4244 planitiem
1680 4173 1749 4228 ad

174 4262 330 4317 instar
355 4263 620 4317 montium
653 4272 875 4333 repente
902 4279 1267 4335 consurgere;
1301 4280 1475 4335 neque
1502 4267 1557 4320 in
1582 4269 1746 4320 altum

176 4368 352 4411 navem
378 4364 618 4411 nostram
649 4356 917 4426 patiamur
941 4358 1177 4427 impelli;
1204 4358 1292 4414 ubi
1336 4373 1455 4414 eam
1494 4368 1585 4413 aut
1614 4368 1749 4414 tem-

177 4459 340 4516 pestas
368 4449 565 4518 solvat,
598 4458 690 4504 aut
719 4449 856 4505 unda
884 4450 1177 4521 demerget.

749 4582 963 4639 EPIST.
1007 4584 1145 4639 Xlll.

429 4676 654 4730 Domino
686 4679 902 4745 pectoris
932 4678 1011 4731 sui
1039 4675 1185 4733 Celso
1213 4678 1474 4733 Ruricius.

239 4765 427 4838 Recepi
464 4768 1055 4839 apices‘germauitatis
1080 4780 1203 4837 tuae,
1242 4770 1330 4841 qui
1362 4770 1490 4825 mihi
1519 4787 1624 4825 non
1654 4787 1748 4844 pa-

176 4874 280 4917 rum
312 4864 546 4936 scrupuli
580 4865 901 4921 retulerunt.
954 4867 1155 4922 Vereor
1195 4870 1336 4924 enim
1384 4885 1452 4924 ne
1486 4884 1641 4926 secus
1679 4872 1748 4927 de

177 4950 351 5009 litteris
381 4957 517 5012 meis
546 4972 704 5028 quam
735 4972 763 5010 a
805 4972 891 5013 me
920 4957 1098 5012 missae
1127 4969 1253 5013 sunt
1283 4961 1621 5017 censueritis.
1680 4962 1747 5017 Et

177 5046 361 5105 idcirco
399 5052 551 5122 quasi
584 5052 881 5106 temerarim
908 5051 1343 5122 praesumptionis
1371 5069 1638 5109 memores
1666 5056 1745 5110 vi-

178 5137 413 5210 deamini,
441 5143 569 5197 dum
600 5152 657 5196 ut
685 5158 780 5213 pro
809 5142 956 5197 vobis
986 5158 1157 5211 orem,
1192 5160 1253 5199 ac
1282 5145 1478 5214 saepius
1505 5160 1743 5203 commo-

178 5246 339 5303 neam,
362 5236 666 5306 postulatis.
691 5234 900 5307 Egone,
920 5236 1083 5293 frater
1108 5237 1333 5307 optime,
1358 5240 1623 5310 castigare
1646 5256 1741 5297 vos

178 5326 405 5394 audeam,
423 5328 512 5399 qui
542 5344 628 5384 me
650 5345 856 5400 nequeo
882 5331 1178 5401 castigare?
1202 5332 1385 5402 Egone
1411 5348 1524 5403 vos,
1541 5336 1629 5405 qui
1652 5351 1738 5393 me

180 5420 343 5474 saeculi
369 5422 542 5476 adhuc
563 5421 617 5477 in
648 5423 946 5478 turbinibus
973 5433 1222 5493 tanquam
1251 5426 1302 5479 in
1332 5428 1495 5481 maris
1518 5428 1734 5484 aestibus

244 5637 268 5665 ⁸
304 5630 461 5686 Forte
488 5633 610 5683 oris.

244 5696 269 5737 δ
306 5700 461 5755 Deest
488 5702 729 5756 verbum.

247 5778 269 5807 ⁸
309 5770 463 5825 Forte
491 5774 815 5825 committere.

245 5836 269 5877 ‘
306 5840 470 5921 lf‘ornte-
494 5840 739 5921 Furta-ra.
825 5914 835 5921 .
985 5913 995 5921 _
1282 5909 1300 5921 _
1326 5910 1355 5921 Ἀ
1580 5866 1597 5873 ·

255 5918 277 5947 ⁶
319 5911 367 5967 ls
401 5913 498 5969 fuit
541 5914 868 5972 Arelatensis
915 5913 1219 5985 episcopus.
1279 5909 1422 5966 Lites
1475 5910 1741 5980 quasdam

1874 2023 1991 2063 rum
2015 2010 2202 2079 jubeat
2229 2028 2350 2070 esse
2381 2019 2692 2089 participes.

2475 2153 2687 2215 EPIST.
2726 2157 2861 2212 XIV.

2155 2238 2381 2295 Domino
2417 2248 2635 2312 pectoris
2662 2248 2743 2301 sui
2767 2248 2911 2303 Celso
2938 2250 3200 2309 Ruricius.

1943 2326 2148 2399 Equum
2194 2332 2407 2403 qualem
2447 2335 2688 2403 jusseras
2734 2339 3013 2407 destinavi,
3052 2346 3459 2404 mansuetudine

1869 2418 2157 2491 placidum,
2186 2425 2439 2481 membris
2474 2427 2729 2497 validum,
2766 2430 2976 2487 firmum
3019 2435 3233 2503 robore,
3282 2438 3457 2496 forma

1868 2524 2239 2580 prmsmntem,
2268 2514 2290 2553 ἀ
2322 2516 2524 2572 factura
2551 2523 2929 2591 compositura,
2970 2526 3163 2580 animis
3192 2536 3458 2598 tempera-

1867 2615 1999 2672 tum,
2024 2623 2119 2662 nec
2139 2625 2536 2680 prmproperum
2559 2614 2763 2671 scilicet
2785 2619 3084 2686 velocitate,
3099 2636 3200 2676 nec
3212 2622 3451 2694 pigrum;

1866 2698 1950 2751 cui
1981 2697 2163 2753 frenus
2197 2712 2248 2755 et
2271 2702 2515 2759 stimulus
2542 2706 2611 2760 sit
2650 2708 2887 2764 sedentis
2913 2711 3214 2781 arbitrium,
3261 2702 3342 2770 cui
3383 2718 3454 2775 ad

1866 2790 2197 2846 evehendum
2231 2810 2387 2864 onus,
2421 2800 2621 2854 etvelle
2662 2814 2912 2872 suppetat
2952 2814 3007 2860 et
3036 2822 3235 2876 posse;
3280 2812 3353 2866 ita
3394 2822 3454 2869 ut

1866 2898 1961 2936 rec
1990 2884 2140 2940 cedat
2175 2892 2535 2958 superposito,
2567 2908 2666 2948 nec
2709 2894 2941 2965 deponat
2990 2900 3319 2970 impositum.
3359 2905 3453 2961 His

1863 2974 2060 3045 Itaque,
2091 2979 2226 3034 εἰναι
2255 2984 2489 3049 oportuit
2512 2984 2787 3052 intimatis,
2828 2990 3145 3047 salutatione
3191 2996 3408 3062 praelata
3430 3039 3448 3066 ,

1862 3067 2252 3135 pollicitatione
2284 3073 2555 3144 dispensa,
2592 3080 2852 3147 promissa
2896 3081 3255 3152 deposcimus,
3287 3097 3347 3142 ut
3384 3089 3451 3145 ad

1860 3161 2258 3219 solemnitatem
2296 3180 2604 3224 sanctorum
2635 3172 2700 3226 ad
2733 3190 2854 3245 nos,
2906 3176 3011 3230 l'eo
3057 3179 3308 3248 pr0pitio,
3342 3197 3450 3238 una

1859 3269 1977 3309 cum
2012 3272 2198 3314 sorore
2247 3262 2430 3317 venire
2474 3262 2810 3334 dignemini,
2865 3268 3126 3324 honorem
3186 3275 3446 3344 patronis,

1862 3346 2117 3405 fratribus
2144 3350 2413 3421 affectum,
2447 3358 2674 3426 gratiam
2708 3360 2918 3429 populis
2944 3363 3258 3431 praestituti.

2466 3492 2680 3549 EPIST.
2733 3494 2826 3549 XV

1934 3600 2156 3656 Domino
2194 3620 2304 3671 suo,
2330 3607 2574 3677 peculiari
2598 3608 2647 3659 in
2677 3607 2875 3661 Christo
2898 3609 3105 3662 domino
3135 3620 3377 3677 patrono,

2270 3686 2292 3711 ε
2330 3674 2495 3728 Eonio
2518 3678 2753 3744 episcopo
2778 3677 3034 3732 Ruricius.

1932 3763 2128 3832 Agnito
2184 3768 2410 3819 transitu
2452 3776 2659 3834 sancto,
2716 3777 2771 3821 ct
2817 3769 3141 3823 venerabilis
3186 3771 3324 3840 apud
3354 3786 3442 3827 me

1861 3854 2254 3910 recordationis
2281 3856 2484 3911 domini
2516 3859 2616 3912 mei
2644 3858 2947 3915 decessoris
2991 3861 3155 3915 vestri
3198 3859 3442 3929 Leontii,

1859 3946 2040 3999 animo
2092 3955 2145 4001 et
2197 3957 2374 4002 mente
2405 3947 2658 4003 confusus
2698 3950 2788 4004 diu
2830 3952 3165 4021 multumque
3203 3952 3447 4011 tristatul

1858 4053 1973 4091 sum
1995 4040 2133 4109 quod
2162 4049 2215 4095 et
2245 4041 2655 4110 impedientibus
2688 4042 2917 4111 peccatis
2946 4043 3101 4111 meis,
3133 4054 3279 4100 tanto
3299 4045 3445 4101 anti-

1855 4130 1968 4185 stiti
1995 4146 2281 4188 occurrere
2313 4150 2419 4187 non
2446 4148 2767 4199 merueram,
2802 4144 2857 4189 et
2894 4135 2985 4190 tali
3010 4150 3185 4197 essem
3225 4149 3446 4207 parente

1854 4225 2113 4293 privatus.
2145 4224 2307 4293 Cujus
2339 4227 2439 4281 etsi
2471 4227 2751 4282 exterioris
2800 4227 3031 4283 hominis
3069 4243 3176 4283 non
3231 4229 3445 4287 fruebar

1855 4327 2095 4388 aspectu,
2120 4319 2386 4374 interioris
2404 4328 2581 4374 tamen
2608 4320 2779 4389 gratia
2804 4319 3135 4388 delectabar,
3162 4328 3216 4375 et
3244 4323 3443 4377 mentis

1854 4416 1970 4468 acie
1995 4413 2192 4483 jugiter
2230 4413 2601 4477 adhzcrebam;
2656 4428 2750 4481 per
2789 4427 2949 4483 quem
2995 4423 3050 4468 et
3096 4412 3149 4467 in
3176 4428 3281 4481 quo
3311 4414 3443 4470 mihi

1856 4520 2093 4573 przeseus
2118 4506 2511 4575 quodammodo
2528 4514 2581 4559 et
2605 4504 2924 4561 cernebatur
2948 4504 3160 4570 obtutu,
3187 4514 3242 4559 et
3269 4507 3443 4561 audie-

1854 4602 2011 4655 batur
2058 4601 2269 4665 all'ectu,
2321 4611 2375 4656 et
2424 4601 2742 4671 palpabatur
2782 4609 3015 4665 attactu,
3059 4609 3115 4655 et
3162 4600 3442 4656 tenebatur

1773 4686 1830 4747 D
1856 4696 2129 4763 amplexu.
2159 4694 2435 4765 Siquidem
2457 4694 2567 4750 cari
2614 4694 2765 4748 nullo
2791 4708 2852 4749 se
2884 4693 3075 4748 melius
3126 4692 3246 4747 loco
3280 4708 3439 4762 quam

1854 4788 1906 4842 in
1946 4787 2129 4851 corde,
2162 4786 2400 4839 caritatis
2448 4785 2612 4851 ipsius
2642 4784 2790 4849 sede,
2824 4782 3178 4851 conspiciunt.
3216 4783 3364 4838 Unde
3388 4789 3442 4837 et

1855 4878 2082 4945 amplius
2105 4876 2349 4931 desidera
2362 4876 2479 4927 bam
2514 4874 2684 4927 oculis
2710 4872 2892 4927 videre
2917 4872 3245 4941 carnalibus,
3278 4888 3438 4941 quem

1856 4971 1928 5023 ita
1959 4968 2286 5037 spiritalibus
2315 4965 2577 5020 intuebar.
2609 4964 2909 5020 Seddolori
2947 4978 3069 5019 meo
3117 4964 3440 5019 consolatio-

1857 5076 1980 5117 nem
2012 5075 2076 5116 ea
2103 5076 2219 5130 qua:
2244 5062 2392 5129 prius
2414 5058 2735 5127 tribuerant,
2768 5058 3022 5114 solatium
3058 5055 3227 5126 ipsius
3251 5058 3438 5111 merita

1853 5153 2133 5209 dederunt.
2182 5150 2314 5219 Quia
2348 5149 2559 5206 confido
2600 5150 2743 5222 quod
2780 5165 2938 5220 quem
2981 5158 3201 5217 paterna
3245 5147 3439 5216 pietate

1850 5247 2058 5311 dilexit,
2102 5256 2154 5301 et
2185 5246 2370 5302 sedula
2416 5246 2806 5301 intercessione
2833 5242 3120 5299 custodiat.
3166 5241 3271 5298 Sed
3324 5244 3438 5296 lucc

1848 5340 2121 5395 sanctitati
2159 5347 2357 5394 vestrae
2403 5337 2555 5406 quasi
2600 5334 2876 5391 vobiscum
2915 5332 3244 5404 colloquens,
3277 5343 3436 5400 atque

1845 5445 1873 5483 a
1904 5430 2054 5484 vobis
2078 5429 2327 5484 moeroris
2357 5428 2524 5498 ipsius
2550 5426 2794 5482 levamen
2842 5424 3144 5495 requirens,
3192 5425 3433 5481 dictante

1849 5645 1968 5685 cum
1996 5629 2199 5683 Hilario
2226 5628 2421 5683 Leonis
2464 5640 2776 5682 successore
2802 5626 3004 5690 habuit,
3030 5625 3154 5680 dein
3192 5641 3221 5678 a
3249 5627 3429 5694 ponti-

1852 5700 1949 5755 .‘ice
1978 5700 2218 5755 Romano
2239 5713 2490 5775 c0ncessa
2515 5705 2638 5750 sunt
2666 5695 2739 5750 illi
2764 5697 3043 5775 vicariatus
3066 5696 3209 5775 jura,
3239 5694 3430 5775 quibus

1853 5773 2022 5825 inscio
2047 5768 2296 5839 pontifice
2324 5769 2400 5822 uti
2423 5775 2737 5839 tentaverat.
2776 5767 3202 5839 Defillopeontio
3231 5767 3427 5834 saepius

1856 5836 2102 5897 Ruricius
2135 5842 2168 5895 Ι.
2206 5856 2261 5907 ιι,
2294 5854 2381 5909 ep.
2412 5838 2502 5906 59,
2536 5847 2588 5893 et
2607 5853 2691 5907 ep.
2726 5840 2813 5902 41,
2842 5838 2931 5891 48.
2966 5836 3125 5889 Βλειςι.
