4086 6328
637 381 708 445 ’19
1948 375 2039 432 RU
2048 373 2204 434 RICII

2311 373 2553 433 ?ISCOPI
3831 379 3900 436 80

633 498 941 569 dilectione,
973 495 1264 553 retulerim.
1295 493 1446 550 Nunc
1476 507 1628 561 vero,
1660 499 1721 549 ut
1762 492 1943 549 dicere
1966 495 2211 549 institue-
2238 495 2294 554 Α
2320 490 2585 546 undosum
2612 504 2784 557 mare,
2820 491 3182 547 excitantibus
3232 498 3512 547 ventorum
3556 493 3896 549 szcvieutium

633 609 770 658 ram,
814 592 1120 648 accersioue
1174 587 1343 658 ipsius
1388 587 1589 643 domini
1634 588 1739 644 mei
1787 597 1841 642 et
1876 589 2209 657 apostolatus

632 686 796 741 vestri
847 683 1180 738 ordinatione
1223 689 1521 751 comperta,
1577 680 1645 736 ad
1698 680 1930 735 ofﬁcium
1976 690 2210 736 vestrum

632 777 845 832 mittere
869 773 1188 843 cogitabam.
1213 772 1319 829 Sed
1341 773 1653 827 muneribus
1678 773 1871 827 vestris
1899 772 2214 827 humilitatis

632 884 765 923 mea:
820 864 1160 935 praevenistis
1199 864 1515 934 obsequium
1554 880 1568 917 :
1602 878 1722 933 qua:
1776 862 1908 916 mihi
1954 863 2211 932 majorem

629 957 904 1012 scribendi
936 956 1182 1011 ﬁduciam
1212 956 1556 1011 contulerunt
1581 995 1595 1019 ,
1627 954 1747 1025 quia
1776 971 2047 1025 praesumo
2073 955 2214 1025 quod

628 1067 786 1121 quem
820 1051 1142 1105 liberalitate
1165 1049 1400 1105 feceritis
1424 1049 1661 1119 dignum,
1694 1050 1763 1104 ab
1799 1051 1994 1104 animis
2024 1051 2215 1104 vestris

632 1159 737 1196 non
773 1143 1013 1198 habeatis
1041 1142 1296 1196 alienum.
1348 1142 1413 1196 Et
1445 1141 1566 1196 ideo
1592 1143 1731 1196 sicut
1753 1142 1911 1195 dictis
1954 1141 2211 1207 intellexi,

631 1238 882 1305 quoniam
913 1236 1041 1289 tanti
1073 1235 1270 1290 habere
1294 1235 1608 1305 dignamini,
1654 1236 2060 1303 sospitationem
2092 1235 2216 1289 bea-

633 1329 876 1381 titudinis
908 1334 1099 1381 vestrae
1135 1341 1230 1395 per
1260 1326 1467 1381 litteras
1491 1326 1706 1382 uberem
1741 1326 1895 1392 dico;
1949 1327 2214 1395 simulque

630 1422 885 1493 peculiari
930 1434 1089 1489 prece
1116 1423 1348 1489 deposco
1378 1437 1442 1475 eo
1485 1434 1693 1474 mecum
1732 1435 1892 1490 agere
1947 1428 2093 1473 tanto
2122 1420 2215 1473 ba-

631 1518 801 1573 bcatis
831 1516 1038 1579 alfectu,
1082 1525 1139 1570 ut
1170 1516 1442 1571 dominum
1476 1514 1755 1570 Leontium
1787 1513 2131 1583 praemisisse,
2161 1522 2217 1569 et.

630 1618 991 1665 commutasse
1015 1610 1189 1678 potius
1216 1625 1376 1677 quam
1402 1607 1697 1677 perdidisse
1719 1621 2061 1677 cognoscam.

1218 1744 1436 1801 EPIST.
1483 1743 1622 1799 XVI.

633 1844 852 1901 Domino
895 1842 1198 1907 venerabili,
1250 1840 1569 1905 admirabili,
1626 1848 1676 1892 et
1730 1838 1921 1891 sanctis
1979 1836 2211 1891 omnibus

736 1914 1120 1988 aequiperando,
1155 1914 1303 1982 fratri
1332 1912 1547 1967 Sidonio
1593 1909 1814 1974 Videnti,
1848 1907 2102 1961 Ruricius.

703 2010 840 2065 Olim
875 2021 945 2075 te,
976 2009 1139 2063 frater
1164 2008 1457 2068 carissime,
1491 2005 1624 2059 fama
1652 2004 1995 2060 celeberrima
2024 2002 2215 2072 prtedi-

631 2113 807 2168 cantc,
834 2104 1079 2171 cognovi,
1107 2111 1156 2155 et
1201 2102 1251 2153 in
1285 2100 1417 2154 sede
1447 2098 1685 2153 C'Jl‘llalls
1726 2096 1829 2150 illis
1878 2096 2070 2163 quibus
2102 2096 2215 2161 ipse

630 2198 824 2252 melius
853 2206 1058 2251 terrena
1083 2195 1335 2262 despicis,
1360 2201 1412 2247 et
1440 2190 1680 2247 cmlestia
1716 2190 2000 2257 divinaque
2036 2187 2215 2241 consi-

629 2290 807 2352 deras,
862 2287 1033 2341 oculis
1088 2286 1282 2339 mentis
1328 2283 1565 2352 aspexi:
1621 2280 1766 2335 unde
1806 2280 1973 2349 ipsius
2020 2294 2212 2333 nomen

630 2378 874 2449 ascripsi,
903 2378 1054 2445 cujus
1082 2390 1304 2429 munere
1325 2376 1581 2427 donatum
1602 2386 1725 2426 esse
1758 2380 1809 2426 te
1839 2370 1965 2424 vidi.
2002 2369 2065 2423 Et
2091 2370 2214 2424 ideo

630 2472 755 2524 dum
790 2480 839 2521 te
872 2470 923 2521 in
952 2467 1171 2533 Speculo
1197 2466 1375 2519 cordis
1415 2464 1722 2534 diligenter,
1773 2472 1829 2518 et
1868 2461 2215 2532 pulchritudi-

632 2576 753 2616 nem
784 2560 1052 2615 iizterioris
1082 2559 1311 2613 hominis
1343 2559 1414 2612 tui
1448 2557 1794 2613 vehi-menter
1840 2557 2097 2621 admiror,
2145 2554 2213 2611 ad

629 2652 1042 2707 desitlerandum
1080 2652 1242 2704 animi
1287 2650 1391 2705 mei
1423 2651 1627 2705 viscera
1667 2646 1965 2707 concitasti.
2001 2664 2118 2718 qua:
2156 2648 2210 2703 in

626 2755 836 2798 tantum
864 2744 1112 2798 allectum
1145 2752 1290 2797 tuum
1317 2739 1680 2796 meracissima
1728 2740 2018 2795 dilectione
2065 2753 2213 2794 com-

626 2846 773 2891 mota
805 2845 949 2899 sunt,
998 2843 1055 2888 ut
1096 2849 1253 2903 quem
1290 2833 1621 2901 Spiritalibus
1646 2832 1815 2887 oculis
1853 2831 2208 2901 contemplor,

630 2930 790 2983 etiam
821 2927 1125 2982 carnalibus
1147 2940 1371 2979 cernere
1390 2925 1788 2993 concupiscam.
1828 2924 2207 2993 Quamobrem,

626 3021 776 3075 salve
802 3020 854 3074 in
877 3018 1090 3073 Christo
1108 3018 1334 3072 Domino
1359 3017 1664 3087 plurimum,
1687 3017 1871 3073 dicens
1901 3016 2205 3086 specialius.

628 3130 832 3183 quaeso,
864 3124 921 3166 ut
952 3127 1051 3166 una
1079 3128 1198 3167 cum
1230 3112 1431 3166 domno
1460 3127 1581 3167 meo
1629 3112 1905 3182 episcopo,
1938 3127 2099 3181 quem
2140 3109 2206 3165 ad

625 3222 726 3261 nos
753 3214 1033 3259 venturum
1075 3219 1173 3271 pro
1202 3220 1297 3259 sua
1327 3205 1634 3273 dignatione
1661 3204 1897 3268 conﬁdo,
1921 3205 2096 3269 vobis,
2138 3203 2202 3257 ad
2234 3236 2281 3299 Ο
2312 3266 2380 3305 no

629 3297 981 3353 humilitatem
1029 3306 1263 3351 nostram
1294 3296 1635 3365 visitandam,
1686 3297 1891 3351 faciatis
1933 3296 2203 3365 injuriam,

629 3400 686 3442 ut
726 3388 991 3457 possimus
1030 3388 1082 3441 in
1112 3403 1275 3441 unum
1300 3389 1457 3456 positi
1511 3388 1738 3442 fructum
1758 3388 1826 3443 de
1852 3398 2032 3453 nostra
2073 3389 2209 3443 invi-

629 3497 743 3537 cem
767 3496 988 3552 carpere
1011 3481 1328 3551 praesentia;
1358 3481 1483 3537 dum
1533 3483 1855 3537 sciscitantis
1897 3482 2123 3537 intentio
2149 3484 2207 3540 ﬁt

629 3574 1009 3644 respondentis
1037 3574 1302 3639 eruditio;
1328 3582 1383 3629 et
1411 3584 1626 3629 mutuus
1647 3574 2044 3645 quodammodo
2084 3591 2205 3646 pro-

625 3666 799 3722 fectus
830 3665 1089 3721 discentis
1114 3665 1362 3731 efﬁcitur,
1393 3676 1445 3721 et
1470 3658 1733 3723 docentis.
1762 3667 1889 3733 Pax,
1925 3682 2047 3737 pax,
2082 3683 2201 3738 pax.

1211 3804 1426 3859 EPIST.
1463 3804 1626 3858 XVII.

627 3917 830 3973 Domita
850 3917 1035 3971 anima:
1074 3931 1202 3979 sum,
1257 3925 1302 3968 et
1347 3918 1464 3969 totis
1513 3918 1563 3967 in
1597 3915 1799 3970 Christo
1824 3918 2206 3972 Dominoadile-

699 3988 879 4040 ctionis
904 3986 1173 4040 visceribus
1199 3985 1475 4039 excolendo
1502 3985 1739 4039 Pomaria
1761 3987 1930 4039 abbati
1961 3990 2204 4042 Ruricius

699 4061 986 4127 episcopus.
1892 4126 1895 4129 ν

698 4146 964 4215 Scriptum
988 4153 1091 4210 est,
1133 4144 1268 4198 sicut
1297 4144 1394 4214 ipsi
1443 4144 1634 4198 melius
1658 4146 1845 4212 nostis,
1881 4145 2013 4199 Mihi
2042 4148 2208 4201 vindi-

630 4250 782 4304 ctam,
813 4254 904 4309 ego
933 4237 1226 4301 retribuam,
1252 4236 1378 4291 dicit
1408 4236 1680 4291 Dominus.
1699 4237 1872 4311 (Deut.
1899 4255 2067 4305 χχιιι,
2100 4241 2203 4307 55;

630 4332 781 4393 Rom,
811 4347 904 4396 xu,
931 4330 1019 4400 l9)
1039 4331 1154 4385 Jam
1176 4345 1269 4384 vos
1288 4331 1415 4384 mihi
1434 4332 1476 4385 si
1500 4331 1625 4400 quid
1643 4333 2204 4403 imputatisignoscite,

630 4424 751 4494 quia
777 4423 958 4477 sciatis
989 4423 1267 4475 Dominum
1301 4422 1617 4477 vindicasse.
1649 4423 1779 4477 Tam
1808 4426 1939 4478 aviis
1964 4440 2061 4479 nos
2088 4441 2206 4481 es~e

626 4516 908 4569 itineribus
921 4514 1254 4579 noveritis,in
1271 4526 1374 4567 tam
1388 4515 1593 4568 abditas
1607 4514 1920 4570 solitudines
1936 4517 2202 4584 inductos,

2317 583 2518 649 llabris,
2553 591 2737 651 erepto
2764 583 2832 638 ab
2862 584 3033 638 oculis
3077 584 3274 637 nostris
3328 583 3534 638 nebulis
3562 598 3624 637 ac
3666 584 3901 642 nubibus

2314 676 2426 740 die,
2455 675 2555 730 iter
2578 690 2737 745 agere
2772 678 3136 731 crederemus.
3165 676 3297 743 Quia
3330 675 3537 731 etiamsi
3578 677 3777 733 mundo
3817 695 3903 734 ra.

2315 765 2434 821 dius
2489 767 2621 821 solis
2668 767 2862 834 illuxit,
2910 768 2975 820 ad
3010 781 3127 831 nos,
3176 776 3283 836 prae
3321 767 3586 823 densitate
3651 770 3893 826 nemoris

2316 861 2570 929 splendor
2590 860 2777 929 ipsius,
2803 868 2857 914 et
2896 860 3043 914 calor
3076 861 3355 926 pervenire
3400 876 3505 914 non
3554 860 3738 923 valuit,
3770 861 3899 917 dum

2318 968 2415 1007 nos
2445 952 2516 1006 ita
2567 968 2661 1019 per
2708 952 2809 1006 iter
2842 952 3129 1007 infelicium
3178 952 3407 1007 felicium
3456 952 3747 1021 proceritas
3781 968 3900 1023 pre-

2318 1046 2435 1107 mit,
2462 1055 2513 1099 ct
2541 1049 2620 1099 s'c
2658 1038 2932 1099 inundatio
2963 1046 3100 1098 roris
3129 1047 3381 1113 aspergit,
3416 1055 3473 1098 ut
3503 1048 3761 1100 contracti
3812 1047 3901 1100 fri-

2316 1152 2466 1205 gore,
2521 1136 2604 1191 vel
2642 1138 2811 1190 coacti
2858 1138 3188 1205 apricitatem
3247 1138 3385 1207 ignis
3426 1138 3664 1207 plurimis
3710 1139 3903 1193 diebus

2316 1230 2715 1301 cynocaumatis
2729 1231 3038 1300 qumrimus.
3068 1230 3173 1285 Sed
3199 1245 3319 1285 cum
3338 1230 3404 1285 ad
3423 1231 3619 1291 locum,
3653 1231 3717 1283 ad
3743 1248 3902 1300 quem

2319 1323 2567 1376 tendebat
2601 1323 2828 1377 intentio
2857 1324 3309 1391 pervenissemus,
3343 1322 3524 1377 vallati
3557 1324 3710 1392 aquis
3742 1330 3902 1393 atque

2322 1413 2624 1481 madefacti,
2653 1415 2741 1468 siti
2773 1415 3083 1483 occepimus
3108 1414 3374 1485 deperire.
3405 1415 3536 1481 Quia
3567 1431 3689 1470 cum
3720 1425 3897 1481 esset,

2319 1513 2377 1555 ut
2402 1503 2657 1568 diximus,
2688 1504 2831 1573 rigor
2857 1504 2908 1558 iu
2944 1519 3089 1570 aere,
3118 1513 3235 1559 erat
3262 1513 3440 1559 tamen
3471 1513 3624 1574 tepor
3654 1507 3704 1559 in
3733 1507 3898 1570 fonte,

2318 1594 2521 1651 odorin
2552 1596 2792 1663 ﬂumine,
2815 1596 2976 1651 ardor
2998 1596 3051 1650 in
3079 1611 3288 1666 campo,
3319 1604 3482 1652 aestus
3510 1597 3562 1651 iu
3604 1607 3824 1660 castro;
3853 1607 3903 1654 et

2320 1695 2377 1740 ut
2407 1686 2553 1741 brevi
2604 1702 2857 1741 sermone
2915 1688 3165 1742 universa
3211 1687 3549 1751 concludam,
3603 1704 3699 1756 per
3740 1689 3900 1744 talem

2318 1777 2458 1831 viam
2491 1792 2590 1832 nos
2617 1778 2716 1833 iter
2744 1779 2918 1848 egisse
2938 1779 3263 1849 cognoscite,
3299 1794 3395 1848 per
3412 1794 3570 1848 quam
3598 1795 3698 1836 nec
3718 1782 3791 1835 ad
3817 1797 3901 1851 pa-

2242 1870 2292 1931 B
2319 1870 2575 1933 radisum,
2623 1886 2726 1925 non
2757 1870 2931 1925 dicam
2958 1871 3025 1925 ad
3047 1870 3289 1927 exsilium
3317 1871 3397 1926 ire
3425 1872 3706 1941 quisquam
3748 1875 3899 1929 desi-

2317 1962 2491 2016 deret.
2525 1963 2867 2031 Quapropter
2895 1963 3017 2031 quia
3046 1962 3160 2017 ha-c
3186 1964 3365 2017 omnia
3416 1963 3671 2018 Dominus
3714 1976 3901 2020 noster

2317 2063 2372 2108 et
2400 2069 2486 2108 me
2518 2055 2816 2117 incurrere,
2845 2062 2900 2106 et
2926 2068 3021 2107 vos
3044 2052 3205 2123 jussit
3236 2055 3501 2118 evadere;
3536 2064 3758 2123 peccata
3785 2071 3898 2111 mea

2316 2157 2347 2196 a
2374 2145 2566 2197 veStris
2601 2144 2805 2197 meritis
2836 2144 2996 2198 etiam
3027 2144 3223 2198 visibili
3252 2146 3441 2199 itinere
3468 2145 3824 2212 discernens;
3849 2154 3898 2202 et

2316 2248 2413 2287 vos
2440 2234 2530 2303 qui
2576 2242 2725 2287 arcta
2771 2242 2825 2288 et
2870 2234 3137 2288 laboriosa
3187 2235 3499 2303 spiritaliter
3529 2237 3755 2305 pergitis
3794 2238 3895 2305 via,

2315 2326 2444 2381 istas
2468 2341 2572 2379 non
2626 2325 2934 2379 incideretis
2976 2327 3272 2394 angustias,
3323 2337 3378 2381 et
3420 2342 3520 2382 no;
3564 2329 3653 2396 qui
3700 2329 3811 2385 Iata
3849 2342 3897 2386 et

2315 2417 2574 2486 spatiosa,
2608 2427 2907 2472 retrorsum
2939 2432 3153 2485 semper
3191 2420 3542 2487 respicientes
3572 2420 3895 2489 incedimus,

2316 2506 2474 2576 hujus
2532 2508 2858 2562 incurrimus
2909 2508 3152 2575 injurias.
3205 2510 3366 2565 Orate
3438 2511 3761 2578 Dominum,
3816 2514 3897 2568 cui

2313 2599 2492 2653 omnia
2526 2598 2799 2667 possibilia
2857 2598 3195 2665 conﬁtemur,
3250 2612 3308 2655 ut
3345 2601 3447 2655 etsi
3500 2617 3595 2670 per
3627 2603 3897 2663 diversum

2314 2690 2439 2758 iter,
2473 2691 2541 2745 ad
2578 2706 2734 2747 uuam
2765 2707 2861 2747 nos
2895 2701 3069 2747 tamen
3094 2694 3278 2747 urbem
3311 2696 3467 2749 faciat
3493 2699 3817 2762 convenire;
3848 2701 3897 2753 in

2313 2799 2474 2854 quam
2504 2799 2603 2838 nos
2630 2783 3000 2841 misericordia
3034 2795 3210 2854 potest
3240 2786 3459 2855 inferre,
3486 2804 3579 2844 vos
3611 2791 3830 2845 merita.

2884 2898 3100 2954 EPIST.
3134 2899 3320 2953 XVIII.

2385 2989 2694 3046 Dulcissimo
2744 3001 2790 3045 rt
2824 2993 3069 3075 unanimo
3114 2993 3223 3062 filio
3257 3002 3281 3032 ι
3325 2995 3536 3049 Omacio
3586 2996 3831 3054 Ruricius

2975 3080 3262 3133 cpiscopus.

2383 3160 2450 3216 Ut
2483 3174 2579 3229 per
2609 3160 2895 3216 Venerium
2940 3160 3207 3216 dulcedini
3263 3170 3368 3217 tua:
3411 3177 3515 3218 nou
3566 3163 3890 3227 scriberem,

2384 3267 2419 3304 n
2448 3251 2809 3320 negligentiae,
2843 3266 2942 3307 nec
2978 3251 3350 3321 imputationis
3374 3255 3622 3324 alicujus,
3664 3258 3762 3312 sed
3809 3271 3895 3311 oc-

2311 3344 2612 3415 cupationis
2658 3343 2821 3400 fuisse
2861 3360 3148 3414 cognosce.
3184 3347 3334 3403 Unde
3381 3349 3477 3404 has
3505 3366 3601 3418 per
3627 3350 3893 3406 Amelinm
3926 3417 3933 3424 η

2311 3436 2454 3503 dedi,
2486 3437 2679 3505 quibus
2720 3438 2866 3494 salve
2907 3437 3197 3508 plurimttm
3241 3439 3385 3507 dico,
3439 3450 3493 3496 et
3538 3452 3594 3495 ut
3638 3443 3895 3515 ιιι-οι)οείιί

2311 3528 2385 3582 tui
2410 3534 2629 3597 ‘semper
2665 3528 3051 3597 reminiscaris,
3105 3545 3442 3589 commoneo.
3491 3534 3597 3590 Nec
3651 3537 3889 3593 animum

2310 3630 2455 3675 tuum
2478 3620 2588 3690 jam
2622 3622 2732 3677 Deo
2760 3622 2995 3678 dicatum
3028 3633 3119 3678 aut
3147 3640 3176 3678 a
3201 3638 3381 3696 empto
3411 3627 3607 3683 itinere
3646 3627 3895 3686 blandior

2310 3712 2456 3767 visus
2485 3725 2696 3780 avocet,
2728 3721 2822 3767 aut
2849 3714 3175 3769 modulatior
3203 3727 3510 3786 corrumpat
3537 3718 3777 3785 auditus,
3804 3730 3895 3776 aut

2309 3802 2519 3858 dulcior
2542 3814 2730 3873 gustus
2759 3804 2979 3872 inliciat,
3010 3815 3103 3860 aut
3144 3807 3355 3862 mollior
3394 3808 3649 3865 sollicitet
3697 3822 3890 3879 tactus,

2308 3906 2399 3951 ant
2424 3898 2645 3951 suavior
2683 3898 2939 3952 odoratus
2989 3898 3198 3965 illiciat,
3238 3908 3295 3954 et
3323 3916 3418 3970 per
3457 3900 3727 3957 fenestras
3774 3919 3895 3959 cor-

2310 3989 2456 4056 poris
2489 4003 2633 4042 mors
2657 3988 3046 4045 intromittatur
3065 3991 3130 4045 ad
3157 3992 3410 4048 animam.
3446 3994 3554 4050 Sed
3596 4010 3781 4066 neque
3804 3997 3896 4053 sti-

2309 4095 2429 4135 vam
2482 4091 2689 4147 tenens,
2723 4093 2909 4138 contra
2945 4084 3154 4140 Domini
3182 4088 3501 4141 sententiam
3542 4096 3692 4143 retro
3718 4090 3891 4159 respi-

2310 4176 2443 4237 cias,
2476 4183 2531 4239 ut
2560 4174 2821 4229 directum
2852 4176 3009 4231 linea:
3046 4178 3228 4234 sulcus
3272 4182 3517 4235 amittat:
3547 4182 3677 4251 quin
3723 4185 3895 4252 potius

2309 4265 2380 4320 ita
2412 4265 2466 4319 in
2491 4281 2634 4330 eum,
2666 4267 2752 4321 cui
2783 4276 2854 4333 te,
2890 4268 3005 4337 ipso
3046 4270 3366 4339 inspirante,
3400 4272 3610 4339 vovisti,
3641 4276 3894 4329 omnibus

2308 4356 2554 4411 sensibus
2586 4356 2778 4423 inhies,
2802 4367 2856 4413 et
2879 4359 3042 4415 corde
3067 4361 3274 4418 deﬁxus
3326 4363 3624 4428 adhaereas,
3658 4381 3717 4420 ut
3772 4383 3892 4423 cum

2311 4456 2361 4502 te
2386 4448 2469 4501 vel
2498 4463 2597 4501 una
2628 4449 2967 4517 pne-fatorum
2995 4452 3247 4508 vitiorum
3272 4455 3397 4510 illex
3430 4455 3600 4510 forma
3634 4459 3889 4526 pulsave—

2309 4541 2399 4607 rit,
2426 4542 2527 4597 ﬁde
2558 4542 2732 4609 ﬁrma,
2752 4554 2805 4598 et
2843 4544 3023 4600 divina
3055 4547 3403 4605 meditatione
3421 4552 3683 4605 munitum
3707 4563 3891 4622 pectus

629 4616 687 4661 ut
716 4621 806 4660 cas
828 4616 1067 4662 retexere
1086 4606 1543 4711 animushorreat,
1570 4622 1721 4711 mens
1748 4607 1998 4711 refugiat,
2031 4625 2208 4664 sermo
2238 4609 2286 4669 D
2312 4606 2461 4688 adire
2487 4650 2593 4689 non
2618 4606 2803 4705 possit.
2838 4637 2905 4691 Et
2929 4639 3221 4707 quamlibet
3262 4640 3313 4694 in
3341 4641 3509 4697 turbis
3536 4606 3891 4711 ροείωιετωθ

627 4718 732 4757 non
758 4710 937 4771 queat.
958 4700 1280 4757 lncurrimus
1315 4715 1546 4771 namque
1576 4702 1821 4756 semitam
1867 4702 2200 4758 obstructam

624 4801 809 4866 ramis,
862 4800 1035 4869 spatio
1065 4800 1431 4870 constrictam,
1464 4800 1633 4870 spinis
1680 4800 1893 4867 hirtam,
1945 4803 2201 4872 stirpibus

623 4896 881 4957 clausam,
903 4892 1128 4946 obsitam
1151 4894 1410 4959 sentibus,
1429 4895 1533 4948 situ
1563 4909 1829 4964 asperam,
1846 4911 2094 4952 saxorum
2112 4913 2203 4969 ag-

550 5028 553 5029 ν
624 4985 837 5051 geribus
876 4984 1205 5053 impeditam,
1230 4985 1466 5038 radicum
1499 4987 1832 5041 connexione
1853 4996 2198 5058 constratum,

625 5088 778 5128 emno
804 5077 1195 5144 voraginosam,
1216 5083 1273 5127 ut
1302 5074 1355 5128 in
1385 5083 1490 5127 tam
1522 5075 1683 5129 variis
1715 5079 2198 5147 tamqnemultipli-

624 5165 774 5219 cibus
796 5167 949 5220 malis
968 5180 1071 5219 non
1089 5172 1233 5219 esset
1249 5166 1469 5234 simplex
1494 5165 1661 5220 forma
1677 5169 1891 5235 periculi
1920 5187 1934 5233 ;
1964 5171 2090 5225 dum
2106 5186 2198 5226 ca-

626 5254 883 5310 ballorum
900 5258 1058 5324 pedes
1084 5257 1322 5311 radicum
1348 5259 1519 5311 virtus
1533 5258 1756 5326 detinet,
1787 5263 1949 5316 etsoli
1970 5264 2197 5332 putredo

624 5365 735 5405 non
763 5352 1024 5419 sustinet;
1070 5353 1337 5409 montibus
1370 5368 1497 5408 vero
1528 5354 1598 5409 ita
1643 5356 1693 5409 iu
1736 5358 1964 5415 sublime
2013 5377 2197 5430 porre-

625 5452 789 5511 ctam,
823 5452 880 5499 et
906 5445 1125 5499 vallibus
1155 5448 1206 5500 in
1231 5444 1492 5517 profunda
1523 5445 1843 5513 demersam,
1878 5458 1955 5504 ut
1976 5468 2073 5507 nos
2100 5468 2194 5525 per

708 5656 870 5709 ‘Fuit
899 5655 987 5708 ilfe
1018 5653 1291 5724 presbyter
1340 5656 1717 5710 dilectissimus
1746 5654 1983 5720 Ruricio,
2033 5657 2188 5724 cujus

626 5741 725 5793 ope
756 5742 877 5780 usus
906 5732 983 5778 est
1028 5723 1349 5790 I‘Jpat‘chius,
1384 5733 1441 5779 ut
1481 5727 1684 5781 litteras
1729 5723 2187 5782 commendatit’ias

2311 4726 2559 4790 videaris,
2584 4727 2791 4784 intrans
2823 4730 2877 4784 in
2905 4731 3209 4787 cubiculum
3234 4734 3412 4789 cordis
3440 4734 3516 4789 tui
3538 4736 3725 4791 clauso
3753 4741 3890 4794 ostio

2312 4828 2423 4889 tuo,
2450 4820 2732 4877 Dominum
2758 4838 2915 4878 orare
2967 4840 3073 4879 non
3100 4826 3313 4882 desinas
3336 4826 3551 4894 (Matth.
3586 4845 3657 4898 vt,
3693 4831 3789 4900 6),
3837 4840 3892 4885 ut

2311 4911 2398 4980 qui
2432 4911 2652 4965 videtin
2694 4914 2924 4981 occulto,
2958 4915 3101 4970 dicat
3155 4917 3271 4979 tibi,
3300 4918 3437 4972 sicut
3481 4928 3671 4974 sancto
3722 4922 3886 4993 Moysi

2312 5003 2625 5060 vociferanti
2648 5005 2712 5059 ad
2740 5021 2799 5061 se
2827 5022 2932 5060 non
2966 5022 3116 5075 voce,
3148 5010 3239 5064 sed
3264 5010 3446 5078 corde,
3472 5011 3684 5068 dicebat
3710 5032 3724 5067 :
3756 5014 3887 5080 Quid

2306 5096 2495 5149 clamas
2522 5097 2589 5148 ad
2608 5113 2687 5149 me
2706 5096 2899 5167 (Exod.
2930 5114 3038 5165 xw,
3062 5100 3189 5171 15)?
3218 5101 3285 5155 Et
3320 5116 3480 5171 spero
3509 5112 3566 5157 ut
3590 5104 3641 5158 iu
3692 5106 3886 5161 talibus

2302 5185 2633 5241 orationibus
2662 5188 2823 5242 etiam
2856 5189 2957 5243 mei
2990 5192 3299 5245 meminisse
3338 5192 3599 5264 digneris,
3630 5206 3687 5249 et
3728 5199 3887 5252 citius

2304 5284 2358 5330 te
2386 5275 2453 5330 ad
2476 5290 2595 5341 nos,
2618 5278 2777 5332 etiam
2808 5279 2853 5333 si
2879 5281 3019 5335 inter
3048 5296 3144 5335 nos
3166 5281 3373 5337 reducit
3401 5285 3644 5353 allectus,
3672 5288 3886 5344 deside-

2305 5366 2444 5421 rium
2474 5365 2798 5423 duleissintte
2829 5379 2885 5425 et
2903 5370 3269 5428 saluberrimae
3295 5374 3492 5445 quietis
3521 5375 3774 5433 adducat.

2294 5661 2359 5787 :1
2376 5664 2752 5789 ὣυτιὲἓιέιυω
2784 5666 3073 5724 obtineret.
3108 5668 3240 5723 Vide
3265 5669 3488 5726 inferius
3519 5673 3553 5725 Ι.
3577 5688 3634 5735 ll,
3670 5686 3761 5742 ep.
3786 5673 3877 5742 27,
