4086 6328
208 342 261 409 δι
1456 343 1927 401 EPISTOLARUM
1966 344 2093 400 LIB.
2135 341 2195 397 II.
3386 334 3453 395 81

213 467 1808 491 ...βψ

1149 592 1658 734 LIBER;
1706 590 2539 701 SECUNDUS.

679 938 1010 997 EPISTOIA
1048 937 1278 991 PRIMA.

214 1031 420 1102 Domnisi
435 1031 810 1086 sublimissimis
834 1043 883 1087 et
914 1034 967 1085 in
991 1030 1191 1102 Christo
1215 1031 1435 1085 Domino
1458 1030 1778 1102 dcvinctissi-

317 1100 677 1171 mis'fratribus
701 1112 723 1139 ιι
745 1102 997 1157 Namacio
1032 1112 1078 1157 et
1103 1100 1370 1157 Ceraunia
1398 1101 1658 1155 Ruricius.

278 1208 486 1277 Antiqui
517 1211 787 1278 sapientes
814 1212 1016 1264 amicos
1054 1209 1188 1263 duos
1227 1224 1386 1263 unam
1416 1207 1646 1262 animam
1680 1207 1779 1262 ba-

214 1300 331 1353 bere
370 1299 664 1355 dixerunt:
719 1300 859 1370 quod
907 1299 1061 1355 valde
1105 1314 1291 1355 verum
1341 1313 1463 1353 esse
1510 1298 1777 1367 praedico,

213 1391 491 1461 proboque.
546 1390 674 1446 Nam
707 1401 989 1462 postquam
1020 1407 1051 1446 a
1082 1402 1254 1448 vestra
1286 1392 1638 1462 germanitate
1666 1391 1781 1445 dis-

212 1482 365 1547 cessi,
413 1480 644 1536 divisum
692 1496 811 1538 esse
858 1498 943 1537 me
988 1484 1197 1548 sentio,
1249 1492 1560 1553 partemque
1608 1499 1780 1538 meam

212 1572 469 1628 vobiscum
516 1574 783 1629 resedisse
812 1589 1099 1646 cognosco.
1150 1570 1258 1631 Nec
1294 1575 1603 1631 absentibus
1633 1575 1783 1631 vobis

212 1667 399 1736 integer
424 1681 553 1722 esse
582 1667 712 1722 mihi
743 1668 948 1723 videor.
998 1669 1065 1723 Et
1092 1684 1214 1723 cum
1248 1683 1334 1723 me
1374 1670 1426 1722 in
1454 1683 1540 1723 me
1571 1683 1675 1723 non
1703 1670 1785 1722 in-

211 1760 401 1813 veniam
427 1801 442 1825 ,
501 1759 639 1828 apud
678 1775 773 1814 vos
817 1776 935 1825 me,
982 1760 1049 1815 ad
1094 1775 1190 1815 vos
1233 1776 1500 1826 reversus,
1548 1761 1781 1827 inquiro,

210 1862 355 1923 atque
390 1853 616 1919 ibidem,
651 1863 904 1922 quantum
937 1869 1023 1909 me
1048 1854 1205 1924 jubes
1247 1853 1547 1923 reliquisse,
1580 1861 1782 1908 tantum

213 1946 362 1999 vestri
388 1960 602 1999 mecum
629 1946 914 2001 abstulisse
942 1946 1234 2016 conspicio.
1283 1947 1346 1999 Et
1378 1949 1447 2001 ita
1476 1947 1785 2015 priusquam

212 2038 325 2103 fiat,
353 2049 626 2095 annuente
656 2040 911 2107 Domino,
957 2042 1233 2111 pignorum
1274 2050 1582 2096 nostrorum
1609 2041 1783 2096 votiva

210 2134 510 2203 conjunctio
552 2134 852 2189 animorum
900 2137 1040 2189 inter
1087 2150 1186 2190 nos
1234 2135 1368 2190 facta
1418 2134 1525 2204 iam
1572 2135 1782 2201 divisio,

209 2241 318 2296 quae
350 2225 591 2282 bdivino
639 2228 1008 2297 amplectenda
1057 2228 1226 2297 magis
1271 2237 1357 2283 est
1407 2228 1783 2298 diligentibus,

1796 938 2022 1002 Adico.
2075 938 2184 993 lter
2230 950 2444 998 meum,
2491 943 2841 1006 vestrumque
2886 944 3229 1007 conspectum
3279 945 3463 993 mente

1883 1030 2176 1103 praevenio,
2209 1037 2369 1100 atque
2398 1026 2601 1096 omnia,
2631 1028 2770 1083 sicut
2790 1028 3044 1097 iussistis,
3075 1036 3131 1084 et
3153 1029 3372 1099 dignum
3400 1045 3465 1085 ac

1882 1122 2121 1178 debitum
2172 1121 2303 1186 fuit,
2356 1121 2627 1190 inspecta,
2675 1119 2897 1186 tradita,
2950 1122 3156 1175 firmata
3193 1122 3466 1191 significo.

1882 1215 1991 1270 Nec
2020 1230 2210 1270 vereor
2239 1214 2380 1284 quod
2410 1213 2603 1270 debeat
2632 1214 2838 1269 animos
2865 1224 3073 1269 vestros
3102 1215 3183 1268 vel
3225 1214 3466 1283 aliquan-

1884 1308 2050 1374 tisper
2079 1306 2381 1371 oﬂ'endere,
2433 1306 2572 1375 quod
2622 1322 2787 1360 ttnum
2833 1306 3152 1362 vocabulum
3184 1306 3252 1362 de
3281 1306 3465 1363 libello

1884 1398 2023 1454 dotis
2051 1399 2235 1453 vident
2263 1413 2381 1453 esse
2408 1397 2776 1463 subtractum;
2829 1413 2948 1479 cum
2986 1397 3088 1452 hoc
3128 1397 3269 1468 quod
3308 1398 3464 1454 deest

1886 1504 2132 1554 numero,
2162 1504 2264 1541 non
2289 1488 2464 1543 solum
2491 1498 2915 1557 compensatum,
2943 1487 3037 1543 sed
3067 1488 3228 1544 etiam
3250 1496 3464 1544 auctum

1885 1581 2175 1651 agnoscitis
2203 1580 2257 1635 in
2286 1581 2500 1635 merito.

2506 1692 2722 1750 EPIST.
2765 1693 2851 1748 III.

1890 1787 2123 1842 Dominis
2148 1786 2448 1848 sublimibus
2471 1788 2591 1840 etin
2611 1783 2813 1840 Christo
2835 1783 3055 1839 Domino
3081 1785 3471 1840 detinctissirnis

2077 1859 2323 1925 fratribus
2355 1858 2605 1912 Namacio
2634 1868 2680 1912 et
2710 1857 2975 1911 Ceraunia:
3008 1856 3266 1911 Ruricius.

1960 1951 2129 2019 Quam
2154 1953 2392 2021 graviter
2418 1953 2515 2004 sim
2540 1951 2606 2005 de
2633 1951 2774 2005 luctu
2799 1959 2975 2005 vestro
3001 1951 3170 2005 nuntii
3194 1951 3471 2007 atrocitate

1891 2046 2203 2117 perculsus,
2244 2044 2454 2099 facilius
2497 2059 2592 2098 vos
2641 2060 2736 2111 pro
2765 2052 2970 2097 ‘mutno
3018 2044 3238 2111 potestis
3286 2059 3472 2100 amore

1891 2138 2190 2205 conjicere,
2234 2153 2392 2206 quam
2437 2152 2537 2206 ego
2570 2135 2767 2205 possim
2799 2136 2991 2191 litteris
3022 2137 3291 2192 intimare.
3339 2136 3474 2203 Quia

1892 2232 2102 2285 animus
2134 2230 2299 2284 nimio
2344 2243 2577 2283 mmrore
2606 2228 2907 2296 confectus,
2940 2228 3082 2299 quod
3115 2228 3297 2284 horret
3323 2243 3474 2284 τερος

210 2333 355 2387 quam
382 2320 640 2386 vitanda;
676 2336 768 2389 per
792 2337 950 2391 quam
984 2320 1041 2375 fit
1071 2321 1121 2376 in
1152 2321 1404 2376 cordibus
1430 2336 1617 2376 eorum
1649 2323 1790 2376 cari-
1818 2317 1866 2377 B
1896 2321 2025 2388 lere,
2057 2322 2235 2377 renuit
2263 2320 2545 2390 expedire.
2598 2319 2782 2386 Doleo,
2825 2321 3015 2375 fratres
3054 2320 3440 2375 dcvinctissimi
3475 2360 3480 2367 .

210 2412 324 2468 tatis
361 2414 594 2483 integra:
630 2415 839 2473 sincera
878 2414 1204 2479 transfusio;
1255 2416 1409 2485 cujus
1437 2430 1538 2485 ego
1565 2416 1792 2471 vinculis

211 2506 512 2576 colligatum
547 2522 573 2559 a
598 2508 749 2561 vobis
776 2522 895 2562 esse
924 2523 1009 2561 me
1033 2508 1262 2576 gaudeo,
1286 2516 1341 2561 et
1372 2507 1564 2562 talibus
1589 2509 1795 2564 catenis

209 2605 409 2660 vinetus
439 2606 680 2671 exsulto,
710 2605 1080 2674 obstringique
1112 2621 1197 2659 me
1223 2618 1406 2659 earum
1435 2604 1659 2658 nexibus
1686 2618 1797 2657 ma-

212 2698 287 2766 gis
329 2700 498 2769 cupio
546 2714 703 2769 qnam
743 2698 959 2753 resolvi.
1011 2697 1214 2766 Quibus
1252 2708 1304 2753 et
1351 2712 1448 2753 vos
1477 2698 1798 2753 constrictos

210 2801 323 2842 esse
346 2789 590 2844 confido.
624 2788 989 2844 Redeuntibus
1016 2790 1191 2858 itaque
1218 2788 1410 2843 vestris
1437 2788 1583 2843 salve
1610 2786 1797 2856 largis-

213 2879 399 2935 simum
423 2882 575 2945 dico,
616 2890 669 2936 et
692 2896 754 2936 ex
785 2882 1034 2937 omnibus
1063 2881 1261 2950 gratias
1296 2894 1461 2950 agens
1485 2880 1797 2949 derelinquo

212 2987 324 3041 qute
365 2973 433 3029 ad
479 2973 811 3044 praeconium
854 2981 1096 3028 nostrum
1138 2972 1429 3043 pertinent.
1480 2972 1682 3027 Idcirco
1712 2986 1798 3026 me

214 3062 425 3120 siluisse
472 3064 741 3135 significo,
791 3065 913 3134 quia
967 3064 1019 3118 in
1070 3065 1298 3134 propriis
1343 3063 1610 3129 laudibus,
1663 3065 1801 3119 sicut

208 3152 424 3225 dicitur,
460 3166 548 3213 est
588 3157 773 3211 odiosa
808 3156 1097 3226 jactantia;
1144 3167 1322 3212 vestra
1360 3157 1501 3212 enim
1535 3157 1650 3211 laus
1680 3171 1798 3212 mea

209 3244 344 3300 facta
370 3256 490 3312 est;
540 3256 594 3302 et
622 3246 760 3311 ideo,
792 3256 849 3300 ut
873 3247 1012 3315 dixi,
1055 3247 1122 3303 de
1148 3248 1588 3316 magnanimitate
1619 3256 1799 3304 vestra

209 3346 389 3394 tacere
421 3340 620 3394 melius
651 3340 807 3405 duxi;
852 3341 974 3411 quia
1015 3341 1273 3412 quidquid
1314 3341 1381 3398 de
1407 3342 1560 3399 vobis
1589 3342 1798 3413 dixero,

206 3430 334 3485 mihi
362 3432 558 3487 videor
584 3432 891 3488 contulisse.

851 3548 1064 3604 EPIST.
1106 3550 1169 3605 II.

202 3635 449 3691 Dominis
473 3637 851 3691 sublimissimis
878 3647 923 3690 et
949 3640 1001 3691 in
1023 3638 1226 3693 Christo
1248 3639 1465 3695 Domino
1489 3642 1803 3695 dcvinctissi-

351 3710 458 3759 mis
483 3707 729 3776 fratribus
755 3707 1003 3761 Namacia
1033 3719 1079 3762 et
1105 3709 1371 3764 Ceraunire
1396 3711 1657 3766 Ruricius.

268 3805 430 3858 Inter
463 3801 698 3871 reliquas
728 3812 922 3871 grates,
959 3818 1077 3873 qua:
1116 3819 1143 3855 a
1187 3818 1273 3858 me
1316 3804 1464 3859 vobis
1498 3806 1621 3873 jure
1660 3804 1801 3860 refe-

201 3895 391 3950 renda:
421 3903 585 3958 sunt,
632 3894 910 3961 prtusenlia
943 3909 1003 3950 ac
1032 3894 1235 3950 visione
1266 3898 1471 3965 patroni
1503 3896 1803 3952 communis

203 3987 388 4040 domui
436 3985 740 4039 Postumini
785 3988 1027 4055 ingentes
1056 3988 1256 4057 gratias
1285 4002 1406 4056 ago,
1438 3989 1577 4057 quod
1616 3988 1801 4055 hospi-

206 4075 399 4131 tiolnm
437 4084 683 4131 vestrum
725 4076 926 4132 fecistis
959 4077 1125 4144 ipsius
1155 4077 1487 4132 orationibus
1524 4077 1801 4132 illustrari.

208 4168 342 4233 Quia
375 4169 518 4223 dum
552 4168 704 4223 vobis
735 4169 955 4223 exhibet
984 4170 1165 4233 fidem,
1199 4171 1358 4225 nobis
1402 4172 1593 4239 tribuit
1636 4179 1803 4227 bene-

210 4258 545 4323 dictionem;
590 4269 643 4313 et
686 4260 811 4314 licet
844 4259 1002 4315 fuerit
1032 4261 1467 4330 vigilantissimus
1508 4262 1801 4332 inspector,

208 4346 713 4418 importnnissimns
744 4360 983 4416 exactor,
1028 4352 1456 4407 disuietissimus
1497 4364 1804 4420 exsecutor,

211 4438 347 4494 levia
383 4450 574 4495 tamen
618 4444 732 4496 lucc
771 4443 946 4496 omnia
990 4444 1157 4513 gratia
1189 4454 1365 4499 vestra
1412 4455 1465 4499 et
1509 4446 1806 4502 sanctitatis

211 4548 323 4588 suae
355 4535 753 4604 ponderatione
786 4539 1160 4607 pensavimus;
1211 4540 1329 4605 quia
1371 4538 1509 4593 sicut
1547 4541 1805 4610 scriptum

214 4634 292 4677 est
325 4640 340 4678 :
375 4626 589 4679 Caritas
634 4627 803 4680 omnia
854 4629 1088 4693 sustinet,
1140 4629 1327 4682 caritas
1373 4646 1634 4699 nunquam
1666 4634 1806 4687 exci-

213 4717 285 4769 dit
319 4716 371 4787 (I
402 4718 535 4772 Cor.
564 4734 673 4781 xm,
704 4718 776 4787 7),
829 4719 1126 4787 przesertim
1171 4733 1290 4773 cum
1341 4719 1464 4786 hoc,
1494 4722 1635 4790 quod
1665 4721 1811 4778 visus

215 4809 458 4876 exigere,
484 4810 643 4861 nobis
663 4824 782 4863 eum
808 4809 1076 4863 credimus
1100 4809 1193 4864 Dei
1214 4810 1475 4865 beneficio
1496 4812 1806 4868 contulisse.

214 4899 398 4968 Itaque
437 4916 509 4955 eo
542 4910 563 4937 ε
591 4901 801 4970 propria
835 4901 1049 4956 civitate
1078 4911 1385 4965 remeante,
1427 4917 1532 4956 non
1561 4903 1681 4971 quia
1718 4919 1813 4959 ne-

216 4992 471 5043 cessaria:
503 5002 707 5056 essent,
738 4992 831 5046 sed
865 4993 985 5060 qpia
1015 4992 1201 5056 voluit,
1229 4992 1371 5059 dedi,
1402 4993 1590 5061 quibus
1621 4994 1810 5048 indivi-

1899 2426 2002 2469 tam
2047 2415 2243 2469 acerbo
2274 2414 2421 2470 casui
2449 2422 2652 2481 vestro,
2705 2423 2758 2470 et
2810 2423 2921 2469 toto
2966 2414 3131 2469 corde
3159 2414 3476 2483 rompatior.

1896 2507 2032 2563 Nam
2062 2508 2162 2563 etsi
2192 2505 2258 2561 ad
2290 2521 2528 2577 presens
2551 2522 2580 2561 a
2602 2505 2753 2561 vobis
2776 2515 3053 2573 separatus
3080 2519 3199 2560 sum
3225 2518 3477 2573 corpore,

1898 2610 2074 2657 tamen
2121 2616 2333 2670 semper
2380 2609 2558 2654 mente
2601 2600 2921 2668 conjungor,
2968 2607 3021 2653 et
3071 2597 3194 2651 dum
3249 2612 3277 2650 a
3325 2596 3476 2652 vobis

1900 2694 2079 2748 animo
2123 2709 2227 2749 non
2277 2690 2496 2757 recedo,
2530 2691 2830 2760 planctibus
2860 2690 3054 2744 vestris
3100 2688 3362 2744 interesse
3392 2703 3479 2742 me

1899 2785 2077 2840 credo.
2112 2785 2246 2852 Quia
2277 2783 2569 2840 secundum
2598 2782 2832 2837 divinam
2864 2780 3184 2836 sententiam
3216 2778 3355 2850 quod
3387 2793 3479 2847 pa-

1900 2879 2029 2933 titur
2057 2892 2223 2932 nnum
2250 2877 2571 2942 membrum,
2604 2876 2784 2929 omnia
2812 2872 3052 2927 membra
3083 2870 3480 2940 compatiuntur

1902 2969 1955 3024 in
1987 2983 2234 3038 corpore.
2265 2967 2373 3022 Nos
2402 2968 2543 3022 enim
2574 2982 2677 3020 non
2705 2965 2877 3020 solum
2904 2962 3007 3018 lide
3029 2975 3481 3030 concorporamur

1901 3061 1953 3116 in
1982 3059 2230 3127 Christo,
2273 3060 2366 3115 sed
2409 3058 2569 3114 etiam
2614 3058 2844 3111 filiorum
2874 3056 3251 3125 conjunctione
3277 3068 3483 3108 conne-

1902 3156 2115 3211 ctimur.
2171 3153 2321 3209 Unde
2365 3152 2526 3207 etiam
2575 3152 2619 3207 si
2667 3166 2915 3206 curarum
2962 3158 3105 3205 tanta
3138 3147 3483 3216 intemperies

1900 3248 2265 3318 permisisset,
2307 3245 2374 3300 ad
2404 3245 2656 3300 solandus
2683 3259 2799 3311 vos,
2835 3260 2930 3313 pro
2960 3241 3205 3314 epistolis
3236 3241 3353 3311 ipse
3386 3256 3484 3295 vo-

1902 3341 2123 3396 nissetu.
2174 3337 2281 3394 Sed
2311 3337 2439 3408 quid
2470 3336 2715 3401 facimus,
2747 3336 2937 3391 fratres
2965 3334 3188 3404 optimi,
3229 3331 3369 3403 quod
3401 3331 3484 3386 di-

1902 3432 2043 3487 vina:
2072 3431 2323 3485 resistere
2348 3428 2607 3498 jussioni,
2655 3429 2790 3483 sicut
2819 3427 3014 3482 virtute
3041 3441 3146 3482 non
3177 3440 3485 3496 possumus,

1904 3523 1974 3577 ita
2007 3537 2104 3577 nec
2132 3522 2403 3575 voluntate
2431 3520 2708 3583 debemus,
2733 3527 2786 3573 et
2814 3519 2959 3573 omni
2983 3518 3323 3588 advigilantia
3350 3532 3491 3585 prte-

1906 3628 2098 3668 cavere
2142 3630 2208 3668 ne
2246 3613 2372 3667 dum
2404 3612 2581 3666 dulcia
2614 3611 2767 3664 nobis
2809 3612 3026 3681 pignora
3076 3612 3243 3665 nimio
3297 3610 3487 3666 dolore

1826 3688 1875 3750 ο
1907 3706 2191 3769 deﬂemus,
2222 3704 2554 3773 blasphemi,
2594 3714 2683 3757 aut
2710 3702 3104 3771 quodaminodo
3135 3703 3380 3771 injuriosi
3410 3704 3487 3756 vi-

1906 3795 2128 3852 deamur
2180 3795 2232 3849 in
2287 3793 2549 3858 Domino;
2601 3803 2654 3848 et
2699 3793 2916 3863 gravius
2961 3794 3193 3848 animam
3250 3800 3489 3848 nostram

1904 3899 2091 3943 auctor
2132 3889 2295 3957 ipsius
2341 3888 2548 3943 meritis
2598 3888 2810 3942 inventa
2862 3889 3143 3943 occasione
3180 3887 3486 3951 confodiat,

1906 3997 2066 4053 quam
2112 3996 2363 4037 carorum
2404 3982 2695 4037 amissione
2740 3983 3023 4051 percussit.
3076 3983 3201 4037 Ideo
3246 3987 3297 4037 in
3340 3982 3489 4039 omni

1906 4075 2264 4131 amaritudine
2295 4076 2380 4131 vel
2411 4075 2597 4131 dolore
2638 4076 2703 4129 ad
2750 4075 2899 4129 illum
2932 4074 3086 4131 nobis
3117 4075 3490 4145 refugiendum

1908 4177 2020 4232 est,
2054 4178 2107 4247 et
2137 4167 2203 4222 ad
2235 4168 2380 4221 illum
2410 4180 2597 4221 omnes
2625 4181 2781 4222 casus
2810 4168 2979 4223 nostri
3012 4176 3122 4221 toto
3151 4168 3314 4223 corde
3344 4167 3489 4224 refe-

1908 4257 2084 4322 rendi,
2116 4257 2205 4328 qui
2237 4265 2393 4312 sanat
2418 4257 2746 4323 vulneratos,
2775 4258 2866 4328 qui
2895 4259 3097 4313 relevat
3124 4268 3370 4327 mcestos,
3395 4260 3490 4330 qui

1909 4350 2222 4407 consolatur
2275 4351 2524 4406 afflictos.
2589 4351 2654 4406 Et
2702 4352 2791 4405 illa
2843 4355 3110 4406 sententia
3162 4352 3330 4407 sancti
3387 4352 3489 4407 Job

1909 4446 2130 4501 omnino
2157 4444 2382 4499 dicenda
2414 4454 2533 4499 est:
2570 4441 2817 4497 Dominus
2849 4444 3007 4507 dedit,
3042 4444 3291 4498 Dominus
3317 4444 3490 4498 abstu-

1912 4540 1987 4607 lit,
2021 4540 2152 4594 sicut
2178 4536 2400 4593 Domino
2428 4538 2652 4606 placuit,
2694 4538 2765 4591 ita
2794 4547 2841 4592 et
2870 4538 3059 4608 factum
3090 4548 3181 4606 est,
3216 4539 3280 4591 sit
3310 4553 3492 4591 nomen

1914 4630 2123 4684 Domini
2152 4630 2470 4683 benedictum
2512 4628 2628 4701 (Job
2673 4646 2710 4693 t,
2751 4629 2862 4698 21).
2921 4629 3045 4684 Hsec
3084 4644 3244 4698 ergo,
3280 4628 3495 4683 Domini

1914 4724 2142 4793 pectoris
2172 4723 2306 4785 mei,
2358 4723 2593 4777 scribere
2619 4723 2770 4777 vobis
2808 4722 3008 4777 idcirco
3038 4723 3384 4792 praesumpsi,
3435 4732 3494 4776 ut

1914 4814 2153 4868 dolorem
2196 4828 2571 4879 communem,
2620 4826 2774 4880 quem
2818 4812 3089 4874 sciebam,
3128 4813 3269 4881 quod
3315 4810 3494 4865 verbis

1916 4904 2051 4958 meis
2076 4903 2322 4972 mitigare
2352 4918 2458 4957 non
2488 4912 2750 4972 poteram,
2781 4902 2862 4957 vel
2903 4902 3097 4957 divinis
3138 4902 3364 4971 eloquiis
3410 4911 3495 4957 nt-

1916 5010 2127 5064 cunque
2157 4993 2487 5048 moderarcr.
2541 4994 2605 5047 Et
2635 5009 2757 5050 vere
2795 5010 2901 5049 non
2944 4994 3221 5049 minimum
3266 4996 3492 5059 potestis

216 5082 334 5132 dum
359 5086 710 5150 germanitati
736 5094 923 5149 vestra}
946 5083 1090 5137 Salve
1114 5084 1467 5152 largissimum
1495 5084 1808 5141 desiderans
1835 5075 1891 5137 Ι)
1915 5100 2110 5157 capere
2139 5085 2205 5140 de
2231 5084 2429 5140 Christi
2457 5086 2728 5139 voluntate
2758 5086 3031 5151 solatium,
3061 5085 3199 5154 qnoJ
3229 5092 3493 5151 quatenus

291 5249 315 5278 ⁸
345 5241 475 5296 Fuit
506 5240 812 5304 Natnacitts,
844 5240 892 5291 ni
923 5237 1095 5299 fallor,
1136 5238 1273 5292 idem
1320 5255 1439 5292 cum
1470 5237 1721 5293 Namacio
1746 5240 1812 5294 ad

222 5328 378 5379 ψιινιη
418 5312 644 5377 scripsit
675 5309 916 5365 Sidonius
944 5309 1280 5377 Apollinaris,
1328 5311 1379 5363 itt
1415 5313 1694 5378 Aquitania
1726 5326 1815 5366 se-

222 5386 396 5435 cunda
428 5383 657 5447 degens.
695 5380 784 5433 Vir
812 5381 1016 5440 doctus.
1050 5382 1137 5445 qni
1180 5382 1228 5433 in
1266 5383 1455 5435 castris
1489 5382 1626 5435 inter
1652 5396 1813 5436 excu-

226 5450 394 5507 biales
430 5468 600 5507 curas
645 5451 836 5504 litteris
879 5451 1135 5503 incubuit.
1186 5450 1281 5504 Ubi
1312 5452 1537 5506 vacabat
1565 5468 1592 5504 a
1622 5453 1808 5506 militia

226 5534 302 5592 et,
329 5526 537 5592 pugnis
581 5521 861 5575 maritimis
888 5521 1163 5592 adversus
1214 5520 1455 5576 Saxones
1504 5522 1590 5576 illa
1633 5522 1809 5578 littora

226 5589 589 5658 infestantes,
632 5591 899 5646 venationi
938 5589 1035 5644 fuit
1074 5590 1315 5661 deditus,
1360 5595 1611 5661 solusque
1647 5608 1809 5647 canes

228 5665 513 5721 venaticos
545 5662 688 5731 apris
716 5661 993 5716 movendis
1022 5670 1173 5729 aptos
1202 5660 1412 5727 habuit,
1450 5660 1600 5718 dives
1629 5664 1816 5731 procul
1882 5666 1885 5671 λ

228 5734 427 5802 dubio,
484 5743 673 5802 utpote
718 5735 805 5802 qui
858 5742 966 5786 tum
1017 5741 1303 5786 venaretur
1346 5740 1457 5787 tum
1506 5732 1812 5789 aedificaret.

226 5801 564 5867 Cerauniam
594 5804 779 5861 babnit
804 5802 1109 5876 coniugem,
1138 5802 1206 5858 ad
1234 5817 1394 5875 quam
1423 5803 1642 5876 saepius,
1664 5812 1725 5861 ut
1752 5804 1819 5862 ad

1921 5240 2092 5303 illum,
2119 5240 2308 5295 scribit
2334 5239 2579 5295 Ruricius
2608 5251 2806 5294 noster.
2837 5239 2942 5309 Illis
2967 5236 3093 5309 Nata
3125 5235 3239 5302 fuit,
3272 5254 3390 5309 qum
3411 5241 3498 5308 jn-

1921 5315 2074 5365 venis
2107 5313 2269 5376 obiit,
2309 5320 2365 5365 nt
2395 5323 2534 5380 patet
2569 5328 2629 5365 ex
2662 5312 2883 5380 epistola
2912 5308 3109 5363 Ruricii
3141 5308 3315 5366 tertia.
3371 5312 3496 5367 Fuit

1917 5382 2053 5435 alter
2078 5380 2359 5435 Nautacius
2392 5402 2401 5443 ι
2424 5394 2508 5437 οει
2534 5383 2735 5437 obitum
2752 5380 2961 5453 Rustici
2987 5380 3348 5439 Arvernorum
3381 5382 3499 5453 epi-

1915 5467 2131 5521 scopus,
2163 5467 2192 5506 a
2217 5461 2400 5507 nostro
2427 5450 2855 5522 distinguendus.
2886 5451 3045 5508 Busa.

1988 5521 2016 5561 δ
2043 5522 2203 5578 Forte
2226 5524 2423 5577 divisio.

2088 5533 2203 5579 orte
2226 5533 2423 5577 divisio.

1994 5604 2017 5632 ο
2046 5594 2168 5660 Ms.,
2200 5596 2408 5665 propria
2435 5593 2705 5647 dicivitate.
2750 5592 2855 5649 Sed
2884 5595 3068 5650 vocula
3096 5594 3153 5649 di
3180 5605 3261 5651 est
3288 5594 3515 5659 deleta.‘

1924 5666 2005 5719 An
2056 5666 2268 5735 prapria
2314 5666 2377 5720 de
2423 5665 2660 5732 civitate,
2712 5678 2779 5722 an
2829 5666 3089 5737 prapriam
3136 5667 3193 5722 in
3237 5670 3492 5731 civitatem

1925 5734 2229 5792 legendum.

1947 5749 2229 5806 egentium.
