4086 6328
627 318 698 376 35
1918 312 2170 370 BURICII
2211 313 2510 371 EPISCOPI
3790 313 3850 374 81

629 437 804 504 ipsum
834 433 1144 488 immaturus
1175 430 1421 485 manebat
1450 429 1718 493 interitus,
1766 430 1922 483 talem
1964 444 2085 485 eum
2121 440 2201 486 est
2229 435 2277 494 Α
2309 435 2503 503 smpius
2537 434 2741 488 dicam:
2774 434 2901 499 Quis
2931 434 3071 487 dabit
3099 434 3253 502 capiti
3281 449 3393 487 meo
3415 450 3616 505 aquam,
3643 443 3687 489 et
3710 436 3846 490 oculis

629 529 877 599 dignatus
906 540 1208 591 assumere,
1250 524 1488 592 qualium
1529 539 1749 597 regnum
1787 523 1921 579 dixit
1951 538 2069 578 esse
2096 540 2204 578 cce-

630 620 801 676 lorum
831 618 1043 690 (Matth.
1074 632 1188 680 xtx,
1216 614 1338 686 is);
1371 624 1428 670 ut
1454 624 1507 671 et
1538 624 1818 685 patronum
1844 614 2111 671 haberetis
2138 632 2203 671 ex

631 714 762 779 filio,
793 720 847 767 et
872 714 1047 765 minus
1075 709 1337 765 doleretis
1366 710 1642 774 amissum,
1695 724 1853 779 quem
1902 723 1931 761 a
1982 709 2206 763 Domino

628 805 888 861 videbatis
917 812 1271 873 assumptum.

1247 938 1462 993 EPIST.
1504 938 1592 992 IV.

628 1053 863 1107 Dominis
887 1052 1183 1105 sublimibus
1207 1060 1252 1104 et
1277 1053 1330 1105 in
1352 1048 1554 1105 Christo
1580 1049 1799 1104 Domino
1826 1050 2209 1105 deuinctissimis

825 1124 1071 1192 fratribus
1102 1122 1353 1176 Namacio
1383 1132 1427 1175 ct
1451 1121 1717 1176 Ceraunia:
1746 1122 2005 1175 Ruricius.

702 1236 945 1305 Saepius,
985 1236 1245 1289 carissimi
1277 1234 1498 1299 fratres,
1545 1242 1763 1304 propter
1792 1234 2091 1287 communis
2124 1233 2208 1286 ln-

631 1340 748 1383 ctus
778 1329 1180 1383 acerbissimum
1213 1342 1395 1380 casum
1426 1327 1576 1380 vobis
1603 1326 1861 1391 scribere,
1901 1333 1991 1379 aut
2021 1325 2083 1380 ad
2116 1341 2212 1379 vos

631 1423 816 1475 venire
845 1420 1101 1489 disposui,
1157 1419 1249 1474 sed
1282 1434 1495 1490 semper
1521 1434 1607 1474 me
1651 1427 1705 1473 ct
1748 1419 1815 1472 ab
1857 1421 2060 1473 itineris
2090 1434 2213 1486 pro-

630 1515 806 1579 cinctu
850 1513 1131 1567 infirmitas
1170 1512 1443 1581 corporis,
1494 1525 1547 1567 et
1594 1512 1660 1566 ab
1710 1513 1985 1580 epistulari
2035 1512 2211 1566 officio

630 1607 825 1661 nimius
854 1606 1007 1661 dolor
1028 1606 1207 1661 cordis
1235 1607 1476 1659 retraxit.
1510 1604 1640 1657 Nam
1673 1605 1714 1657 si
1748 1604 1961 1672 quando
1988 1605 2051 1658 ad
2081 1604 2214 1659 scri-

631 1699 861 1753 bendum
894 1700 1129 1752 animum
1160 1707 1384 1753 conatus
1412 1713 1530 1752 sum
1561 1697 1861 1763 intendere,
1889 1698 2067 1751 Statim
2089 1713 2213 1753 sen-

2313 526 2433 579 meis
2478 526 2666 594 fontem
2711 527 3049 596 Iacrymarum
3100 524 3309 595 (Jerem.
3351 541 3433 592 Ix,
3473 525 3594 597 1.)?
3642 526 3737 583 Sed
3775 528 3846 583 ille

2315 617 2495 687 populi
2525 618 2607 673 sui
2638 627 2857 687 peccata
2884 618 3141 683 deﬂebat;
3188 632 3286 688 ego
3316 632 3441 674 vero
3480 619 3713 688 propria,
3749 635 3847 690 qua:

2311 716 2364 762 et
2386 723 2469 762 me
2492 718 2544 763 et
2564 724 2660 762 vos
2685 710 2919 779 pondere
2940 725 3037 764 suo
3063 718 3118 765 et
3140 708 3521 765 numerositate
3542 721 3846 779 presserunt;

2314 796 2411 867 ego
2451 810 2509 853 ut
2552 800 2692 854 illius
2728 810 2977 867 mortem,
3019 808 3074 855 et
3100 815 3276 856 meam
3308 801 3494 866 vitam,
3526 802 3662 857 illam
3692 802 3851 858 defun-

2313 898 2474 957 ctam,
2503 901 2556 945 et
2583 906 2670 947 me
2698 894 3042 962 superstitem
3071 895 3338 964 plangam.
3381 892 3571 963 Longe
3591 893 3724 949 aliud
3750 895 3849 959 tibi,

2312 984 2634 1040 venerabilis
2665 1000 2839 1049 soror,
2873 987 3023 1055 quasi
3052 986 3118 1043 de
3143 987 3340 1043 nostris
3366 987 3571 1043 meritis
3598 1002 3853 1057 praesume-

2315 1077 2441 1141 bas,
2486 1093 2607 1133 cum
2649 1087 2850 1133 tantum
2895 1079 3021 1144 tibi,
3070 1079 3235 1134 nimia
3263 1078 3487 1135 caritate
3524 1078 3763 1148 decepta,
3798 1078 3853 1131 de

2314 1171 2512 1225 nostris
2540 1170 2901 1239 orationibus,
2950 1187 3035 1227 me
3063 1171 3375 1237 refellente,
3420 1172 3771 1242 promitteres,
3808 1181 3854 1225 ttt

2316 1260 2533 1316 domum
2580 1272 2725 1317 tuam
2774 1270 2956 1317 nostra
3006 1263 3394 1318 intercessione
3440 1263 3772 1327 salvandam,
3813 1271 3856 1315 et

2318 1352 2479 1406 filiam
2507 1368 2600 1424 per
2626 1370 2732 1417 me.
2766 1363 2821 1408 ttt
2849 1354 2919 1408 ita
2949 1354 3156 1420 dicam,
3199 1354 3311 1410 fore
3341 1354 3589 1410 crederes
3616 1354 3856 1408 immorta-

2317 1444 2441 1497 lem.
2491 1444 2596 1500 Sed
2624 1445 2731 1499 cito
2757 1453 3118 1516 apparuerunt
3159 1446 3349 1501 merita
3379 1461 3523 1513 mea,
3554 1459 3668 1516 qua
3699 1461 3776 1500 tne
3799 1445 3857 1499 ir-

2316 1536 2645 1593 remediabili
2702 1538 2923 1594 vulnere
2963 1539 3295 1602 sauciarent,
3341 1546 3398 1596 et
3439 1548 3494 1595 te
3530 1552 3679 1594 secus
3724 1552 3857 1608 quam

2317 1638 2627 1696 oportuerat
2676 1630 2743 1686 de
2785 1639 3063 1700 peccatore
3101 1630 3442 1701 credentem,
3486 1632 3616 1687 tanti
3659 1631 3858 1701 pignoris

2318 1720 2550 1776 orbitate
2600 1731 2960 1791 percuterent.
3010 1722 3107 1777 Vel
3158 1738 3298 1777 nunc
3347 1733 3530 1790 certe,
3580 1725 3632 1778 in
3678 1722 3859 1777 Christo

633 1804 725 1844 sus
757 1791 986 1854 horruit,
1014 1804 1166 1844 mens
1203 1790 1427 1859 refugit;
1481 1798 1535 1843 et
1580 1791 1651 1843 ita
1699 1788 1825 1843 mihi
1870 1804 1964 1859 pro
2003 1805 2211 1844 sermo-

2319 1811 2544 1866 Domino
2585 1813 2903 1868 venerabilis
2934 1828 3121 1879 soror,
3154 1823 3206 1869 et
3239 1823 3289 1869 te
3328 1813 3461 1869 falsa
3498 1813 3791 1875 credidisse.
3817 1821 3862 1869 et

633 1884 790 1937 nibus
841 1897 1054 1952 semper
1106 1883 1263 1937 ﬂetus
1314 1884 1585 1947 occurrit;
1648 1891 1703 1937 ut
1759 1883 1908 1952 prius
1962 1883 2209 1953 paginarn

634 1975 989 2046 lacrymarum
1025 1976 1192 2030 imbre
1225 1976 1619 2044 perfunderem,
1652 1992 1811 2046 quam
1854 1977 1992 2047 stylo
2022 1978 2212 2046 pinge-

635 2082 768 2131 rem,
798 2069 938 2122 sicut
964 2069 1099 2123 dixit
1128 2067 1219 2123 ille
1250 2078 1524 2137 paternam
1560 2068 1803 2122 indicans
1830 2067 1896 2122 de
1923 2069 2012 2123 lilii
2054 2070 2217 2123 amis—

634 2161 786 2215 sione
812 2159 1081 2230 pietatem.

813 2271 903 2325 Bis
935 2282 1148 2325 conatus
1178 2282 1284 2326 erat
1314 2289 1462 2326 casus
1490 2272 1720 2341 e/ﬁngere
1750 2270 1803 2323 in
1835 2286 1993 2333 auro;

816 2342 906 2395 Bis
936 2345 1118 2411 patria:
1147 2343 1372 2396 cecidere
1400 2359 1601 2395 manus.

712 2456 804 2511 Vel
836 2457 979 2525 quod
1021 2457 1197 2526 potius
1243 2472 1272 2511 a
1313 2471 1398 2511 me
1436 2456 1668 2511 dicitur:
1702 2456 1965 2524 Quoniam
2005 2460 2219 2526 negabat

638 2547 893 2601 consolari
923 2549 1097 2601 anima
1136 2563 1247 2601 mea
1274 2544 1449 2618 (Psal.
1481 2562 1655 2608 Lxxw,
1684 2547 1762 2617 5).
1816 2544 1968 2601 liaud
2000 2546 2214 2617 injuria.

639 2640 850 2697 Perdidi
882 2643 1022 2697 enim
1055 2640 1213 2695 ﬁliam
1236 2681 1249 2705 ,
1271 2644 1444 2709 'quam
1476 2647 1529 2693 et
1555 2653 1641 2693 me
1668 2638 1998 2707 suscepisse,
2043 2647 2095 2692 et
2124 2654 2217 2693 vos

636 2733 887 2803 genuisse
931 2733 1256 2804 gratulabar,
1293 2731 1500 2801 perdidi
1531 2732 1655 2786 vita:
1684 2731 1959 2797 solatium,
1988 2734 2217 2801 posteri-

639 2825 760 2879 tatis
803 2840 983 2895 spem,
1028 2824 1191 2879 decus
1223 2823 1470 2889 familiae,
1504 2822 1682 2877 cordis
1711 2822 1991 2893 gaudium,
2038 2823 2217 2880 lumen

636 2915 935 2969 oculorum.
969 2913 1078 2970 Nec
1102 2913 1334 2984 simplici
1356 2929 1471 2967 sum
1503 2911 1732 2967 orbitate
1758 2914 2049 2982 perculsus.
2083 2913 2216 2969 Nam

634 3022 754 3064 cum
778 3008 884 3064 lilia
913 3017 967 3064 et
988 3008 1183 3064 fratres
1204 3007 1381 3073 amisi,
1411 3022 1635 3078 quorum
1662 3023 1747 3062 me
1768 3006 1982 3061 solabar
2001 3005 2214 3075 affectu,

634 3115 860 3170 quorum
902 3116 988 3156 me
1027 3100 1407 3169 conjunctione
1430 3098 1722 3168 jactabam.
1772 3097 2079 3168 Disruptum
2110 3108 2214 3165 est,

2323 1920 2409 1959 me
2426 1920 2546 1960 vera
2563 1905 2768 1961 dixisse
2782 1921 3091 1974 cognosces.
3118 1907 3222 1963 Sed
3237 1907 3461 1963 nimium
3491 1907 3601 1974 diu,
3620 1908 3863 1962 immemoo

2322 2012 2409 2052 res
2458 2007 2843 2067 praeceptorum
2888 1999 3211 2064 caelestium,
3245 2001 3476 2054 humano
3497 1999 3664 2054 dolori
3695 1998 3862 2067 pracbe-

2322 2106 2442 2145 mus
2468 2104 2770 2146 assensum.
2806 2092 2885 2148 Ad
2910 2092 3085 2147 divina
3115 2092 3268 2148 nobis
3295 2101 3558 2163 praecepta
3576 2090 3863 2147 redeundum

2322 2193 2434 2247 est;
2474 2198 2539 2238 ne
2571 2183 2641 2237 ita
2691 2184 3003 2255 plangamus
3058 2198 3285 2255 corpore
3339 2195 3639 2250 mortuam,
3694 2195 3743 2237 ut
3783 2180 3864 2250 ipsi

2321 2274 2484 2328 corde
2511 2274 2819 2329 moriamur.
2853 2276 3200 2332 Discedentes
3225 2291 3354 2347 ergo
3382 2277 3649 2346 paululum
3675 2276 3735 2330 de
3755 2288 3864 2343 ptas

2322 2366 2581 2430 sentibus,
2606 2382 2818 2423 rursum
2843 2368 3019 2423 futura
3048 2368 3371 2439 cogitemus;
3399 2380 3457 2424 ut
3477 2383 3609 2439 quos
3632 2368 3865 2423 inﬁrmant

2321 2458 2629 2526 praesentia,
2662 2457 2837 2513 futura
2866 2460 3240 2515 corroborent.
3267 2459 3376 2515 Nos
3407 2459 3681 2528 debemus,
3709 2458 3864 2511 fratres

2321 2547 2605 2616 carissimi,
2640 2548 2783 2604 illam
2817 2549 2955 2606 ferre
2983 2552 3343 2607 conditionem
3373 2551 3619 2606 humanm
3645 2548 3864 2618 fragilita-

2323 2641 2408 2706 tis,
2438 2655 2593 2710 quam
2623 2651 2674 2695 et
2701 2641 3001 2713 prophetae,
3030 2653 3084 2699 et
3110 2644 3371 2713 apostoli,
3397 2652 3454 2699 et
3480 2642 3643 2699 sancti
3665 2640 3864 2712 justique

2321 2746 2527 2797 omnes,
2553 2733 2653 2797 vel,
2674 2733 2815 2802 quod
2842 2733 3014 2804 majus
3042 2743 3146 2803 est,
3178 2735 3418 2790 omnium
3450 2734 3695 2788 Dominus
3714 2738 3864 2786 noster

2321 2825 2595 2893 suscipere
2637 2824 2885 2895 dignatus
2925 2834 3027 2882 est.
3076 2826 3369 2896 Deplorare
3422 2826 3538 2897 (sed
3585 2825 3739 2894 magis
3777 2821 3864 2874 Deo

2321 2915 2520 2986 gratias
2546 2930 2704 2986 agere
2734 2928 2787 2971 et
2816 2914 3073 2987 gaudere)
3104 2931 3208 2971 non
3240 2919 3517 2979 convenit,
3548 2914 3683 2985 quod
3712 2912 3863 2973 ﬁliam,

2321 3008 2530 3076 qualem
2577 3009 2789 3079 quidem
2816 3010 3104 3076 voluimus,
3146 3024 3304 3078 quam
3351 3009 3502 3064 Divis
3554 3008 3641 3079 qui
3682 3004 3865 3061 dedcrst

2323 3102 2588 3170 promisit,
2624 3103 2931 3171 habuimus;
2960 3102 3245 3173 etquidem
3274 3104 3616 3168 mutavimus,
3640 3115 3737 3157 non
3763 3111 3863 3168 per-

635 3188 829 3244 fratres
876 3189 1142 3244 carissimi
1169 3229 1185 3255 ,
1234 3187 1508 3242 vinculum
1562 3188 1928 3255 germanitatis
1974 3197 2173 3242 nostrte
2198 3229 2215 3255 ,
2244 3190 2290 3254 C
2323 3191 2553 3247 didimus
2575 3210 2588 3257 ;
2614 3194 2706 3247 sed
2729 3194 2792 3248 ad
2811 3194 3103 3258 Christum,
3131 3194 3246 3261 ipso
3262 3192 3509 3262 jubeute,
3531 3190 3865 3262 praemisimus.

636 3280 869 3335 ablatum
896 3279 1050 3336 nobis
1075 3289 1157 3336 est
1190 3282 1376 3349 pignus
1405 3290 1601 3334 mutua:
1629 3279 1886 3334 caritatis.
1920 3280 2031 3335 Heu
2060 3282 2211 3348 mihi,

637 3372 829 3427 fratres
870 3373 1088 3442 optimi,
1135 3373 1260 3426 dum
1305 3371 1606 3442 depositum
1648 3385 1882 3426 vestrum
1931 3373 2081 3441 cujus
2128 3389 2214 3429 me

636 3462 923 3518 traditione
948 3462 1231 3532 ceperatis,
1256 3463 1466 3527 amitto,
1494 3476 1596 3514 una
1617 3476 1712 3515 vos
1738 3460 1967 3531 perdidi.
2006 3462 2074 3517 Et
2094 3462 2215 3517 ideo

637 3555 688 3609 in
718 3555 876 3610 unius
906 3553 1321 3609 necessitudinis
1346 3552 1541 3623 gradu,
1580 3551 1929 3622 complurium
1963 3552 2092 3607 mihi
2123 3569 2217 3608 nc-

635 3648 1019 3705 cessitudinum
1061 3648 1249 3703 solatia
1292 3646 1500 3701 sublata
1533 3646 1765 3715 suspiro.
1815 3645 1995 3701 Solam
2038 3655 2214 3701 tamen

634 3740 880 3809 patriam,
923 3755 1040 3809 quae
1080 3739 1206 3793 mihi
1243 3753 1335 3808 per
1365 3738 1533 3808 ipsam
1568 3735 1827 3807 acquisita
1860 3737 2061 3805 fuerat,
2107 3753 2211 3793 non

633 3833 904 3893 amittam,
952 3831 1039 3900 qui
1082 3831 1219 3885 hanc
1269 3831 1397 3884 mihi
1432 3831 1764 3898 potissimum
1802 3839 1998 3883 terram
2052 3846 2212 3898 quam

634 3923 721 3976 illa
750 3936 977 3990 corpore
1021 3936 1118 3976 suo
1157 3916 1469 3988 occupavit,
1518 3921 1740 3987 patriam
1786 3918 2056 3988 judicabo.
2109 3920 2214 3975 Sed

635 4030 739 4084 quo
771 4015 1052 4069 immemor
1079 4013 1272 4078 oﬂicii,
1315 4026 1524 4066 memor
1550 4013 1764 4081 gratim,
1807 4013 1995 4066 dolore
2027 4013 2215 4079 impel-

634 4108 799 4173 lente,
826 4106 1178 4177 progredinr?
1202 4115 1255 4161 et
1279 4115 1520 4173 tempore
1544 4104 1879 4174 aliquatenus
1907 4105 2095 4159 vulnus
2121 4104 2213 4159 ob-

635 4200 874 4264 ductum,
890 4198 1125 4253 rediviva
1144 4197 1530 4260 recordatione,
1553 4206 1802 4266 tanquam
1826 4210 1957 4249 nova
1979 4198 2214 4252 sectione

635 4290 928 4347 rescindo?
979 4301 1033 4344 et
1075 4290 1164 4359 qui
1212 4289 1481 4344 consolari
1523 4302 1619 4343 vos
1668 4289 1841 4357 potius
1891 4304 1987 4356 per
2033 4288 2213 4343 divina

635 4384 900 4451 promissa
932 4384 1233 4453 cupiebam,
1269 4383 1692 4437 consolationem
1740 4382 1853 4451 ipse
1893 4398 1997 4435 non
2039 4382 2212 4451 capio.

633 4477 835 4533 Causas
866 4486 1043 4531 tamen
1071 4476 1224 4530 vobis
1255 4476 1473 4530 recidivi
1510 4475 1667 4543 hujus
1695 4474 1895 4529 doloris
1922 4489 2208 4543 exponam.

2330 3280 2540 3336 llabrre
2586 3283 2728 3337 enim
2797 3284 2936 3338 filios
2988 3282 3251 3352 generalis
3296 3291 3377 3337 est
3425 3280 3691 3344 beneﬁcii;
3727 3278 3865 3333 bonos

2325 3386 2453 3428 vero
2481 3373 2676 3429 habere
2706 3375 2954 3443 specialis
2982 3382 3065 3428 est
3094 3375 3321 3443 prmmii.
3374 3374 3529 3429 Sicut
3550 3374 3721 3428 vivere
3746 3380 3866 3422 com-

2325 3478 2485 3517 mune
2512 3474 2591 3516 est
2613 3464 2882 3527 onmium;
2916 3464 3051 3517 bene
3081 3478 3210 3517 vero
3239 3464 3419 3517 vivere
3444 3473 3498 3518 et
3524 3463 3654 3516 bene
3679 3459 3865 3512 descen-

2325 3556 2452 3610 dere
2481 3554 2549 3609 de
2592 3554 2689 3608 hac
2747 3556 2850 3608 vita
2889 3568 3179 3624 paucorum
3211 3562 3320 3618 est;
3360 3568 3473 3608 non
3504 3562 3671 3607 tamen
3698 3556 3866 3602 natura:

2323 3646 2651 3711 conditione,
2683 3645 2776 3701 sed
2800 3646 3001 3715 culpae;
3033 3660 3129 3699 nec
3158 3644 3336 3699 divina
3369 3642 3770 3713 praescriptione,
3792 3632 3867 3688 sed

2324 3741 2538 3811 propria
2566 3740 2856 3794 voluntate.
2885 3740 2950 3792 Et
2977 3738 3099 3792 ideo
3125 3752 3227 3791 non
3252 3737 3497 3791 turbetur
3528 3752 3618 3791 cor
3641 3740 3865 3790 nostrum,

2327 3848 2423 3887 nec
2448 3833 2610 3886 tiliam
2635 3848 2731 3901 pro
2750 3830 3059 3896 amissione,
3079 3830 3172 3885 sed
3193 3846 3289 3901 pro
3308 3829 3573 3883 desiderio
3587 3825 3865 3881 deﬂeamus:

2324 3939 2422 3979 nec
2453 3935 2509 3978 ut
2547 3923 2830 3977 dominicis
2879 3923 3155 3992 promissis
3201 3921 3485 3987 increduli,
3535 3929 3624 3974 aut
3654 3910 3868 3987 praecepti

2324 4016 2473 4070 obliti
2502 4031 2621 4071 esse
2666 4015 2962 4070 videamur.
3010 4015 3193 4071 Fleant
3226 4016 3424 4070 liberos
3456 4030 3603 4077 suos,
3633 4010 3713 4081 qui
3742 4019 3866 4076 spem

2324 4108 2729 4163 resurrectionis
2754 4109 2950 4164 habere
2975 4122 3078 4161 non
3109 4117 3363 4176 possunt;
3395 4122 3551 4175 quam
3584 4105 3659 4158 eis
3680 4096 3867 4171 perfidia

2322 4214 2416 4253 sua
2444 4199 2651 4265 adimit,
2677 4215 2780 4253 non
2803 4198 2979 4253 divina
3010 4198 3291 4251 sententia.
3326 4196 3515 4251 Fleant
3545 4192 3726 4248 mortui
3751 4201 3869 4242 utor-

2326 4304 2446 4344 tuos
2485 4305 2640 4357 suos,
2694 4291 2833 4361 quod
2875 4290 2926 4345 itt
2972 4298 3285 4359 perpetuum
3319 4288 3588 4341 :estimant
3633 4281 3867 4338 interisse.

2322 4382 2397 4435 illi
2448 4382 2645 4436 nullam
2690 4381 2939 4438 maeroris
2979 4382 3058 4435 sui
3093 4380 3324 4434 habeant
3359 4379 3630 4448 requiem,
3665 4373 3744 4443 qui
3782 4382 3870 4424 non

2321 4472 2547 4526 credunt
2595 4488 2714 4527 esse
2746 4473 2981 4543 requiem
3016 4481 3370 4526 mortuorum.
3406 4470 3571 4525 Nobis
3600 4482 3739 4530 verti.
3767 4457 3867 4530 qui‘

636 4571 919 4641 Utcunque
960 4572 1101 4625 enim
1145 4569 1355 4624 animus
1395 4583 1627 4624 maerore
1666 4568 1941 4622 confectus
1974 4569 2215 4637 recipere
2241 4566 2295 4628 D
2320 4564 2418 4619 bus
2463 4575 2515 4619 et
2535 4580 2659 4635 spes
2688 4574 2741 4619 et
2769 4566 2940 4633 por.io
2960 4564 3205 4620 Christus
3234 4574 3335 4629 est,
3371 4578 3496 4633 spes
3527 4563 3581 4615 in
3611 4571 3741 4615 terra
3771 4567 3867 4609 tuo—

634 4664 1053 4718 consolationem
1083 4661 1370 4732 apostolica
1400 4661 1771 4716 exhortatione
1806 4661 1916 4730 jam
1949 4672 2207 4727 creuerat,

631 4772 751 4826 qua:
780 4757 889 4810 ait:
926 4755 1064 4809 Nolo
1091 4771 1196 4817 vos,
1226 4757 1430 4824 fratres,
1462 4756 1696 4826 ignorare
1725 4753 1787 4807 de
1818 4752 2205 4820 dormientibus,

631 4865 693 4903 ne
732 4847 1125 4912 contristrmini,
1176 4847 1304 4899 sicut
1347 4847 1542 4911 cceteri,
1590 4845 1675 4914 qui
1706 4861 1846 4913 spem
1888 4860 1987 4897 non
2025 4844 2211 4897 habent

633 4940 683 5010 (1
717 4939 893 4994 Thess.
922 4955 995 5004 tv,
1036 4940 1141 5005 15).
1196 4938 1300 4994 Sed
1345 4939 1431 4991 ubi
1478 4937 1658 4991 infelix
1689 4946 1871 4991 noster
1910 4938 2209 4990 communis

632 5032 866 5099 advenit,
885 5043 938 5086 et
960 5047 1080 5086 eum
1106 5032 1222 5086 sine
1248 5046 1332 5094 ea,
1356 5046 1456 5099 qua
1478 5030 1625 5097 prius
1648 5030 1981 5097 Splendebat,
2000 5046 2209 5095 gemma

630 5121 914 5188 conspexi,
957 5137 1053 5189 per
1082 5135 1240 5190 quam
1274 5119 1403 5171 mihi
1442 5127 1495 5173 et
1533 5119 1799 5187 acceptior
1823 5132 1942 5172 esse
1972 5120 2207 5183 solebat,

631 5220 685 5265 ct
711 5212 932 5280 gratior,
954 5222 1008 5267 et
1029 5212 1179 5283 quasi
1206 5219 1526 5267 ornamento
1554 5211 1767 5278 proprio
1795 5211 2055 5278 spoliatus
2080 5211 2209 5266 mihi

630 5312 685 5357 et
715 5301 996 5358 indecorus
1023 5304 1286 5375 apparuit.
1337 5300 1492 5357 Novit
1534 5300 1644 5365 ille,
1689 5299 1881 5354 fratres
1922 5302 2206 5367 carissimi,

633 5395 723 5465 qui
752 5395 993 5450 cordium
1038 5398 1244 5451 occulta
1287 5398 1530 5460 rimatur,
1577 5394 1717 5465 quod
1768 5394 1838 5447 ita
1891 5394 2019 5448 mihi
2052 5395 2210 5451 dolor

629 5497 855 5558 repente
884 5489 1183 5557 geminatus
1209 5501 1312 5559 est,
1349 5498 1404 5545 et
1443 5491 1513 5543 ita
1542 5489 1670 5544 mihi
1705 5505 1800 5559 per
1831 5489 2068 5559 singulos
2092 5488 2209 5545 dies

629 5581 697 5635 de
724 5590 866 5635 tanta
898 5580 1073 5635 indole
1103 5580 1274 5649 illius,
1321 5593 1375 5638 et
1418 5583 1570 5639 istius
1611 5584 1948 5640 desolatione
1986 5583 2208 5639 affectus

628 5672 927 5740 duplicatus
949 5681 1031 5727 est
1053 5671 1247 5736 luctus,
1272 5681 1449 5729 utnec
1470 5674 1611 5730 hunc
1636 5676 1877 5744 aspicere
1894 5716 1909 5741 ,
1943 5690 2040 5729 nec
2066 5676 2207 5731 illius

629 5767 939 5822 meminisse
960 5766 1074 5822 sine
1097 5765 1346 5836 lacrymis
1366 5782 1584 5837 queam;
1609 5778 1661 5825 et
1684 5769 2053 5840 propheticum
2077 5769 2205 5826 illud

2319 4658 2602 4724 rientium,
2654 4660 2827 4727 portio
2872 4658 2923 4712 in
2957 4658 3175 4728 regione
3206 4658 3483 4719 vivorum;
3536 4654 3719 4726 quibus
3746 4658 3868 4702 mors

2319 4751 2415 4803 ista
2449 4766 2553 4804 non
2605 4759 2839 4818 naturae,
2886 4751 2978 4804 sed
3010 4751 3131 4804 vita:
3169 4750 3446 4818 prmsentis
3478 4755 3561 4802 est
3601 4746 3738 4807 linis;
3766 4740 3870 4809 quia

2318 4859 2433 4898 eam
2458 4845 2509 4898 in
2541 4845 2729 4899 melius
2750 4844 3016 4899 credimus
3040 4859 3160 4900 esse
3183 4843 3558 4913 reparandam,
3588 4841 3729 4910 juxta
3754 4837 3872 4902 Αροο

2318 4937 2442 4990 stnli
2481 4937 2801 4990 sententiam
2846 4953 2858 4989 :
2903 4936 3030 4990 Cum
3068 4935 3391 5006 corruptibile
3431 4934 3527 4987 hoc
3572 4928 3781 4985 induerit
3808 4926 3871 4977 itt-

2313 5031 2686 5099 corruptionem
2714 5028 2763 5099 (Ι
2788 5028 2906 5083 Cor.
2932 5045 3020 5092 xv,
3041 5027 3162 5098 54);
3186 5042 3307 5081 cum
3332 5024 3589 5096 propheta
3619 5017 3869 5075 dicenlttt"

2317 5130 2399 5173 cst
2431 5138 2443 5173 :
2477 5120 2724 5173 Dominus
2755 5120 2913 5182 dedit,
2963 5118 3211 5171 Dominus
3255 5116 3487 5179 abstulit,
3519 5116 3647 5169 sicut
3682 5105 3870 5164 Domino

2314 5212 2475 5265 uisum
2502 5221 2592 5277 est,
2636 5212 2708 5264 ita
2752 5210 2964 5280 factum,
3008 5210 3077 5261 sit
3117 5224 3299 5263 nomen
3337 5205 3546 5259 Domini
3587 5200 3868 5257 benedictum

2317 5302 2438 5369 (Job
2463 5319 2499 5363 ι,
2526 5300 2641 5370 2i).
2669 5298 2801 5369 Quia
2833 5300 3061 5355 tenenda
3105 5310 3188 5355 est
3215 5300 3266 5353 in
3310 5299 3606 5353 tentatioue
3638 5289 3869 5362 poeniten-

2314 5394 2409 5460 tia,
2442 5409 2509 5448 ne
2538 5406 2687 5463 cogat
2720 5402 2808 5447 aut
2835 5407 2928 5447 ore
2959 5391 3120 5445 corde
3150 5391 3481 5458 delinquere.

2384 5486 2569 5541 Fletus
2595 5487 2772 5555 itaque
2798 5496 3003 5542 vestros
3031 5484 3162 5538 fides
3188 5489 3433 5553 prompta
3468 5483 3739 5545 detergat;
3766 5467 3870 5538 quia

2314 5578 2582 5635 credimus
2611 5592 2767 5632 caros
2797 5585 3009 5629 nostros
3035 5575 3198 5627 vitam
3222 5588 3328 5627 non
3356 5581 3462 5626 tam
3492 5569 3709 5640 perdere
3733 5573 3869 5630 quam

2313 5683 2557 5735 mutare;
2609 5670 2911 5739 relinquere
2956 5666 3210 5720 szeculum
3261 5665 3531 5720 cernimus
3564 5670 3618 5717 et
3668 5652 3868 5711 luctibus

2312 5768 2550 5837 plenum,
2581 5771 2635 5819 et
2663 5761 2727 5817 ad
2759 5760 3029 5831 regionem
3060 5756 3405 5815 beatitudinis
3436 5754 3711 5816 festinare;
3740 5742 3869 5807 exim
