4086 6328
219 323 286 379 35
1434 299 1911 359 EPISTOLARUM
1953 299 2079 356 UB.
2121 301 2182 356 H.

3417 295 3490 357 86

221 435 283 489 de
324 425 738 500 peregrinatione
787 422 1082 483 laboriosa.
1132 430 1183 474 et
1213 420 1276 472 ad
1323 420 1516 490 quietis
1550 418 1773 486 patriam
1803 423 1858 480 Α
1889 428 2074 470 sermo
2120 414 2430 481 meditatus,
2475 414 2565 484 qui
2611 416 2909 478 emittitur,
2951 420 3005 467 et
3042 428 3147 466 non
3186 395 3483 465 amittitura

221 521 498 595 pervenire.
533 516 684 572 Unde
712 526 764 569 et
794 514 1048 583 propheta
1090 511 1257 565 dicit:
1294 508 1440 562 Educ
1480 509 1541 561 de
1582 525 1786 562 carcere

219 617 426 668 adiutam
485 626 643 661 meam
697 608 761 660 ad
813 604 1156 673 conﬁtendum
1215 603 1408 655 nomini
1460 611 1547 654 tuo
1595 601 1780 671 ,(Psal.

218 722 345 769 cm,
386 704 459 773 8).
504 701 719 755 Credite
748 698 905 764 milii,
955 700 1143 750 fratres
1181 694 1479 757 carissimi,
1525 694 1645 762 quia
1695 693 1783 747 illa

217 798 311 867 itm
333 796 395 850 de
433 810 523 847 sua
553 792 729 862 quiete
750 806 936 844 secura
957 832 971 853 ,
1004 789 1071 842 de
1103 797 1281 841 nostra
1316 798 1397 840 est
1426 787 1600 840 Salute
1631 785 1785 837 solli-

221 891 342 952 cita;
372 900 485 955 quae
514 885 558 937 si
588 883 861 937 nobiscum
892 891 1072 950 posset
1103 880 1326 932 miscere
1358 876 1650 945 ςοΙιοιμιίτι,
1684 875 1787 929 hoc

222 980 447 1035 diceret:
478 974 672 1037 Nolite,
704 975 773 1042 pii
823 982 1094 1041 parentes,
1148 970 1315 1023 nolite
1348 983 1432 1022 me
1474 968 1637 1030 flere;
1685 980 1786 1020 nec

217 1071 392 1140 ingrati
428 1081 532 1122 tam
585 1068 814 1135 benigno
846 1066 1069 1118 Domino
1105 1063 1403 1133 planctibus
1441 1060 1621 1114 nimiae
1648 1058 1787 1113 dile-

215 1164 392 1219 ctionis
421 1161 674 1215 existere.
710 1159 858 1223 Esto,
888 1158 1132 1215 liabuaoit
1159 1165 1401 1223 tempore
1434 1170 1567 1207 meae
1599 1152 1786 1206 arcisi-

214 1256 362 1329 ,ionis
386 1254 487 1307 hoc
516 1252 718 1322 pietas,
764 1250 871 1320 jam
915 1249 1075 1303 debet
1106 1250 1348 1302 dolorem
1390 1257 1623 1300 tetrum
1660 1246 1790 1301 fides

214 1365 322 1404 eum
376 1355 619 1415 tempore
675 1354 997 1414 temperare.
1048 1343 1178 1408 Quia
1230 1342 1330 1395 etsi
1382 1340 1531 1394 vobis
1584 1350 1792 1393 mortua

136 1502 143 1509 ν,
211 1456 350 1503 sum,
409 1438 525 1491 Deo
590 1437 731 1488 vivo.
776 1439 880 1489 Aut
922 1433 1157 1502 nunquid
1206 1447 1297 1484 vos
1346 1432 1512 1499 magis
1562 1432 1791 1499 potestis

136 1574 137 1577 η
211 1547 377 1585 amare
407 1544 569 1599 quam
600 1528 872 1589 Detuinus,
900 1528 987 1595 qui
1019 1542 1102 1579 me
1136 1524 1293 1579 fecit?
1339 1526 1425 1594 qui
1454 1540 1540 1579 tne
1568 1524 1793 1577 donavit

210 1620 506 1689 vita,emit,
547 1619 793 1685 redemit,
841 1618 964 1686 quia
1014 1618 1209 1679 voluit;
1257 1627 1308 1670 et
1363 1616 1575 1685 quando
1624 1614 1792 1669 voluit

212 1735 299 1789 pro
316 1734 402 1773 sna
433 1718 638 1786 pietate
668 1716 920 1783 suscepit.
965 1717 1072 1769 Aut
1098 1713 1238 1784 quod
1268 1713 1434 1782 magis
1465 1712 1665 1765 doloris
1696 1726 1789 1765 ve-

208 1812 296 1866 stri
340 1811 565 1879 potestis
612 1809 806 1861 habere
836 1807 1118 1868 solatium,
1149 1822 1305 1873 quam
1339 1804 1478 1873 quod
1525 1806 1777 1858 Dominus
1811 1811 1858 1871 Β
1891 1804 2205 1873 pervasione
2255 1806 2526 1859 contentio

210 1912 375 1955 noster
421 1901 640 1955 unicum
673 1898 865 1953 Filium
913 1914 1064 1951 suum
1112 1914 1205 1966 pro
1256 1897 1407 1950 nobis
1454 1904 1537 1951 est
1568 1896 1777 1949 tradere

207 1995 432 2063 dignatus
460 1992 536 2046 ad
581 1994 843 2045 mortem?
877 1992 938 2043 lit
982 2006 1101 2044 cum
1132 1990 1295 2043 Filius
1343 1989 1432 2041 Dei
1483 1988 1775 2043 secundum

206 2100 401 2139 carnem
449 2085 593 2138 mori
626 2084 872 2148 voluerit,
913 2080 1070 2137 homo
1100 2092 1204 2143 tant
1236 2083 1427 2135 acerbe
1458 2081 1618 2134 debet
1647 2096 1774 2134 con-

210 2175 450 2230 ditionem
518 2178 761 2228 bumante
812 2174 971 2227 sortis
1024 2173 1314 2243 excipere?
1377 2173 1774 2238 Quamobrem,

205 2268 410 2335 piissimi
460 2278 751 2337 parentes,
789 2277 961 2320 vestra
1008 2266 1181 2343 potius
1224 2273 1439 2333 peccata
1468 2263 1693 2331 deflete,
1725 2274 1775 2317 et

205 2363 262 2415 de
290 2361 660 2417 satisfactione
705 2372 1000 2414 vestrorum
1044 2360 1325 2413 criminum
1353 2359 1616 2427 cogitate;
1651 2368 1707 2411 ut
1736 2359 1778 2412 si

203 2467 280 2506 me
308 2454 355 2506 in
401 2453 624 2506 Christo
664 2451 882 2522 diligitis
929 2452 1075 2524 (quia
1120 2464 1205 2504 me
1235 2465 1358 2505 vete
1404 2450 1626 2520 diligere
1673 2466 1775 2504 non

204 2548 430 2616 poteStis,
474 2546 589 2600 nisi
618 2546 671 2600 in
703 2546 927 2599 Domino
976 2544 1229 2615 diligatis)
1272 2544 1326 2598 in
1355 2546 1527 2598 sinum
1555 2545 1778 2614 patriar-

204 2641 307 2694 chae
336 2641 528 2695 venire
555 2639 887 2701 mereainini,
922 2638 1009 2693 ubi
1042 2638 1299 2693 Dominus
1334 2654 1428 2707 pro
1459 2638 1778 2693 innocentia:

205 2745 324 2785 mea:
366 2731 530 2805 [fate
552 2726 681 2800 sua’l
712 2730 971 2798 puritate,
1005 2738 1058 2783 et
1102 2746 1195 2798 pio
1225 2744 1317 2781 sua
1354 2728 1546 2797 pietate
1576 2730 1780 2782 consti-

204 2824 322 2890 tuit,
379 2826 507 2888 quia
559 2824 909 2875 misericordia
953 2824 1068 2895 ejus
1128 2820 1308 2875 melior
1356 2832 1428 2875 est
1481 2838 1630 2893 super
1678 2826 1781 2875 vita

207 2913 363 2985 (Psal.
386 2931 523 2980 1.th,
562 2918 639 2984 4).
672 2914 737 2969 Ut
769 2914 966 2968 ibidetn
998 2930 1100 2970 non
1132 2914 1299 2979 falsis,
1334 2912 1427 2967 sed
1461 2913 1631 2977 veris;
1673 2928 1779 2966 non

208 3010 613 3078 temporalibus,
660 3009 751 3064 sed
785 3011 999 3063 internis
1042 3010 1249 3077 gaudiis
1281 3011 1479 3078 pariter
1509 3009 1781 3063 exsultare

206 3103 480 3168 DUSsillius.
514 3101 733 3155 Talibus
758 3110 988 3171 oportet.
1021 3112 1076 3156 ut
1126 3118 1239 3166 vos,
1266 3103 1451 3169 optimi
1487 3102 1697 3163 fratres.
1727 3110 1781 3154 et

1898 509 2175 571 tribuitur.
2207 518 2261 563 et
2291 508 2547 572 habetur;
2567 508 2777 564 videtur
2803 506 3098 571 discedere,
3125 519 3225 561 nec
3246 503 3479 569 recedit;

1896 619 1923 657 a
1959 618 2043 657 me
2071 602 2335 673 dirigitur,
2384 616 2413 655 a
2448 611 2497 655 te
2523 602 2842 670 suscipitur;
2872 617 2902 656 a
2934 617 3021 657 me
3066 600 3339 668 scribitur,
3368 614 3399 654 ε
3430 609 3484 655 te

1898 696 2121 767 legitur;
2156 710 2254 749 nec
2286 703 2461 748 tamen
2487 692 2758 759 dividitur,
2793 709 2916 747 eum
2948 693 3102 763 quasi
3124 691 3484 765 divisusinte-

1895 805 1989 857 ger
2022 790 2295 857 utriusque
2321 787 2485 841 corde
2513 794 2777 840 teneatur.
2804 786 2934 853 Quia
2963 786 3113 840 verbi
3140 800 3290 839 more
3314 784 3483 839 divini

1898 880 2156 944 traditur,
2202 889 2255 935 et
2286 895 2391 934 non
2440 878 2742 948 egreditur;
2782 877 3061 932 confertur
3108 875 3395 946 indigenti,
3428 885 3484 932 et

1898 989 2003 1027 non
2049 972 2287 1027 aufertur
2316 971 2552 1035 auctori;
2599 969 2909 1039 accipientis
2936 969 3165 1033 lucrum,
3211 968 3328 1022 sine
3367 967 3481 1020 dis-

1897 1069 2093 1139 pendio
2141 1048 2453 1137 largientis;
2500 1066 2676 1120 ditatis
2732 1065 2946 1134 inopem
3039 1077 3136 1117 nec
3198 1069 3484 1116 attenuatis

1898 1174 2283 1228 pOSsessorem.

2517 1249 2735 1305 EPIST.
2765 1249 2851 1302 Vl.

1902 1343 2099 1396 Damno
2120 1360 2213 1397 suo
2240 1352 2287 1396 et
2311 1342 2553 1409 peculiari
2578 1344 2631 1395 in
2660 1341 2860 1396 Christo
2886 1342 3103 1396 Domino
3123 1353 3340 1413 patrono
3355 1342 3479 1399 Cro-

2190 1415 2341 1485 nOpio
2371 1416 2605 1485 epist-apo
2631 1413 2869 1467 Ruricius
2897 1414 3180 1482 epitroiius.
3456 1414 3459 1421 ’

1973 1527 2025 1579 In
2068 1525 2365 1579 ordinando
2392 1540 2553 1594 grege
2584 1524 2876 1591 dominico,
2912 1527 2991 1580 vel
3039 1527 3293 1597 regendo,
3340 1527 3477 1583 inter

1900 1621 2265 1689 speculatores
2293 1629 2451 1687 atque
2484 1620 2797 1688 prtepositos
2821 1633 2923 1673 non
2949 1622 3293 1689 pmsumptio
3318 1618 3475 1677 debet

1900 1726 2053 1779 esse,
2103 1712 2195 1766 sed
2230 1713 2395 1777 ratio;
2438 1721 2490 1765 et
2523 1712 2589 1765 de
2622 1711 2861 1765 custodia
2908 1712 3242 1776 sollicitudo,
3276 1727 3381 1766 non
3410 1714 3475 1768 de

2579 1823 2590 1857 :
2642 1821 2707 1861 ne
2754 1806 3205 1861 mercenariortun
3251 1807 3479 1862 subeant

1885 1907 2099 1961 notam,
2156 1897 2279 1949 dum
2334 1906 2605 1964 pastorum
2647 1914 2750 1950 non
2787 1908 2968 1952 tenent
3012 1898 3375 1967 disciplinam;
3420 1905 3477 1952 et

1885 1990 2246 2053 inveniantur,
2271 1989 2407 2042 sicut
2428 1990 2719 2057 Aposmlus
2747 1989 2897 2055 dicit,
2916 2006 3021 2044 non
3037 1990 3230 2045 Christi
3250 1990 3474 2061 gloriam

1881 2079 2154 2145 affectare,
2188 2082 2279 2133 sed
2327 2083 2594 2150 propriam
2621 2079 2669 2151 (l
2706 2079 2858 2134 Thes.
2893 2097 2926 2134 lt
2949 2122 2964 2147 ,
2993 2081 3081 2150 6);
3113 2084 3237 2135 dum
3270 2081 3477 2136 malunt

1881 2174 1950 2223 ab
2000 2171 2302 2225 hominibus
2351 2174 2625 2241 percipere
2674 2170 2916 2237 laudem,
2958 2187 3115 2242 quam
3168 2187 3195 2225 a
3243 2172 3474 2226 Domino

1883 2272 2194 2331 exspectare
2236 2262 2571 2327 mercedem;
2618 2263 2899 2333 praesentis
2941 2263 3271 2332 appetitores
3313 2261 3469 2324 lucri,

1883 2366 1936 2408 et
1988 2356 2189 2420 praemii
2232 2365 2633 2423 contemptores
2685 2358 2891 2411 mterni.
2938 2355 3108 2419 Unde,
3156 2357 3293 2409 sicut
3330 2354 3470 2408 idem

1884 2445 2173 2513 Apostolus
2221 2446 2395 2516 (Rom.
2440 2447 2532 2516 χιι)
2557 2447 2733 2512 docet,
2775 2448 2820 2502 si
2854 2446 3070 2518 paciﬁca
3093 2446 3159 2499 ad
3190 2459 3323 2513 opus
3347 2460 3471 2500 san-

1885 2546 2027 2591 ctutn
2059 2541 2471 2608 congregatione
2519 2540 2847 2605 concordes,
2885 2539 2931 2593 si
2976 2539 3094 2593 sine
3134 2536 3473 2593 simulatione

1886 2632 2185 2701 diligentes,
2211 2633 2255 2686 si
2284 2649 2403 2687 cum
2434 2633 2793 2690 sollicitudine
2824 2634 3209 2699 ministrantes,
3247 2634 3292 2687 si
3313 2634 3470 2689 unius

1885 2722 2075 2789 capitis
2099 2725 2337 2777 membra
2371 2740 2579 2789 sumus,
2608 2726 2851 2795 corporis
2873 2726 3192 2781 unanimiter
3214 2725 3470 2780 debemus

1885 2829 2005 2869 esse
2038 2825 2296 2871 rectores.
2343 2818 2475 2885 Qu‘a
2516 2819 2682 2873 caula:
2729 2819 2908 2888 gregis
2954 2819 3209 2874 dominici
3245 2825 3470 2889 possunt

1883 2922 2001 2962 esse
2026 2909 2411 2964 numerositate
2438 2912 2638 2976 multae,
2666 2928 2771 2967 non
2792 2912 2912 2966 fidei
2937 2913 3195 2968 varietate
3216 2912 3464 2967 diversae.

1883 2996 1982 3061 Ut,
2026 2999 2163 3053 sicut
2210 3000 2323 3068 ipse
2371 3000 2629 3055 Dominus
2671 3004 3031 3070 prtenuntiare
3073 3003 3320 3073 dignatus
3353 3012 3465 3066 est,

1887 3105 1992 3144 non
2024 3091 2176 3145 nobis
2208 3107 2301 3160 per
2331 3092 2584 3147 invidiam
2618 3094 3021 3157 dissidentibus,
3051 3105 3103 3149 et
3134 3109 3231 3164 per
3256 3094 3465 3149 dissen-

206 3194 281 3255 hts
306 3196 571 3271 sunilibus
618 3197 897 3263 praccplis
940 3208 1003 3248 ac
1050 3192 1451 3267 [sponsionibus]
1494 3192 1779 3261 sponsibus
1805 3190 1850 3253 C
1885 3182 2089 3238 sionem
2121 3199 2334 3252 gregem
2376 3184 2702 3241 dominicum
2750 3186 3146 3253 dividentibus,
3189 3186 3466 3255 multiplex

203 3285 477 3355 dominicis
525 3289 887 3342 consolemur.
941 3287 1070 3353 Quia
1118 3286 1255 3341 sicut
1301 3287 1437 3355 apud
1491 3286 1773 3339 Dominum

203 3378 367 3435 futura
394 3380 507 3448 jam
537 3380 672 3433 facta
700 3388 843 3445 sunt,
876 3380 941 3431 ita
976 3378 1149 3432 fidelis
1182 3377 1475 3432 catholicus
1515 3379 1778 3448 promissa

202 3470 457 3535 ctelestia,
490 3484 611 3538 qua:
644 3480 884 3539 tempore
920 3486 1014 3523 suo
1041 3470 1306 3538 implenda
1346 3469 1585 3536 contittit,
1620 3470 1777 3525 debet

201 3562 353 3621 etiam
398 3562 795 3631 quodammodo
818 3562 1014 3616 habere
1037 3562 1338 3628 praesentia,
1371 3577 1464 3630 spe
1487 3562 1777 3631 praecipere

200 3653 477 3721 possidere
525 3651 661 3716 fide,
711 3652 963 3720 operibus
993 3652 1255 3706 obtinere.
1302 3653 1423 3705 llzec
1476 3655 1615 3705 enim
1656 3661 1779 3705 sunt

196 3760 309 3813 qua:
340 3743 498 3801 nobis
525 3742 782 3797 exhibent
832 3744 884 3796 in
916 3744 1235 3797 maeroribus
1262 3744 1535 3809 solatium,
1562 3743 1612 3796 in
1645 3758 1773 3798 con-

197 3838 373 3897 trariis
417 3835 687 3899 fiduciam,
734 3837 783 3890 in
816 3838 1085 3911 prosperis
1110 3837 1563 3900 moderationem;
1600 3853 1665 3890 ne
1689 3846 1779 3890 aut

198 3929 519 3985 extollantur
561 3926 811 3982 secundis
830 3970 844 3992 ,
872 3937 962 3980 aut
991 3928 1245 3981 cedamus
1276 3927 1536 3991 adversis,
1563 3936 1651 3980 aut
1684 3927 1777 3980 tri-

201 4021 363 4083 stibus
405 4036 803 4083 constituamur.
856 4020 981 4075 Hac
1035 4036 1198 4097 ergo,
1253 4020 1441 4076 fratres
1475 4023 1773 4089 carissimi,

202 4114 600 4173 transmittenda
635 4116 782 4171 vobis
809 4115 873 4179 ad
901 4131 1239 4177 communem
1265 4115 1549 4183 quamdam
1578 4130 1777 4169 conso-

204 4207 477 4274 lationem,
513 4224 616 4262 non
647 4210 762 4263 sine
793 4224 982 4274 magno
1010 4209 1172 4283 animi
1204 4208 1387 4263 dolore
1416 4209 1636 4265 dictavi.
1671 4209 1778 4264 Nec

205 4316 283 4357 me
311 4302 471 4371 paulo
497 4299 656 4355 latius
684 4302 997 4370 protrahere
1024 4315 1325 4363 sermonem
1359 4301 1629 4355 afﬂuentia
1657 4317 1779 4356 ver-

205 4394 383 4448 borum
406 4393 686 4461 compulit,
710 4392 802 4446 sed
824 4392 1293 4447 :estusanimornm
1318 4411 1331 4460 ;
1352 4404 1409 4449 ut
1427 4395 1773 4463 desiderium,

206 4488 335 4556 quod
384 4486 689 4565 recordatio
738 4486 1075 4554 accenderat,
1110 4490 1547 4542 commemoratio
1573 4489 1775 4543 diutina

205 4580 380 4637 crebra
430 4580 660 4645 leniret;
686 4587 740 4634 et
767 4578 819 4634 in
852 4578 951 4634 hoc
978 4581 1137 4634 etiam
1185 4596 1366 4655 parem
1396 4583 1619 4650 gratiam
1649 4598 1773 4654 erga
1800 4564 1856 4624 Ῑ)

206 4686 536 4729 communem
565 4672 727 4733 filiam
758 4673 1196 4742 comprobemus,
1236 4684 1287 4728 et
1328 4675 1466 4730 sicut
1515 4691 1612 4730 nos
1660 4676 1775 4747 ejus

205 4764 300 4819 vita
327 4766 665 4833 devinxerat,
694 4766 764 4831 ita
789 4765 906 4837 ejus
926 4768 1252 4829 memoriam
1280 4769 1465 4829 eadem
1492 4769 1777 4825 dilectione

206 4858 478 4915 custodiat.

829 4970 1039 5029 EPIST.
1078 4972 1137 5027 ν.

212 5061 399 5119 Domita
419 5064 627 5119 sublimi
648 5073 696 5120 et
716 5065 771 5136 iit
785 5063 986 5119 Christo
1002 5063 1221 5120 Domino
1233 5065 1604 5125 devinctissimo
1628 5068 1779 5136 fratri

720 5135 972 5191 Namacio
997 5136 1260 5193 Ruricius.

273 5228 368 5294 Qui
406 5229 749 5293 occasionem
796 5229 1063 5286 scribendi
1096 5245 1191 5300 pro
1221 5229 1630 5285 necessitudinis
1655 5228 1778 5305 jt’tre

213 5323 559 5391 perquirimus
599 5321 829 5376 oblatam
854 5364 869 5389 ,
904 5324 1315 5392 praetermittere
1337 5339 1442 5381 non
1471 5323 1734 5385 debemus
1759 5344 1773 5393 ;

213 5419 263 5466 ut
320 5416 508 5470 reddat
554 5412 709 5470 nobis
764 5414 1050 5484 quamdam
1111 5418 1409 5485 prtesentiae
1471 5420 1772 5489 portionem

281 5579 304 5642 ξ
328 5572 495 5627 Locus
527 5584 830 5642 corruptus.
1600 5606 1606 5613 -

280 5637 308 5681 δ
338 5646 393 5699 in
414 5646 634 5700 castello
668 5637 1038 5703 Ruthenorum
1071 5646 1338 5702 montibus
1373 5646 1550 5702 cincto
1578 5647 1770 5713 altare,

220 5712 318 5769 imo
342 5716 618 5770 ecclesiam
642 5727 1035 5784 construxerat,
1062 5732 1126 5773 eo
1149 5726 1389 5785 tempore
1416 5733 1514 5785 quo
1530 5722 1612 5772 vix
1640 5720 1773 5776 alius
1808 5738 1811 5741 λ

223 5786 427 5842 audebat
450 5796 667 5844 vetustas
692 5790 914 5854 sarcire;
940 5789 1005 5845 ad
1028 5803 1145 5845 eam
1178 5788 1593 5845 consecrandam
1620 5789 1777 5855 Sido-

1885 3288 1980 3342 per
2010 3287 2105 3325 nos
2149 3273 2380 3328 sctiisma
2413 3275 2685 3344 procedat,
2718 3276 2811 3331 sed
2862 3277 3030 3347 magis
3073 3291 3169 3347 per
3208 3277 3464 3331 unitatem

1884 3365 2140 3420 doctrinae
2185 3367 2458 3436 simplices
2495 3383 2623 3424 oves
2662 3370 2959 3426 dominicas
2995 3370 3464 3441 congregantibus,

1882 3456 1972 3509 fiat
2003 3458 2053 3511 in
2086 3458 2242 3511 nobis
2271 3474 2408 3513 unus
2431 3476 2580 3530 grex,
2612 3473 2663 3515 et
2692 3479 2827 3517 unus
2846 3474 3027 3533 pastor
3051 3462 3230 3533 (Joan.
3263 3480 3316 3527 x,
3351 3462 3463 3533 i6),

1882 3549 1970 3618 qui
2020 3552 2158 3604 sicut
2186 3562 2267 3606 est
2295 3568 2389 3606 rex
2428 3568 2612 3622 regum
2634 3599 2648 3621 ,
2679 3564 2731 3607 et
2763 3555 3019 3609 Dominus
3051 3555 3465 3626 dominantium,

1883 3644 2134 3695 sacerdos
2156 3646 2515 3709 sacerdotum,
2550 3656 2602 3700 et
2642 3648 2878 3716 pontifex
2910 3649 3252 3717 pontificum;
3286 3651 3356 3703 ita
3383 3651 3467 3703 in-

1886 3732 2155 3800 telligatur
2184 3743 2237 3787 et
2268 3744 2446 3801 pastor
2472 3751 2593 3789 esse
2621 3746 2917 3804 pastorum.
2951 3740 3309 3805 Quamobrem
3348 3750 3464 3809 stu-

1883 3825 1973 3878 dio
2017 3826 2252 3880 caritatis
2272 3868 2287 3892 ,
2317 3843 2422 3882 non
2452 3829 2777 3897 cupiditatis,
2812 3830 2970 3902 [forte
2994 3848 3110 3885 cum
3152 3830 3253 3902 his]
3283 3833 3377 3886 has
3398 3834 3466 3889 ad

1883 3918 2222 3973 sanctitatem
2250 3931 2479 3974 vestram
2509 3922 2882 3994 presbyterum
2920 3940 3096 3979 meum
3124 3940 3218 3994 pro
3246 3925 3465 3981 diascesi

1882 4008 2281 4076 Gt‘ﬂ‘lillﬂﬂﬁﬂﬁl,
2306 4011 2447 4066 unde
2465 4012 2786 4082 jampridem
2811 4014 2963 4068 vobis
3001 4016 3347 4084 scripseram,
3372 4016 3466 4073 de-

1879 4104 2185 4169 stinavi;ne
2210 4109 2252 4160 si
2280 4109 2562 4162 tacu'ssem
2594 4109 2926 4179 negligentia
2956 4110 3323 4181 deputaretnr,
3356 4128 3464 4167 non

1881 4202 2206 4256 concordiae.
2238 4202 2448 4257 Rationi
2480 4212 2507 4240 ι
2534 4204 2910 4258 irrationabilis
2932 4205 3080 4260 vides
3097 4207 3328 4261 ci-ssisse
3358 4222 3464 4262 non

1877 4296 2060 4365 pauci,
2091 4304 2146 4348 ut
2189 4296 2233 4348 si
2267 4296 2556 4365 agnoscitis
2586 4311 2711 4350 vera
2736 4311 2858 4351 esse
2883 4312 3001 4364 quae
3030 4297 3173 4363 dico,
3208 4307 3298 4352 aut
3320 4297 3461 4367 justa

1880 4400 2001 4453 qum
2027 4395 2243 4455 repeto;
2264 4403 2361 4441 nec
2384 4403 2469 4442 me
2496 4387 2742 4456 iniuriam
2765 4388 2981 4455 diutius,
3018 4403 3117 4444 nec
3140 4404 3234 4443 V08
3256 4390 3464 4460 inquie-

1883 4477 2119 4532 tudinem
2151 4475 2348 4533 diutius
2377 4478 2644 4532 susdnere
2677 4479 2967 4548 patiamini.

2496 4614 2707 4671 EPIST.
2745 4616 2850 4672 VII.

1885 4702 2089 4759 Damno
2110 4704 2316 4759 sublimi
2338 4721 2640 4776 setrtperque
2666 4707 2935 4775 magniﬁco
2951 4707 3099 4776 fratri
3117 4706 3283 4775 Elaﬁo
3306 4704 3461 4759 Πανία

2437 4776 2546 4827 cius
2578 4774 2603 4810 ι’
2630 4774 2912 4843 episcopus.

1954 4866 2028 4925 lta
2063 4865 2289 4933 propitio
2322 4865 2430 4921 Deo
2460 4878 2681 4935 operum
2720 4872 2928 4918 tuorum
2961 4865 3097 4918 fama
3136 4866 3457 4934 percrebuit,

1886 4965 1941 5027 ut
1966 4970 2154 5012 omnes
2185 4956 2234 5009 in
2269 4956 2540 5010 laboribus
2565 4954 2835 5009 constituti
2863 4955 3225 5011 commendari
3256 4971 3314 5013 se
3340 4973 3458 5029 ger-

1888 5048 2131 5102 manitati
2181 5058 2371 5102 vestrae
2399 5046 2543 5103 omni
2584 5062 2795 5117 precum
2830 5048 3119 5102 ambitione
3148 5036 3460 5123 deptiscant.

1887 5142 2021 5211 Quia
2045 5142 2400 5211 fatigationem
2420 5156 2569 5195 suam
2592 5141 2729 5210 apud
2751 5156 2845 5195 vos
2865 5140 3109 5197 effectum
3136 5140 3332 5198 habere
3354 5124 3460 5199 non

1887 5234 2151 5305 dubitant.
2185 5235 2335 5291 Unde
2359 5236 2515 5290 etiam
2548 5235 2770 5304 portitor
2798 5235 3009 5299 harum,
3041 5236 3253 5297 nomine
3283 5236 3461 5303 Ulfila,

1884 5342 2043 5403 quem
2068 5326 2193 5381 mihi
2226 5336 2249 5367 ο
2284 5326 2584 5383 Frarétrius
2630 5325 2910 5397 presbyter
2945 5325 3060 5383 suis
3091 5308 3281 5384 litteris
3309 5344 3460 5387 com-

1886 5421 2181 5487 mendavit,
2214 5419 2280 5474 ad
2307 5433 2400 5474 vos
2429 5417 2889 5473 commendatitias
2920 5418 3228 5489 postulavit,
3263 5434 3399 5491 quas
3428 5438 3457 5477 e

1883 5579 2030 5655 nium
2058 5579 2325 5655 invitavit,
2354 5589 2411 5635 ut
2441 5587 2587 5655 patet
2609 5593 2675 5632 ex
2696 5577 2811 5655 ejus
2829 5592 2917 5655 ep.
2943 5578 3099 5655 i5,_l.
3131 5594 3206 5643 tv.
3227 5577 3318 5635 alii
3336 5591 3460 5639 eum

1884 5650 2190 5775 [ει-ἐρῧὲιίιῖ
2225 5650 2382 5774 metallo,
2416 5650 2469 5704 ni
2494 5648 2667 5717 fallor,
2703 5648 3003 5718 appellant.
3022 5650 3185 5707 BABN.

2186 5736 2265 5774 ras
2318 5736 2443 5776 rtus.
