4086 6328
563 390 631 447 87
1891 383 2140 441 ειυιιιοιι

2242 385 2496 441 PISCOPI
3749 383 3820 437 88

562 513 615 559 e'
645 517 742 574 pro
765 503 1003 572 jussione
1026 502 1224 566 divina,
1248 507 1300 554 et
1320 513 1416 568 pro
1428 498 1670 567 jussione
1691 507 1874 552 mutua
1902 499 2129 554 libenter
2154 509 2204 569 Α
2233 500 2353 570 quia
2382 499 2610 555 eruditio
2635 506 2811 553 nostra
2843 512 3049 553 merces
3077 504 3249 569 vestra
3291 505 3404 561 est;
3434 494 3459 532 (³
3490 504 3542 550 et
3583 503 3820 565 tempora

562 596 776 651 indulsi.
822 596 1022 663 Quibus
1049 593 1339 649 individua
1372 592 1581 647 caritati
1613 601 1809 647 vestrae
1844 592 1992 647 salve
2022 593 2140 662 plu-

562 688 755 741 rimum
800 685 950 749 dico,
990 694 1044 740 et
1080 684 1355 753 prmfatum
1396 699 1493 755 pro
1530 684 1814 739 aﬂ‘ectione
1852 700 2138 754 germana,

562 796 669 835 non
714 795 809 850 pro
865 778 1150 848 pontiﬁcali
1205 779 1521 833 auctoritate
1577 777 1957 833 commendare
2003 793 2141 849 prte-

561 873 784 940 sumpsi.
816 871 951 936 Quia
996 873 1050 926 in
1091 881 1371 939 peccatore
1402 872 1601 926 amittit
1640 870 1873 940 dignitas
1912 869 2137 940 dignitao

532 975 695 1027 .tcm;
729 961 812 1016 cui
848 963 1018 1016 honor
1058 962 1323 1017 indebitus
1349 962 1499 1017 oneri
1538 971 1626 1018 est
1654 962 1829 1031 potius
1857 977 2015 1032 quam
2046 962 2141 1016 ho-

561 1057 696 1109 nori.
730 1057 882 1123 Quod
912 1057 1036 1112 licet
1067 1057 1215 1111 vobis
1243 1057 1451 1127 placere
1484 1072 1579 1126 pro
1604 1064 1781 1110 nostra
1803 1054 2143 1110 devinctione

559 1149 844 1210 contidam,
870 1157 1045 1203 tamen
1074 1149 1119 1202 si
1141 1150 1262 1215 quid
1292 1148 1445 1202 nobis
1466 1150 1578 1203 veri
1610 1148 1699 1203 vel
1731 1147 1912 1202 vicarii
1940 1147 2141 1201 amoris

563 1240 894 1306 impenditis,
924 1254 1081 1308 spero
1106 1239 1434 1293 condoleatis
1462 1240 1635 1308 potius
1658 1253 1812 1308 quam
1837 1234 2138 1305 gaudeatis.

563 1332 695 1395 Quia
745 1332 1014 1401 indignum
1043 1347 1159 1394 me,
1187 1340 1241 1386 et
1283 1332 1493 1400 penitus
1535 1346 1644 1386 non
1687 1339 1983 1386 merentem
2036 1342 2142 1382 non

564 1426 762 1481 attollit
788 1440 875 1479 res
902 1432 1066 1489 tanta,
1092 1423 1184 1478 sed
1215 1422 1488 1489 deprimit.

1164 1580 1376 1635 EPIST.
1408 1580 1541 1636 Vlll.

572 1694 789 1765 Domino
828 1703 1005 1749 sancto
1039 1706 1087 1750 et
1139 1694 1419 1765 apostolico
1459 1704 1504 1747 et
1544 1693 1671 1747 mihi
1709 1708 1815 1762 pra,-
1858 1691 2055 1765 steteris
2090 1690 2144 1744 in

638 1763 839 1820 Christo
884 1765 1100 1818 Domino
1144 1763 1287 1817 cultu
1330 1764 1610 1833 alfectuque
1638 1764 1942 1831 peculiarius
1987 1777 2142 1815 exco-

637 1837 819 1901 lendo,
858 1846 1073 1901 patrono
1094 1844 1141 1889 et
1159 1851 1307 1905 papae
1344 1837 1502 1888 Aenio
1532 1845 1559 1871 ει
1589 1833 1830 1887 Ruricius
1850 1834 2139 1901 episwpus.

638 1969 1002 2038 Quotiensque
1054 1968 1215 2039 [forte
1241 1966 1659 2040 quotiescunque]
1695 1966 2000 2037 quicunque
2024 1978 2149 2018 san-

567 2072 681 2117 ctos
716 2074 803 2116 aut
843 2063 1170 2131 apostolicos
1201 2062 1346 2115 viros
1373 2074 1506 2131 quos
1548 2058 1929 2115 misericordia:
1957 2070 2143 2125 opera,

565 2169 787 2222 operum
841 2154 1029 2208 merita
1050 2197 1065 2221 ,
1100 2153 1411 2207 meritorum
1446 2153 1552 2205 vita
1594 2148 1953 2217 commendat,
1986 2156 2148 2215 atque

566 2247 805 2298 omnium
830 2246 1083 2299 virtutum
1108 2244 1244 2298 fama
1267 2244 1602 2306 disseminat,
1620 2256 1980 2297 aerumnarum
2007 2240 2148 2293 mole

568 2335 808 2402 depressi
837 2344 1097 2405 coguntur
1125 2346 1400 2405 expetere,
1428 2335 1553 2390 dum
1577 2336 1871 2390 litterarum
1899 2343 2149 2403 quaerunt

569 2424 737 2478 labori
787 2440 919 2490 suo,
965 2427 1281 2481 beneficium
1317 2427 1597 2482 conferunt
1635 2424 1905 2480 desiderio
1939 2435 2145 2481 nostro.

570 2515 633 2568 Et
659 2529 780 2569 cum
805 2517 873 2568 sit
900 2516 1113 2570 illorum
1148 2518 1297 2571 labor
1327 2525 1506 2571 noster
1536 2515 1721 2583 dolor,
1757 2517 1813 2570 lit
1842 2524 2017 2570 tamen
2051 2531 2147 2586 per

567 2605 725 2659 officii
779 2607 1121 2662 collationem
1178 2623 1363 2663 eormn
1414 2610 1707 2663 necessitas
1751 2607 2147 2677 quodammodo

563 2701 758 2752 Caritas
785 2710 988 2769 nostra,
1036 2717 1137 2771 qua
1167 2702 1293 2756 dmn
1322 2702 1557 2773 ipsorum
1588 2701 1974 2771 acquiescimus
2004 2702 2149 2772 peti-

567 2792 720 2858 tioni,
749 2804 943 2847 nostra:
971 2795 1328 2850 satisfacimus
1356 2796 1637 2860 voluntati,
1671 2804 1724 2850 et
1752 2798 1821 2849 ita
1853 2795 1912 2848 iit
1940 2802 1996 2849 ut
2022 2810 2147 2866 cge.

564 2896 676 2940 stas
726 2889 955 2956 petentis
994 2890 1063 2943 sit
1111 2890 1387 2958 largientis
1418 2890 1637 2944 utilitas.
1673 2889 1844 2944 Fratri
1887 2891 2063 2960 itaque
2091 2901 2146 2947 et

561 2980 1001 3051 compresbytero
1050 2992 1273 3047 nostro,
1308 2982 1609 3038 Posscssori
1655 2983 1909 3049 nomine,
1959 2980 1987 3021 δ
2038 2998 2145 3054 quo

560 3072 680 3141 pius
704 3084 786 3129 est
833 3077 1043 3144 potius,
1092 3092 1250 3146 quam
1299 3077 1574 3142 facultate;
1623 3078 1745 3147 quia
1788 3076 1929 3147 quod
1958 3076 2145 3132 habuit

562 3181 659 3235 pro
685 3166 861 3221 fratris
887 3168 1258 3238 redemptione
1281 3170 1534 3238 profudit,
1560 3170 1729 3224 factus
1758 3177 1842 3224 est
1864 3184 2145 3241 possessor

561 3258 830 3323 paradisi,
861 3259 986 3313 dum
1034 3261 1375 3329 proprietatis
1400 3261 1585 3315 saeculi
1628 3260 1825 3316 desinit
1859 3275 1979 3316 esse
2018 3276 2145 3331 pos-

561 3362 760 3403 sessor.
789 3349 868 3403 Ad
892 3350 1243 3419 apostolatum
1267 3361 1502 3406 vestrum
1546 3351 2009 3406 commendatitias
2040 3366 2139 3420 po-

560 3439 778 3492 stulanti
818 3441 1047 3495 libenter
1092 3441 1306 3496 indulsi.
1353 3443 1518 3511 Cujus
1564 3443 1938 3496 necessitatem
1978 3445 2024 3497 si
2059 3443 2142 3497 di-

560 3538 750 3598 gnatur
780 3530 989 3601 plenius
1009 3535 1263 3588 sanctitas
1290 3541 1465 3589 vestra
1490 3548 1833 3604 cognoscere,
1858 3534 2140 3603 epistolam

560 3637 719 3691 quam
750 3624 815 3677 ad
849 3624 1198 3681 humilitatem
1225 3642 1398 3683 meam
1430 3627 1595 3684 frater
1623 3640 1807 3685 noster
1857 3630 2140 3687 Eumerius

558 3713 841 3784 episcopus
869 3732 967 3785 per
993 3717 1165 3787 ipsum
1199 3718 1414 3786 direxit,
1445 3719 1575 3774 tanti
1598 3719 1788 3776 habeat
1821 3736 2135 3788 recensere;

557 3812 613 3857 et
640 3805 783 3860 illico
810 3816 1063 3876 agnoscet
1098 3810 1322 3879 qualiter
1349 3810 1447 3880 ipsi
1488 3811 1680 3866 debeat
1708 3820 1761 3867 et
1790 3828 1885 3881 pro
1911 3827 2140 3870 consue-

558 3896 742 3952 tudine
786 3900 1100 3968 consulere,
1148 3911 1202 3957 et
1230 3917 1328 3972 pro
1357 3903 1579 3958 caritate
1611 3914 1794 3958 mutua
1826 3906 2134 3962 condolere.

559 3986 660 4054 Qui
692 3998 750 4042 ut
780 3991 994 4045 fratrem
1021 3992 1088 4047 ab
1112 3993 1354 4048 hostibus
1382 3993 1632 4049 redderet
1664 3994 1913 4062 liberum,
1941 4011 2000 4051 se
2019 4013 2140 4053 cre-

558 4079 793 4134 ditorum
814 4082 999 4137 maluit
1027 4097 1148 4139 esse
1176 4087 1465 4156 captivum,
1488 4095 1543 4142 et
1570 4096 1624 4141 ut
1654 4086 1745 4144 ille
1766 4090 2138 4148 crudelissima

559 4180 731 4225 morte
760 4187 865 4228 non
911 4173 1212 4243 privaretur
1239 4175 1366 4242 vita,
1398 4179 1510 4248 ipse
1536 4181 1768 4237 extorris
1800 4190 1882 4238 est
1910 4183 2079 4239 factus
2107 4198 2140 4240 e

561 4265 752 4333 patria.

633 4354 811 4410 Sancti
850 4359 1077 4429 apostoli
1110 4360 1255 4416 f‘auli
1296 4364 1615 4419 sententiam
1647 4376 1670 4405 ο
1708 4367 2092 4424 constituentes
2117 4414 2133 4438 ,

562 4461 659 4513 qua
692 4444 945 4501 Romanis
995 4450 1232 4505 scribens
1262 4451 1335 4506 ait
1363 4469 1377 4506 :
1433 4453 1573 4508 Nolo
1621 4472 1706 4509 vos
1736 4457 1993 4527 ignorare,
2028 4462 2138 4530 fra-

564 4548 680 4602 tres,
712 4540 831 4607 quia
857 4556 989 4608 sa‘pe
1021 4545 1260 4611 praposui
1290 4547 1458 4599 venire
1504 4547 1573 4599 ad
1600 4564 1703 4613 ros,
1736 4550 1826 4602 sed
1852 4550 2136 4618 prohibitus

2244 594 2459 648 collatio
2488 591 2737 647 desiderii
2766 591 2948 656 vestri,
2979 591 3140 646 vestri
3170 600 3249 645 est
3269 590 3533 646 sermonis
3580 588 3819 644 affectus.

2244 684 2322 738 Ita
2349 684 2491 738 enim
2523 684 2707 751 paucis
2735 682 2943 747 diebus,
2982 697 3116 751 quos
3144 682 3274 737 mihi
3304 697 3431 737 vere
3456 690 3512 736 et
3548 694 3743 750 paucos
3768 690 3826 736 et

2244 776 2591 831 brevissimos
2613 785 2789 830 vester
2817 774 2943 829 fecit
2963 773 3201 842 affectus,
3229 774 3353 829 dum
3380 772 3827 841 contemplatione

2244 876 2421 923 vestra
2453 882 2557 922 non
2585 867 2758 921 solum
2790 865 2972 921 satiari
3003 876 3187 921 noster
3217 866 3422 937 ncquit,
3454 880 3636 921 verum
3665 862 3825 920 etiam

2243 958 2473 1014 videndo
2503 959 2669 1027 magis
2699 956 3001 1013 exardescit
3029 957 3289 1022 intuitus;
3315 971 3435 1010 cum
3470 970 3568 1010 nos
3600 962 3657 1009 et
3687 954 3827 1009 desi-

2245 1052 2553 1107 deraremus
2584 1060 2893 1121 praesentes,
2924 1059 2979 1107 et
3019 1051 3084 1106 ad
3116 1051 3217 1106 hoc
3238 1065 3417 1106 coram
3445 1052 3645 1122 positos
3680 1065 3828 1120 qure-

2246 1160 2483 1200 reremns
2507 1161 2523 1208 ;
2547 1159 2734 1199 sensus
2762 1153 2975 1219 nostros
3003 1143 3150 1199 fonte
3180 1143 3467 1214 purissimo
3496 1142 3707 1212 benigni
3736 1157 3829 1211 pec

2245 1238 2409 1291 cteris
2438 1237 2714 1305 irrigastis,
2741 1244 2798 1289 ut
2821 1234 3117 1305 quamlibet
3141 1235 3283 1289 nulla
3302 1233 3495 1290 deinde
3526 1234 3830 1289 sanctioris

2247 1342 2465 1383 munera
2499 1329 2731 1396 pretiosa
2756 1327 3111 1397 pereiperem,
3147 1328 3485 1396 praesentiam
3530 1335 3703 1380 tamen
3736 1340 3831 1381 vc-

2246 1429 2414 1473 stram
2447 1418 2583 1472 intra
2625 1419 2819 1473 mentis
2860 1432 2994 1472 mea:
3045 1431 3241 1471 arcana
3275 1417 3600 1487 possideam,
3631 1425 3686 1471 et
3713 1416 3832 1471 effi-

2246 1513 2385 1583 giem
2424 1520 2653 1568 vestram
2693 1512 2744 1566 in
2786 1511 3002 1581 speculo
3049 1511 3152 1566 mei
3185 1511 3364 1566 cordis
3400 1512 3642 1575 intuear,
3670 1525 3831 1580 quam

2248 1604 2338 1658 illa
2370 1614 2456 1658 tua
2486 1604 2680 1658 caritas
2721 1603 2957 1673 perfecta
3005 1603 3265 1673 depinxit,
3321 1612 3377 1658 ut
3416 1604 3611 1659 nullius
3658 1604 3833 1659 aetatis

2248 1697 2519 1753 oblivione
2571 1698 2739 1767 possit
2784 1697 2985 1763 deleri;
3016 1696 3137 1768 quia
3166 1697 3276 1767 jugi
3304 1698 3674 1753 recordatione
3718 1712 3834 1754 mo-

2250 1792 2442 1845 mentis
2486 1790 2710 1859 singulis
2753 1790 3057 1844 innovatur.
3112 1789 3227 1845 lllic
3268 1791 3411 1845 enim
3459 1790 3737 1845 vobiscum
3767 1806 3834 1846 ex

2178 1904 2227 1963 Β
2254 1880 2639 1936 consuetudine
2665 1880 2872 1950 pietatis
2902 1890 3094 1936 vestra:
3117 1881 3377 1937 secretius
3399 1880 3697 1952 colloqnor.
3722 1881 3837 1938 illic

2252 1971 2411 2028 etiam
2430 1972 2497 2027 de
2527 1972 2645 2026 vita:
2674 1971 2912 2027 melioris
2932 1972 3268 2028 institutione
3291 1981 3576 2041 pertracto.
3601 1972 3715 2029 Illic
3736 1987 3836 2029 vos

2252 2065 2406 2120 labiis
2452 2064 2645 2119 mentis
2687 2065 2991 2133 exosculor,
3036 2073 3091 2120 et
3125 2064 3368 2119 manibus
3412 2064 3591 2119 cordis
3631 2066 3837 2135 ample-

2249 2163 2387 2210 ctor.
2417 2154 2541 2231 Quo
2558 2154 2633 2221 fit,
2663 2163 2721 2209 ut
2740 2169 2868 2210 vera
2897 2154 3134 2223 dilectio,
3159 2170 3281 2225 quae
3300 2155 3354 2210 in
3383 2154 3677 2210 visceribus
3697 2157 3837 2212 meis

2249 2246 2368 2301 viva
2397 2245 2573 2301 vultus
2604 2245 2766 2301 vestri
2796 2245 3111 2317 ﬁguratione
3135 2246 3365 2302 nutritur
3389 2256 3445 2302 et
3476 2245 3714 2318 ignicqu
3743 2261 3836 2301 ca-

2252 2338 2424 2393 ritatis
2453 2337 2781 2408 accenditur,
2813 2339 3012 2395 amoris
3036 2338 3205 2395 vestri
3233 2338 3654 2394 vicissitudinem
3702 2339 3836 2394 mihi

2250 2432 2611 2501 repromittat,
2644 2440 2699 2487 et
2730 2432 2941 2487 animus
2975 2446 3129 2487 meus
3157 2431 3286 2487 mihi
3314 2432 3475 2486 animi
3503 2431 3666 2487 vestri
3698 2430 3834 2485 fide-

2246 2521 2426 2592 jussor
2452 2522 2697 2589 assistat;
2731 2521 2857 2576 dum
2888 2530 3146 2591 quantum
3175 2522 3306 2577 mihi
3348 2521 3416 2577 de
3443 2520 3596 2576 vobis
3624 2537 3835 2591 praesu-

2252 2630 2400 2671 mere
2427 2614 2686 2679 debeam,
2733 2615 3008 2670 conscium
3053 2623 3251 2670 mutue
3300 2614 3605 2669 dilectionis
3643 2625 3836 2685 pectus

2250 2709 2540 2778 interrogo.
2574 2705 2725 2761 Unde
2753 2706 3023 2762 scribendi
3044 2706 3174 2761 mihi
3207 2706 3351 2761 aditu
3373 2706 3707 2761 orationibus
3733 2722 3834 2762 ve-

2249 2801 2374 2855 stris
2396 2798 2610 2854 tandem
2652 2799 2940 2869 aliquando
2987 2806 3251 2866 reserato,
3283 2798 3421 2854 banc
3453 2799 3834 2855 salutationem

2250 2888 2457 2955 defero,
2489 2898 2543 2945 et
2571 2891 3013 2946 intercessionem
3048 2899 3394 2961 peccatorum
3425 2892 3660 2961 requiro.
3696 2890 3834 2945 Illud

2248 2979 2467 3048 speciali
2491 2995 2650 3051 prece
2672 2980 2990 3050 deposcens.
3016 2989 3074 3035 ut
3099 2980 3523 3036 misericordiam
3542 2980 3637 3035 Dei
3662 2983 3835 3036 nostri

2248 3072 2479 3128 assiduis
2511 3072 2858 3141 petitionibus
2890 3072 3138 3143 flagitetis
3165 3074 3415 3130 omnibus
3443 3073 3651 3130 delictis
3675 3074 3835 3141 meis,

2247 3174 2409 3235 atque
2433 3164 2706 3231 omnibus,
2737 3164 3124 3234 opitulantibus
3169 3165 3322 3220 vobis
3363 3164 3833 3223 consuetudinaria

2172 3283 2221 3348 ρ
2249 3255 2534 3311 clementia
2565 3265 2618 3311 et
2645 3259 2859 3327 copiosa
2906 3255 3179 3321 bonitate,
3210 3255 3441 3323 delictis,
3484 3256 3584 3313 etsi
3626 3271 3735 3313 non
3764 3256 3834 3313 ad

2250 3348 2391 3404 idem
2423 3350 2724 3418 prmmium,
2748 3348 2935 3403 saltem
2964 3349 3031 3404 ad
3052 3348 3299 3405 eumdem
3323 3361 3423 3403 nos
3447 3356 3659 3418 portum
3681 3348 3835 3419 quie-

2247 3441 2314 3495 tis
2340 3440 2527 3509 jubeat
2558 3440 2871 3509 pervenire;
2900 3450 2960 3496 ut
2998 3449 3262 3512 quatenus
3302 3441 3387 3496 hic
3416 3448 3635 3510 propter
3658 3440 3832 3510 spatia

2245 3530 2524 3601 interjecta
2554 3544 2818 3587 terrarum
2850 3531 3021 3587 oculis
3047 3534 3289 3603 corporis
3308 3533 3503 3603 saepius
3530 3546 3628 3587 nos
3651 3533 3832 3589 videre

2245 3642 2352 3681 non
2383 3641 2687 3696 possumus,
2734 3627 2816 3683 vel
2848 3626 3046 3681 ibidem
3072 3626 3143 3682 de
3169 3635 3353 3682 mutua
3384 3625 3668 3697 praesentia
3700 3641 3829 3697 gau-

2244 3718 2498 3785 deamus;
2531 3726 2587 3774 nt
2619 3720 2834 3790 quando
2876 3718 3026 3773 vobis
3046 3732 3075 3772 a
3096 3717 3243 3788 justo
3275 3718 3459 3774 iudice
3502 3717 3832 3773 retribuatur

2242 3826 2439 3867 corona
2480 3812 2817 3878 meritorum,
2867 3810 2996 3865 mihi
3033 3825 3063 3865 a
3107 3810 3349 3881 piissimo
3387 3809 3749 3879 redemptore,
3775 3815 3832 3865 et

2242 3904 2501 3958 advocato
2524 3902 2914 3973 perfectissimo
2945 3911 2967 3939 ο
2990 3901 3400 3956 commisson
3424 3900 3577 3955 venia
3606 3914 3714 3955 non
3737 3914 3830 3955 ne-

2242 4007 2419 4067 getur.
2466 3996 2583 4067 ipse
2606 4005 2732 4051 ante
2756 3995 3012 4065 judicium
3043 3993 3338 4064 peccatoris
3387 4007 3545 4063 agere
3572 3992 3826 4063 dignetur

2242 4104 2493 4157 causam,
2540 4104 2607 4143 ne
2655 4090 2705 4143 in
2752 4088 2951 4158 judicio
2994 4088 3181 4159 puniat
3222 4087 3455 4157 culpam,
3501 4086 3623 4156 quia
3674 4087 3824 4141 novit

2241 4182 2437 4253 quippe
2465 4182 2806 4253 omnipotens
2830 4195 2931 4237 nec
2959 4181 3012 4236 in
3038 4180 3276 4236 bonitate
3316 4179 3617 4235 clementiae
3637 4177 3826 4247 judicii

2243 4274 2468 4345 perdere
2496 4275 2800 4342 veritatem,
2831 4288 2932 4329 nec
2956 4272 3141 4343 judicii
3190 4272 3477 4327 severitate
3520 4270 3828 4325 clementia

2242 4368 2494 4422 amittere
2521 4366 2839 4422 bonitatem.
2872 4365 2938 4421 Et
2968 4364 3089 4421 ideo
3121 4379 3217 4435 per
3262 4363 3581 4419 ineffabilem
3612 4363 3830 4417 miseri-

2241 4459 2439 4513 cordia:
2454 4473 2516 4514 ac
2537 4459 2747 4514 virtutis
2768 4459 3135 4529 operationem
3172 4456 3323 4513 vobis
3348 4465 3609 4527 prmstare
3638 4455 3829 4524 digne-

2242 4562 2349 4618 tur,
2375 4560 2434 4605 ιιι
2462 4566 2598 4621 quos
2635 4551 2724 4607 hic
2752 4552 2980 4608 veritate
3017 4551 3327 4622 conjunxit,
3360 4550 3466 4606 illic
3492 4549 3831 4605 habitatione

562 4644 672 4680 διιηι
706 4646 862 4699 usque
880 4632 1057 4684 adhuc
1074 4632 1249 4703 (Rom.
1283 4650 1318 4691 ι.
1349 4635 1474 4706 l5);
1503 4646 1557 4692 et
1586 4654 1683 4693 nos
1722 4640 1898 4697 dicere
1928 4642 2135 4711 pudore
2161 4652 2219 4713 D
2242 4659 2351 4698 non
2375 4655 2617 4715 separet;
2640 4643 3047 4715 promissionem
3070 4654 3303 4700 vestram
3328 4643 3572 4699 recolens
3589 4642 3827 4712 peculia-

561 4720 845 4790 instigante
876 4724 1277 4793 compellimur:
1303 4726 1554 4785 Crebrius
1574 4730 1837 4785 voluimus
1864 4731 1933 4787 ad
1956 4732 2139 4787 since-

559 4811 826 4867 rissimam
854 4814 1102 4884 pietatem
1125 4829 1359 4873 vestram
1389 4822 1586 4893 scripta
1616 4821 1867 4892 dirigere,
1888 4822 1982 4879 sed
2010 4839 2139 4893 pro-

559 4901 708 4958 hibiti
735 4920 922 4961 sumus
961 4922 1127 4977 usque
1171 4926 1340 4977 nunc;
1390 4913 1706 4981 prohibente
1743 4914 1992 4970 nimirum
2044 4914 2138 4970 illo

556 4994 645 5062 qui
670 4990 1107 5054 bonm’voluntati
1136 5004 1411 5057 consuevit
1439 5018 1653 5075 semper
1681 5005 1964 5073 obsistere,
1997 5009 2137 5063 invi-

559 5087 691 5144 dens
717 5091 924 5147 scilicet
944 5093 1199 5163 profectui
1223 5106 1425 5162 nostro,
1458 5106 1513 5152 et
1536 5097 1745 5154 affectui
1776 5109 1975 5167 vestro,
2001 5117 2017 5166 ;
2048 5100 2133 5154 af-

558 5177 715 5233 fectui
748 5192 929 5237 nostro
949 5194 1004 5239 et
1028 5186 1282 5255 profectui
1321 5196 1521 5244 vestro.
1553 5188 1821 5245 Profectui
1852 5201 2037 5246 nostro
2078 5200 2134 5247 et

556 5270 766 5327 affectui
816 5284 1025 5342 vestro;
1073 5278 1193 5348 quia
1243 5279 1485 5332 doctrina
1534 5289 1706 5341 vestra
1760 5282 1987 5337 eruditio
2030 5297 2135 5337 no-

554 5371 664 5418 stra
693 5372 795 5432 est,
826 5373 881 5420 et
906 5368 1128 5435 epistola
1166 5379 1348 5425 nostra
1370 5370 1668 5426 consolatio
1696 5372 1945 5429 desiderii
1966 5373 2135 5429 vestri

555 5464 673 5521 est;
702 5467 756 5512 et
784 5471 970 5513 rursus
1007 5461 1261 5530 profectui
1308 5472 1486 5520 vestro
1531 5475 1585 5519 ct
1639 5465 1847 5522 atl‘eetui
1902 5478 2130 5535 nostro;

624 5622 647 5694 ξ
682 5614 807 5684 [.eg.
850 5615 1076 5682 Eonio,
1116 5622 1216 5695 Aqui
1258 5624 1352 5677 fuit
1392 5640 1457 5680 eo
1499 5634 1738 5695 tempore
1789 5625 2131 5695 Arelatensis

550 5684 861 5767 episcopus,
896 5696 960 5767 et
996 5700 1053 5743 ut
1080 5684 1262 5757 aiunt,
1311 5696 1539 5752 vicarius
1586 5684 1854 5767 pontiﬁcis
1894 5692 2126 5753 Βοιώιηί

551 5769 646 5807 ’ρι’
672 5754 890 5813 Gallias.
924 5759 1080 5814 Basx.

620 5823 647 5869 ιι
676 5827 776 5891 ωε.
807 5830 1020 5918 vitiose,
1051 5832 1188 5905 quod
1210 5838 1356 5909 pejus
1387 5848 1478 5895 Cal.
2080 5880 2119 5921 ι

2031 5942 2146 5975 ﬂ

2242 4736 2356 4791 rius
2380 4749 2529 4808 rogo,
2558 4743 2617 4790 ut
2645 4735 2862 4790 fratrem
2894 4734 3196 4791 Pomerium
3228 4736 3483 4789 sanctitas
3504 4722 3683 4787 vestra
3714 4747 3824 4787 non

2244 4830 2417 4885 solum
2445 4843 2552 4883 non
2582 4829 2831 4892 retineat,
2853 4842 3038 4882 verum
3070 4830 3227 4882 etiam
3259 4826 3323 4880 ad
3347 4839 3444 4881 nos
3465 4824 3648 4880 venire
3677 4839 3827 4879 com-

2243 4920 2428 4990 pellat,
2462 4929 2775 4990 partemque
2804 4932 2956 4975 suam
2996 4918 3149 4974 nobis
3177 4918 3227 4973 in
3251 4915 3529 4972 dividuum
3547 4915 3826 4986 utriusque

2243 5011 2592 5067 transmittat.
2625 5009 2733 5065 Nec
2763 5023 2885 5065 eum
2907 5023 2937 5062 a
2958 5008 3110 5063 vobis
3134 5006 3432 5073 discedere,
3455 5006 3500 5060 si
3529 5005 3594 5060 ad
3621 5020 3709 5061 me
3733 5020 3825 5060 ac-

2242 5104 2489 5172 cesserit,
2513 5102 2785 5174 judicetis,
2807 5101 2930 5171 quia
2957 5109 3011 5156 et
3036 5115 3132 5155 vos
3161 5100 3249 5154 hic
3277 5096 3514 5153 inveniet
3552 5097 3607 5151 in
3635 5112 3744 5162 me,
3767 5104 3826 5151 et

2240 5209 2362 5251 cum
2391 5212 2457 5252 eo
2486 5212 2604 5262 vos,
2626 5196 2895 5251 residente
2921 5209 3167 5264 corpore,
3196 5202 3253 5247 ut
3294 5190 3631 5257 conﬁdimus,
3658 5190 3823 5246 corde

2240 5287 2488 5343 venietis.
2512 5286 2615 5342 Sed
2636 5295 2690 5341 et
2715 5285 2837 5341 inde
2861 5300 2967 5341 non
2992 5300 3210 5354 parvum
3234 5283 3459 5337 fructum
3489 5281 3686 5337 habere
3731 5297 3821 5350 po—

2244 5378 2438 5444 teritis,
2471 5376 2516 5432 si
2547 5377 2818 5431 rusticitas
2853 5386 3036 5431 nostra
3077 5375 3314 5431 doctrina
3342 5374 3506 5445 ipsius
3533 5372 3729 5444 aliquid
3767 5372 3821 5427 in

2244 5468 2339 5525 Dei
2370 5470 2566 5525 timore
2594 5467 2897 5538 profecerit.

2312 5639 2336 5668 ε
2368 5628 2522 5683 Prius
2541 5635 2655 5682 erat
2681 5626 2734 5681 in
2767 5641 2866 5681 ms.
2899 5634 3211 5680 contuenter.

2311 5701 2339 5736 ιι
2374 5698 2441 5752 Et
2487 5713 2685 5767 semper
2726 5698 3005 5751 consolatio
3056 5697 3297 5750 desiderii
3344 5696 3523 5763 nostri,
3573 5696 3718 5751 vestri
3745 5701 3815 5752 est

2240 5771 2487 5824 sermonis
2511 5768 2745 5835 allectus.

2312 5851 2335 5878 ⁶
2360 5838 2457 5898 Ms.
2482 5842 2857 5907 ommissorum,
2892 5839 3027 5896 forte
3066 5840 3387 5895 amissorum.
