4086 6328
550 383 612 442 9i
1816 382 1819 385 ’
1877 378 2123 439 ιιυῐιιειι

2230 378 2466 453 assert
3742 378 3814 435 92

548 512 734 555 sumus
764 497 961 567 (Colat.
997 513 1072 564 tu,
1111 495 1227 565 28),
1282 493 1472 551 fratres
1500 496 1799 551 reetlssime
1846 512 2120 566 nuncupa-
2152 494 2204 555 Α
2232 510 2321 560 vn,
2354 495 2432 563 2).
2482 493 2712 563 ldeoque
2743 508 2839 563 pro
2871 493 3007 569 Urso
3052 502 3107 561 et
3139 492 3429 573 Lupicino,
3471 494 3561 562 qui
3594 495 3657 547 ad
3701 512 3807 559 me,

548 605 692 657 mur,
719 593 840 664 quia
869 605 967 649 nos
998 599 1050 651 et
1076 604 1215 659 unus
1240 596 1424 651 uterus
1469 590 1609 653 sacri
1642 589 1804 645 fontis
1831 591 2038 659 effudit,
2073 600 2127 645 et

548 684 733 745 eadem
767 682 924 745 ubera
954 681 1135 745 matris
1164 680 1442 749 Ecclesiae,
1464 682 1656 751 spiritu
1688 681 2012 747 viviﬁcante,
2049 681 2125 734 la-

546 782 756 831 ctarunt
780 773 955 831 simul.
990 772 1227 845 ideirco,
1254 772 1455 839 frater,
1500 772 1714 842 scripsi,
1762 772 1885 843 quia
1932 782 1984 827 et
2015 774 2123 828 Deo

549 867 779 935 propitio
802 880 829 923 a
857 865 1036 933 surculi
1063 865 1269 939 actibus
1297 864 1363 920 ad
1392 876 1645 927 aeternam
1670 867 2052 929 beatitudinem
2074 877 2124 923 te

545 959 774 1015 animam
814 955 1152 1013 convertisse
1202 958 1457 1028 cognovi,
1509 966 1560 1013 et
1612 958 1931 1025 imitatorem
1982 960 2125 1023 illius

546 1048 853 1119 Evangelici
884 1047 1236 1118 negotiatoris
1256 1048 1528 1117 effectum,
1563 1036 1651 1119 qui
1689 1050 1917 1104 venditis
1947 1051 2123 1107 omni-

544 1141 646 1197 bus
678 1141 790 1195 suis
818 1139 1145 1210 comparavit
1177 1140 1616 1208 pretiosissimam
1644 1143 1986 1214 margaritam
2008 1161 2021 1208 ;
2042 1144 2124 1197 vel

544 1232 710 1298 illius,
754 1232 843 1305 qui
878 1240 1090 1303 reperto
1122 1231 1173 1291 in
1200 1246 1327 1300 agro
1359 1231 1608 1286 thesauro
1631 1274 1643 1295 ,
1676 1232 1965 1297 distractis,
2007 1248 2123 1303 quae

550 1323 799 1388 habebat,
835 1324 1120 1389 universis,
1154 1339 1336 1395 agrum
1366 1323 1538 1397 ipsum
1561 1325 1810 1379 laudabili
1837 1326 2125 1395 cupiditate

546 1427 816 1479 mercatus
831 1424 913 1471 est
937 1414 1149 1484 (Matth.
1176 1431 1288 1484 xm,
1305 1414 1394 1491 44)
1417 1432 1431 1481 ;
1458 1430 1559 1470 non
1572 1415 1758 1473 alienae
1774 1418 2126 1484 possessionis

546 1506 886 1576 importunus
920 1506 1173 1574 inhiator,
1207 1506 1299 1573 sed
1333 1508 1560 1579 propria:
1585 1506 1845 1563 facultatis
1869 1508 2125 1578 providus

545 1597 884 1665 distributor,
915 1598 1216 1668 caritatem,
1254 1607 1437 1670 utpote
1464 1599 1849 1669 sincerrimam,
1889 1602 2125 1656 retinens

544 1694 705 1747 corle
739 1692 1005 1761 perfecto;
1038 1708 1143 1748 non
1186 1700 1243 1748 ut
1268 1693 1477 1763 parcius
1510 1694 1781 1758 venderet,
1818 1693 1910 1748 sed
1936 1703 1992 1748 ut
2022 1695 2126 1748 lar-

544 1786 663 1854 gius
706 1785 987 1843 lenerarct.
1022 1789 1193 1854 Super
1224 1800 1328 1856 quo
1357 1784 1496 1840 facto
1532 1785 1759 1855 gaudeo,
1792 1797 1843 1841 et
1872 1787 1980 1841 Deo
2005 1803 2125 1858 gra—

2229 588 2381 657 quasi
2408 587 2560 641 vobis
2590 585 2950 657 peculiariter,
2980 586 3116 640 sicut
3137 576 3384 653 superius
3413 584 3544 646 dixi,
3574 585 3810 642 caritatis

2227 679 2346 748 jure
2374 675 2711 745 devinctum,
2744 691 2841 749 pro
2861 676 3145 735 criminum
3175 689 3394 729 suorum
3424 668 3813 757 intercessione

2229 779 2513 831 venerunt,
2543 778 2786 838 precator
2816 768 3043 832 accedo;
3091 776 3151 822 ut
3190 767 3419 835 primum
3445 768 3578 833 Deo,
3618 769 3813 825 deinde

2230 864 2383 919 nobis
2427 864 2531 919 hoc
2561 864 2701 935 quod
2732 865 3124 918 commiserunt
3163 861 3368 918 donare
3421 862 3656 933 digneris
3703 875 3757 918 et
3782 874 3808 902 ι

2228 956 2428 1021 inﬁcri;
2475 971 2573 1011 nec
2620 970 2717 1010 nos
2765 955 2834 1011 de
2880 970 3066 1011 eorum
3114 955 3459 1011 damnatione
3487 957 3806 1023 confundas,

2228 1049 2315 1116 qui
2348 1063 2406 1103 se
2431 1049 2704 1103 absolutos
2731 1062 2852 1103 esse
2879 1063 2999 1103 cum
3033 1047 3101 1102 ad
3134 1047 3487 1105 humilitatem
3521 1064 3694 1104 meam
3716 1050 3811 1104 de-

2228 1141 2372 1196 ducti
2400 1150 2541 1205 sunt,
2569 1141 2930 1197 crediderunt.
3464 1126 3465 1129 “

2840 1291 3053 1357 εριδτ.
3094 1290 3211 1357 XII.

2299 1407 2355 1461 In
2376 1404 2489 1460 salo
2516 1405 2696 1459 saeculi
2730 1406 2884 1459 istius
2915 1404 3157 1460 adversis
3185 1419 3250 1461 ae
3272 1404 3499 1460 diversis
3518 1413 3814 1475 tempesta-

2228 1497 2370 1552 tibus
2390 1497 2733 1551 ﬂuctuantem
2767 1506 2817 1551 te
2839 1505 3006 1550 ratem
3035 1495 3101 1552 ad
3132 1505 3340 1566 portum
3370 1496 3558 1552 salutis
3591 1500 3811 1551 tandem

2230 1588 2537 1657 aliquando,
2567 1587 2791 1641 Domino
2829 1588 3184 1657 gubernante,
3216 1588 3538 1657 applicuisse
3576 1603 3813 1655 congau-

2229 1680 2352 1735 deo.
2387 1679 2442 1733 In
2482 1680 2630 1746 cujus
2658 1679 2759 1733 ﬁda
2790 1693 2851 1733 ac
2876 1679 3160 1748 tranquilla
3192 1681 3424 1735 statione
3452 1680 3807 1747 compositus,

2230 1781 2392 1825 a'stus
2420 1772 2587 1840 ipsius
2608 1770 2819 1840 perﬁdi,
2851 1780 2907 1826 et
2932 1772 3116 1840 iniqui,
3144 1772 3382 1826 etamari
3406 1770 3621 1825 ridebis.
3652 1770 3810 1825 Dein-

547 1876 649 1932 tias
675 1893 794 1949 ago,
821 1868 961 1947 quod
984 1877 1273 1932 secundum
1304 1877 1514 1933 divitias
1546 1876 1799 1932 bonitatis
1828 1894 1938 1932 sum
1968 1887 2125 1949 atque

2231 1877 2358 1931 ceps
2402 1876 2504 1915 non
2554 1861 2763 1915 timebis
2793 1861 2861 1915 de
2900 1861 3091 1929 quibus
3144 1877 3329 1930 parum
3381 1862 3708 1924 formidinis,
3743 1862 3814 1914 ita

546 1967 778 2032 virtutis,
812 1983 907 2038 per
931 1965 1360 2021 ittazstimabilem
1379 1966 1800 2022 misericordiam
1822 1984 1971 2022 suam
2004 1984 2128 2039 pro-

547 2061 869 2129 pemodum,
900 2068 956 2116 ut
986 2060 1055 2113 ita
1102 2059 1351 2125 dixerim,
1401 2069 1585 2117 contra
1626 2066 1945 2115 sententiam
1977 2076 2128 2114 suam

544 2152 729 2215 venire
769 2152 1035 2222 dignatur.
1070 2152 1204 2220 Quia
1236 2167 1357 2208 eum
1390 2153 1505 2222 ipse
1542 2152 1757 2217 dixerit,
1790 2152 2007 2208 difﬁcile
2036 2167 2130 2207 eos

546 2244 636 2314 qui
661 2244 911 2317 pecunias
935 2244 1155 2311 habent,
1179 2259 1399 2313 regnum
1419 2244 1641 2313 adipisci
1669 2257 1825 2314 pos<e
1845 2243 2129 2298 caelorum.

548 2335 689 2397 Ecce
715 2343 766 2392 te
796 2344 849 2391 et
870 2334 953 2388 his
978 2334 1217 2403 dignavit
1250 2334 1301 2387 in
1334 2335 1551 2399 saeculo,
1578 2344 1631 2388 et
1662 2333 1960 2403 provehere
1984 2333 2132 2387 festi-

548 2434 640 2481 nat
685 2427 737 2483 in
783 2440 971 2495 regno.
1010 2424 1117 2481 Sed
1152 2434 1327 2480 tamen
1382 2425 1519 2480 idem
1571 2425 1826 2479 Dominus
1873 2426 2130 2479 continuo

550 2517 781 2588 rigorem
815 2518 1006 2587 prioris
1040 2518 1404 2587 hujuscemodi
1455 2519 1755 2584 sententia},
1808 2533 1965 2587 quam
2005 2533 2133 2589 apo-

549 2611 673 2666 stoli
697 2610 1067 2681 vehementius
1090 2612 1463 2678 formidabant,
1489 2611 1871 2667 misericordia
1891 2626 2001 2667 sua:
2027 2628 2136 2667 mo-

549 2704 825 2763 deramine
851 2706 1183 2776 temperavit,
1214 2706 1427 2763 dicens:
1452 2706 1603 2775 Quod
1636 2707 1962 2776 impossibile
1989 2718 2133 2763 esset

548 2796 602 2852 in
631 2812 693 2854 se
723 2797 1026 2863 hominibus
1059 2814 1151 2867 per
1183 2808 1451 2866 naturam,
1506 2800 1758 2869 possibile
1808 2800 1917 2855 Deo
1962 2801 2011 2855 in
2054 2801 2133 2863 eis

548 2904 669 2949 esse
699 2906 794 2963 per
815 2893 1037 2962 gratiam
1058 2910 1069 2946 :
1090 2892 1230 2962 quod
1263 2892 1314 2947 in
1340 2901 1411 2961 te,
1444 2894 1527 2947 cui
1559 2893 1706 2962 operi
1736 2902 1794 2949 ut
1823 2894 1943 2950 totis
1964 2909 2133 2964 usque

546 2977 836 3050 impendiis
865 2997 1066 3051 pronus
1092 2983 1390 3048 incumbas,
1422 2999 1519 3053 pro
1550 2984 1739 3043 affectu
1766 2995 1963 3040 mature
1997 2987 2134 3041 cari-

546 3072 668 3127 tatis
697 3073 977 3138 admoneo,
1015 3084 1071 3131 ut
1099 3076 1169 3130 ita
1193 3075 1409 3134 fabriCte
1440 3078 1601 3133 turris
1644 3079 1803 3144 i'lius,
1838 3094 1992 3149 quam
2028 3079 2131 3133 Do-

547 3162 722 3221 minus
748 3163 802 3218 in
833 3164 1119 3235 Evangelio
1151 3167 1389 3223 construi
1420 3169 1693 3239 prtecepit,
1728 3180 1977 3224 strenuus
1997 3170 2130 3224 uadi.

2234 1956 2456 2010 multum
2480 1954 2657 2024 gaudii
2684 1954 2879 2008 habere
2896 1953 3006 2021 jam
3030 1955 3251 2022 poteris,
3283 1954 3425 2023 quod
3447 1968 3541 2006 eos
3565 1955 3643 2007 vel
3668 1961 3815 2007 retro

2233 2049 2517 2105 derelictos
2537 2049 2788 2118 respicis,
2821 2051 2904 2102 vel
2937 2051 2986 2102 in
3011 2050 3222 2104 celsiori
3254 2050 3470 2117 Specula
3493 2049 3818 2103 constitutus

2233 2141 2486 2209 despicis,
2519 2152 2571 2196 et
2628 2151 2679 2195 te
2723 2142 2958 2195 evasisse
2988 2143 3216 2195 n'tiraris.
3260 2142 3511 2209 Superest
3557 2151 3614 2194 ut
3661 2142 3816 2196 clavo

2235 2250 2451 2289 manum
2483 2237 2722 2289 inserens
2743 2277 2757 2300 ,
2791 2244 2931 2289 astra
2959 2250 3174 2304 semper
3207 2236 3442 2290 intentus
3472 2235 3734 2302 aspicias,
3766 2243 3816 2289 et

2234 2327 2305 2381 ita
2349 2337 2536 2396 coepto
2586 2329 2909 2398 navigationi
2955 2331 3130 2383 velum
3164 2329 3383 2396 pandas,
3432 2346 3498 2382 ne
3544 2338 3597 2383 te
3641 2331 3816 2385 autin

2234 2420 2396 2474 altum
2428 2421 2795 2499 vehementior
2834 2422 2989 2475 ﬂatus
3018 2425 3271 2486 excutiat,
3305 2433 3394 2475 aut
3436 2422 3487 2475 in
3519 2422 3691 2476 vicina
3735 2425 3818 2477 lit-

2236 2514 2438 2567 toribus
2469 2530 2595 2568 saxa
2623 2515 2860 2569 collidat.
2898 2515 3076 2583 Neque
3103 2516 3285 2578 etiam,
3306 2516 3454 2580 juxta
3486 2516 3814 2569 sententiam

2238 2602 2446 2657 Domini
2479 2603 2798 2670 Salvatoris,
2838 2604 2948 2673 jam
2981 2607 3176 2659 stivam
3210 2617 3395 2659 tenens
3422 2606 3587 2659 aratri
3618 2615 3817 2661 retror-

2234 2710 2351 2749 sum
2373 2740 2386 2763 ,
2422 2697 2744 2751 clamoribus
2771 2698 3019 2751 Sodoma:
3042 2698 3359 2753 collalientis
3392 2699 3652 2766 percitus,
3683 2697 3816 2753 forte

2236 2787 2529 2855 respiciens
2562 2788 2693 2843 Loth
2728 2789 2951 2843 imiteris
2977 2803 3200 2843 uxorem
3234 2787 3397 2859 (Gen:
3418 2805 3529 2854 xix,
3557 2788 3679 2859 26).
3718 2791 3818 2854 Aut

2235 2880 2302 2935 de
2326 2878 2559 2950 [Egypto
2600 2880 2708 2949 jam
2761 2881 3051 2950 profectus,
3100 2891 3154 2935 et
3200 2881 3393 2935 ﬂuetus
3437 2882 3601 2935 Rubri
3656 2882 3818 2936 maris

2234 2970 2419 3025 dextra
2476 2971 2716 3042 laevaque
2765 2974 3056 3039 pendentes
3110 2972 3307 3042 (Exod.
3337 2988 3443 3036 va,
3482 2972 3563 3041 4),
3610 2981 3816 3026 tantum

2237 3064 2332 3117 tibi
2365 3064 2594 3118 ferentes
2615 3065 2894 3127 auxilium,
2928 3075 2979 3119 et
3009 3064 3454 3135 persequentibus
3484 3074 3537 3119 te
3565 3075 3816 3133 parantes

2234 3156 2477 3219 exitium,
2513 3157 2737 3211 Domino
2765 3158 2903 3211 viam
2936 3166 3153 3212 tuamet
3178 3166 3516 3227 praeparante
3548 3165 3605 3212 et
3624 3157 3818 3213 illumi-

549 3253 737 3310 ﬁcator
764 3255 1001 3324 insistas,
1038 3266 1092 3312 ut
1139 3258 1433 3315 adversarii
1481 3260 1552 3313 lui
1594 3259 1822 3315 habeant
1853 3262 2027 3333 potius
2065 3260 2131 3314 de
2160 3263 2207 3327 α
2238 3260 2417 3331 omne.
2451 3263 2837 3321 transgressus.
2870 3261 2924 3305 et
2945 3252 3111 3307 eremi
3141 3253 3364 3306 arduum
3398 3252 3499 3307 iter
3527 3252 3812 3321 arripiens.

549 3344 666 3419 ejus
692 3348 1021 3423 perfectione
1048 3350 1186 3419 quod
1219 3350 1454 3415 doleant,
1487 3366 1645 3421 quam
1683 3352 1749 3406 de
1782 3353 2130 3407 intermissio-

549 3448 643 3502 ne,
677 3436 817 3507 quod
847 3437 1075 3495 rideant.

1168 3552 1385 3611 EPIST.
1424 3552 1513 3610 XI.

547 3639 769 3701 Domino
815 3641 1019 3698 sublimi
1064 3661 1356 3717 semperque
1388 3645 1659 3716 magniﬁco
1690 3646 1840 3717 fratri
1882 3646 2129 3704 Pratsidio

1060 3715 1299 3770 Ruricius
1327 3715 1612 3788 episcopus.

614 3802 860 3874 Plerique
888 3805 1013 3861 dum
1048 3822 1132 3865 me
1158 3807 1296 3877 apud
1323 3806 1650 3867 individuam
1682 3810 1811 3864 mihi
1834 3810 2130 3866 sublimita-

547 3902 652 3950 tem
680 3904 911 3951 vestram
942 3912 1048 3955 non
1077 3898 1198 3953 vita:
1228 3900 1444 3967 merito,
1467 3900 1561 3955 sed
1582 3901 1937 3971 amicitiarum
1967 3904 2129 3974 privi-

546 3986 686 4058 legio
718 3988 940 4053 multum
968 4004 1124 4060 posse
1154 3990 1455 4059 conﬁdunt,
1482 3996 1945 4049 commendatitias
1971 4011 2000 4050 a
2035 4014 2127 4051 no-

546 4078 661 4145 bis,
712 4080 905 4151 quibus
956 4083 1106 4139 vnbis
1134 4093 1480 4151 excusentur,
1531 4083 1831 4154 inquirunt;
1864 4100 1996 4155 quas
2049 4088 2128 4143 eis

547 4184 645 4240 pro
686 4170 847 4225 ofﬁcii
877 4172 1043 4229 nostri
1087 4174 1403 4243 necessitate
1432 4188 1624 4245 negare
1664 4191 1768 4231 non
1812 4191 2125 4246 possumus;

548 4275 655 4323 non
680 4263 1111 4335 prmsumptionis
1138 4265 1379 4331 audacia,
1403 4265 1496 4321 sed
1525 4266 1804 4327 ministerii
1826 4268 2123 4339 disciplina.

547 4353 681 4411 Dum
710 4364 762 4431 et
780 4354 884 4409 illis
907 4356 1184 4425 prmseutis
1208 4357 1327 4412 vita:
1350 4357 1559 4423 solatia,
1586 4369 1639 4413 et
1664 4359 1812 4415 vobis
1842 4361 2126 4430 providere

547 4442 917 4509 desideramus
958 4455 1204 4513 aeternae;
1244 4456 1301 4504 ut
1338 4458 1390 4502 et
1428 4448 1501 4509 illi
1534 4464 1630 4520 per
1671 4450 1977 4519 patientiam
2019 4468 2128 4506 ve—

547 4546 711 4595 stram
730 4548 1086 4613 reserventur
1111 4538 1176 4595 ad
1202 4540 1603 4609 pmnitentiam;
1635 4551 1688 4595 et
1720 4558 1813 4598 vos
1843 4559 1937 4614 per
1966 4544 2122 4599 mise-

2233 3343 2353 3396 0llae
2380 3343 2617 3397 carnium
2649 3342 2967 3407 recorderis,
2995 3354 3086 3398 aut
3114 3359 3314 3414 caepas.
3352 3360 3470 3415 qua:
3500 3344 3554 3398 in
3597 3344 3813 3399 modum

2234 3438 2592 3506 corporalium
2628 3438 2958 3502 voluptatum
2994 3439 3105 3508 ipsa
3157 3439 3237 3492 sui
3269 3437 3523 3507 qualitate
3566 3447 3815 3506 corrupta

2234 3538 2549 3595 noscuntur,
2581 3536 2635 3583 et
2667 3528 2759 3582 icti
2780 3529 2850 3593 la,
2878 3543 2979 3583 nec
3021 3543 3117 3583 usu
3149 3540 3322 3599 grata,
3367 3544 3467 3584 nec
3493 3528 3662 3583 odore
3691 3543 3813 3582 sua-

2231 3620 2337 3685 via,
2369 3635 2467 3675 nec
2489 3621 2779 3676 Stabilitate
2807 3637 3057 3677 mansura
3082 3638 3095 3686 ;
3127 3622 3385 3692 quidquid
3408 3624 3458 3677 in
3488 3623 3589 3677 hoc
3617 3624 3816 3679 saeculo

2232 3713 2427 3767 mulcet
2450 3714 2655 3777 auditu,
2681 3713 2949 3768 mollescit
2968 3721 3190 3780 attactu,
3219 3713 3553 3768 lenocinatur
3572 3723 3811 3782 aspectu,

2230 3803 2501 3859 blanditur
2523 3816 2580 3859 ut
2605 3806 2799 3873 capiat,
2827 3804 3114 3859 famulatur
3133 3814 3190 3858 ut
3218 3813 3424 3868 teneat,
3458 3805 3610 3859 illieit
3639 3814 3701 3858 ut
3725 3819 3813 3859 oc-

2231 3894 2394 3950 cidat.
2422 3894 2553 3949 Nam
2584 3909 2957 3965 quamcunque
2984 3910 3180 3965 capere
3201 3896 3438 3951 volueris
3458 3895 3807 3964 voluptatem,

2232 3996 2510 4057 Permanet
2536 3987 2679 4058 Quod
2714 3990 2926 4056 puniat,
2961 3990 3195 4058 prmterit
3213 3990 3354 4060 quod
3388 3990 3659 4053 delectat;
3703 3988 3812 4043 dut.

2230 4079 2365 4132 cedo
2393 4078 2610 4149 fugitiva
2657 4081 2963 4149 pertransit,
3021 4081 3346 4136 conscientia
3387 4080 3705 4135 dantnzttura
3735 4079 3814 4134 vel

2230 4169 2529 4225 damnanda
2560 4173 2828 4227 subsistit.
2865 4172 2992 4227 Inde
3015 4172 3177 4227 etiam
3208 4172 3340 4228 dicit
3367 4172 3624 4227 Salomon
3654 4189 3669 4225 :
3698 4172 3817 4225 Lin-

2230 4280 2333 4334 gua
2383 4265 2661 4318 meretricis
2689 4266 2789 4319 utet
2831 4266 3029 4331 stillat;
3080 4266 3430 4320 iunovissima
3479 4275 3653 4319 autem
3706 4266 3813 4317 die-

2229 4356 2321 4410 bus
2362 4359 2665 4411 anteriorem
2710 4356 2831 4428 felle
2857 4359 3077 4414 invenies
3104 4374 3217 4413 eam
3266 4358 3448 4431 (Prov.
3472 4375 3525 4422 v,
3552 4355 3630 4428 5).
3660 4355 3815 4424 Quod

2232 4460 2407 4504 tamen
2437 4450 2779 4505 nihilominus
2799 4459 2853 4505 et
2875 4451 2991 4519 ipse
3013 4466 3134 4505 cum
3160 4450 3526 4520 praedixisset,
3558 4450 3807 4503 incurrit.

2230 4542 2297 4597 Et
2325 4543 2445 4599 ideo
2475 4543 2593 4598 vitle
2619 4543 2759 4614 quod
2799 4543 2997 4597 malum
3025 4544 3125 4609 sit,
3157 4542 3321 4597 frater
3344 4542 3642 4605 carissime,
3669 4538 3812 4611 quod

549 4628 832 4685 ricordiam
882 4632 1202 4700 perveniatis
1240 4632 1307 4688 ad
1358 4634 1587 4689 veniam.
1638 4634 1787 4693 Sicut
1824 4635 1952 4690 dicit
1978 4636 2123 4691 Seri-
2150 4645 2206 4713 D
2229 4636 2354 4691 dum
2385 4637 2707 4701 detestatur,
2740 4626 3073 4702 admittitur;
3096 4635 3225 4690 dum
3256 4633 3540 4704 refugitur,
3567 4632 3653 4687 vix
3679 4634 3813 4688 vita-

548 4727 701 4789 ptura
746 4737 758 4773 :
796 4722 929 4786 Quia
962 4722 1223 4799 judicium
1270 4726 1379 4779 sine
1414 4725 1762 4779 misericordia
1812 4727 1909 4780 erit
1933 4727 2009 4780 illi
2039 4729 2124 4796 qui

549 4828 649 4871 non
673 4812 850 4881 fecerit
884 4814 1285 4869 misericordiam
1308 4815 1449 4888 (Jac.
1478 4833 1533 4885 ιι,
1560 4815 1671 4887 15).
1693 4818 1822 4886 Quia
1846 4818 1933 4890 qui
1957 4819 2119 4874 dixit:

547 4904 756 4965 Dimitte
805 4918 850 4961 ct
900 4906 1178 4963 dimittitur
1224 4911 1361 4965 vobis
1422 4910 1571 4984 (Luc.
1639 4926 1714 4978 vi,
1766 4910 1878 4983 58),
1940 4913 2123 4983 procul

545 4997 736 5064 dubio,
766 5014 922 5067 quem
951 5000 1142 5054 viderit
1170 5000 1255 5056 hic
1284 5001 1456 5056 facere
1481 5001 1620 5073 quod
1654 5004 1932 5077 prmcepit,
1959 5006 2011 5057 in
2043 5003 2123 5057 fu-

545 5098 662 5145 turo
690 5094 933 5153 restituet
952 5093 1093 5163 quod
1118 5094 1382 5167 promisit.
1407 5093 1571 5148 Nobis
1593 5096 1733 5149 enim
1762 5096 1899 5150 illius
1924 5097 2123 5153 veritas
2172 5110 2175 5113 '

543 5192 739 5250 prwsto
779 5193 889 5249 est;
924 5185 1000 5238 illi
1035 5185 1165 5239 ﬁdes
1211 5193 1391 5241 nostra
1427 5203 1529 5240 non
1561 5187 1717 5241 desit.
1764 5186 1916 5242 Unde
1948 5191 2121 5244 mani-

542 5274 829 5328 festissime
876 5275 1099 5345 potestis
1144 5274 1426 5330 advertere
1466 5277 1851 5333 absolutionem
1897 5258 2123 5334 miscro—

542 5379 659 5417 rum
701 5372 1025 5430 vestrorum,
1058 5381 1179 5421 esse
1221 5367 1597 5438 indulgentiam
1644 5380 2015 5439 peccatorum:
2069 5379 2124 5426 et

544 5456 646 5511 hoc
663 5456 851 5512 vestris
873 5457 1252 5514 conferendum
1273 5461 1542 5533 precibus,
1568 5462 1707 5532 quod
1732 5480 1823 5519 vos
1856 5465 2122 5536 prmstite-

543 5548 660 5606 ritis
686 5548 903 5613 alienis;
941 5548 1090 5618 juxta
1133 5551 1300 5621 ipsius
1332 5553 1381 5607 in
1419 5552 1713 5625 Evangelio
1755 5557 2114 5611 sententiam:

548 5641 659 5707 Quo
678 5640 878 5711 judicio
897 5641 1270 5715 judicaveritis,
1305 5646 1627 5719 judicabitur
1647 5648 1709 5701 de
1737 5648 1872 5703 vobis
1896 5646 2112 5719 (Matt/1.

618 5828 645 5859 ³
669 5817 782 5878 Vox
812 5821 1087 5878 mendosa.

2180 4720 2183 4723 ¹
2214 4738 2335 4784 ‘tur.
2359 4727 2511 4783 Unde
2532 4739 2581 4783 et
2608 4737 2693 4791 tu,
2723 4728 2859 4783 sicut
2885 4726 3015 4785 dicit
3040 4726 3351 4796 Scriptura,
3386 4725 3540 4780 Omni
3573 4727 3811 4779 custodia

2228 4838 2371 4875 serra
2392 4837 2478 4875 cor
2498 4830 2642 4874 tuum
2672 4819 2851 4893 (Prov.
2883 4836 2955 4882 tv,
2986 4820 3103 4889 23),
3127 4819 3403 4875 etdiscute
3425 4818 3810 4873 conscientiam
3878 4862 3883 4869 .

2229 4923 2396 4981 tuam,
2420 4928 2486 4968 ne
2510 4914 2651 4969 unde
2673 4913 2852 4969 exisse
2870 4913 3067 4970 videris
3090 4896 3329 4981 aspectu,
3360 4911 3565 4968 htereas
3581 4909 3806 4964 affectu:

2228 5003 2335 5059 Sed
2377 5003 2527 5063 dicas
2571 5004 2747 5077 potius
2796 5006 3019 5058 Domino
3066 5018 3186 5058 cum
3221 5002 3480 5072 prapheta
3516 5019 3529 5055 :
3580 5001 3812 5054 Adha‘sit

2229 5096 2400 5148 anima
2449 5112 2560 5148 mea
2610 5107 2719 5165 post
2773 5106 2838 5160 te,
2867 5112 2944 5149 me
2996 5103 3173 5149 autem
3205 5096 3423 5161 suscepit
3472 5094 3681 5147 dextera
3726 5101 3812 5143 tua

2231 5182 2402 5256 (Psal.
2440 5202 2565 5248 Lxu,
2594 5185 2670 5256 9).
2704 5185 2800 5240 Vel
2831 5185 2956 5239 illud
3004 5186 3164 5239 etiam
3197 5202 3210 5239 :
3244 5184 3373 5238 Mihi
3415 5192 3584 5238 autem
3629 5182 3805 5235 adlue-

2230 5295 2341 5333 rere
2370 5278 2475 5331 Deo
2505 5280 2688 5333 bonum
2716 5287 2809 5343 est,
2843 5294 3029 5349 ponere
3061 5279 3114 5332 in
3146 5278 3250 5331 Deo
3276 5292 3415 5343 spem
3442 5290 3607 5329 meam
3633 5271 3803 5346 (Paul.

2228 5384 2391 5432 Lxxn,
2420 5368 2535 5437 28).
2571 5367 2638 5422 Ut
2685 5377 2884 5437 quanto
2934 5370 3155 5435 labore,
3196 5376 3503 5438 quantaque
3556 5363 3806 5419 instantia

2229 5460 2463 5515 militasti
2507 5460 2725 5523 smculo,
2771 5460 2972 5513 servias
2999 5460 3139 5526 Deo;
3168 5459 3381 5513 dicente
3412 5454 3690 5526 Apostolo,
3720 5452 3805 5507 vel

2227 5562 2475 5610 monente
2503 5570 2518 5607 :
2553 5551 2850 5606 Humanum
2879 5553 3013 5619 dico,
3037 5562 3243 5620 propter
3271 5549 3617 5619 infirmitatem
3638 5545 3806 5600 carnis

2224 5656 2416 5703 vestrm.
2453 5643 2596 5701 Sicut
2626 5643 2757 5698 enim
2803 5643 3100 5699 exhibuistis
3137 5642 3361 5698 membra
3414 5647 3581 5694 vestra
3619 5635 3807 5692 servire

4057 3624 4059 3757 ψ

4044 4768 4051 4979 1
