4086 6328
277 362 337 419 95
1502 337 1984 397 EPISTOLARUM
2025 339 2151 395 un.
2194 340 2257 396 ιι.
3451 329 3520 387 94

272 468 587 528 immunditite
615 473 661 520 et
706 462 963 533 iniquitati
988 476 1005 514 :
1037 462 1105 513 ita
1159 474 1290 512 nunc
1339 458 1565 511 eritibete
1609 457 1837 510 iuembra
1866 456 1917 518 Α
1944 465 2147 510 aeterno
2173 465 2227 510 et
2253 470 2382 510 vero
2407 455 2594 511 iudice
2624 456 2846 519 dictum,
2872 454 3009 526 quod
3040 454 3142 509 nisi
3166 468 3230 507 ex
3254 451 3416 507 corde
3437 450 3521 503 di-

270 575 416 620 vestra
443 560 621 616 servire
653 558 872 631 justitiat
920 557 972 608 in
1019 553 1490 619 sanctiﬁcatioaettt.
1522 548 1650 603 Cum
1692 549 1827 603 enirn

270 657 384 713 servi
419 651 590 711 essetis
629 649 847 720 peccati,
879 647 1023 701 liberi
1051 644 1208 699 eratis
1244 643 1482 716 ⁸ῇιιιιίιὶαξ.
1510 642 1672 707 Quem
1709 658 1828 713 ergo

270 753 471 821 fructum
498 741 746 796 habuistis
794 750 947 803 tunc,
991 739 1047 791 in
1096 738 1277 805 quibus
1324 751 1463 791 mc
1506 734 1833 789 erubescitis?

248 841 393 898 -Naat
417 837 533 905 ﬁnis
551 835 758 889 illorum
777 849 913 888 mars
952 840 1044 886 est.
1079 828 1130 885 Ν
1136 847 1234 883 unc
1260 846 1375 883 vero
1398 829 1598 883 liberati
1635 845 1668 882 a
1711 843 1829 899 pee-

265 942 384 993 eato,
415 928 541 984 servi
583 935 754 981 autem
782 925 905 997 {acti
932 922 1066 990 Deo,
1098 922 1295 977 habetis
1339 925 1562 992 fructum
1606 928 1829 975 vestrum

265 1024 310 1079 ia
332 1020 805 1089 meti/icationeas,
843 1018 998 1085 ﬁnem
1024 1031 1143 1070 sere
1169 1015 1328 1069 vitam
1362 1024 1607 1069 (sternam
1645 1012 1826 1084 (Rom.

267 1133 329 1180 \‘l,
370 1112 472 1180 l9).
512 1112 794 1178 Patientia,
834 1110 1001 1165 frater
1025 1108 1327 1172 carisime,
1355 1124 1461 1162 nou
1502 1108 1718 1162 nomine
1747 1115 1833 1162 est

262 1204 606 1273 suscipienda,
626 1204 721 1259 sed
748 1216 944 1273 opere;
969 1216 1074 1257 non
1093 1216 1189 1256 ore
1206 1201 1581 1257 tantummodo
1598 1201 1825 1270 agenda,

258 1300 341 1354 sed
362 1296 543 1352 corde.
580 1295 774 1350 Verum
802 1304 904 1353 est.
953 1293 1094 1365 quod
1122 1294 1261 1350 sicut
1293 1302 1544 1363 utroque,
1595 1293 1697 1347 hoc
1724 1300 1830 1356 est,

259 1390 503 1446 interiore
552 1396 607 1442 et
654 1387 927 1443 exteriore
972 1387 1190 1441 homine
1233 1386 1614 1455 delinquimus.
1672 1387 1741 1438 ita
1776 1392 1833 1440 et

256 1494 467 1552 utroque
502 1480 766 1551 pmnitere
789 1480 1082 1542 debemus;
1113 1488 1191 1541 ut,
1217 1480 1356 1534 sicut
1376 1479 1508 1533 dicit
1538 1478 1681 1533 idem
1708 1493 1832 1546 θρο-

257 1574 439 1635 stolas;
465 1570 640 1628 Corde
680 1571 907 1626 creditur
933 1571 1003 1625 ad
1032 1571 1319 1643 justitiam,
1369 1586 1454 1624 ore
1492 1580 1666 1624 autem
1708 1586 1832 1622 con-

254 1668 393 1738 fessio
420 1665 474 1735 ﬁt
512 1666 569 1720 in
610 1664 826 1720 salutem
859 1681 877 1719 :
906 1664 979 1719 ita
1017 1664 1247 1734 gemitus
1285 1678 1382 1719 cor
1426 1673 1667 1719 nostrum
1703 1677 1832 1718 con-

253 1760 458 1817 scientia
470 1770 874 1847 compungente
895 1760 1186 1829 concipiat,
1203 1769 1261 1814 ut
1285 1774 1378 1813 eos
1395 1773 1455 1810 os
1477 1767 1720 1812 nostrum
1737 1772 1832 1825 per

1936 548 2237 605 miserimus
2269 547 2539 609 fratribus,
2589 548 2742 602 nobis
2787 548 2983 602 dimitti
3030 562 3134 601 non
3170 546 3378 600 debeat.
3414 544 3520 598 Ha-

1933 643 2069 698 betis
2106 646 2280 711 itaque
2318 644 2662 709 sponsionem
2693 657 2888 709 meam,
2942 640 3150 696 reddite
3196 640 3325 693 mihi
3359 638 3518 693 fidem

1931 746 2189 793 vestram.
2222 736 2355 802 Quia
2410 736 2463 789 in
2518 735 2744 805 epistola
2779 749 2896 789 mea
2925 733 3107 803 procul
3147 733 3311 787 dubio
3338 734 3522 788 vincu-

1934 832 2043 887 lum
2073 831 2217 901 quod
2254 830 2523 900 elegeritis
2554 829 2762 884 habetis
2797 848 2810 881 :
2841 840 2933 883 aut
2959 828 3218 892 caritatis,
3251 828 3395 898 quod
3425 844 3517 883 sa-

1934 925 2162 980 lubriter
2190 921 2523 992 constringit
2550 930 2600 977 et
2627 920 2918 985 custodiat;
2962 930 3051 975 aut
3083 920 3339 987 perfidire,
3370 921 3513 991 quod

1933 1015 2270 1086 culpabiliter
2316 1017 2552 1069 lllllBChl
2591 1024 2641 1067 et
2677 1012 2885 1084 perdat.
2917 1014 3026 1068 Nec
3056 1014 3183 1066 mihi
3223 1014 3421 1082 aliquid
3454 1014 3521 1069 de

1929 1110 2110 1180 judice
2159 1109 2352 1177 prioris
2404 1109 2661 1178 temporis
2694 1108 2989 1176 imputetis.
3023 1107 3143 1174 quia
3193 1107 3520 1162 definitionis

1936 1218 2068 1259 mete
2094 1212 2205 1266 est,
2242 1202 2294 1257 in
2325 1202 2558 1257 comitiis
2581 1216 2801 1257 servare
2835 1201 3199 1265 concordiam,
3229 1201 3355 1256 etin
3382 1199 3518 1269 judi‘

1934 1298 2033 1353 ciis
2057 1308 2236 1352 tenere
2259 1311 2564 1351 censuram.
2592 1295 2723 1350 Illud
2754 1296 2912 1350 etiam
2945 1294 3264 1365 peculiarius
3293 1296 3518 1365 gaudeo,

1935 1391 2075 1463 quod
2100 1406 2195 1446 vos
2227 1392 2278 1445 in
2304 1392 2564 1460 integram
2588 1389 2791 1445 domini
2820 1399 2873 1445 et
2893 1389 3071 1445 fratris
3103 1389 3205 1445 mei
3250 1388 3522 1444 familiari«

1936 1493 2097 1538 tatem
2127 1482 2355 1539 rediisse
2401 1484 2646 1553 cognovi.
2692 1482 2953 1553 Superest
2998 1491 3056 1537 ut
3098 1483 3241 1551 quod
3282 1482 3423 1537 illius
3469 1484 3524 1541 in

1935 1574 2078 1630 bono
2109 1575 2296 1630 tribuit
2325 1575 2514 1645 gratia,
2545 1584 2725 1629 vestra
2755 1575 2808 1629 in
2834 1573 3064 1629 Domino
3090 1575 3358 1630 custodiat
3384 1572 3410 1611 ά
3444 1574 3523 1629 ἰη-

1938 1668 2184 1739 scqnilla.

2532 1761 2749 1818 EPIST.
2792 1762 2932 1817 XIV.

251 1852 638 1908 confessionem
677 1852 1015 1907 confusionis
1053 1851 1311 1906 ell‘undat.
1342 1850 1828 1921 Quinquagesimus
1859 1870 1909 1931 Β
1940 1852 2172 1907 Domina:
2202 1854 2472 1931 uenerabili
2502 1862 2546 1907 et
2572 1855 2627 1931 in
2652 1853 2853 1931 Christo
2876 1854 3103 1931 Δὒοιτιὶιιο
3133 1855 3528 1925 magniﬁcanda

252 1961 368 2002 vero
397 1946 663 2015 psalmus,
697 1946 785 2016 qtti
821 1944 1138 2014 pteniludini
1167 1944 1375 1999 dicatus
1418 1947 1617 2014 pariter
1653 1950 1708 1997 et
1745 1957 1832 1997 rc-

252 2039 506 2105 missioni,
540 2038 628 2094 die
656 2046 926 2107 noctuque
953 2051 1075 2092 cum
1099 2036 1272 2105 rugitu
1299 2036 1532 2105 fletuque
1562 2042 1828 2100 cantetur,

252 2139 303 2185 ut
321 2147 440 2187 vere
467 2139 535 2186 et
577 2130 861 2186 salubriter
883 2130 985 2185 dici
1020 2128 1189 2199 possit
1218 2148 1230 2182 :
1265 2129 1543 2200 Rugicbam
1572 2145 1603 2181 a
1641 2128 1831 2199 gemitu

249 2224 406 2278 cordis
450 2225 563 2277 mei
605 2223 779 2292 (Psal.
836 2238 1038 2287 sum,
1080 2221 1160 2292 9).
1197 2223 1256 2275 Et
1290 2239 1301 2274 :
1352 2219 1661 2290 Iniquilales
1695 2235 1832 2272 meas

249 2332 331 2388 ego
350 2333 577 2391 agnosco
607 2313 781 2384 (Psal.
816 2331 867 2379 ι,
912 2314 989 2383 5).
1024 2313 1125 2368 Et:
1182 2311 1433 2367 Delirtum
1459 2328 1627 2366 meum
1655 2319 1833 2365 contra

248 2425 321 2463 me
352 2402 421 2463 est
468 2424 675 2479 semper
732 2406 942 2478 (lbid.).
1003 2405 1099 2460 Vel
1157 2405 1281 2459 illud
1337 2407 1546 2460 etiam:
1579 2402 1833 2467 Quoniam

247 2501 562 2571 iniquitatem
586 2516 749 2554 meam
783 2514 874 2569 ego
906 2498 1185 2566 pronuntio
1236 2507 1281 2550 et
1324 2496 1553 2567 cogitabo
1595 2511 1689 2566 pro
1718 2508 1833 2562 pec—

247 2602 352 2648 cato
387 2610 497 2649 meo
534 2594 708 2663 (Psal.
731 2606 931 2655 xxxvtt,
968 2591 1078 2659 l9).
1110 2591 1204 2644 Hie
1245 2590 1386 2644 enim
1418 2598 1541 2643 ante
1581 2603 1679 2643 nos
1710 2602 1835 2657 pec-

248 2694 359 2739 cata
390 2695 580 2740 nostra
614 2698 735 2739 esse
762 2685 983 2749 debent,
1013 2692 1068 2737 ut
1112 2685 1162 2736 in
1213 2693 1470 2737 aeternum
1517 2691 1705 2735 contra
1734 2693 1833 2734 nos

247 2793 359 2835 esse
386 2794 491 2834 nou
531 2778 761 2849 possint.
796 2780 929 2847 Quia
962 2779 1032 2832 ita
1065 2778 1261 2848 legitur
1289 2777 1341 2830 in
1376 2773 1653 2844 pr0phctis
1687 2791 1699 2827 ε
1738 2773 1834 2826 Dic

246 2881 295 2925 tu
322 2872 463 2943 prior
482 2873 780 2941 iniquitates
801 2880 939 2939 tuas,
970 2881 1025 2925 ut
1042 2869 1335 2939 iustiﬁceris
1359 2866 1514 2938 (lsai.
1545 2883 1695 2929 sun,
1718 2866 1830 2935 26).

244 2963 285 3019 A
310 2982 415 3037 quo
446 2966 659 3036 priores
704 2965 899 3020 dicturi
930 2979 1114 3019 sumus
1145 2963 1450 3033 iniquitates
1497 2969 1708 3015 nostras
1742 2974 1837 3014 co-

245 3072 351 3113 ram
384 3057 620 3113 Domino
648 3059 733 3111 vel
781 3056 1079 3126 prolaturi?
1122 3058 1221 3111 nisi
1243 3055 1456 3109 diabolo
1488 3055 1691 3123 utique,
1742 3052 1831 3122 qui

246 3147 562 3205 delictorum
590 3158 643 3205 et
671 3150 917 3205 incentor
940 3158 1023 3204 est
1057 3156 1111 3204 et
1150 3147 1395 3203 delator:
1441 3146 1557 3215 Ipse
1597 3146 1739 3200 enim
1778 3154 1836 3199 ιιι

2205 1926 2328 1993 ﬁlice
2360 1923 2629 1980 Cerauniae
2658 1936 2683 1965 ⁸
2712 1927 2950 1981 Ruricius
2980 1923 3267 1997 episwpus.

2008 2037 2077 2093 Ut
2122 2037 2381 2107 pictorem
2419 2037 2574 2092 vobis
2614 2047 2767 2092 antea
2802 2053 2907 2092 non
2948 2038 3365 2093 transmitterem
3415 2037 3528 2093 lucc

1943 2130 1960 2167 τ
1987 2129 2202 2195 refecit;
2230 2130 2349 2199 quia
2368 2130 2602 2184 adventu
2626 2130 2747 2184 novi
2767 2129 2963 2200 judicis
2995 2138 3045 2184 te
3072 2139 3381 2199 occupatam
3410 2144 3531 2187 esse

1935 2222 2159 2287 credidi,
2187 2231 2349 2291 atque
2373 2223 2446 2276 ita
2467 2223 2799 2287 deterritum,
2830 2231 2888 2275 ut
2908 2222 2974 2279 de
2998 2222 3079 2278 his
3109 2223 3267 2279 rebus
3296 2224 3532 2295 cogitare

1936 2331 2041 2371 non
2074 2315 2268 2386 possis.
2322 2315 2426 2372 Sed
2458 2331 2577 2384 qua:
2605 2316 2715 2370 Deo
2756 2316 2988 2385 pronitio
3025 2331 3120 2371 vos
3158 2324 3213 2371 et
3251 2316 3444 2371 litteris
3479 2325 3532 2372 et

1936 2410 2196 2464 relatione
2258 2419 2559 2463 vestrorum
2607 2422 2674 2464 ex
2729 2408 2989 2463 sententia
3038 2423 3200 2478 agere
3245 2423 3309 2464 ac
3356 2408 3532 2464 valere

1936 2498 2192 2571 cognovi,
2236 2500 2555 2555 salutatione
2602 2501 2855 2570 praelata,
2904 2500 3193 2570 pictorem,
3241 2500 3532 2570 quamlibet

1937 2596 2026 2650 hic
2066 2605 2205 2651 esset
2245 2605 2556 2663 occupatus,
2586 2610 2707 2649 cum
2757 2593 3020 2663 discipulo
3064 2594 3361 2659 destinavi;
3410 2593 3530 2662 quia

1937 2688 2098 2743 malui
2150 2702 2284 2744 mea:
2310 2686 2592 2742 detrahere
2642 2686 2971 2749 necessitati,
3018 2686 3159 2740 unde
3204 2696 3398 2740 vestrtc
3449 2700 3535 2745 sa-

1938 2782 2239 2838 tisfacerem
2271 2782 2534 2852 petitioni.
2560 2782 2666 2836 Sed
2694 2782 2813 2853 quia
2847 2791 2898 2837 et
2928 2782 3257 2851 propositum
3291 2790 3529 2835 vestrum

1937 2884 1991 2930 et
2016 2882 2260 2930 nostr-tm
2289 2874 2461 2942 poscit
2486 2873 2741 2938 officium,
2766 2873 2849 2927 his
2871 2873 3272 2928 venerationem
3298 2882 3532 2927 vestram

1938 2969 2121 3038 paucis
2152 2983 2371 3023 monere
2403 2968 2740 3036 prtnsumpsi,
2775 2977 2834 3022 ut
2873 2982 3039 3035 opere
3082 2967 3231 3021 illius
3257 2967 3322 3022 ad
3367 2983 3532 3035 agen-

1939 3059 2060 3113 dam
2101 3060 2500 3130 paenitentiam,
2544 3071 2597 3114 et
2630 3074 2765 3112 nova
2798 3061 2920 3112 novi
2953 3058 3184 3113 hominis
3215 3059 3534 3114 vestimenta

1939 3156 2194 3209 sumenda
2226 3154 2407 3222 capias
2444 3153 2772 3222 exemplum,
2812 3168 2917 3223 quo
2949 3153 3156 3208 facilius
3190 3154 3239 3208 in
3281 3163 3332 3207 te
3361 3153 3532 3209 Adam

244 3255 532 3309 peccemus
561 3241 798 3311 instigat,
829 3242 943 3313 ipse
967 3255 1089 3297 cum
1120 3239 1540 3310 peccaverimus,
1580 3246 1828 3303 accusat;

1942 3255 2177 3302 vetustus
2227 3248 2471 3313 intereat,
2517 3253 2572 3301 et
2616 3244 2912 3301 vivificator
2952 3254 3232 3317 exsurgat;
3282 3246 3537 3314 quematl.

244 3342 297 3386 ut
326 3334 451 3390 ideo
476 3334 530 3388 in
555 3333 900 3390 confessione
931 3333 1216 3389 criminum
1260 3347 1291 3386 a
1336 3332 1491 3386 nobis
1540 3330 1835 3401 prievenia-

241 3432 326 3479 tur
355 3426 411 3480 in
434 3426 662 3492 saeculo,
696 3440 764 3481 ne
794 3434 981 3481 contra
1007 3439 1107 3480 nos
1131 3424 1324 3479 habeat
1353 3424 1493 3492 quod
1520 3423 1757 3494 proferat
1780 3425 1830 3478 in

240 3514 443 3572 futuro.
964 3584 969 3599 ι

843 3594 1235 3675 Ept'smxut.

234 3704 564 3759 Beatissimis
603 3712 651 3758 et
697 3704 752 3757 in
781 3701 984 3758 Christo
1032 3702 1397 3756 uenerabilibus
1446 3703 1692 3769 fratribus
1719 3699 1838 3756 Fae-

315 3775 506 3831 dansia
535 3784 562 3813 ι
600 3785 649 3828 et
689 3774 849 3829 Vilico
879 3773 1180 3843 presbyteris
1204 3772 1441 3826 Ruricius
1469 3774 1754 3843 episcopus.

301 3887 623 3958 Quamlibet
650 3887 859 3943 litteras
891 3886 1241 3942 fraternitatis
1270 3894 1464 3941 vestra;
1494 3900 1590 3955 per
1617 3884 1644 3925 δ
1666 3886 1843 3941 subsi-

237 3988 530 4043 diaconem
554 3987 869 4041 contimtum
895 4002 998 4040 non
1024 3987 1379 4057 perciperem,
1409 3995 1587 4041 tamen
1620 3985 1715 4040 has
1740 3997 1841 4053 ego

239 4093 297 4133 ac
328 4095 427 4145 per
460 4079 637 4148 ipsum
668 4078 733 4132 ad
779 4093 877 4133 vos
899 4078 1089 4133 affectu
1119 4078 1407 4148 instigante
1456 4078 1664 4143 direxi;
1698 4086 1756 4131 ut
1787 4085 1842 4131 et.

241 4173 519 4229 desiderio
564 4172 949 4235 satisfacerem,
993 4180 1046 4225 et
1093 4171 1358 4227 scribendi
1412 4172 1614 4225 aditum
1670 4170 1839 4240 prius,

241 4265 390 4333 prior
419 4272 638 4334 utpote,
675 4261 1054 4333 patefacerem,
1100 4278 1167 4318 ne
1197 4263 1247 4317 in
1277 4272 1551 4333 posterum
1576 4258 1731 4317 locus
1758 4276 1845 4316 re—

242 4355 584 4427 linqueretur
610 4353 977 4420 exeusationi;
1011 4362 1064 4409 et
1087 4368 1171 4408 res
1197 4354 1506 4422 voluntatis,
1532 4353 1847 4409 difﬁdentia:

244 4456 296 4501 et
355 4445 702 4502 verecundia:
746 4460 866 4500 esse
928 4445 1218 4499 diceretur.
1269 4445 1505 4500 Salutem
1568 4445 1743 4514 itaque
1792 4443 1847 4497 in

244 4538 462 4594 Christo
494 4538 726 4593 Domino
757 4538 1038 4607 plurimam
1069 4536 1191 4592 dico
1219 4537 1530 4592 beatitudini
1554 4547 1766 4603 vestrze,
1793 4544 1848 4591 et

1938 3339 2156 3395 modum
2189 3338 2279 3393 ille
2312 3339 2548 3407 parietes
2577 3336 2740 3391 variis
2768 3336 3012 3391 colorum
3057 3336 3191 3391 fucis
3223 3337 3533 3392 multimoda

1936 3443 2052 3488 arte
2096 3431 2367 3503 depingit,
2419 3432 2489 3485 ita
2537 3444 2634 3484 vos
2686 3430 2918 3483 animam
2972 3439 3241 3495 vestram,
3292 3446 3410 3500 quae
3457 3438 3539 3491 est

1940 3523 2195 3592 templum
2228 3522 2354 3588 Dei,
2392 3521 2620 3577 diversis
2650 3521 2908 3577 virtutum
2941 3521 3228 3590 generibus
3257 3521 3539 3589 excolalis,

1940 3625 2000 3669 ut
2046 3631 2173 3670 vere
2217 3615 2283 3669 de
2337 3616 2560 3683 spiritali
2611 3614 2774 3667 domo
2830 3622 3004 3667 vestra
3059 3614 3373 3682 spiritaliter
3417 3629 3538 3668 cum

1945 3709 2203 3777 propheta
2250 3706 2431 3759 dicere
2476 3705 2693 3774 possitis
2738 3722 2750 3757 :
2806 3704 3042 3773 Domine,
3096 3704 3254 3757 dilexi
3311 3707 3539 3758 decorem

1945 3798 2267 3852 habitationis
2295 3810 2412 3865 tute,
2436 3807 2482 3852 et
2512 3799 2677 3851 locum
2700 3797 3024 3851 habitationis
3046 3798 3226 3867 gloritl’
3247 3808 3347 3852 tua:
3369 3798 3540 3867 (Psal.

1943 3910 2068 3957 xxv,
2101 3893 2168 3958 8;
2200 3894 2310 3945 Act.
2344 3908 2437 3955 vn,
2465 3890 2577 3958 48).
2629 3890 2760 3958 Quia
2792 3890 3084 3967 secundum
3139 3890 3305 3959 ipsius
3333 3891 3542 3950 Domini

1947 3990 2115 4046 nostri
2163 3991 2482 4046 sententiam
2506 4032 2519 4054 ,
2567 3988 2686 4041 Non
2726 3990 2780 4063 in
2812 4004 2965 4055 manu
2997 3989 3151 4059 factis
3180 3988 3371 4042 habitat
3408 3987 3542 4043 Deus

1945 4084 2081 4154 (Act.
2110 4098 2239 4147 xvu,
2262 4083 2377 4151 24),
2413 4096 2511 4136 nec
2544 4081 2595 4135 in
2627 4080 2988 4137 tabernaculis
3021 4082 3118 4137 viri
3146 4082 3547 4153 bcucplacitutu

1944 4179 2024 4243 ei;
2063 4176 2156 4230 sed
2197 4174 2593 4245 honeplacitum
2622 4185 2704 4228 est
2740 4173 2789 4228 ei
2818 4188 2981 4243 super
3014 4174 3270 4229 timentes
3304 4189 3383 4239 se,
3410 4183 3463 4229 et
3493 4176 3547 4231 in

1946 4285 2011 4324 eo
2042 4268 2128 4337 qui
2169 4276 2353 4337 sperat
2392 4264 2445 4319 in
2485 4265 2875 4320 misericordia.
2931 4266 2994 4318 lit
3046 4266 3158 4333 ipse
3203 4266 3393 4321 iterum
3443 4282 3541 4321 nos

1950 4378 2043 4433 per
2068 4362 2381 4431 prophetam
2414 4359 2607 4413 docere
2642 4358 2931 4428 dignatur:
2958 4355 3147 4412 Caelum
3179 4359 3303 4425 mihi
3333 4359 3544 4415 thronus

1949 4466 2043 4521 est,
2070 4464 2205 4508 terra
2230 4463 2396 4507 autent
2425 4450 2702 4507 scabellum
2724 4452 2911 4526 pedum
2943 4468 3171 4506 meorum
3196 4469 3213 4505 :
3236 4469 3387 4523 quam
3420 4454 3545 4506 mihi

1950 4549 2120 4603 sedem
2166 4547 2485 4619 wdi/icabitis
2513 4590 2526 4612 ,
2601 4556 2688 4599 aut
2736 4547 2850 4618 quis
2876 4548 2969 4601 erit
3032 4547 3169 4601 locus
3220 4548 3546 4618 requirtiouis

245 4645 427 4699 spero,
482 4638 547 4683 ut
592 4644 698 4695 me,
750 4631 886 4683 sicut
915 4628 1069 4683 decet
1098 4630 1489 4685 ecclesiasticos
1519 4630 1682 4693 viros,
1734 4644 1837 4682 non

1948 4657 2088 4705 metu,
2136 4656 2303 4693 nonne
2350 4638 2455 4691 haac
2499 4639 2669 4691 omnia
2712 4639 2830 4707 fecit
2873 4654 3056 4691 manus
3102 4639 3365 4692 mea?aut
3395 4651 3546 4703 super

245 4719 432 4786 labiis,
466 4720 566 4776 sed
598 4720 759 4776 corde
784 4719 1051 4790 diligatis;
1084 4730 1138 4775 et
1174 4722 1238 4774 de
1271 4735 1355 4775 me
1384 4722 1605 4775 caritate
1633 4720 1843 4775 sincera

246 4810 297 4866 in
328 4813 579 4883 alloquio
626 4812 849 4883 pristina
899 4813 1079 4867 dicere
1126 4814 1481 4882 praesumatis.
1510 4813 1643 4881 Quia
1682 4814 1724 4865 si
1758 4814 1846 4867 illa

247 4902 438 4968 fuisset
491 4919 644 4971 vera,
689 4913 1091 4973 permanserat;
1146 4904 1284 4959 etsi
1336 4906 1521 4959 fuisset
1553 4916 1574 4946 ε
1623 4914 1843 4971 mutata,

247 5011 454 5056 mutata
506 5014 615 5054 non
648 4996 843 5052 fuerat.
886 5000 926 5050 A
956 4996 1108 5067 cujus
1138 5006 1318 5051 tamen
1357 4996 1513 5051 fuerit
1546 5006 1697 5065 parte
1726 5013 1846 5051 mu-

250 5102 379 5161 tata,
408 5100 468 5149 et
499 5090 844 5147 conscientiae
874 5100 1073 5144 nostra:
1114 5090 1383 5155 noverint,
1413 5099 1465 5144 et
1497 5089 1851 5144 conscientia-

250 5201 366 5240 rum
400 5186 671 5257 ‘cognitor
710 5184 827 5239 sine
872 5192 1143 5239 assertore
1191 5183 1496 5253 cognoscit;
1550 5198 1709 5254 quem
1751 5199 1852 5255 ego

252 5283 445 5332 testem
469 5255 706 5331 a'dhibeo
729 5274 1047 5346 professioni
1070 5290 1204 5331 mete
1228 5294 1240 5329 ε
1273 5290 1370 5331 nec
1391 5276 1459 5331 de
1488 5275 1639 5332 initio
1664 5277 1854 5332 simul-

252 5371 376 5425 tatis
399 5388 489 5425 me
512 5383 635 5425 esse
664 5369 1011 5438 culpabilem,
1042 5383 1143 5423 nec
1173 5368 1222 5423 in
1260 5368 1422 5425 corde
1446 5386 1567 5425 meo
1593 5372 1849 5447 quidquid

253 5472 434 5519 actum
491 5471 577 5518 est
610 5461 879 5516 dictumve
911 5461 1199 5527 resedisse,
1254 5464 1375 5532 quia
1422 5464 1534 5520 scio
1583 5468 1736 5520 nobis
1783 5468 1852 5525 ab

328 5631 354 5660 ι
387 5620 637 5675 Fuerunt
663 5616 966 5692 presbyteri
981 5616 1282 5692 dicacescos
1307 5618 1727 5692 Lemovicensis,
1755 5624 1847 5692 qui

256 5709 381 5749 cum
409 5692 637 5753 Ruricio
660 5705 849 5755 eorum
884 5689 1139 5759 episcopo
1180 5689 1301 5751 lites
1328 5691 1478 5760 prius
1524 5689 1852 5753 habuerunt.

260 5764 566 5889 Bt‘smli‘ortc
594 5834 950 5889 subdiaconem
981 5829 1312 5888 Contimtum.

1950 4749 2096 4799 quem
2125 4732 2282 4783 alium
2313 4729 2605 4800 respiciam,
2634 4729 2734 4780 nisi
2764 4744 2915 4795 super
2936 4726 3199 4794 humilem,
3232 4739 3275 4782 et
3297 4729 3541 4797 quietum,

1952 4831 1999 4875 et
2023 4830 2312 4875 trementem
2340 4835 2597 4873 sermones
2624 4834 2759 4870 meos
2787 4815 2941 4887 (Isai.
2969 4834 3111 4882 vat,
3137 4818 3214 4887 l).
3247 4818 3313 4870 Et
3347 4818 3458 4885 ip~c
3493 4822 3545 4871 iu

1954 4913 2247 4982 Evangelio
2274 4910 2534 4966 Dominus
2560 4910 2787 4964 clamat:
2828 4908 3000 4962 Venite
3026 4911 3092 4962 ad
3124 4925 3221 4975 me,
3256 4924 3430 4961 omnes
3461 4910 3547 4979 qui

1956 5005 2201 5060 laboratis
2240 5011 2287 5058 et
2328 5001 2526 5056 onerati
2567 5001 2709 5068 estis,
2752 5009 2798 5053 et
2826 5016 2919 5071 ego
2946 5000 3173 5070 reﬁciam
3204 5016 3289 5051 vos
3321 4998 3541 5067 (Matth.

1959 5112 2032 5165 ιι,
2055 5096 2172 5166 28),
2201 5106 2253 5151 et
2279 5095 2481 5164 reliqua
2504 5110 2623 5165 qua:
2645 5100 2960 5165 sequuntur.
2992 5092 3053 5145 Et
3080 5091 3219 5155 ideo,
3247 5093 3297 5146 in
3330 5091 3545 5149 Christo

1960 5191 2187 5246 Domino
2215 5189 2494 5246 carissima
2533 5203 2685 5243 soror
2721 5203 2783 5242 ac
2823 5186 2951 5251 filia,
2987 5185 3225 5257 pristina:
3255 5201 3545 5241 conversa-

1959 5284 2120 5339 tionis
2154 5283 2445 5338 ambitione
2473 5282 2735 5354 deposita,
2766 5279 3121 5337 humilitatem
3160 5277 3324 5351 debes
3366 5278 3546 5333 cordis

1962 5378 2204 5449 induere,
2243 5376 2662 5431 misericordiam
2699 5370 3059 5443 indigentibus
3090 5370 3354 5438 fenerare,
3388 5370 3546 5425 casti-
3600 5356 3619 5431 ,ξ

1963 5478 2123 5525 tatem
2163 5484 2269 5524 non
2310 5469 2481 5524 solum
2525 5469 2789 5545 corporis,
2842 5465 2935 5521 sed
2980 5465 3172 5520 animae
3223 5475 3542 5533 praeurare;
3608 5453 3617 5471 τ

2034 5634 2056 5661 ε
2092 5624 2202 5678 Hoc
2224 5633 2307 5678 est
2334 5623 2462 5676 alia.

2030 5694 2056 5732 ά
2091 5694 2206 5750 Vos
2239 5695 2526 5757 mendosa;
2566 5693 2700 5748 forte
2725 5693 3024 5763 iusequella.

2036 5776 2058 5802 °
2094 5765 2168 5819 De
2196 5781 2254 5819 ea
2284 5765 2531 5832 superius
2561 5765 2719 5834 epist.
2756 5765 2804 5831 l,
2839 5764 2932 5820 lib.
2964 5778 3002 5818 ι.

2040 5834 2057 5873 ί
2094 5835 2252 5891 Forte
2278 5851 2357 5889 res
2388 5837 2526 5895 fecit.
