4086 6328
542 436 610 495 95
1891 434 1976 490 BU
1991 434 2142 489 BIClI
2183 434 2489 493 EPISCOPI
3715 422 3777 480 illi

546 553 686 624 quod
703 553 985 623 adjuvante
1008 550 1230 605 Domino
1262 556 1319 603 ut
1342 549 1618 620 acquirere
1638 550 1815 606 valeas
1844 550 2045 620 pariter
2069 558 2124 606 et
2146 551 2198 611 Δ
2225 553 2318 608 sed
2360 552 2572 607 Patrem
2598 559 2841 619 vestrum,
2881 551 2967 622 qui
2995 551 3048 605 in
3089 550 3225 605 caelis
3256 558 3329 605 est
3355 547 3568 619 (Matth.
3602 565 3658 615 ν,
3690 544 3801 609 lii)’

543 645 834 710 custodire,
870 641 1210 714 jejunandum
1256 649 1340 696 est
1366 642 1584 712 szepius,
1622 651 1677 698 et
1709 656 1922 712 semper
1957 656 2116 697 oran—

541 734 691 801 dum,
738 734 861 804 quia
908 732 1075 787 Adam
1123 732 1352 802 paradisi
1410 744 1467 788 et
1522 740 1704 788 custos
1750 733 2024 803 delegatur
2063 740 2118 788 et

541 826 760 881 colonus
801 823 950 896 (Gen.
986 840 1046 890 ιι,
1084 824 1198 894 15),
1246 825 1451 881 scilicet
1494 835 1554 881 ut
1593 826 1817 882 haberet
1860 825 2113 895 opcrandi

542 922 818 978 materiam
850 921 1071 976 libertas
1111 922 1316 978 arbitrii
1350 931 1405 977 et
1455 922 1597 992 quod
1624 923 1928 978 orationum
1973 922 2115 985 obtio

540 1015 743 1069 nuisset
788 1011 1081 1077 industria,
1124 1013 1396 1083 parcitatis
1440 1012 1761 1069 abstinentia
1805 1012 2114 1069 custodiret.

540 1101 649 1158 Sed
694 1103 943 1171 quoniam
998 1103 1233 1172 neglexit
1277 1103 1378 1158 sibi
1425 1118 1642 1159 servare
1683 1104 1964 1174 jejunium,
2023 1119 2118 1175 per

538 1191 1027 1261 concupiscentiam
1061 1192 1276 1247 vetitam
1307 1193 1485 1249 amisit
1521 1200 1578 1248 et
1603 1194 1766 1248 vitam
1806 1201 1860 1249 et
1903 1194 2120 1249 immor-

539 1282 818 1338 talitatem.
870 1282 981 1339 Sub
1016 1291 1042 1319 ι
1074 1282 1391 1339 Hierobabel
1431 1300 1613 1340 muros
1652 1284 1983 1341 Hierusalem
2026 1300 2116 1341 re-

538 1374 682 1429 versi
726 1373 795 1428 ad
846 1372 1201 1444 captivitatem
1259 1376 1619 1445 reparabant,
1675 1392 1794 1433 cum
1846 1379 1924 1434 eis
1974 1389 2118 1435 esset

538 1471 724 1519 contra
760 1463 1088 1535 alienigenas
1123 1480 1219 1535 pro
1246 1468 1557 1522 eorumdem
1600 1484 1872 1524 murorum
1909 1480 2118 1525 restau-

541 1556 749 1613 ratione
794 1567 1088 1623 certamen,
1138 1559 1497 1629 operabantur
1542 1559 1749 1630 dextra,
1799 1569 1856 1617 et
1905 1562 2120 1617 sinistra

541 1649 849 1718 pugnabant
892 1649 975 1719 (Il
1030 1649 1212 1705 Eadm:
1238 1667 1308 1715 tv,
1338 1652 1427 1721 l7)
1465 1669 1477 1704 :
1519 1651 1725 1708 scilicet
1758 1660 1965 1707 scutum
1996 1653 2119 1709 fidei

459 1754 466 1805 ε
543 1740 673 1795 laeva
724 1750 907 1797 contra
956 1742 1294 1799 adversarios
1348 1742 1780 1813 prtetendentes,
1834 1754 1888 1800 et
1932 1744 2118 1801 dextra

541 1832 801 1887 honorum
846 1848 1066 1902 operum
1114 1843 1366 1903 tanquam
1416 1834 1651 1905 lapidum
1700 1837 2118 1905 compositorum

2218 644 2384 716 Cujus
2404 653 2486 701 est
2510 652 2565 700 et
2590 653 2649 700 ut
2664 644 2844 710 detur,
2865 653 2919 699 et
2941 658 3102 698 omne
3124 642 3266 714 quod
3290 641 3469 697 datur.
3496 641 3630 707 Quia
3652 639 3803 709 juxta

2222 738 2537 807 Apostolum
2564 754 2578 791 :
2607 737 2779 792 Omne
2807 735 2990 791 datum
3022 735 3219 791 bonum
3250 750 3281 788 a
3309 748 3522 790 sursum
3552 731 3622 788 de
3649 732 3806 788 Patre

2221 831 2481 887 luminum
2521 829 2830 896 descendit,
2862 846 2892 885 a
2926 843 3033 901 quo
3072 837 3127 884 et
3164 828 3409 883 voluntas
3450 826 3720 890 tribuitur,
3750 833 3806 881 et

2223 931 2507 994 praestatur
2533 922 2777 979 effectus.
2809 920 2940 990 Quia
2967 919 3281 991 ptenitentia
3309 934 3416 975 non
3443 917 3662 974 nomine
3686 927 3806 971 tan-

2222 1022 2333 1071 tum
2369 1014 2681 1081 obtinenda,
2713 1013 2809 1070 sed
2840 1021 2961 1069 actu
2996 1021 3076 1069 est
3097 1010 3458 1082 exsequenda.
3487 1008 3808 1065 Poenitentia

2221 1122 2326 1162 non
2367 1114 2449 1162 est
2499 1121 2695 1162 nomen
2744 1106 2996 1169 otiosum,
3045 1119 3166 1174 quae
3217 1118 3281 1158 ex
3330 1101 3590 1172 qualitate
3627 1100 3809 1169 operis

2225 1199 2467 1269 possidet
2498 1199 2766 1254 laboriosa
2794 1196 3134 1253 vocabulum.
3168 1195 3283 1250 Non
3312 1194 3459 1251 enim
3489 1202 3667 1263 potest
3698 1208 3809 1261 po»

2222 1290 2399 1345 nitens
2442 1289 2570 1355 dici,
2615 1289 2707 1357 qui
2754 1286 3062 1359 paenitenda
3102 1284 3411 1352 committit,
3455 1283 3550 1339 sed
3594 1283 3685 1338 ille
3719 1284 3809 1352 qui

2224 1382 2497 1452 praeterita
2558 1390 2773 1451 peccata
2829 1379 2913 1435 vel
2963 1378 3197 1434 maculas
3251 1375 3549 1432 humilitate
3607 1374 3812 1437 cordis.

2223 1474 2554 1544 subjectione
2591 1472 2852 1542 corporis,
2904 1471 3167 1526 honorum
3225 1482 3448 1539 operum
3503 1464 3810 1531 sedulitate,

2224 1565 2533 1621 assiduitate
2548 1564 2870 1629 orationum,
2885 1561 3281 1619 continuatione
3300 1559 3613 1630 gemituum,
3630 1569 3813 1627 pecto-

2224 1658 2299 1714 ris
2321 1658 2653 1722 contusione,
2674 1657 3027 1727 lacrymarum
3052 1652 3358 1724 profusione
3385 1650 3584 1720 delegit
3624 1646 3813 1720 [deter-

2223 1749 2348 1823 git];
2376 1760 2432 1806 ut
2453 1752 2621 1821 possit
2661 1748 2839 1805 dicere
2873 1763 2993 1803 cum
3032 1746 3291 1817 propheta
3335 1762 3349 1797 :
3399 1743 3477 1798 Ne
3517 1742 3813 1796 memineris

2223 1843 2515 1912 iniquitates
2552 1851 2755 1896 nostras
2788 1841 3027 1907 antiquas
3068 1837 3238 1911 (Psal.
3265 1852 3486 1903 Lxxvut,
3510 1834 3590 1906 8),
3633 1835 3814 1903 utique

541 1925 740 1980 mtenia
768 1934 1159 1991 construentes,
1183 1925 1276 1982 sed
1318 1933 1373 1982 et
1402 1925 1501 1996 ipsi
1541 1926 1641 1981 viri
1667 1927 1758 1997 qui
1786 1927 2121 1983 aedificabant

2230 1949 2330 1989 non
2373 1933 2735 2003 quotidianas.
2782 1931 2849 1986 Et
2879 1930 3004 1985 illud
3039 1948 3052 1985 :
3088 1929 3339 1983 Laboran
3376 1929 3430 1981 in
3458 1927 3648 1997 gemitu
3680 1942 3813 1993 meo,
3896 1966 3902 1973 .

541 2030 661 2071 cum
687 2017 961 2086 prophetis
981 2018 1113 2084 suis,
1141 2033 1302 2088 super
1324 2018 1533 2074 lumbos
1557 2020 1716 2076 cincti
1742 2020 2119 2091 operabantur,

540 2107 681 2178 quod
703 2115 757 2162 et
778 2108 1033 2164 Dominus
1058 2110 1111 2164 in
1133 2108 1422 2180 Evangelio
1450 2110 1741 2167 observare
1765 2127 1862 2168 nos
1885 2113 2123 2183 prazcipit

539 2200 723 2254 dicens
752 2216 769 2255 :
802 2201 921 2257 Sint
946 2202 1106 2257 lumbi
1130 2204 1281 2257 uestri
1306 2206 1588 2272 praecincti,
1617 2213 1665 2260 et
1698 2206 1922 2259 lucerme
1948 2215 2124 2261 vestrae

542 2294 776 2349 ardentes
800 2294 951 2366 (Luc.
980 2311 1076 2358 xu,
1100 2297 1191 2365 55)
1226 2313 1241 2349 :
1269 2298 1587 2365 praecinctus
1615 2306 1701 2353 est
1729 2299 1943 2364 lumbis,
1971 2300 2123 2366 cujus

542 2399 669 2438 caro
698 2384 928 2440 castitati
967 2386 1178 2453 militat,
1209 2396 1263 2441 et
1291 2403 1395 2442 non
1438 2388 1677 2454 libidini;
1723 2399 1777 2445 et
1804 2405 1955 2445 mens
1986 2390 2125 2445 illius

543 2484 792 2545 tanquam
831 2476 1027 2533 ardens
1075 2478 1293 2534 lucerna
1324 2480 1625 2551 praefulget,
1654 2498 1812 2553 quam
1844 2485 2125 2553 praeceptis

542 2567 653 2622 suis
689 2566 933 2625 Christus
977 2570 1241 2628 accendit.
1282 2572 1415 2640 Quia
1455 2578 1570 2629 haec
1610 2575 1787 2630 omnia
1830 2576 2123 2632 secundum

542 2663 857 2730 Apostolum
901 2664 953 2717 in
987 2663 1152 2734 figura
1181 2668 1349 2721 nostri
1394 2666 1532 2722 facta
1557 2677 1684 2723 sunt
1719 2666 1771 2741 (I
1803 2668 1923 2723 Cor.
1955 2685 2009 2735 ι,
2043 2668 2122 2739 6);

544 2752 684 2807 scire
732 2767 828 2808 nos
872 2757 1155 2823 convenit,
1212 2758 1353 2828 quod
1400 2759 1632 2830 quandiu
1687 2761 1870 2817 smculi
1921 2761 2125 2816 actibus

544 2842 738 2898 fuimus
786 2847 1049 2915 occupati,
1087 2856 1335 2919 tanquam
1369 2849 1672 2921 Babyloniis
1699 2860 1753 2906 et
1782 2852 1892 2922 regi
1936 2867 2120 2907 eorum

544 2936 738 3005 captivi
769 2952 796 2990 a
826 2938 1008 2994 .ludtea
1038 2940 1281 3011 producti
1315 2942 1367 2997 in
1396 2942 1628 2998 hostium
1661 2945 1879 3014 regione
1907 2946 2125 3000 servivi-

543 3041 681 3095 mus,
711 3028 852 3084 unde
882 3046 975 3099 per
1000 3033 1367 3101 paenitentiam
1405 3034 1471 3089 ad
1508 3035 1755 3105 patriam,
1797 3036 1896 3090 hoc
1926 3044 2028 3103 est,
2060 3037 2125 3091 ad

544 3118 813 3175 cmlestem
845 3122 1176 3179 Hierusalem
1217 3134 1442 3181 matrem
1486 3126 1723 3181 omnium
1760 3126 1995 3183 fidelium
2037 3143 2125 3183 re-

545 3220 833 3279 vertentes,
862 3214 1119 3270 debemus
1156 3218 1303 3271 omni
1348 3218 1605 3273 virtutum
1642 3234 1842 3289 genere
1877 3235 2127 3289 reparare

2228 2025 2406 2079 lavabo
2431 2042 2520 2095 per
2544 2024 2776 2096 singulas
2818 2032 2986 2077 noctes
3011 2021 3196 2075 lectum
3222 2035 3388 2073 meum
3427 2017 3602 2089 (Psal.
3630 2032 3708 2085 vr,
3739 2016 3813 2085 7).

2226 2115 2295 2170 Et
2328 2133 2341 2168 :
2373 2115 2638 2186 Lacrymis
2671 2116 2794 2169 meis
2836 2124 3049 2169 stratum
3078 2129 3245 2167 meum
3286 2109 3464 2181 rigabo
3494 2097 3713 2180 (lbid.).
3757 2108 3815 2164 Et

2227 2207 2418 2263 iterum
2450 2223 2465 2261 :
2494 2205 2770 2276 Rugiebam
2801 2223 2832 2257 a
2856 2206 3046 2277 gemitu
3074 2204 3243 2257 cordis
3273 2202 3370 2256 mei
3402 2199 3575 2271 (Psal.
3602 2214 3814 2264 xxxvii,

2226 2300 2307 2371 9).
2349 2300 2417 2353 Et
2460 2299 2649 2353 iterum
2683 2313 2703 2352 :
2738 2298 2991 2365 Quoniam
3044 2295 3336 2365 iniquitates
3376 2309 3515 2346 meas
3556 2307 3649 2362 ego
3700 2307 3816 2363 pro-

2229 2392 2409 2445 nuntio
2438 2401 2485 2445 et
2513 2390 2746 2460 cogitabo
2786 2405 2879 2460 pro
2926 2398 3130 2459 peccato
3169 2402 3276 2441 meo
3305 2383 3496 2456 (lbid.,
3528 2382 3642 2453 i9).
3699 2384 3817 2440 Sint

2228 2483 2351 2537 ideo
2381 2483 2467 2538 hic
2504 2482 2724 2537 crimina
2766 2488 2946 2536 nostra
2986 2488 3110 2534 ante
3140 2492 3257 2545 nos,
3300 2484 3354 2531 et
3381 2484 3569 2530 contra
3609 2488 3733 2541 nos,
3764 2484 3819 2530 ut

2229 2578 2283 2631 in
2304 2575 2397 2630 die
2435 2573 2623 2645 judicii
2658 2588 2779 2628 esse
2827 2587 2933 2627 non
2981 2570 3207 2641 possint,
3254 2577 3310 2623 et
3354 2566 3485 2622 illud
3527 2565 3690 2621 etiam
3737 2565 3819 2620 hic

2226 2667 2385 2739 positi
2415 2681 2536 2721 cum
2567 2665 2755 2720 fiducia
2783 2664 2962 2718 dicere
2992 2675 3293 2717 mereamur
3321 2677 3333 2711 :
3363 2657 3621 2711 Delictum
3649 2672 3819 2709 meum

2229 2776 2321 2831 ego
2364 2774 2635 2829 cognosco,
2679 2766 2727 2811 et
2772 2757 3057 2824 iniustitias
3102 2770 3240 2808 meas
3288 2769 3391 2807 non
3434 2752 3609 2823 operui
3643 2748 3819 2820 (Psal.

2230 2866 2379 2918 xxxi,
2404 2848 2481 2920 5).
2528 2847 2670 2915 Dixi,
2715 2845 3074 2918 pronuntiabo
3106 2844 3364 2900 adversus
3396 2857 3483 2898 me
3521 2849 3578 2897 et
3604 2840 3820 2910 injusti-

2231 2945 2331 2998 tias
2358 2957 2504 2997 meas
2535 2941 2784 3009 Domino,
2814 2952 2869 2997 et
2900 2949 2955 2996 tu
2982 2939 3235 2996 remisisti
3283 2938 3610 3008 impietatem
3641 2934 3820 2990 cordis

2228 3036 2356 3092 mei.
2402 3035 2621 3091 Certum
2667 3046 2752 3090 est
2800 3035 2940 3105 quod
2991 3034 3043 3088 in
3091 3041 3349 3103 quantum
3413 3030 3515 3086 tibi
3547 3030 3617 3084 de
3656 3028 3821 3098 priori

2229 3130 2638 3187 conversatione
2683 3128 3037 3198 displicueris,
3092 3127 3144 3181 in
3196 3133 3402 3180 tantum
3434 3121 3663 3179 Domino
3709 3120 3821 3191 pla-

2228 3222 2404 3292 cebis,
2437 3223 2575 3277 etin
2618 3230 2876 3291 quantum
2923 3218 3017 3275 tibi
3062 3217 3346 3288 placueris,
3396 3215 3471 3271 illi
3513 3214 3631 3270 sine
3660 3212 3821 3269 dubio

545 3301 802 3371 collapsa,
846 3304 1049 3361 sarcire
1093 3306 1338 3375 discissa,
1381 3309 1561 3365 delere
1603 3311 1893 3381 praeterita,
1935 3326 2125 3367 cavere
2156 3310 2202 3373 C
2232 3313 2565 3382 displicebis,
2593 3312 2684 3380 qui
2709 3312 2840 3367 dicit
2871 3328 2888 3364 :
2914 3310 3177 3378 Quoniam
3217 3308 3444 3376 dissipat
3479 3321 3601 3362 ossa
3644 3306 3821 3361 homi-

546 3394 853 3463 praesentia,
885 3410 1073 3465 parare
1100 3408 1351 3464 ventura;
1398 3411 1453 3455 ut
1481 3416 1578 3470 per
1609 3401 1985 3471 benignitatem
2028 3403 2129 3459 Do-

548 3486 677 3540 mini
704 3502 734 3541 a
762 3487 984 3557 pristina
1016 3498 1356 3558 peccatorum
1389 3494 1695 3563 captivitate
1723 3494 1987 3562 distracti,
2024 3513 2130 3552 non

546 3577 959 3648 Babyloniorum
1013 3582 1154 3651 regi,
1213 3583 1307 3638 sed
1340 3583 1470 3653 Regi
1518 3585 1780 3641 caelorum
1822 3585 2035 3642 Christo
2078 3589 2128 3642 in

547 3669 904 3739 Hierusalem,
933 3687 1156 3743 quaeque
1185 3677 1584 3746 congregationi
1627 3687 1932 3733 sanctorum
1964 3679 2131 3735 aedili—

545 3766 697 3816 catur
723 3763 934 3830 civitas,
977 3767 1298 3822 serviamus.
1346 3768 1413 3822 Et
1441 3769 1639 3825 idcirco
1670 3756 1859 3826 faciem
1891 3780 2126 3827 nostram

548 3852 824 3922 debemus,
862 3857 1029 3925 magis
1072 3858 1322 3928 lacrymis
1362 3859 1560 3929 rigare,
1590 3876 1748 3931 quam
1791 3861 2039 3927 lavacris,
2074 3871 2132 3915 ttt

548 3942 726 3998 dicere
766 3959 887 3999 cum
934 3947 1191 4015 pmpheta
1243 3949 1549 4017 possimus:
1585 3950 1719 4014 Quia
1758 3952 1976 4005 cinerem
2002 3952 2132 4004 sicut

552 4050 736 4103 panem
761 4037 1150 4104 manducabam,
1177 4049 1224 4092 et
1251 4050 1427 4109 potum
1457 4058 1625 4095 meum
1654 4059 1766 4097 cum
1801 4046 1928 4113 ﬂetu
1954 4045 2133 4098 misce-

551 4127 666 4181 bam
698 4127 867 4200 (Psal.
893 4131 1101 4203 cl,10).
1149 4132 1413 4189 Debemus
1457 4150 1652 4205 corpus
1697 4145 1937 4191 nostrum
1980 4136 2132 4192 inde-

551 4220 708 4278 fessis
739 4223 929 4293 vigiliis
953 4233 1007 4279 et
1031 4227 1299 4283 continuis
1324 4228 1574 4286 edomare
1598 4231 1835 4301 jejuniis,
1866 4241 1923 4287 ut
1949 4248 2132 4288 verum

552 4326 865 4372 exercentes
905 4318 1045 4374 inter
1084 4321 1313 4377 animam
1352 4338 1675 4395 carnemque
1709 4326 1992 4395 judicium,
2025 4344 2130 4383 non

551 4420 678 4462 caro
717 4408 1019 4466 dominetur
1058 4412 1291 4483 spiritui,
1329 4416 1423 4471 sed
1460 4417 1668 4487 spiritui
1709 4433 1835 4474 caro
1866 4419 2003 4475 victa
2040 4419 2135 4476 de-

553 4504 777 4558 serviat.
823 4504 989 4574 Cujus
1037 4509 1111 4562 rei
1163 4509 1467 4579 exemplum
1516 4512 1670 4566 nobis
1693 4512 1975 4580 Dominus,
2006 4513 2133 4569 dum

552 4610 647 4666 per
672 4597 921 4668 angelum
944 4598 1017 4677 ad
1043 4600 1185 4670 Agar
1211 4601 1360 4658 Sane
1388 4604 1633 4659 ancillam
1678 4605 1929 4675 loquitur.
1961 4606 2130 4674 dedit,

2234 3420 2361 3459 num
2390 3405 2491 3458 sibi
2516 3403 2837 3474 placentium
2863 3400 3038 3477 (Psal.
3064 3417 3186 3465 (ιιι,
3210 3399 3288 3471 7).
3322 3400 3387 3455 Et
3414 3399 3534 3454 ideo
3565 3407 3813 3467 tanquam

2234 3496 2561 3552 severissimi
2605 3509 2857 3550 censores
2902 3493 3087 3563 culpas
3133 3501 3344 3547 nostras
3385 3491 3438 3546 in
3479 3504 3579 3544 nos
3607 3489 3708 3559 ipsi
3738 3486 3819 3542 di-

2233 3590 2473 3645 strictius
2502 3587 2856 3651 vindicemus,
2888 3595 2943 3641 et
2972 3586 3071 3656 ipsi
3103 3584 3259 3639 ri'obis
3291 3599 3385 3654 per
3414 3582 3661 3636 diversos
3699 3593 3818 3634 cor-

2233 3680 2378 3752 poris
2422 3681 2691 3736 cruciatus
2733 3687 2959 3733 tortores
2989 3674 3389 3748 quodammodo
3428 3674 3723 3729 existamus
3768 3678 3819 3726 et

2227 3774 2471 3844 judices;
2514 3779 2566 3829 et
2595 3772 2646 3828 in
2687 3772 2778 3827 illo
2803 3772 2961 3841 justas
3002 3768 3413 3825 examinationis
3441 3776 3684 3837 tempore
3712 3778 3817 3820 non

2236 3866 2428 3923 habeat
2468 3868 2525 3921 in
2568 3882 2664 3921 nos
2690 3866 2849 3935 Regis
2895 3865 3181 3930 sententia,
3230 3864 3369 3931 quod
3416 3862 3656 3926 damnet,
3686 3873 3820 3929 quos

2230 3956 2339 4024 jam
2384 3956 2471 4011 hic
2515 3955 2880 4024 castigationis
2911 3956 3031 4008 vita:
3071 3954 3350 4022 disciplina
3396 3953 3653 4020 correxit,
3695 3948 3819 4019 quia

2230 4047 2403 4117 justus
2434 4058 2488 4104 et
2514 4048 2818 4102 misericors
2840 4046 3004 4116 judex
3029 4047 3110 4102 his
3133 4062 3239 4101 non
3259 4044 3465 4115 judicat
3487 4044 3537 4098 in
3563 4042 3818 4111 idipsum.

2235 4139 2337 4195 hoc
2378 4149 2480 4204 est.
2528 4140 2579 4194 ei
2613 4154 2673 4195 se
2717 4138 2936 4195 exhibet
2975 4139 3181 4203 mitem,
3227 4151 3385 4207 quem
3436 4136 3702 4191 invenerit
3739 4133 3821 4188 hic

2236 4247 2354 4287 esse
2408 4246 2525 4303 prce
2570 4241 2907 4303 peccatorum
2970 4231 3334 4287 satisfactione
3390 4227 3694 4293 crudelem;
3749 4226 3820 4281 illi

2237 4322 2545 4393 benignum,
2589 4338 2746 4393 quem
2795 4323 2846 4377 in
2889 4322 2992 4378 hac
3025 4321 3132 4377 vita
3170 4320 3481 4390 cognoverit
3513 4317 3615 4373 sibi
3654 4318 3819 4372 fuisse

2236 4415 2567 4482 districtum;
2599 4414 2895 4471 secundum
2927 4413 3054 4468 illud
3082 4412 3447 4482 evangelicum
3480 4428 3492 4462 :
3526 4408 3627 4474 Qui
3649 4408 3820 4478 μετάξ-

2239 4508 2371 4561 derit
2397 4507 2622 4560 animant
2644 4516 2850 4576 propter
2874 4521 2974 4570 me,
3003 4504 3221 4559 inveniet
3247 4518 3359 4557 eam
3381 4499 3598 4569 (Matth.
3624 4516 3679 4563 ι,
3704 4498 3818 4566 58).

2240 4597 2336 4654 νει
2364 4599 2492 4653 illud
2529 4616 2542 4651 :
2573 4597 2720 4653 Beati
2746 4598 2835 4667 qui
2866 4612 2999 4650 nunc
3024 4595 3226 4667 lugetis,
3254 4595 3376 4666 quia
3404 4592 3633 4646 ridebitis
3668 4590 3817 4660 (Luc.

554 4704 677 4759 quae
698 4690 968 4747 dominam
998 4708 1145 4748 suam
1169 4693 1420 4751 deserere
1448 4696 1711 4752 maluerat
1733 4711 1892 4768 quam
1923 4697 2130 4766 audire,
2162 4686 2216 4748 D
2240 4705 2313 4754 VI,
2339 4688 2455 4759 21).
2502 4690 2673 4745 Breve
2722 4698 2805 4743 est
2850 4686 2994 4743 enim
3036 4701 3196 4741 omne
3225 4683 3366 4755 quod
3406 4683 3459 4737 iu
3492 4682 3595 4736 hoc
3622 4680 3821 4735 mundo

552 4781 737 4838 dicens
775 4784 826 4838 ei
871 4800 886 4836 :
924 4784 1210 4842 Revertere
1249 4796 1305 4843 et
1344 4797 1461 4845 esto
1500 4789 1709 4845 subdita
1753 4789 1985 4845 dominas
2031 4797 2135 4846 tua:

554 4874 707 4947 (Gen.
739 4893 846 4946 va,
875 4877 953 4949 9).
1010 4880 1077 4935 Ut
1127 4879 1210 4935 his
1265 4881 1533 4937 laboribus
1589 4880 1835 4937 omnibus
1885 4890 1939 4937 et
1984 4882 2138 4936 bonis

553 4969 803 5036 operibus
848 4971 1025 5027 dedita
1071 4972 1245 5042 possis
1290 4987 1411 5028 esse
1457 4983 1510 5027 et
1559 4973 1966 5028 conversatione
2012 4987 2136 5042 per-

555 5057 714 5124 fecta,
755 5070 809 5115 et
848 5063 1185 5117 confessione
1226 5061 1444 5129 devota,
1481 5074 1534 5118 et
1574 5065 1629 5118 in
1667 5079 1833 5134 regno
1869 5064 2032 5133 patris
2063 5063 2137 5117 tui

556 5148 698 5204 illius
718 5154 785 5207 de
806 5169 911 5223 quo
932 5156 1187 5211 Dominus
1215 5155 1270 5208 in
1292 5155 1580 5227 Evangelio
1604 5157 1733 5210 dicit
1758 5174 1772 5208 :
1797 5157 1975 5210 Nolite
2000 5157 2137 5209 vobis

554 5258 733 5296 vocare
752 5254 943 5314 patrem
968 5264 1116 5319 super
1146 5257 1357 5313 terram,
1388 5263 1519 5301 unus
1549 5248 1679 5301 enim
1709 5256 1781 5301 est
1810 5256 1953 5318 pater
1976 5256 2139 5301 vester

560 5332 774 5404 (Matth.
798 5350 945 5403 χχιιι,
978 5339 1055 5408 9);
1084 5339 1375 5394 secundum
1404 5353 1598 5393 nomen
1632 5346 1776 5392 tuum
1803 5339 1855 5393 in
1884 5338 1969 5393 illa
2004 5340 2133 5392 bea-

558 5434 731 5481 torum
782 5426 932 5482 turba
976 5444 1100 5483 vera
1144 5430 1427 5500 splendere
1455 5427 1737 5496 Ceraunia,
1783 5418 2130 5485 ct‘vocabuli

555 5519 629 5574 tui
681 5530 865 5574 auctor
904 5521 1133 5576 existere
1174 5539 1189 5576 :
1234 5522 1301 5578 de
1328 5537 1432 5593 quo
1460 5521 1747 5593 splendore
1773 5537 1993 5593 operum
2030 5522 2134 5577 Do-

556 5612 733 5666 minus
772 5611 900 5666 dicit
928 5630 941 5664 :
972 5612 1065 5667 Sic
1094 5613 1257 5667 luceat
1294 5615 1384 5668 tua:
1419 5625 1582 5669 vestra
1620 5630 1789 5669 coram
1819 5613 2130 5683 hominibus,

555 5712 608 5756 ut
636 5701 839 5757 videant
868 5720 1021 5774 opera
1049 5714 1210 5759 vestra
1235 5705 1385 5772 bona,
1413 5717 1459 5763 et
1488 5708 1835 5780 magniﬁcam,
1867 5723 1973 5764 non
2015 5721 2130 5777 vos,

644 5894 669 5924 ⁸
696 5882 995 5943 Zorobabel.

2240 4784 2435 4854 agitur,
2466 4784 2579 4839 sive
2614 4783 2833 4847 bonum,
2862 4781 2978 4837 sive
3015 4780 3235 4843 malum,
3264 4779 3404 4833 sicut
3439 4772 3821 4844 experimentis

2242 4875 2500 4930 Dominus
2543 4884 2633 4929 aut
2683 4872 2931 4944 promisit
2979 4880 3073 4927 aut
3114 4871 3283 4925 voluit
3325 4869 3434 4937 jam
3470 4865 3709 4937 probari.
3760 4864 3820 4916 Et

2240 4966 2439 5022 idcirco
2495 4966 2562 5021 ad
2628 4964 2971 5021 sustinendas
3016 4978 3111 5033 pro
3160 4961 3253 5016 Dei
3305 4974 3488 5015 amore
3543 4967 3820 5026 pressuras

2238 5067 2548 5114 constantes
2587 5071 2705 5111 esse
2745 5055 3024 5111 debemus.
3066 5052 3197 5119 Quia
3227 5051 3269 5107 si
3310 5050 3377 5105 ad
3409 5062 3691 5119 vesperum
3727 5044 3818 5099 de-

2240 5150 2536 5207 morabitur
2560 5150 2737 5215 ﬂetus,
2759 5157 2814 5202 et
2835 5147 2902 5201 ad
2931 5146 3245 5200 matutinum
3273 5142 3455 5197 laetitia
3480 5138 3819 5209 subsequitur

2241 5243 2415 5317 (Psal.
2446 5259 2592 5307 XXIX,
2631 5242 2710 5312 6).
2770 5243 2952 5311 Itaque
2988 5252 3127 5293 none
3174 5252 3415 5293 seramus
3455 5237 3506 5291 in
3547 5232 3814 5305 lacrymis,

2239 5336 2381 5409 quod
2408 5324 2548 5393 'tunc
2575 5344 2838 5392 metemus
2879 5335 2930 5387 in
2965 5332 3172 5403 gau-liis
3197 5329 3366 5402 (Psal.
3399 5345 3556 5397 ων,
3586 5329 3663 5399 6).
3695 5327 3817 5381 llarc

2241 5444 2409 5501 pauca
2443 5428 2509 5485 ad
2536 5426 2937 5484 confortandam
2970 5418 3129 5480 fidem
3158 5430 3389 5477 vestram
3424 5437 3519 5492 pro
3559 5419 3810 5476 exhorta-

2240 5522 2401 5578 tionis
2451 5523 2641 5581 solatio
2684 5521 2824 5576 dicta
2872 5517 3163 5584 sufﬁciunt,
3213 5531 3333 5587 quae
3375 5514 3503 5570 licet
3550 5515 3667 5584 ipse
3710 5525 3813 5566 non

2238 5615 2449 5685 faciam,
2493 5627 2669 5671 tamen
2692 5623 2752 5668 ut
2778 5621 2834 5667 et
2862 5626 2958 5667 vos
2993 5610 3161 5681 agatis
3198 5608 3473 5664 exhortor.
3524 5606 3647 5663 Scio
3674 5603 3813 5660 enim

2238 5706 2601 5766 exhortationi
2631 5705 2861 5779 positam
2890 5716 3012 5762 esse
3045 5698 3379 5769 mercedem;
3410 5698 3533 5773 quia
3562 5697 3811 5770 legimus:

3536 5980 3645 5997 φιν-«ν
3710 5990 3718 5995 .
3762 5982 3792 6007 ,κ
