4086 6328
278 339 337 396 9-,
1517 321 1844 378 EPISTULA

1954 321 1990 372 il
2036 319 2162 374 LIB.
2206 319 2265 372 11.
3433 327 3501 385 98

276 454 414 507 Flere
439 463 544 502 cum
572 446 806 516 ﬂentibus
837 445 1011 513 (Rom.
1048 458 1139 508 xu,
1176 442 1287 512 15).
1323 440 1388 494 Ει
1425 453 1492 493 ne
1515 440 1650 493 forte
1682 437 1815 492 tuin
1843 440 1896 500 Α
1921 436 2113 492 choata
2165 447 2410 489 sermone
2460 450 2670 505 semper
2717 450 2770 494 et
2816 439 2919 496 fota
2968 452 3069 510 est,
3113 446 3272 504 debet
3316 457 3496 524 augeri

273 546 450 618 judicio
472 543 672 597 diceres
708 559 720 594 :
754 540 973 607 Quaesivi
1015 539 1102 608 qui
1130 538 1285 590 simul
1316 552 1509 590 mecum
1555 535 1823 588 contrista-

272 649 414 702 retur,
452 645 496 688 et
534 650 632 688 non
663 633 782 702 fuit,
825 642 871 686 et
911 631 1226 686 consolantes
1258 647 1356 697 me,
1413 640 1460 682 et
1506 645 1606 682 non
1653 627 1824 680 inveni

213 737 226 799 f
275 729 622 799 (Psal.r.xvm,
647 725 763 794 2i).
813 725 1134 781 Perfectiora
1165 740 1295 779 vero
1333 731 1493 792 atque
1528 723 1728 790 majora
1774 721 1826 775 in

202 805 216 878 ξ
271 819 542 888 Scripturis
581 818 794 883 divinis,
842 817 980 872 unde
1020 817 1119 871 ista
1155 817 1405 884 decerpta
1438 825 1582 880 sunt,
1631 817 1830 868 instru-

215 915 217 919 ’
273 924 433 969 menta
473 911 739 981 perquire,
769 910 814 964 si
848 909 930 964 vis
971 920 1060 963 aut
1099 921 1273 980 empta
1322 909 1599 976 perlicere,
1631 916 1720 961 aut
1763 907 1828 960 ad

271 1004 487 1074 pollicita
510 1001 811 1072 pervenire.
846 1001 996 1054 Dabit
1025 1001 1117 1055 tibi
1155 1000 1329 1055 taliter
1355 1000 1614 1070 quaerenti
1646 1000 1830 1054 Domi-

271 1113 361 1152 nus
387 1096 659 1150 scientiam
687 1095 887 1164 pariter
914 1104 966 1148 et
994 1096 1267 1159 virtutem,
1293 1102 1352 1147 ut
1377 1102 1432 1149 et
1466 1096 1601 1148 lecta
1631 1093 1831 1148 intelli-

266 1204 370 1258 gas,
411 1198 461 1242 et
487 1188 755 1242 intellecta
795 1186 1083 1241 custodias.
1129 1186 1260 1240 Nam
1295 1196 1443 1255 pater
1470 1185 1831 1255 orphanorum

265 1293 312 1336 et
350 1280 540 1335 arbiter
595 1277 870 1333 viduarum
912 1294 1033 1333 cum
1081 1288 1133 1333 te
1167 1279 1234 1334 de
1275 1294 1334 1334 se
1368 1287 1569 1333 tantum
1615 1291 1834 1347 sperare

265 1371 598 1440 compererit,
637 1379 690 1426 et
729 1371 942 1440 pupillis
985 1371 1090 1425 tuis
1131 1372 1324 1426 tribuet
1369 1381 1587 1440 paterna
1640 1369 1836 1439 pietate

261 1459 581 1531 praesidium,
617 1469 672 1516 et
712 1471 762 1515 te
795 1461 1227 1517 remuneratione
1261 1461 1456 1530 judicis
1486 1463 1739 1531 perducet
1769 1460 1835 1515 ad

262 1567 544 1624 praemium.

863 1665 1079 1722 EPIST.
1123 1665 1217 1720 XV

291 1778 505 1833 Domino
537 1788 720 1834 sancto
750 1790 798 1834 et
826 1783 1107 1848 apostolico
1145 1798 1204 1834 ac
1235 1784 1359 1835 mihi
1392 1799 1499 1850 pra:
1527 1785 1718 1838 ca'teris
1750 1785 1800 1836 in

1929 530 2191 599 corporali
2239 530 2464 594 visione,
2519 548 2621 586 non
2670 536 2855 602 minui,
2898 548 2951 592 et
2993 555 3234 598 crescere
3282 545 3495 618 intuitu,

1929 638 2048 694 qua:
2074 623 2232 691 coepit
2263 622 2444 676 aifatu.

2526 738 2740 794 EPIST.
2783 741 2921 795 XVI.

1935 829 2153 884 Domino
2195 831 2394 885 sublimi
2437 848 2728 909 semperque
2769 837 3038 909 magniﬁco
3080 842 3229 909 fratri
3261 841 3505 900 Turencio

2446 903 2684 957 Ruricius
2714 903 2998 974 episcopus.

2008 994 2184 1064 Exigit
2244 995 2461 1050 solliciti
2513 997 2691 1052 cordis
2748 999 3002 1068 affectus,
3062 1011 3118 1057 ut
3169 1005 3509 1075 imperitioris

1938 1097 2212 1156 promatur
2241 1089 2462 1144 allatus:
2506 1105 2604 1144 nec
2649 1091 2917 1147 erubescit
2967 1096 3280 1152 rusticitatis
3319 1114 3511 1169 cppro-

1939 1180 2136 1249 brium,
2182 1180 2473 1235 dummodo
2502 1183 2718 1252 impleat
2757 1186 2994 1240 caritatis
3024 1187 3328 1256 imperium.
3365 1195 3514 1246 Sicut

1939 1283 2156 1327 sanctus
2189 1274 2464 1342 apostolus
2512 1274 2677 1329 dicit:
2714 1275 2951 1346 Perfecta
2988 1280 3172 1333 caritas
3195 1282 3333 1348 {oras
3363 1285 3514 1338 mittit

1943 1366 2168 1418 timorem
2213 1364 2273 1435 (l
2303 1364 2458 1419 Joan.
2492 1383 2561 1430 tv,
2621 1367 2728 1435 l8).
2788 1369 2919 1436 Quia
2973 1371 3128 1440 longe
3187 1375 3376 1428 melius
3436 1386 3518 1432 est

1943 1459 2241 1524 proximum
2271 1457 2492 1528 diligere
2515 1459 2721 1514 sincere
2754 1475 2910 1530 quam
2938 1463 3228 1532 praedicare
3260 1467 3515 1536 perfecte.

1943 1551 2216 1618 Siquidem
2259 1552 2426 1605 multo
2466 1552 2642 1619 plures
2684 1555 3023 1609 inveniuntur
3071 1559 3120 1612 in
3167 1563 3366 1617 mundo
3407 1564 3519 1619 elo-

1943 1642 2177 1710 quentia:
2208 1642 2388 1712 lepore
2419 1644 2623 1710 praediti
2654 1661 2812 1714 quam
2850 1647 3149 1704 dilectionis
3181 1654 3360 1722 vigore
3401 1671 3520 1724 per-

1946 1735 2090 1790 fecti.
2133 1736 2264 1802 Quia
2307 1738 2443 1791 sicut
2471 1737 2611 1805 quod
2650 1739 2846 1795 bonum
2887 1754 2970 1796 est
2999 1757 3177 1798 rarum
3209 1754 3310 1813 est,
3338 1748 3406 1801 ita
3439 1765 3519 1803 ar-

359 1826 1663 1923 ata;..;“b;.;..-;;o“s;z..z'gieziug..'."ngaaa.:.
1870 1830 1918 1890 ιι
1945 1826 2109 1880 duum
2132 1828 2272 1895 quod
2317 1838 2596 1883 ωιετηυηιο
2642 1831 2896 1888 Proclivis
2938 1849 3190 1924 namque.
3236 1839 3390 1904 ium
3414 1840 3521 1894 υο-

357 1923 506 2005 leado
540 1932 764 1993 patrono
785 1933 830 1977 et
867 1939 1013 1993 papa:
1043 1933 1066 1959 ιι
1089 1923 1286 1979 Αῐοηὶο
1329 1926 1566 1995 episc0po
1603 1925 1844 1979 Ruricius

353 2009 655 2065 eptswpus.

333 2105 469 2160 Ante
516 2119 750 2175 paucum
799 2114 1010 2174 tempus
1058 2107 1261 2162 litteras
1307 2119 1500 2163 vestrae
1550 2110 1847 2165 sanctitatis

251 2201 449 2269 accepi,
481 2199 684 2268 quibus
705 2201 865 2254 etiam
896 2200 963 2254 de
993 2199 1392 2256 inofticiositate
1425 2204 1554 2256 tanti
1588 2202 1848 2258 habuistis

253 2288 605 2345 aﬂectuosius
653 2305 1034 2356 commonere,
1086 2294 1327 2348 dicentes
1378 2310 1392 2345 :
1441 2295 1580 2349 Nihil
1627 2296 1849 2352 caritate

251 2384 620 2451 prtestantius.
653 2384 806 2450 Quod
846 2400 945 2454 ego
995 2387 1146 2440 valde
1194 2404 1375 2443 verum
1407 2404 1525 2445 esse
1564 2394 1846 2461 confirmo,

252 2484 303 2530 et
346 2479 652 2532 secundum
685 2477 1022 2546 Apostolum,
1069 2480 1210 2533 illam
1253 2481 1527 2536 caritatem
1568 2483 1688 2538 dico
1732 2500 1851 2540 esse

251 2568 546 2638 perfectam
591 2579 646 2624 et
675 2569 980 2636 sublimem,
1025 2587 1137 2642 quo:
1165 2575 1227 2625 de
1275 2575 1426 2627 corde
1451 2592 1602 2644 puro,
1655 2586 1700 2628 et
1733 2593 1854 2629 con-

250 2663 660 2733 scientiabona,
707 2673 753 2716 et
784 2664 885 2732 ﬁde
930 2682 1029 2718 non
1063 2667 1181 2733 ﬁcta
1213 2669 1438 2734 procedit
1471 2667 1524 2737 (1
1549 2668 1682 2722 Tim.
1709 2687 1744 2736 ι,
1773 2672 1848 2740 ὅ),

246 2767 386 2821 quae,
415 2753 574 2823 juxta
608 2753 854 2809 eumdem
884 2757 1220 2824 Apostolum,
1271 2760 1465 2826 patiens
1497 2771 1586 2823 est,
1639 2761 1855 2832 benigna

248 2858 340 2914 est,
396 2865 520 2918 qua:
576 2866 680 2904 non
729 2851 970 2918 inﬂatur,
1037 2869 1138 2905 non
1187 2853 1476 2918 tumulatur,
1528 2871 1626 2909 non
1674 2859 1854 2925 qua’rit

245 2956 360 3009 qua
386 2957 487 2995 sua
521 2949 670 3006 sunt,
697 2958 797 2995 non
824 2943 1011 3012 gaudet
1056 2960 1201 3012 super
1249 2946 1533 3013 iniquitate,
1569 2950 1855 3018 congaudet

245 3042 419 3086 autem
470 3033 705 3099 veritati,
758 3035 932 3086 omnia
982 3034 1167 3102 credit,
1225 3038 1394 3090 omnia
1433 3049 1602 3104 sperat
1647 3039 1700 3109 (I
1733 3041 1856 3095 Cor.

242 3139 364 3189 xui,
407 3124 445 3178 4
492 3125 659 3195 seq.).
719 3124 784 3178 Et
840 3125 962 3180 inde
1017 3136 1118 3192 est,
1170 3129 1310 3197 quod
1363 3145 1631 3200 nunquam
1680 3131 1854 3187 cadet.

1949 1923 2079 1976 mini
2121 1925 2461 1989 sententiam,
2497 1935 2548 1977 et
2593 1926 2716 1978 trita
2745 1927 2829 1981 via
2862 1938 2943 1982 est
2973 1945 3091 1998 qua:
3131 1934 3425 2000 praecipitat
3472 1936 3524 1992 in

1949 2015 2275 2083 gehennam;
2335 2016 2532 2069 arctior
2575 2031 2701 2070 vero
2731 2027 2785 2072 et
2832 2017 3097 2075 difficilior
3121 2039 3239 2092 qua
3278 2027 3528 2082 sublimat

1950 2107 2012 2159 ad
2041 2106 2282 2176 gloriam.
2315 2108 2446 2172 Quze
2474 2111 2671 2162 causa?
2702 2108 2803 2162 nisi
2831 2111 2954 2178 quia
2983 2111 3065 2164 illa
3100 2115 3251 2168 multi
3281 2117 3529 2184 gradiun-

1951 2208 2056 2264 tur,
2087 2199 2185 2250 hac
2215 2198 2394 2265 pauci;
2419 2207 2474 2252 et
2493 2198 2612 2253 ideo
2642 2200 2959 2257 imminente
2982 2203 3092 2271 jam
3127 2209 3404 2273 praesentis
3431 2212 3529 2266 aevi

1951 2290 2202 2354 termino,
2241 2299 2295 2343 et
2337 2291 2467 2344 senii
2503 2290 2591 2345 die
2622 2307 2996 2364 usquequaque
3026 2296 3225 2363 vicino,
3265 2301 3403 2355 sicut
3433 2319 3532 2358 nos

1950 2384 2109 2435 etiam
2138 2381 2294 2436 docet
2318 2382 2566 2438 caesaries
2587 2382 2831 2452 detonsa,
2865 2387 2942 2441 vel
2965 2390 3231 2458 convenit,
3263 2407 3329 2448 ne
3360 2395 3413 2448 in
3445 2410 3533 2450 ve-

1954 2473 2158 2529 teribus
2207 2477 2362 2529 annis
2404 2475 2659 2543 juvenilia
2709 2476 2842 2531 facta
2891 2480 3228 2550 meditemur,
3279 2495 3437 2555 atque
3481 2488 3535 2543 in

1954 2563 2198 2619 confecto
2246 2579 2501 2636 corpore,
2543 2576 2597 2620 et
2647 2569 2807 2623 corde
2845 2569 3116 2642 decrepito
3160 2575 3536 2633 adolescentia:

1957 2664 2141 2724 regnet
2157 2656 2371 2724 cupido,
2394 2657 2460 2711 de
2476 2673 2578 2726 qua
2602 2659 2787 2727 judicii
2809 2671 3047 2732 tempore
3076 2665 3130 2719 in
3152 2666 3244 2721 illo
3262 2669 3537 2725 tremendo

1958 2758 2172 2801 :eternae
2192 2747 2609 2817 dispensationis
2639 2754 2912 2820 examine,
2943 2757 3156 2824 quando
3187 2757 3276 2813 ille
3300 2758 3538 2814 omnium

1959 2841 2260 2897 mortalium
2286 2843 2438 2896 testis
2465 2851 2519 2896 et
2550 2843 2715 2912 judex
2764 2861 2869 2900 non
2901 2847 3074 2902 solum
3111 2853 3299 2905 merita
3340 2851 3539 2919 ponde-

1958 2942 2170 2987 raturus
2200 2942 2254 2988 et
2285 2933 2444 3001 facta,
2472 2947 2654 2988 verum
2683 2937 2841 2990 etiam
2882 2939 3040 2994 verba
3081 2950 3162 2994 est
3206 2943 3542 3001 discussurus

1961 3033 2014 3078 ct
2061 3035 2201 3090 vota,
2227 3025 2375 3093 juxta
2420 3024 2856 3094 pollicitationem
2899 3043 3073 3097 suam,
3133 3046 3286 3102 aquae
3341 3034 3543 3106 frigida

1964 3117 2261 3185 praebitioni
2292 3117 2512 3172 daturus
2541 3129 2622 3173 est
2653 3121 2928 3189 premium
2952 3122 3167 3191 (Matth.
3201 3142 3253 3192 x,
3285 3127 3400 3196 41),
3423 3130 3544 3186 aliis

242 3213 472 3272 Patiens
502 3225 613 3281 est,
646 3216 767 3286 quia
798 3228 982 3272 contra
1012 3221 1332 3274 tentationes
1376 3222 1556 3276 saeculi
1601 3224 1681 3278 vel
1725 3240 1848 3293 pro-
1876 3219 1922 3282 C
1956 3210 2021 3264 de
2052 3211 2208 3265 οῑίοεί
2241 3211 2389 3265 verbi
2418 3211 2631 3267 Ιενίιθίθ
2658 3214 3006 3283 s"Pilumni;
3039 3232 3158 3274 1'605
3189 3236 3287 3275 nos
3313 3222 3411 3278 cui
3436 3239 3541 3277 non

241 3306 412 3361 cellas
457 3307 520 3360 in
573 3307 735 3362 Deum
785 3307 960 3362 delixa
1012 3318 1214 3378 perstat
1257 3311 1572 3379 immobilis;
1626 3315 1850 3386 benigna

239 3409 345 3462 est,
395 3399 534 3469 quia
591 3400 956 3468 proximorum
1008 3403 1330 3471 profectibus
1380 3406 1700 3470 delectatur;
1748 3425 1854 3465 non

1957 3303 2024 3357 de
2054 3305 2342 3372 perpetrati
2380 3303 2628 3358 facinoris
2660 3306 2950 3376 voluptate,
2996 3309 3187 3366 saltem
3229 3317 3296 3367 de
3342 3329 3540 3369 concu-

1958 3395 2229 3464 piscentia:
2260 3395 2530 3450 voluntate
2562 3398 2869 3452 constituat.
2918 3399 3051 3466 Quia
3077 3403 3161 3469 qui
3197 3404 3377 3457 viderit
3423 3421 3540 3458 mu—

235 3489 506 3557 inﬂatur,
543 3493 666 3560 quia
715 3508 818 3547 n0n
865 3495 1106 3562 superbit
1149 3495 1361 3563 humili;
1399 3513 1502 3551 non
1553 3500 1854 3567 tumulatur,

233 3584 365 3653 quia
423 3582 686 3638 invidere
731 3585 901 3638 nescit
941 3587 1168 3652 aequali;
1221 3603 1325 3640 mn
1371 3590 1561 3657 quaerit
1599 3605 1718 3660 qnzie
1763 3606 1858 3646 sua

229 3686 394 3744 sunt,
433 3676 578 3730 dum
608 3675 756 3742 juxta
787 3677 990 3730 Domini
1035 3663 1352 3732 sententiam
1383 3681 1484 3735 sibi
1514 3682 1674 3735 etiam
1707 3681 1862 3736 mini-

230 3785 364 3826 mos
409 3769 732 3836 anteponit,
773 3779 826 3824 et
852 3770 1078 3824 aliorum
1119 3771 1399 3825 commoda
1436 3773 1550 3826 suis
1597 3784 1863 3828 mercatur

233 3859 667 3924 incommodis;
702 3876 807 3914 non
839 3861 1034 3930 gaudet
1071 3875 1231 3928 super
1279 3863 1576 3932 iniquitate,
1610 3865 1730 3934 quia
1773 3866 1865 3919 lte-

235 3954 346 4009 tari
395 3950 517 4007 nisi
555 3952 778 4006 fratrum
813 3953 1166 4021 prosperitate
1197 3968 1301 4007 non
1336 3955 1516 4019 novit;
1567 3957 1866 4026 congaudet

236 4058 431 4102 autem
466 4044 718 4111 veritati,
746 4047 867 4115 quia
893 4047 1119 4100 amicum
1155 4048 1382 4110 sincera,
1417 4063 1520 4104 non
1569 4050 1738 4105 fucata
1779 4052 1862 4106 di-

234 4139 496 4194 lectione
541 4145 854 4199 veneratur,
900 4151 996 4190 nec
1037 4137 1167 4190 falsa
1205 4137 1509 4195 adulatione
1549 4141 1862 4208 subsannat,

239 4231 338 4286 sed
368 4245 518 4286 vero
553 4229 764 4283 honore
795 4229 1155 4284 concelebrat.
1202 4229 1392 4283 Omnia
1435 4233 1624 4300 credit,
1661 4234 1780 4302 quia
1813 4236 1866 4290 in

237 4322 449 4379 divinis
475 4319 761 4376 mandatis
781 4320 1162 4390 promissisque
1195 4323 1435 4389 conlidit,
1459 4334 1511 4378 et
1546 4323 1666 4379 ideo
1691 4327 1868 4381 omnia

239 4415 535 4484 speravit,
603 4414 726 4482 quia
782 4427 876 4480 pro
930 4412 1165 4466 minimis
1220 4429 1432 4484 magna,
1496 4431 1592 4484 pro
1649 4417 1870 4473 caducis
1975 4408 2701 4477 Ρΐῖἓίθΐίῑθοοοηιεηιηθωυε
2729 4413 3234 4482 Ρηεδθηῑίίδιίυῐυη
3259 4417 3555 4485 cupiam“,

238 4522 557 4580 perpetua,
593 4521 692 4575 pro
729 4506 1110 4575 temporalibus
1143 4515 1342 4561 aeterna
1383 4509 1482 4562 sibi
1525 4509 1868 4566 retribuenda
1979 4502 2356 4558 obliviscamur
2381 4503 2435 4556 in
2465 4501 2639 4568 factis,
2670 4505 3014 4562 recordemur
3039 4507 3092 4562 in
3116 4509 3477 4576 conscientiis,
3505 4521 3562 4565 ut

241 4618 353 4657 non
389 4599 666 4669 ambigit.
710 4597 989 4667 Nunquam
1018 4599 1190 4663 cadit;
1221 4600 1341 4669 quia
1374 4600 1647 4656 humilitas
1678 4604 1874 4658 habere
1898 4599 1952 4661 Ι)
1979 4609 2137 4649 omne
2169 4606 2442 4663 Peccatum
2472 4597 2624 4650 "Obis
2655 4599 2915 4652 "loriam"
2944 4598 2995 4653 Ῑη
3027 4599 3155 4665 Vim.
3189 4602 3330 4655 νίνθι
3365 4602 3420 4656 in
3451 4615 3564 4670 Ρω-

234 4681 351 4749 ἰιοη
400 4699 610 4763 potest
653 4702 857 4754 casum,
900 4677 1022 4744 cum
1066 4689 1259 4744 habeat
1306 4705 1522 4760 semper
1564 4706 1869 4759 ascensum,
1980 4686 2236 4742 nitentia:
2271 4702 2410 4741 nunc
2436 4689 2763 4743 seminemus
2795 4689 2848 4742 in
2877 4690 3024 4756 ﬂetu,
3055 4693 3195 4760 quod
3223 4693 3561 4760 postmodum

239 4799 295 4840 οι
339 4803 477 4842 cum
533 4783 744 4853 iugiter
785 4782 996 4838 excelsa
1049 4783 1356 4846 meditetur,
1413 4784 1653 4839 habitare
1698 4797 1875 4841 tamen
1982 4791 2247 4834 metamus
2278 4780 2333 4832 in
2361 4779 2571 4848 gaudio.
2598 4780 2731 4846 Quia
2763 4790 2972 4848 tempus
3011 4782 3168 4850 hujus
3191 4785 3314 4838 vita:
3352 4794 3567 4853 tempus

241 4880 294 4932 in
338 4875 696 4933 sublimibus
736 4889 842 4928 non
873 4873 1177 4942 przcsumit;
1224 4889 1345 4927 cum
1397 4875 1734 4929 conversatio
1764 4875 1846 4944 eju

1985 4867 2069 4926 est
2095 4871 2292 4938 operis,
2319 4869 2432 4922 dies
2458 4885 2586 4924 vero
2617 4870 2980 4927 retributionis
3006 4883 3214 4941 tempus
3240 4883 3320 4929 est
3354 4877 3562 4945 messis,

246 4972 539 5024 habeatur
581 4968 638 5019 in
669 4965 840 5033 cmlis,
876 4965 989 5034 ipsa
1025 4974 1199 5019 tamen
1229 4965 1436 5017 videtur
1465 4964 1740 5020 adhaerere
1774 4975 1882 5019 ter-
1986 4963 2200 5033 quando
2239 4961 2356 5016 sine
2393 4961 2554 5016 dubio
2595 4962 2697 5017 hoc
2726 4965 3012 5034 unicuique
3041 4967 3318 5034 apparebit
3363 4968 3416 5022 in
3452 4985 3568 5039 ger-

245 5070 436 5132 rems;
497 5061 740 5119 excelsa
786 5074 950 5128 opera
998 5066 1176 5112 mente
1223 5057 1427 5126 dcjecta
1482 5058 1705 5123 habens,
1745 5059 1883 5113 unde
1990 5055 2154 5119 mine,
2184 5053 2324 5124 quod
2354 5069 2493 5109 nunc
2517 5055 2718 5124 spargit
2746 5055 2798 5109 in
2828 5057 3050 5112 semine.
3085 5057 3232 5114 Sicut
3261 5059 3569 5130 aitquidam

245 5160 541 5228 glorietur
579 5156 639 5209 in
668 5153 916 5222 Domino,
948 5168 1045 5207 nec
1074 5162 1249 5207 tamen
1277 5151 1562 5205 extollatur
1587 5152 1637 5205 in
1664 5155 1880 5209 seculo.
1989 5159 2293 5204 sauciorum
2321 5166 2334 5202 ε
2369 5147 2710 5219 Respondebit
2741 5150 2865 5203 mihi
2892 5167 3008 5205 ειάε
3036 5152 3244 5222 ,Ῑυδιὶιία
3282 5169 3392 5208 mea
3418 5152 3569 5223 (Cen-

246 5252 383 5307 llaec
413 5251 556 5321 quia
584 5247 796 5318 jussiin
823 5249 1076 5311 scribere,
1103 5263 1206 5300 non
1231 5261 1327 5316 pro
1351 5247 1651 5302 eruditione
1678 5257 1884 5312 nostra,
1996 5259 2123 5309 xxx,
2155 5243 2264 5314 33).
2297 5244 2429 5298 Cras
2455 5245 2638 5315 utique
2664 5243 2805 5299 diem
2838 5244 3248 5301 resurrectionis
3277 5248 3570 5318 appellans.

246 5345 346 5398 sed
383 5358 496 5413 pro
528 5339 853 5409 dignatione
877 5348 1076 5403 vestra,
1107 5339 1441 5407 praesumpsi.
1479 5337 1725 5393 Vestrum
1761 5354 1888 5394 Vero
1998 5335 2123 5391 Haec
2148 5351 2264 5400 vos,
2297 5336 2487 5390 fratres
2509 5337 2712 5405 Optimi,
2755 5352 2858 5390 non
2904 5337 3191 5405 pontificali
3238 5342 3573 5406 auctoritate,

247 5447 336 5492 est
363 5451 478 5490 nos
505 5432 757 5488 edocere
785 5431 979 5493 verbis,
1007 5438 1060 5482 et
1084 5430 1149 5483 ad
1177 5431 1310 5483 hanc
1341 5429 1583 5484 eamdem
1615 5432 1887 5485 caritatem
1997 5430 2090 5486 sed
2149 5430 2382 5485 fraterna
2442 5431 2636 5498 pietate
2690 5429 2916 5484 lidenter
2957 5431 3194 5487 scribere
3244 5431 3574 5488 unanimitati

249 5541 592 5598 provocare
627 5539 841 5594 semper
869 5521 1149 5591 exemplis.
1191 5522 1322 5588 Quia
1355 5521 1593 5588 dilectio,
1623 5540 1738 5592 quae
1769 5532 1892 5581 ante
2000 5533 2213 5589 vestras,
2237 5523 2462 5578 Caritate
2492 5522 2751 5587 dictante,
2784 5524 3245 5592 praesumpsimus,
3277 5527 3365 5593 qui
3389 5533 3449 5578 ut
3486 5538 3574 5579 vo-

251 5622 666 5694 cognitionem
729 5625 912 5672 mutuo
956 5618 1094 5671 inter
1139 5616 1388 5670 absentes
1447 5616 1755 5685 epistolario
1807 5619 1886 5670 in-
2002 5617 2085 5674 bis
2113 5619 2194 5674 vel
2219 5618 2358 5674 circa
2389 5632 2484 5673 vos
2516 5631 2621 5672 non
2671 5615 2944 5671 dictatoris
2984 5617 3283 5687 ingenium,
3337 5616 3430 5671 sed
3465 5631 3570 5686 ger

1961 3489 2133 3541 liorem
2155 3488 2220 3540 ad
2251 3490 2730 3558 concupiscendum,
2769 3491 2878 3558 iam
2917 3493 3189 3547 mtechatus
3233 3505 3307 3549 est
3343 3513 3456 3550 eam
3494 3498 3547 3550 in

1962 3582 2114 3632 corde
2150 3597 2242 3632 suo
2278 3580 2490 3649 (Matth.
2525 3597 2575 3644 ν,
2607 3580 2720 3650 28).
2762 3583 2911 3648 Quod
2934 3594 2986 3638 et
3026 3587 3091 3638 de
3120 3587 3278 3641 rebus
3303 3589 3548 3642 omnibus

1964 3673 2084 3726 aliis
2135 3674 2384 3726 similiter
2431 3674 2718 3728 observare
2773 3690 2869 3728 nos
2912 3678 3185 3740 convenit,
3232 3687 3290 3732 ut
3327 3681 3549 3747 singulis

1965 3763 2286 3831 appetentis:
2320 3765 2559 3833 partibus
2594 3765 2877 3821 imbecillis
2909 3767 3066 3836 hujus
3095 3771 3337 3838 corporis
3364 3772 3551 3840 anip'u-

1968 3856 2092 3910 tatis
2121 3855 2314 3909 talibus
2354 3855 2631 3923 membris,
2655 3858 2733 3911 sic
2764 3857 2990 3924 debiles,
3029 3871 3080 3915 et
3119 3870 3293 3917 tamen
3336 3863 3549 3935 integri,

1968 3947 2145 4018 potius
2176 3947 2503 4002 introeamus
2544 3948 2596 4001 in
2631 3963 2876 4018 regnum,
2899 3965 3058 4018 quam
3096 3953 3254 4019 salvi,
3289 3964 3345 4009 et
3372 3964 3549 4010 tamen

1968 4039 2186 4108 perditi,
2219 4040 2271 4093 in
2300 4050 2559 4094 aeternum
2584 4041 2928 4109 projiciamur
2952 4041 3276 4100 incendium.
3310 4046 3406 4100 His
3432 4062 3550 4102 om-

1970 4131 2127 4186 nibus
2163 4132 2447 4186 salubriter
2475 4136 2812 4200 pertractatis
2839 4148 2893 4190 et
2936 4137 3037 4191 rite
3082 4141 3397 4209 perspectis,
3427 4142 3553 4195 dum

1972 4223 2278 4278 tribuuntur
2321 4223 2568 4290 induciae,
2616 4224 2944 4283 declinemus
2988 4243 3018 4282 a
3061 4230 3224 4295 malo,
3256 4240 3310 4286 et
3353 4231 3553 4287 bonum

1973 4314 2308 4370 incessanter
2347 4329 2632 4385 operemur
2675 4315 2816 4387 (Gal.
2874 4335 2949 4384 vt,
3001 4321 3124 4389 i0);
3178 4323 3558 4380 obliviscamur

335 5814 364 5844 ⁸
401 5805 736 5875 Episc0pus
761 5799 857 5854 fuit
879 5799 1204 5856 Arelatensis
1229 5799 1294 5854 de
1319 5813 1422 5868 quo
1451 5797 1607 5867 epist.
1635 5798 1688 5852 8.
1715 5795 1871 5850 BABN.

3529 5877 3575 5897 ..Ι
