4086 6328
507 353 578 412 aa
1845 320 2097 387 nuntcn
2138 325 2443 387 EPISCOPI
3682 278 3794 365 too

510 468 652 527 mani
696 467 1042 538 probaremus
1084 458 1352 515 affectum.
1387 454 1627 510 Salutem
1665 450 1843 519 itaque
1891 446 2094 514 dicens,
2123 448 2181 512 λ
2765 436 2981 495 EPIST.
3021 432 3209 493 XVIII.

507 574 661 632 rogo,
700 558 836 613 sicut
879 555 1187 625 promittere
1244 547 1444 619 dignati
1483 545 1636 609 estis,
1698 542 1889 596 lihrutn
1940 539 2095 594 nobis

511 654 569 707 S.
600 648 880 720 Augustini
912 645 977 699 de
1022 643 1235 697 Civitate
1280 639 1373 691 Dei
1409 652 1500 706 per
1551 633 1865 705 portitorem
1910 632 2097 685 harum

514 753 628 802 sine
654 744 909 800 dilatione
929 737 1173 794 mittatis.
1209 734 1373 803 Cujus
1403 731 1529 786 dum
1565 743 1663 783 nos
1695 726 1927 782 lectione
1971 724 2100 779 tedi-

515 840 682 892 ticatis
726 838 776 890 in
822 833 1005 898 terris,
1039 815 1191 883 vobis
1235 824 1475 896 ejusdem
1516 819 1748 877 civitatis
1797 818 2099 874 habitacula

516 926 826 998 pt'aaparetis
855 925 909 978 in
938 919 1111 987 caelis,
1135 918 1200 973 ad
1231 930 1387 986 quam
1422 924 1599 968 tamen
1630 910 1787 965 aliter
1815 908 2102 979 pervenire

520 1037 622 1074 non
648 1029 953 1089 possumus,
976 1011 1083 1066 nisi
1110 1007 1347 1064 caritatis
1375 1003 1629 1076 gradibus
1648 998 2100 1056 conscendamus.

517 1113 650 1179 Quia
674 1111 787 1180 ipsa
820 1117 903 1161 cst
931 1103 1253 1161 eminentior
1282 1099 1387 1167 via,
1418 1112 1540 1166 qua:
1569 1110 1666 1150 vos
1687 1092 1820 1150 etin
1844 1092 1943 1146 hac
1962 1089 2107 1159 posi-

520 1181 601 1259 tos
624 1205 791 1255 sociat
821 1200 951 1264 Deo,
1000 1206 1054 1251 et
1083 1195 1149 1250 de
1190 1192 1359 1263 posita
1394 1187 1634 1258 perducit
1679 1184 1746 1239 ad
1790 1183 1978 1237 Deum.
2030 1181 2109 1235 De

522 1312 621 1367 qua
649 1296 804 1349 etiam
849 1290 1105 1361 propheta
1146 1292 1389 1347 testatur,
1421 1279 1696 1335 Ambulmtt
1738 1276 1803 1329 de
1833 1277 2015 1329 virtute
2054 1275 2108 1326 in

522 1390 755 1442 virtutrnt
774 1404 791 1449 ;
808 1382 1056 1437 videbitur
1080 1377 1218 1431 Deus
1237 1378 1443 1431 decium
1462 1375 1513 1425 in
1535 1371 1665 1424 Sion
1689 1367 1861 1440 (Psal.
1881 1380 2105 1432 LXXXIII,

523 1481 601 1550 8).
626 1458 979 1544 Quamobrem
1013 1473 1098 1526 hic
1120 1470 1343 1541 collyrio
1370 1467 1633 1521 bonorum
1675 1476 1897 1530 operum
1923 1458 2110 1513 oculos

523 1549 699 1627 cordis
728 1580 997 1630 acuamus,
1030 1574 1083 1617 ut
1113 1564 1217 1616 illic
1248 1562 1411 1614 Deum
1438 1556 1621 1611 videre
1645 1553 1932 1624 possimus.
1966 1549 2105 1617 Quia

525 1660 812 1717 secundum
862 1654 1228 1726 livanchium,
1261 1649 1409 1704 Beati
1442 1646 1632 1700 mundo
1664 1645 1835 1709 corde,
1871 1642 2113 1713 quoniam

528 1757 693 1810 Deum
722 1753 956 1807 videbunt
990 1748 1204 1819 (Matth.
1227 1763 1285 1814 v,
1311 1745 1386 1815 8).
1421 1743 1498 1797 Ac
1527 1739 1751 1812 proinde
1779 1746 1992 1809 oportet
2030 1735 2115 1790 hic

528 1848 801 1903 interioris
828 1844 1059 1897 hominis
1097 1846 1429 1908 praeparetur
1466 1834 1709 1898 intuitus,
1752 1844 1806 1887 ut
1850 1830 1963 1886 illic
2006 1843 2112 1885 non
2142 1826 2195 1899 ᾖ

536 1937 858 1992 hebetentur
884 1933 1119 1987 obtutus.

1108 2058 1329 2117 EPIST.
1368 2022 1534 2113 XVII.

530 2163 750 2219 Domino
794 2171 967 2215 sancta
998 2174 1056 2211 ac
1094 2154 1375 2209 beatissimo
1427 2160 1473 2205 et
1522 2149 1649 2202 mihi
1687 2144 1937 2219 peculiari
1981 2146 2125 2219 cultu

602 2216 887 2302 dilectuque
914 2228 1206 2302 specialiter
1242 2222 1523 2278 excolendo
1550 2216 1707 2291 'papte
1738 2227 1763 2254 ⁸
1801 2216 1993 2272 Sedatc
2019 2218 2127 2287 epi-

605 2299 756 2374 scOpo
788 2299 1026 2356 Ruricius
1051 2299 1337 2367 episccpus.

608 2394 843 2481 Culpatis
872 2426 957 2465 me
1002 2408 1222 2477 saepius,
1270 2416 1323 2461 et
1360 2402 1605 2460 crebrius
1646 2400 1945 2471 imptttatis,
1986 2397 2127 2468 quod

536 2506 825 2563 individua:
854 2502 983 2557 mihi
1012 2502 1066 2556 in
1093 2499 1307 2554 Christo
1332 2498 1565 2552 Domino
1587 2493 1903 2550 beatitudini
1934 2484 2129 2547 vestiat

537 2583 812 2671 hucusque
842 2613 946 2652 non
977 2592 1309 2664 scripserim.
1345 2590 1562 2646 Utinam
1593 2588 1671 2643 sic
1710 2596 1855 2642 esset
1902 2585 2128 2641 facultas

537 2692 786 2755 faciendi,
816 2691 956 2745 sicut
980 2697 1065 2743 est
1089 2686 1336 2741 voluntas
1366 2682 1657 2746 scribendi,
1684 2688 1741 2734 et
1764 2680 1981 2743 caritas,
2012 2690 2131 2747 quae

539 2768 700 2841 corde
723 2782 1041 2851 concipitur,
1067 2794 1161 2833 ore
1185 2788 1482 2847 promatur.
1503 2772 1611 2830 Sed
1633 2772 1723 2827 ubi
1744 2772 1897 2826 deest
1917 2769 2129 2838 effatus,

540 2879 661 2951 silet
690 2876 934 2939 affectus,
962 2882 1017 2927 et
1040 2872 1177 2925 intra
1210 2869 1442 2924 latebras
1476 2866 1707 2936 pectoris
1753 2872 2005 2919 contenta
2049 2856 2133 2917 est

539 2949 621 3024 sui
651 2949 1000 3033 Conscientia,
1031 2978 1089 3020 se
1111 2977 1217 3018 non
1235 2975 1352 3015 esse
1382 2960 1436 3014 in
1463 2958 1751 3014 dilectione
1777 2953 2124 3025 culpabilem,

542 3042 640 3119 etsi
675 3061 735 3131 in.
758 3058 1059 3113 officiorum
1109 3053 1466 3110 redhibitione
1504 3065 1563 3105 se
1600 3063 1708 3105 non
1740 3049 1914 3102 cernit
1959 3054 2136 3115 aequa.

543 3153 670 3208 lem.
699 3151 833 3219 Quia
873 3147 1116 3212 conﬁdit,
1144 3146 1284 3217 quod
1319 3144 1461 3200 sicut
1509 3143 1622 3212 ipsa
1661 3154 1899 3195 amorem
1950 3137 2130 3193 fratris

2554 533 2748 589 Sancta
2763 531 3001 587 Ruricius
3018 531 3174 584 cliens
3194 536 3429 597 patrono.

2417 626 2632 689 Sedato,
2667 624 2884 678 monitis
2913 636 3108 691 parens
3140 619 3395 691 paternis,

2412 697 2601 753 Grates
2621 695 2877 760 concinit,
2903 704 2959 749 et
2988 694 3147 748 refert
3181 692 3429 746 salutem.

2413 771 2581 834 Quem
2610 766 2823 821 blandis
2858 757 3104 835 precibus
3131 772 3307 831 rogat,
3342 757 3601 824 timendo,

2412 832 2489 894 Ne
2512 837 2624 894 fors
2649 832 2927 906 displiceat
2958 832 3089 890 levis
3118 848 3382 906 camrena,
3470 839 3481 848 ‘

2417 909 2574 964 Tanti
2601 904 2800 978 judicio
2828 908 3002 978 minor
3030 904 3284 978 magistri.

2417 982 2529 1035 Hoc
2554 973 2615 1034 tn
2635 978 2922 1033 luminibus
2949 976 3122 1031 libens
3144 973 3174 1012 1'
3206 986 3441 1039 reversa,

2422 1051 2533 1107 Hoc
2561 1052 2763 1107 sanctis
2792 1049 3036 1103 manibus
3062 1047 3311 1116 frequens
3340 1043 3573 1108 revolvo,

2421 1123 2531 1178 Hoc
2559 1134 2613 1176 ttt
2645 1121 2771 1177 dum
2798 1120 3016 1189 relegis,
3045 1122 3147 1173 ntei
3178 1125 3471 1189 memento,

2428 1193 2510 1249 Me
2530 1207 2744 1262 semprr
2769 1187 2989 1256 recolat,
3013 1198 3273 1257 canatque
3308 1187 3505 1256 lingua,

2427 1267 2490 1318 Et
2518 1279 2667 1319 mens
2694 1278 2780 1317 me
2812 1271 3009 1328 teneat,
3039 1273 3199 1328 sopor
3227 1268 3477 1323 retentet,

2424 1336 2504 1390 Mc
2526 1350 2737 1404 semper
2760 1333 2965 1389 recinat
2991 1341 3137 1385 tuum
3160 1329 3435 1404 laheilum.

2433 1408 2539 1461 llos
2570 1415 2622 1460 tu
2646 1402 2951 1460 _visceribus
2980 1404 3081 1470 piis
3110 1402 3359 1463 reconde.

2430 1478 2535 1531 llos
2564 1484 2702 1531 tecto
2734 1473 2997 1536 residens,
3028 1472 3273 1541 viamque
3300 1486 3547 1540 carpens,

2439 1551 2543 1602 llos
2579 1553 2715 1603 inter
2745 1547 2963 1611 calices,
2993 1544 3109 1597 foro
3137 1543 3474 1609 recumbens,

2438 1621 2505 1674 Et
2533 1633 2720 1688 parcas
2747 1618 2932 1686 epulas
2964 1616 3218 1688 cibquue
3246 1615 3449 1688 dulces,

2430 1686 2601 1746 Ant‘ro
2626 1689 2855 1757 pectoris
2881 1698 2935 1742 et
2964 1687 3196 1741 medulla
3228 1686 3408 1739 cordis

2433 1763 2671 1817 Inclusus
2699 1762 2890 1824 recita,
2918 1768 3144 1813 canente
3168 1765 3370 1817 mente,

2434 1835 2525 1889 Sic
2552 1847 2650 1886 nos
2678 1841 2733 1886 et
2767 1841 2981 1884 mutuos
3012 1830 3192 1882 videre
3223 1831 3420 1890 vultus,

2440 1907 2505 1960 Et
2526 1902 2664 1956 vivis
2690 1902 2887 1956 tribuat
2917 1900 3116 1955 referre
3144 1898 3345 1963 verbis,

2438 1977 2568 2044 Quae
2600 1988 2741 2028 nunc
2770 1972 2954 2027 intima
2981 1970 3213 2044 pectoris
3241 1970 3481 2037 fatigant,

2439 2042 2685 2115 Largitur
2714 2043 3115 2115 Deuspomnium
3149 2042 3435 2115 bonorum,

2444 2109 2687 2171 Christus
2710 2130 2831 2168 cum
2856 2113 3015 2167 Patre
3036 2109 3365 2181 sempiterno
3395 2122 3625 2179 regnans

2442 2188 2639 2243 Sancto
2670 2184 2891 2254 Spiritui
2918 2184 3200 2253 dignantes
3232 2182 3478 2254 hymnos.

2761 2256 2924 2310 iniunt
2944 2270 3137 2310 versus.

2818 2390 3037 2447 EPIST.
3078 2389 3215 2444 XIX.

2232 2496 2453 2551 Domino
2481 2494 3071 2565 individttoAsemperque
3099 2493 3369 2564 magniﬁco
3398 2493 3508 2563 ﬁlio
3550 2503 3573 2532 ε
3606 2492 3817 2548 Rustica

2746 2563 2995 2620 Ruricius
3012 2563 3303 2636 episcopus.

2305 2678 2735 2751 lnquieludinem
2770 2679 2900 2733 mihi
2937 2680 3004 2735 ab
3040 2680 3181 2748 aliis,
3213 2689 3266 2735 et
3308 2679 3471 2734 vobis
3499 2694 3530 2734 a
3574 2694 3666 2735 me
3701 2679 3819 2736 facit

2233 2777 2466 2831 amicitia
2491 2775 2813 2830 communis.
2842 2775 2977 2842 Quia
3007 2776 3097 2847 qui
3131 2791 3213 2830 me
3242 2775 3381 2845 apud
3416 2789 3534 2838 vos,
3566 2790 3679 2830 non
3705 2774 3820 2829 dim

2234 2869 2483 2937 multum,
2509 2871 2600 2923 sed
2649 2867 2828 2923 omnia
2858 2882 3016 2937 posse
3045 2866 3341 2928 confidunt.
3387 2866 3453 2920 ad
3481 2865 3821 2921 ecclesiolam

2235 2972 2471 3017 nostram
2501 2970 2597 3031 pro
2626 2976 2719 3016 sua
2762 2959 3047 3017 securitate
3072 2958 3407 3030 confugiunt.
3439 2958 3678 3025 Quorum
3718 2971 3821 3011 non

2236 3067 2454 3123 possum
2482 3068 2588 3107 non
2619 3062 2672 3107 et
2693 3051 2981 3107 condolere
3001 3052 3311 3123 gemitibus,
3337 3060 3391 3106 et
3415 3050 3672 3118 precibus
3696 3050 3820 3103 obe-

2236 3145 2377 3209 dire,
2408 3156 2467 3200 ut
2497 3160 2592 3215 pro
2623 3146 2858 3213 ipsorum
2881 3143 3097 3215 quidem
3130 3152 3303 3209 reatu,
3330 3142 3424 3198 sed
3446 3150 3502 3197 et
3523 3156 3621 3211 pro
3647 3150 3821 3195 vestro

546 3246 598 3299 in
630 3257 691 3299 se
712 3241 795 3298 sui
823 3240 1157 3310 conjectione
1188 3237 1497 3307 persentiat,
1534 3234 1605 3288 ita
1631 3243 1684 3288 et
1709 3233 1938 3301 diligens
1967 3231 2131 3285 frater
2154 3207 2203 3271 (ἶ
2236 3238 2437 3306 pariter
2456 3207 2719 3306 profectu,
2742 3207 2986 3305 potestati
3012 3243 3205 3292 vestra:
3231 3207 3486 3290 attentius
3509 3207 3823 3304 supplicem.

545 3350 667 3393 eum
706 3333 952 3390 similiter
991 3332 1160 3402 possit
1203 3345 1271 3386 ex
1312 3344 1406 3385 sua
1452 3326 1739 3383 dilectione
1782 3338 2127 3395 cognoscere.

545 3428 681 3494 Quia
711 3426 852 3481 nulla
880 3439 939 3479 re
978 3423 1170 3478 melius
1199 3421 1423 3476 aliorum
1449 3419 1688 3474 cordium
1718 3426 1947 3482 secreta,
1972 3429 2129 3484 quam

546 3533 865 3576 arcanorum
898 3527 1203 3571 nostrorum
1228 3513 1679 3582 contemplatione
1700 3510 1970 3565 metimur.
1995 3507 2133 3562 Tan-

547 3620 659 3666 tum
706 3609 847 3665 enim
880 3622 980 3662 nos
1008 3606 1235 3661 caritate
1265 3603 1559 3675 diligimus.
1594 3602 1752 3657 Parui
1788 3601 1965 3672 itaque
2004 3599 2133 3669 peti-

547 3703 677 3760 tioni
704 3712 919 3767 veStrzc,
954 3699 1101 3770 parui
1142 3698 1394 3768 jussioni,
1429 3705 1486 3751 ut
1513 3697 1990 3768 qualibuscumque
2020 3710 2133 3750 ser-

548 3798 794 3855 monibus
821 3804 1069 3865 contexta
1107 3793 1259 3848 vobis
1286 3792 1483 3861 scripta
1516 3790 1970 3853 transmitterem;
2015 3802 2134 3857 quae

548 3904 669 3965 vos,
696 3888 741 3942 si
771 3902 867 3942 nos
890 3885 1226 3954 simpliciter,
1250 3892 1315 3938 tit
1338 3881 1574 3947 conﬁdo,
1603 3880 1839 3950 diligitis,
1885 3888 1976 3935 aut
2008 3894 2136 3934 con-

550 3978 728 4037 festim
749 3976 1018 4044 delebitis,
1054 3989 1123 4031 ne
1151 3973 1293 4045 quod
1320 3972 1474 4027 vobis
1503 3971 1656 4025 cordi
1696 3978 1799 4035 est,
1841 3970 1959 4024 aliis
2005 3970 2137 4023 inci-

550 4072 663 4143 piat
691 4085 811 4127 esse
852 4067 1157 4137 despectui;
1189 4065 1313 4137 quia
1352 4080 1459 4119 non
1502 4064 1691 4133 inquali
1733 4062 1934 4133 judicio
1984 4074 2138 4116 amor

552 4163 722 4239 audit,
752 4161 1055 4217 etodium:
1089 4167 1179 4214 aut
1224 4166 1372 4213 certe
1412 4154 1564 4212 vobis
1603 4148 1810 4210 tantum
1854 4153 2135 4224 relegendo

552 4253 855 4318 servabitis,
886 4262 943 4306 ut
971 4249 1182 4321 quoties
1222 4249 1278 4304 in
1310 4247 1464 4304 vobis
1497 4247 1713 4302 videndi
1758 4259 1856 4302 nos
1900 4247 2137 4303 caritatis

555 4346 692 4415 ignis
732 4345 954 4410 exarsit,
996 4342 1321 4399 desiderium
1356 4348 1593 4396 vestrum
1634 4352 1819 4396 eorum
1875 4338 2139 4412 colloquio

557 4437 885 4508 temperetis.
916 4436 1245 4504 Quinetiam
1292 4442 1351 4489 ut
1391 4433 1590 4488 amoris
1639 4434 1809 4489 nostri
1856 4434 1996 4489 circa
2044 4446 2140 4489 vos

555 4528 920 4585 sinceritatem
943 4526 1151 4597 plenius
1174 4525 1490 4595 nosceretis,
1516 4524 1763 4594 iniuriam
1788 4526 1983 4581 inferre
2007 4542 2140 4595 prte-

2235 3329 2345 3385 Nec
2393 3328 2605 3384 mireris
2637 3326 2779 3399 quod
2825 3328 2932 3383 dixi
2983 3328 3201 3384 illorum
3234 3337 3437 3383 reatum
3475 3327 3541 3381 ad
3588 3338 3823 3383 vestrum

2238 3421 2507 3491 pertinere
2540 3422 2851 3491 profectum.
2904 3419 3181 3489 Siquidem
3234 3419 3442 3473 illorum
3492 3418 3820 3488 indulgentia

2238 3522 2416 3568 vestra
2447 3513 2501 3567 ﬁt
2533 3512 2709 3569 venia.
2741 3513 2889 3569 Sicut
2909 3523 2963 3568 et
2985 3512 3223 3582 inOpium
3255 3512 3568 3582 indigentia,
3602 3511 3821 3582 largien-

2240 3607 2369 3661 tium
2402 3618 2522 3661 esse
2562 3605 2799 3661 noscitur
2831 3596 3005 3675 capia.
3062 3605 3172 3660 Iloc
3201 3606 3343 3660 enim
3383 3603 3537 3659 nobis
3566 3604 3824 3659 retribue-

2237 3706 2324 3757 tur
2352 3700 2403 3755 in
2432 3700 2649 3770 judicio,
2676 3699 2817 3769 quod
2846 3700 3250 3769 praestiterimus
3279 3699 3330 3753 in
3362 3699 3588 3764 saeculo;
3617 3698 3824 3752 dicente

2238 3798 2356 3865 ipso
2389 3795 2614 3849 Domino
2653 3814 2665 3849 :
2707 3793 2977 3858 Dimittite,
3004 3803 3051 3848 et
3092 3794 3373 3847 dimittetur
3421 3794 3579 3855 vobis,
3617 3792 3737 3845 date
3781 3795 3826 3841 et

2239 3885 2446 3939 dabitur
2478 3886 2611 3939 vobis
2638 3880 2788 3956 (Luc.
2819 3901 2891 3951 vr,
2925 3884 3037 3955 38).
3067 3884 3133 3939 Et
3162 3884 3353 3939 iterum
3381 3902 3395 3938 ε
3440 3883 3501 3939 Si
3529 3881 3825 3937 ditttiseritis

2241 3978 2546 4051 hominibus,
2570 3989 2615 4031 et
2649 3974 2805 4031 Pater
2826 3988 2984 4031 vester
3014 3978 3225 4030 dititittet
3255 3978 3391 4032 vobis
3435 3985 3637 4047 peccata
3673 3984 3827 4030 vestra

2243 4064 2459 4138 (Matth.
2502 4084 2575 4135 γι,
2610 4067 2721 4137 Ili).
2766 4067 2919 4123 Unde
2963 4068 3242 4123 evidenter
3276 4068 3617 4139 agnoscimus
3668 4067 3824 4121 Deum

2244 4169 2484 4214 nOStrum
2501 4161 2819 4215 sententiam
2847 4175 2995 4215 suam
3022 4161 3074 4214 in
3098 4170 3277 4215 nostra
3300 4160 3546 4230 posuisse
3562 4171 3822 4215 censura:

2252 4252 2337 4321 qui
2383 4264 2599 4319 precum
2632 4263 2941 4307 nostiarum
2984 4240 3293 4309 misericors
3336 4264 3388 4309 et
3414 4254 3590 4323 justus
3620 4253 3826 4308 auditor

2244 4344 2495 4415 potestati
2526 4360 2637 4400 sua:
2668 4346 2733 4401 de
2772 4356 2955 4400 nostra
3007 4348 3231 4403 lenitate
3277 4346 3629 4417 praescripsit;
3678 4356 3732 4401 ut
3777 4345 3824 4397 in

2247 4454 2341 4494 eos
2372 4438 2770 4509 quodammodo
2804 4455 2909 4494 non
2954 4441 3173 4496 haberet
3206 4441 3295 4511 jus
3338 4440 3664 4511 severitatis,
3701 4450 3826 4509 quos

2247 4533 2332 4589 hic
2362 4534 2544 4590 avidos
2578 4550 2682 4589 non
2730 4535 3063 4604 perspexerit
3100 4536 3336 4591 ultionis.
3379 4535 3511 4603 Quia
3542 4535 3686 4605 quod
3721 4534 3825 4597 ipsis

555 4622 902 4690 sumpsimus.
936 4619 1068 4688 Quia
1098 4618 1229 4674 certi
1262 4633 1461 4673 sumus
1490 4618 1631 4688 quod
1667 4634 1771 4673 non
1808 4630 1911 4674 tam
1940 4620 2137 4676 diserta
2167 4596 2223 4659 Ῑ)
2247 4634 2348 4691 est,
2381 4627 2482 4681 hoc
2510 4636 2562 4680 et
2592 4640 2690 4681 nos
2718 4641 2837 4681 esse
2876 4626 3165 4683 desiderat.
3200 4596 3504 4684 Misericors
3533 4596 3645 4691 est;
3677 4596 3826 4681 mise-

554 4710 777 4782 cupiunt
820 4712 1024 4781 audire,
1066 4726 1225 4791 quam
1267 4710 1454 4777 fortia;
1490 4726 1596 4766 non
1649 4721 1755 4766 tam
1802 4712 2137 4782 voluptuosa,

551 4819 713 4875 quam
738 4819 883 4860 vera.
914 4805 1248 4873 Quapropter
1274 4803 1543 4861 credimus
1573 4806 1713 4875 quod
1741 4805 1919 4875 pietati
1953 4816 2144 4861 vestrae

554 4913 653 4953 nec
677 4897 948 4969 longitudo
981 4896 1187 4968 paginae
1217 4908 1416 4953 nostra;
1443 4897 1631 4953 atterat
1671 4898 1998 4964 satietatem,
2043 4914 2143 4955 nec

555 4989 788 5043 rusticus
830 5002 1011 5044 sermo
1054 4987 1362 5055 fastidium;
1396 4989 1626 5043 scientes
1650 4990 1791 5059 quod
1817 4998 2016 5059 quanto
2046 5005 2144 5045 nos

559 5082 788 5159 amplius
813 5081 1225 5149 ruminaveritis,
1261 5089 1407 5137 tanto
1437 5084 1685 5139 esurialis
1714 5084 2011 5141 ardentius.

633 5310 665 5384 ι.
685 5299 1321 5384 Fu_it_.‘ille'i‘iemat_isensis
1335 5298 1637 5370 episcOpus,
1666 5298 1731 5356 ad
1762 5316 1918 5372 quem
1949 5303 2144 5374 sepius

564 5371 781 5441 scripsit
811 5371 1075 5427 Ruricius.
1112 5373 1272 5428 Busa.

633 5439 846 5509 l’Alias,
867 5456 1088 5495 recurre.
1174 5506 1181 5509 Α

640 5522 662 5551 ε
708 5506 880 5583 Fuere
938 5511 1116 5579 plures
1172 5506 1374 5583 Rustici
1432 5529 1497 5569 eo
1549 5523 1811 5583 tempore.
1864 5516 2149 5573 Annalium

567 5578 969 5639 Massiliensium
1000 5578 1517 5653 scriptorBusticum
1548 5584 1646 5641 sibi
1664 5578 1826 5640 'linxit
1856 5587 2154 5643 Massilien-

568 5670 683 5711 sem
713 5654 1046 5722 episcopum,
1073 5652 1163 5722 qui
1192 5652 1289 5707 fuit
1314 5654 1493 5710 forsan
1520 5656 1802 5719 Narbonae.
1836 5657 2145 5713 Narbonen-

570 5728 652 5808 sis
672 5733 846 5778 autem
882 5723 1142 5808 secundas
1170 5725 1222 5778 in
1257 5725 1338 5780 his
1364 5725 1653 5782 Galliarum
1688 5728 1997 5797 provinciis,
2031 5739 2151 5798 post

572 5797 877 5868 episcopum
926 5796 1313 5866 Arelatensem,
1358 5805 1537 5867 partes
1588 5802 1825 5857 tenebat.
1868 5800 1963 5855 Est
2008 5796 2150 5857 illius

2248 4716 2485 4772 ric0rtles
2506 4717 2696 4787 quierit
2725 4716 2943 4773 dicens:
2978 4717 3157 4773 Estote
3174 4721 3402 4790 perfecti,
3437 4719 3570 4773 sicut
3601 4727 3647 4772 et
3680 4716 3826 4771 Pater

2248 4821 2406 4865 vester
2443 4811 2699 4882 perfectus
2745 4821 2819 4866 est
2855 4794 3069 4884 (Matth.
3114 4829 3166 4879 v,
3194 4812 3311 4884 48).
3352 4812 3600 4881 Quotidie
3629 4810 3825 4864 veniam

2252 4904 2598 4974 peccantibus
2629 4913 2681 4959 et
2723 4905 3147 4973 supplicantibus
3184 4905 3395 4969 tribuit;
3436 4904 3556 4960 ideo
3585 4911 3641 4958 et
3669 4899 3826 4958 indtt'-

2249 4992 2481 5067 gentiam
2508 5013 2535 5051 a
2569 4998 2937 5067 peccatoribus
2974 5000 3162 5068 poscit.
3200 4998 3352 5055 Unde
3379 5005 3435 5053 et
3468 4999 3708 5054 oratione
3735 4993 3826 5048 do-

2252 5090 2445 5143 minica
2472 5089 2640 5159 ipsius
2670 5089 2898 5146 dicimus
2928 5090 3208 5147 doctrina:
3244 5088 3454 5145 Dimitte
3491 5091 3636 5145 nobis
3671 5087 3825 5143 debita

2254 5306 2615 5390 Nampneqqis
2655 5312 2890 5390 ρῃὶξερρὶ
2934 5312 3000 5390 ad
3034 5313 3370 5390 Eucherium
3403 5314 3624 5390 epistola
3657 5329 3683 5367 a
3717 5312 3822 5390 Sir:

2257 5379 2635 5460 ntcndcetlita.
2663 5382 2767 5460 _Sed
2799 5379 2860 5460 is,
2894 5385 2985 5452 qui
3025 5384 3135 5452 jam
3167 5379 3451 5460 cpiscopus
3478 5386 3546 5441 ab
3570 5398 3707 5460 anno
3732 5383 3825 5460 450

2259 5448 2466 5504 obierat
2504 5452 2686 5518 procul
2729 5448 2923 5519 dubio,‘
2962 5448 3081 5509 cum
3111 5448 3370 5513 scriberei
3418 5457 3687 5523 Ruricius,
3722 5456 3826 5522 epi-

2258 5534 2453 5605 scopus
2499 5536 2601 5605 non
2644 5525 2761 5605 _nisi_
2793 5540 2881 5605 an:
2926 5526 3048 5581 470.
3092 5527 3239 5605 Fttit_
3267 5529 3399 5583 alter
3437 5527 3713 5605 ,Βητῃὶυῇ
3753 5526 3824 5577 vir

2258 5592 2478 5665 illustris
2520 5593 2931 5665 Burdigalensis,
2963 5612 3121 5665 quem
3162 5600 3278 5653 solo
3307 5598 3524 5653 nomine
3562 5596 3818 5665 Rusticum

2256 5660 2485 5729 appellat
2520 5660 2768 5719 Sidonius
2798 5683 2811 5718 :
2841 5660 3202 5722 Solo-nomine
3235 5669 3500 5724 Rusticum
3535 5670 3698 5723 video.
3738 5664 3822 5718 Hic

2256 5732 2357 5815 fuit
2399 5734 2667 5815 ad__q_tiem
2714 5739 2930 5808 scripsit
2974 5738 3221 5796 Ruricius
3262 5740 3520 5810 epistolas
3566 5739 3630 5795 t9
3674 5745 3723 5793 et
3760 5731 3820 5784 55

2257 5802 2414 5874 hujus
2443 5802 2579 5861 libri.
2616 5806 2772 5863 Busa.
