4086 6328
263 373 356 429 tot
1496 345 1986 436 Etit'Srounuu
2027 373 2158 433 LIB.
2203 381 2266 436 ιι.
3429 385 3528 455 tos

258 491 424 537 nostra
437 480 626 534 sicutet
639 495 731 535 nos
753 473 1051 536 dimittimus
1074 477 1385 570 debitoribus
1404 487 1589 541 nostris
1612 487 1824 559 (Matth.
1857 493 1907 555 Α
1935 505 2117 547 rarum
2151 494 2318 550 reddo
2348 506 2590 556 mutuum
2634 489 3006 574 sospitationis
3034 497 3266 566 ofﬁcium
3299 521 3354 568 et
3381 513 3525 570 sicut

257 573 328 640 vi,
362 573 469 642 I2).
498 569 704 640 Quibus
732 573 909 628 verbis
936 573 1236 630 durissimis
1271 561 1369 633 nos
1396 573 1622 636 vinculis
1659 581 1830 654 illiga-
1935 583 2004 656 ad
2048 600 2144 640 vos
2189 603 2374 644 rumor
2404 597 2677 662 pervenit,
2723 597 3054 657 sufﬁcienter
3094 621 3180 661 me
3221 608 3518 664 secundum

258 645 389 732 Inus,
410 665 506 719 nisi
526 663 664 735 quad
695 666 1011 736 pollicemur
1037 663 1356 738 implemus:
1384 669 1473 742 qui
1503 675 1558 728 et
1584 675 1679 742 per
1706 691 1832 744 pro-
1936 676 2333 760 miserationem
2364 679 2623 750 divinam,
2665 701 2770 742 non
2819 694 3111 748 secundum
3161 698 3354 752 merita
3401 715 3516 755 mea

256 758 461 830 phelam
489 758 568 811 sic
595 757 719 811 dicit
745 775 758 811 :
805 745 975 812 Homo
999 759 1195 814 homini
1227 763 1354 816 tenet
1386 763 1538 829 iram,
1577 774 1624 818 et
1660 783 1692 820 a
1723 759 1828 821 Do-
1937 751 2247 827 tribulatum
2278 788 2397 828 csse
2431 777 2694 854 signiﬁco.
2737 766 2870 848 Quia
2904 783 3018 852 ipse
3047 786 3136 855 qui
3167 789 3308 843 cibat
3340 792 3516 865 lacry-

254 853 386 904 mino
425 852 603 919 quierit
641 852 889 905 medelam
919 845 1107 924 (Eccli.
1153 871 1335 920 xxvnt,
1381 851 1459 926 5).
1493 858 1828 928 Quapropter
1934 861 2036 914 mis
2060 861 2109 916 in
2134 863 2351 920 minima
2378 851 2624 950 mensura
2647 868 2815 940 (Psal.
2846 878 3124 945 Lxstx,6),
3154 845 3514 953 castigatiorii,

249 957 341 1013 pro
369 943 602 1010 Baxone,
634 944 722 1012 qui
762 945 826 998 ad
857 946 1136 1002 ecclesiam
1163 959 1187 986 ει
1223 963 1424 1006 userca:
1454 953 1713 1023 cOnfugit,
1747 955 1828 1010 in-
1927 949 2076 1020 juxta
2108 955 2360 1038 pietatem
2393 943 2576 1028 suam,
2615 978 2708 1029 pro
2742 963 3114 1024 imbecillitate
3145 983 3360 1041 nostra,
3403 992 3520 1034 mo-

250 1045 510 1092 tercessor
528 1038 756 1102 accedo;
782 1043 1004 1109 sperans
1031 1055 1088 1095 ut
1112 1043 1338 1112 primum
1371 1060 1468 1114 pro
1491 1045 1582 1102 Dei
1611 1047 1819 1115 timore,

248 1128 431 1185 deinde
451 1145 550 1200 pro
581 1145 758 1186 n05tra
784 1132 1166 1190 iuterceSsione
1194 1137 1290 1205 ipsi
1317 1129 1534 1206 parcere
1563 1135 1821 1210 digneris.

245 1220 401 1292 Cujus
449 1222 786 1278 absolutione
814 1231 866 1280 et
906 1225 957 1279 in
1010 1228 1164 1281 nobis
1198 1217 1388 1284 tollere
1427 1225 1819 1295 eonfosionem,

242 1323 291 1369 et
307 1314 456 1369 vobis
488 1315 712 1386 potestis
731 1333 1040 1388 comparare
1069 1311 1390 1377 mercedem.

842 1413 1064 1485 EPIST.
1098 1429 1215 1485 xx.

415 1517 653 1573 Ruricius
681 1521 948 1589 episcopus
975 1518 1236 1590 Cnpilluto
1268 1522 1376 1590 ﬁlio
1406 1523 1644 1576 salutem.

301 1630 514 1700 Ingrata
537 1631 664 1684 mihi
694 1641 775 1686 est
815 1631 1144 1700 frequentior
1172 1634 1431 1701 aegritudo
1463 1651 1554 1690 ves
1582 1652 1673 1702 ra;
1699 1654 1817 1707 qua:

231 1724 352 1794 mihi
371 1724 534 1778 etiam
551 1724 888 1780 videtoresse
903 1725 1465 1794 commouitiodivina,
1492 1744 1592 1798 qua
1618 1730 1820 1784 mavult

231 1789 482 1870 Dominus
507 1824 688 1872 noster
720 1832 814 1887 pro
837 1831 932 1872 sua
963 1819 1158 1886 pietate
1184 1817 1480 1887 largissima
1507 1829 1816 1886 peccatores

229 1908 486 1978 castigare
536 1923 693 1977 quam
737 1909 994 1978 perdere;
1044 1917 1099 1963 ut
1126 1925 1260 1980 quos
1292 1927 1555 1966 annorum
1587 1923 1808 1967 Suorum

227 1981 605 2070 a'tasiongmva
629 1997 775 2052 nonb
799 2000 1068 2069 convenit,
1087 2003 1164 2055 vel
1196 1999 1475 2056 convincat
1503 2003 1808 2072 inﬁrmitas,

227 2099 277 2143 ut
303 2089 578 2159 deponant
605 2093 786 2146 szeculi
821 2091 1064 2162 byssum,
1099 2102 1152 2147 et
1191 2104 1406 2148 sumant
1439 2093 1694 2150 Ecclesia:
1726 2114 1817 2150 vc-

225 2181 558 2250 stimentum,
586 2182 727 2250 quod
754 2192 831 2236 est
861 2183 1119 2247 cilicium,
1158 2184 1498 2240 contritionis
1534 2185 1809 2242 indicium.

228 2272 350 2338 Quia
388 2290 479 2326 cor
527 2277 801 2327 contritum
839 2285 886 2328 et
933 2276 1260 2330 humiliatutn
1296 2277 1432 2332 Deus
1475 2297 1575 2332 non
1621 2281 1811 2350 spernit

224 2363 337 2432 (Ps.
371 2383 420 2432 L,
457 2367 574 2436 19).
601 2367 690 2422 Illo
723 2370 863 2423 cnim
898 2371 1038 2427 vadit
1061 2357 1125 2424 ad
1157 2369 1376 2438 caelum,
1404 2375 1491 2444 qui
1519 2390 1577 2428 se
1604 2363 1808 2429 collidit

221 2457 280 2527 ad
317 2460 514 2513 solum.
559 2462 690 2526 Qttia
730 2463 816 2530 qui
857 2479 911 2515 se
947 2451 1138 2516 exultat
1161 2461 1536 2530 humiliubitnr,
1571 2476 1614 2518 et
1641 2466 1728 2535 qui
1757 2483 1807 2520 se

222 2549 451 2606 humilia!
492 2555 805 2608 exatabitur
845 2555 1058 2626 (Matth.
1098 2572 1245 2624 χχιιι,
1277 2559 1385 2626 1'2).
1421 2557 1572 2613 Unde
1602 2569 1656 2614 et
1679 2557 1807 2613 dicit

215 2627 484 2712 paenitens
534 2647 621 2699 ille
663 2646 971 2714 perlectus:
1024 2649 1250 2702 Ait/imit
1298 2651 1584 2720 pavimento
1631 2650 1806 2703 anima

213 2750 339 2802 mea,
379 2737 627 2800 Domine,
658 2737 859 2805 viri/ica
884 2755 961 2791 me
989 2740 1267 2792 secundum
1292 2740 1492 2793 verbum
1516 2749 1657 2792 tuum
1683 2739 1801 2811 (Ps.

215 2843 392 2894 cum,
417 2830 543 2898 εὖ).
580 2831 715 2894 Quid
747 2840 849 2896 cst,
886 2833 1182 2886 secundum
1210 2831 1430 2886 verbum
1473 2843 1644 2899 tuutn,
1699 2833 1798 2887 nisi

218 2924 508 2977 secundum
555 2926 963 2990 promissionem
1013 2923 1190 2978 tuam?
1239 2923 1378 2994 quod
1419 2925 1507 2996 qui
1539 2941 1718 2980 coram
1751 2939 1800 2982 te

218 3027 429 3084 peccata
458 3032 486 3070 s
525 3033 553 3070 a
587 3017 818 3083 deflet-it,
849 3029 1205 3087 compunctus
1237 3019 1288 3072 in
1323 3019 1544 3087 mundo,
1593 3030 1648 3075 tu
1675 3037 1796 3074 eum

217 3108 462 3176 perducis
493 3110 543 3162 in
569 3127 754 3178 regno,
788 3111 872 3164 ubi
901 3112 1067 3180 possit
1102 3112 1355 3180 deinceps
1381 3122 1596 3167 eantare
1639 3128 1796 3166 secu-

216 3215 344 3254 rus:
379 3201 587 3254 Audiri!
620 3201 887 3266 Dominus,
920 3214 963 3256 et
1003 3205 1237 3257 misertus
1281 3215 1352 3258 est
1395 3203 1520 3257 mihi
1556 3221 1574 3256 .'
1619 3204 1789 3258 Domid

1931 1045 2056 1099 dum
2086 1048 2293 1118 statuit,
2323 1067 2388 1106 ne
2419 1052 2702 1112 inﬁrmitas
2733 1067 2914 1114 nostra
2948 1062 2998 1115 in
3032 1078 3221 1120 manus
3248 1082 3362 1123 suae
3390 1085 3514 1125 cor-

1930 1139 2172 1206 reptione
2202 1129 2478 1199 defecerit.
2513 1139 2743 1218 Ideoque
2775 1153 3004 1221 prepitia
3036 1157 3382 1215 miseratione
3416 1177 3513 1218 sua

1921 1231 2033 1301 jam
2067 1235 2486 1292 commodiorem
2532 1254 2652 1296 esse
2696 1258 2780 1296 me
2821 1246 3040 1310 nuntio;
3087 1251 3512 1308 conso’ationcm

1928 1323 2081 1377 vobis
2108 1326 2272 1381 vestri
2306 1331 2550 1411 mmroris
2591 1334 2778 1403 pagina
2809 1317 3088 1393 delerente
3121 1341 3510 1412 transmittens,

1927 1415 2100 1482 utqui
2149 1418 2281 1472 esuis
2331 1403 2602 1477 laboribus
2635 1427 2833 1481 nostris
2882 1442 2979 1497 pro
3027 1430 3252 1487 caritate
3297 1449 3514 1504 compa-

1930 1511 2144 1577 tientes,
2179 1509 2297 1567 sitis
2331 1514 2528 1596 la-titiae
2557 1516 2608 1571 in
2643 1517 2736 1575 Dei
2767 1521 2984 1577 nomine
3012 1522 3080 1578 de
3115 1535 3329 1596 recepta
3362 1528 3513 1583 inco-

1924 1601 2168 1686 lumitate
2221 1591 2546 1679 participes,
2602 1599 2769 1682 ipsius
2817 1613 3050 1672 lectione
3099 1591 3347 1688 dispono.
3403 1619 3509 1677 Ora

1919 1675 2022 1765 pro
2053 1714 2157 1755 me.

2506 1796 2720 1854 EPIST.
2776 1799 2939 1858 XXII.

1927 1876 2149 1936 Domino
2175 1883 2884 1975 devinctissimo.semperque
2925 1898 3199 1968 magniﬁco
3231 1898 3361 1957 Vero
3394 1901 3507 1960 litt-

2482 1976 2638 2015 nctus
2663 1979 2948 2035 episcopus.

1997 2063 2227 2121 Relcctis
2259 2068 2451 2126 litteris
2483 2073 2699 2144 pietatis
2733 2088 2948 2146 vestrm,
2998 2082 3108 2137 Deo
3154 2088 3353 2156 gratias
3398 2092 3504 2164 egi,

1921 2158 2063 2226 quod
2097 2176 2192 2214 vos
2223 2164 2371 2231 prius
2397 2167 2710 2234 revaluisse,
2751 2187 2909 2242 quam
2942 2174 3240 2233 inﬁrmatos
3269 2196 3391 2238 esse
3419 2158 3508 2240 ea;

1919 2264 2036 2303 rum
2069 2253 2330 2310 relatione
2359 2259 2605 2329 cognovi.
2656 2261 2808 2328 Quod
2853 2265 3003 2320 vobis
3041 2277 3152 2333 tam
3198 2270 3508 2344 frequenter

1914 2354 1990 2395 ac:
2014 2343 2078 2397 ῑιιι
2103 2362 2181 2413 re,
2213 2351 2445 2417 propitio
2476 2353 2651 2420 potius
2684 2355 2793 2410 Deo
2814 2373 2972 2428 quam
3005 2361 3234 2432 offensi,
3263 2368 3501 2423 conﬁdo.

1916 2435 1960 2500 Ω
1999 2439 2045 2490 i:
2086 2457 2234 2509 quem
2272 2443 2443 2515 diligit
2478 2444 2726 2502 Dominus
2769 2454 2980 2522 corripit
3027 2453 3205 2526 (Prov.
3250 2473 3339 2524 III,
3389 2461 3501 2534 12).

1910 2527 2145 2598 Casrigat
2189 2542 2369 2588 autem
2414 2553 2630 2593 omnem
2677 2540 2842 2596 ﬁlium
2891 2559 3050 2618 quem
3094 2527 3499 2622 recipit(llet°r.

1911 2635 2003 2704 sn,
2031 2620 2112 2712 6).
2155 2623 2209 2676 In
2240 2624 2416 2705 divina
2451 2628 2630 2700 itaque
2664 2647 2758 2686 vos
2789 2634 3072 2706 disciplina
3100 2620 3384 2714 susceptos
3415 2660 3501 2700 sc-

1909 2699 2035 2768 dnla
2067 2707 2363 2774 admonitio
2396 2701 2448 2776 et
2477 2725 2624 2802 mitis
2653 2728 2910 2784 ostendit.
2953 2731 3090 2800 Quia
3138 2744 3357 2805 paterna
3389 2739 3500 2793 cle-

1909 2810 2105 2862 mentii
2139 2816 2339 2866 mavult
2379 2831 2476 2885 per
2504 2818 2816 2876 multimoda
2852 2824 3192 2882 incommoda
3226 2831 3500 2902 negligen-

1905 2907 2010 2953 tem
2034 2903 2306 2974 corrigerc
2328 2906 2693 2980 ﬁlium,quam
2720 2915 2910 2984 punire
2933 2930 3273 2988 peccantem;
3299 2927 3498 2982 mavult

1907 3005 2181 3051 nutantem
2215 3014 2276 3052 ac
2304 2999 2524 3056 dubium
2556 3003 2620 3057 ad
2651 3008 2925 3062 servitium
2954 3026 3110 3065 suum
3139 3013 3363 3071 habenis
3392 3017 3495 3086 pia:

1904 3085 2300 3174 moderationis.
2329 3092 2618 3162 attrahere,
2669 3112 2828 3166 quam
2875 3102 3238 3158 errabundum
3293 3115 3348 3161 et
3397 3085 3496 3177 pr

1901 3177 2080 3230 strcoli
2106 3165 2395 3250 praecipitia
2421 3183 2718 3254 lapsantem
2740 3189 2948 3245 acriore
2969 3193 3194 3251 verbere
3217 3213 3490 3256 coercere.

216 3243 300 3253 ...η
332 3243 344 3254 .
379 3243 584 3254 .......-..
620 3243 887 3266 υν.......η..,
920 3243 963 3256 υ.
1003 3243 1236 3257 una...“
1281 3243 1352 3258 ν...
1556 3245 1568 3256 .
1619 3243 1786 3258 νυ....ν

213 3309 304 3346 nus
333 3294 500 3358 [actus
521 3305 594 3348 est
616 3295 823 3367 ndjntor
844 3312 1004 3350 meus.
1032 3296 1326 3350 Conrertisti
1355 3297 1609 3364 planctum
1635 3315 1797 3353 meum

1905 3266 2022 3336 Ipse
2069 3280 2151 3323 est
2199 3272 2340 3352 enim
2392 3274 2890 3348 indulgentissimus
2943 3287 3352 3354 paterfamilias,
3403 3292 3493 3358 qui

213 3385 260 3436 in
287 3386 536 3452 gaudsum
566 3385 688 3438 mihi
719 3402 736 3439 :
767 3387 1059 3440 conscidisti
1098 3405 1301 3442 saccum
1339 3405 1526 3455 meum,
1565 3399 1610 3444 et
1661 3407 1796 3459 prm-

210 3475 410 3528 ciuxisti
441 3491 517 3527 me
543 3476 719 3528 lotitio
753 3475 927 3544 (Psal.
961 3493 1105 3541 xxix,
1144 3479 1249 3547 l2).
1284 3479 1429 3533 Unde
1456 3479 1655 3535 suadeo
1681 3482 1793 3548 pie-

211 3569 296 3621 tati
327 3579 548 3631 vestras,
575 3578 631 3621 ιιι
661 3570 798 3638 quod
841 3571 1140 3640 cogitastis,
1188 3575 1442 3640 celerius,
1490 3575 1598 3628 Deo
1653 3577 1797 3645 adju-

207 3669 389 3722 vante,
424 3662 648 3712 Iacntis.
683 3663 816 3727 Quia
843 3676 987 3716 mors
1025 3647 1128 3716 non
1169 3665 1363 3729 tardat,
1407 3668 1522 3734 ipso
1570 3653 1796 3722 Domino

205 3751 424 3805 dicente
459 3769 470 3802 :
508 3750 591 3803 Ne
629 3751 844 3804 tarderis
881 3755 1102 3808 converti
1131 3756 1197 3808 ad
1232 3753 1423 3824 Deum,
1464 3773 1552 3809 nec
1586 3758 1795 3823 differas

205 3829 264 3894 ile
306 3842 396 3896 dic
437 3842 488 3894 in
515 3843 648 3893 diem
697 3842 884 3910 (Ercli.
920 3859 968 3908 ν,
997 3845 1072 3913 8).
1114 3847 1300 3900 Subito
1337 3848 1479 3902 enim
1527 3851 1673 3904 venit
1717 3852 1792 3906 ira

205 3936 318 4005 ejus
363 3945 418 3991 et
461 3936 510 3989 in
561 3948 801 4003 tempore
843 3939 1084 3994 vindictae
1123 3939 1397 4009 disperdct
1437 3955 1509 4000 te.
1563 3947 1792 4017 Ideoque

205 4030 326 4083 dum
363 4039 574 4100 tempus
621 4032 896 4098 habemus,
943 4045 1324 4090 convertamur
1361 4037 1426 4092 ad
1475 4039 1785 4109 Dominum,

205 4128 259 4172 ιιι
286 4137 391 4174 non
421 4136 540 4174 cum
584 4122 683 4178 hoc
711 4123 908 4176 mundo
935 4123 1271 4180 damnentur.
1316 4128 1448 4195 Quia
1479 4132 1594 4186 sine
1625 4132 1787 4188 dubio

206 4197 275 4266 illi
316 4215 626 4268 misericors
671 4215 810 4268 Deus
852 4232 1006 4270 suum
1043 4226 1257 4285 praestat
1289 4221 1580 4290 auxilium,
1625 4241 1784 4294 quem

207 4306 342 4360 circa
377 4318 641 4377 praecepta
673 4321 765 4360 sua
799 4310 972 4363 cernit
998 4319 1279 4365 attentum.

797 4421 1010 4477 El’iS'I‘.
1055 4423 1195 4478 ΧΧΙ.

413 4513 652 4566 Ruricius
693 4516 957 4587 cpiscopus
987 4514 1231 4585 Eufrasio
1258 4530 1279 4555 "-
1303 4523 1556 4593 episcopo.

204 4737 231 4773 ιι
253 4724 436 4776 anitati
469 4733 683 4788 vestrm,
715 4724 856 4794 quod
901 4729 1110 4795 perlato
1156 4727 1314 4784 taedio
1356 4732 1419 4785 ad
1451 4747 1547 4787 vos
1575 4746 1778 4804 nostro,

204 4818 478 4871 confestim
508 4834 602 4871 nos
634 4819 825 4873 litteris
849 4819 1039 4873 vestris
1061 4821 1288 4896 (visitare
1321 4826 1452 4877 tanti
1481 4823 1775 4894 habuistis;

205 4909 283 4973 qui
323 4910 450 4963 dum
496 4903 821 4965 inﬁrmitatis
867 4922 1067 4967 nostra:
1111 4914 1526 4970 sollicitudinem
1569 4920 1777 4986 geritis,

205 5002 480 5054 sanitatem
511 5004 670 5056 vestri
701 5003 935 5070 pectoris
966 5005 1294 5072 approbatis.
1343 5007 1478 5073 Quia
1507 5009 1648 5063 sicut
1679 5011 1776 5080 ipsi

207 5095 387 5162 melius
417 5091 603 5161 nasus,
633 5093 778 5150 Finis
805 5101 1044 5168 prteccpti
1070 5110 1140 5153 est
1162 5105 1344 5154 caritas
1366 5099 1428 5154 de
1449 5095 1599 5159 corde
1623 5119 1774 5176 puro,

208 5192 245 5234 rt
273 5189 577 5240 conscientia
609 5188 768 5254 bona,
809 5203 852 5244 et
881 5192 986 5261 ﬁde
1014 5209 1113 5246 non
1139 5193 1260 5262 ﬁcta
1289 5191 1343 5265 (Ι
1368 5183 1500 5248 Tim.
1539 5212 1578 5262 ι,
1602 5199 1680 5264 5).
1712 5198 1778 5255 Ει

207 5276 288 5342 qui
329 5278 506 5334 visitat
554 5281 819 5336 inﬁrmum
871 5286 922 5338 in
972 5285 1259 5340 dilectione
1307 5287 1567 5345 ﬁrmatur.
1622 5291 1774 5349 Unde

209 5369 519 5434 peculiarius
553 5381 732 5443 spero,
769 5385 823 5428 ut
849 5389 1004 5444 quem
1039 5379 1310 5448 requiritis
1339 5380 1610 5449 allatibus,
1645 5401 1771 5440 ora-

209 5449 430 5522 tionibus
458 5465 747 5538 adjuvetis.
795 5459 1163 5527 Redeuntibus
1193 5475 1367 5545 itaque
1395 5477 1592 5546 gerulis
1625 5479 1770 5539 litte-

274 5603 474 5690 ἢτοι-ιβ
498 5605 741 5684 Ecclesia:
768 5619 958 5673 viscera
988 5621 1069 5675 vel
1121 5633 1338 5690 uterum,
1363 5655 1430 5668 -—
1458 5627 1564 5684 Nisi
1621 5632 1773 5688 malis

213 5669 376 5762 legere
410 5669 668 5762 υεέίέίιᾱτζ
681 5669 887 5745 ἣὶίοὶιίἔιὶ
901 5669 1343 5762 geographica":
1373 5697 1526 5752 Eutr.

273 5752 300 5791 δ
323 5755 478 5811 Forte
503 5752 750 5814 convincit
780 5765 860 5818 vel
888 5752 1126 5818 ε’ὀιονὲἶτὶιξ

279 5834 298 5862 ε
338 5821 455 5883 Fuit
481 5831 595 5900 (ille
646 5834 1005 5890 Arvernorum
1059 5839 1340 5910 episcopus
1391 5842 1756 5918 ιιιιοᾱρρίιιιιιε,

1900 3363 2132 3415 animam
2165 3378 2316 3418 suam
2349 3367 2499 3436 ponit
2529 3384 2625 3437 pro
2656 3371 2846 3428 ovibus
2875 3376 3006 3428 suis.
3059 3375 3175 3446 Ipse
3206 3391 3286 3434 est
3319 3381 3491 3436 bonus

1899 3461 2070 3518 pater,
2104 3454 2190 3522 qui
2224 3453 2382 3510 Ovem
2425 3459 2693 3527 perditam
2732 3464 2797 3516 ad
2838 3467 3019 3521 caulas
3048 3468 3344 3525 dominicas
3377 3489 3490 3528 ma-

1899 3544 2011 3596 vult
2049 3545 2278 3613 propriis
2310 3549 2549 3605 bumeris
2583 3549 2862 3620 reportare
2893 3558 3174 3626 sollicitas,
3205 3577 3364 3631 quam
3395 3563 3491 3620 sti-

1898 3633 2057 3687 mulis
2089 3638 2399 3704 tit-gentibus
2446 3657 2704 3698 revocare
2731 3645 3030 3706 districtos.
3077 3649 3116 3718 li
3139 3667 3198 3707 se
3225 3663 3306 3708 est
3337 3665 3488 3724 pater

1897 3725 2036 3792 pius,
2067 3727 2156 3796 qui
2191 3729 2329 3784 male
2355 3731 2578 3802 prodigo
2609 3731 2741 3802 ﬁlio,
2768 3747 2820 3792 et
2867 3751 3148 3811 prmceptae
3173 3743 3486 3804 substantia:

1896 3816 2188 3882 dei-actori,
2219 3821 2281 3875 ad
2308 3836 2367 3878 se
2387 3824 2472 3878 vel
2499 3839 2623 3880 sero
2647 3827 2893 3884 redeunti
2925 3847 3030 3888 non
3058 3835 3230 3889 solum
3258 3840 3484 3895 crimina

1894 3911 2160 3966 anteriora
2190 3929 2294 3968 non
2327 3913 2583 3986 imputat,
2619 3933 2805 3976 verum
2839 3924 3000 3979 etiam
3035 3927 3251 3995 prmmia
3285 3931 3481 3985 amissa

1893 4003 2231 4072 multiplicat,
2262 4006 2387 4063 dum
2420 4009 2560 4066 ulnis
2592 4009 2759 4080 fovet,
2795 4015 2990 4073 osculis
3011 4023 3336 4088 permulcet,
3363 4041 3482 4079 mu—

1891 4093 2110 4148 nuribus
2149 4095 2318 4164 ditat,
2368 4098 2610 4156 doctrina
2657 4105 2973 4174 conﬁrmat,
3024 4127 3127 4166 non
3163 4121 3377 4168 "tantum
3412 4116 3478 4171 ad

1889 4183 2005 4254 ejus
2034 4186 2338 4256 indignatus
2368 4191 2710 4262 abscessum,
2757 4209 3014 4266 quantum
3049 4201 3258 4258 Itctatus
3290 4205 3355 4259 ad
3390 4221 3477 4262 re-

1888 4275 2056 4332 ditum
2075 4278 2228 4349 (Luc.
2256 4282 2366 4353 xv).
2404 4283 2520 4354 Ipse
2549 4288 2693 4342 enim
2717 4288 2908 4347 horum
2931 4296 3168 4351 omnium
3200 4301 3473 4356 nominum

1888 4370 1941 4423 iu
1992 4387 2051 4425 se
2090 4371 2316 4429 effectus
2363 4375 2694 4449 affectusque
2743 4387 3014 4456 suscepit,
3065 4399 3122 4442 ut
3165 4391 3297 4444 sicu'
3350 4394 3480 4448 «icit

1888 4463 2198 4538 Apostolus,
2232 4471 2524 4548 multifario
2564 4475 2855 4550 multisque
2901 4481 3074 4537 modis
3101 4481 3288 4554 (Hebr.
3334 4495 3378 4547 ι,
3427 4489 3479 4562 1)

1061 4564 1226 4624 7"”
1303 4564 1556 4593 ‘t'"'""‘"
1809 4605 1861 4646 ﬁ
1888 4576 1985 4615 nos
2013 4564 2250 4620 eruiliret
2271 4566 2468 4631 verbis,
2498 4567 2788 4626 instrueret
2809 4571 3126 4644 disciplinis.
3162 4590 3478 4646 provocaret

267 4628 481 4684 Gratias
509 4645 608 4700 ago
639 4633 1013 4688 sincerissima:
1058 4617 1108 4688 in
1136 4637 1350 4691 Christo
1389 4638 1616 4696 Domino
1655 4659 1776 4712 δεῖ·
1808 4613 1863 4684 D

1890 4655 2186 4724 beneﬁciis,
2218 4657 2538 4716 informaret
2565 4664 2850 4732 exemplis,
2885 4668 3263 4725 reconciliaret
3294 4687 3473 4740 prece,

1890 4743 2179 4803 redimeret
2208 4751 2479 4818 passione,
2515 4752 2810 4808 viviﬁcarct
2843 4767 3037 4827 morte,
3071 4760 3476 4819 immortalitate.

1888 4837 2134 4907 donaret,
2174 4839 2494 4912 justilicaret
2540 4849 2957 4914 remrrectiow,
3005 4851 3324 4908 ascensione
3355 4870 3475 4923 pir-

1888 4938 2046 4984 taret.
2083 4933 2148 4985 Et
2170 4933 2546 4990 reconciliatos
2568 4950 2662 5007 per
2685 4939 3006 5007 sanguinem
3036 4958 3215 5010 suum,
3240 4946 3292 5000 in
3321 4963 3464 5013 emo,

1888 5037 1915 5074 a
1945 5037 2047 5092 qua
2083 5023 2477 5093 excideramus,
2511 5029 2680 5084 Patris
2707 5031 2928 5100 gratiam
2961 5033 3301 5093 reformaret.
3348 5036 3470 5112 Ipse

1881 5116 2013 5169 eniin
2042 5125 2115 5171 est
2144 5108 2287 5186 apud
2315 5117 2522 5175 Patrem
2551 5121 2850 5194 prapitiatio
2881 5137 3056 5181 nostra
3083 5127 3259 5196 (Joan.
3284 5147 3352 5199 II,
3381 5108 3468 5205 '2),

1879 5210 1998 5265 sine
2043 5212 2348 5268 cessatione
2395 5228 2690 5287 suggerens
2720 5219 2902 5288 pietati
2931 5237 3089 5281 suae:
3137 5222 3318 5295 Pater,
3367 5243 3470 5282 non

1876 5304 2041 5357 solum
2073 5320 2163 5372 pro
2194 5304 2272 5358 his
2302 5322 2447 5378 rogo,
2489 5311 2578 5364 sed
2611 5328 2702 5380 pro
2747 5313 2825 5366 Itis
2859 5316 2946 5384 qui
2975 5319 3225 5372 credituri
3257 5331 3374 5374 sunt
3412 5323 3468 5377 in

1878 5403 1954 5448 me
1981 5412 2070 5466 per
2098 5395 2300 5450 verbum
2344 5397 2552 5454 illorum
2585 5392 2762 5473 (Joan.
2809 5419 2950 5482 _xvtl,
2987 5405 3066 5477 9).
3115 5405 3292 5478 Pater,
3326 5414 3461 5482 volo,

1876 5489 1958 5544 ubi
1996 5506 2090 5562 ego
2129 5507 2269 5557 sunt,
2315 5502 2362 5547 et
2409 5494 2508 5564 ipsi
2554 5496 2656 5550 sint
2702 5479 2897 5553 mecum
2925 5499 3086 5572 (Ibid.
3111 5501 3228 5575 24).
3281 5479 3461 5573 Pater,

1878 5639 2171 5706 Aprunculi
2206 5656 2504 5729 successor.
2524 5647 2930 5729 Αυξιιίιιιιιιιιιεειιιι
2967 5658 3150 5713 sedem
3187 5658 3296 5729 jam
3322 5671 3462 5720 ante

1876 5723 2261 5788 occupaverat,
2311 5714 2490 5788 ibique
2517 5719 2862 5786 Quintianum
2895 5714 3206 5784 Gothorum.
3238 5714 3461 5788 insidia;

1877 5778 2168 5849 fugientem
2201 5778 2506 5869 humaniter
2526 5778 2766 5869 'i'ecepit.
2818 5798 2877 5869 l-Vli
2907 5778 3461 5869 ςίπῖἑρἓξῶρᾱῖιῖᾚῐῐ

1874 5865 2160 5908 vernorum
2191 5857 2451 5912 successit
2475 5857 2800 5931 Apollinaris
2827 5857 3221 5926 Sidonii'ﬁlins'.
3258 5876 3415 5927 Ilssn.
