4086 6328
576 353 682 410 105

574 556 694 624 Ipse
736 555 891 610 nobis
934 551 1167 622 quotidie
1211 564 1307 618 per
1349 549 1652 618 apostolum
1707 561 1862 601 suum
1913 546 2146 598 clamat:

577 649 752 702 Nolite
780 647 986 715 diligere
1013 643 1281 708 ntundum,
1309 658 1470 711 neque
1492 658 1552 694 ea
1575 656 1687 711 qua:
1713 641 1764 694 in
1787 640 1976 693 mundo
1995 647 2114 691 sunt
2134 653 2152 701 ;

571 740 659 808 qui
690 739 819 790 enim
843 736 1009 804 diligit
1037 735 1306 801 mundum,
1336 749 1437 786 non
1466 743 1537 787 est
1567 735 1755 785 caritas
1783 730 1956 784 Patris
1985 731 2038 782 in
2069 745 2148 783 eo.

577 832 708 897 Quia
736 844 878 882 omne
907 826 1043 893 quod
1073 827 1126 879 in
1165 826 1356 878 mundo
1386 835 1480 890 est,
1517 824 1926 895 concupiscentia
1956 821 2148 887 carnis,

489 958 499 970 .
571 920 980 990 concupiscentia
1011 919 1297 984 oculorum,
1349 929 1394 971 et
1440 918 1679 989 superbia
1726 918 1841 970 vitm
1887 915 2147 980 humanae,

569 1032 678 1084 qua!
705 1031 805 1068 non
846 1025 918 1067 est
954 1013 1015 1066 de
1048 1011 1227 1078 Patre,
1270 1011 1358 1064 sed
1384 1009 1446 1063 de
1472 1010 1664 1063 mundo
1695 1018 1788 1062 est.
1837 1008 1903 1061 Et
1932 1007 2152 1060 mundus

570 1108 771 1172 transit,
814 1115 859 1158 et
904 1103 1312 1174 concupiscentia
1339 1105 1470 1172 ejus.
1517 1101 1618 1168 Qui
1646 1110 1816 1153 autem
1855 1099 2040 1169 fecerit,
2065 1113 2152 1150 vo-

571 1201 820 1253 luntatem
851 1195 966 1260 Dei,
998 1203 1164 1248 manet
1190 1195 1242 1247 in
1271 1205 1538 1258 ueternum,
1570 1193 1698 1245 sicut
1734 1200 1779 1244 et
1816 1189 1955 1244 Deus
1981 1197 2151 1243 manet

573 1293 624 1345 in
656 1300 900 1344 azternum
926 1287 977 1358 (1
1015 1285 1170 1340 Joan.
1206 1301 1276 1352 ll,
1318 1285 1382 1339 16
1419 1280 1573 1354 seq.).
1622 1283 1738 1351 Ipse
1780 1282 1833 1336 in
1863 1282 2152 1352 Evangelio

573 1381 844 1438 blanditiis
873 1380 1089 1444 invitat,
1123 1377 1432 1432 muneribus
1461 1382 1745 1446 provocat,
1777 1373 2152 1427 adhortatione

573 1473 846 1536 sollicitat,
875 1471 1062 1526 dicens
1087 1487 1100 1522 :
1141 1468 1319 1523 Venite
1348 1469 1414 1521 ad
1445 1485 1553 1533 me,
1593 1483 1766 1521 omnes
1795 1467 1880 1535 qui
1911 1465 2152 1519 laboratis

574 1580 620 1624 et
650 1568 846 1623 onerati
875 1566 991 1621 estis
1013 1563 1225 1635 (Matth.
1253 1578 1328 1630 xl,
1350 1561 1469 1631 28),
1518 1572 1570 1615 et
1615 1559 1841 1629 reliqua.
1891 1557 1962 1613 Ut
2001 1557 2153 1626 quasi

575 1663 755 1733 jugum
784 1656 1106 1712 salutaribus
1127 1653 1417 1709 subdentes
1440 1652 1573 1707 colla
1597 1650 1903 1722 praeceptis,
1931 1649 2151 1703 salutari

577 1769 674 1809 suo
718 1749 977 1807 libertatis
1021 1756 1074 1802 et
1119 1745 1501 1800 misericordia:
1533 1745 1713 1798 currui
1743 1741 2148 1811 subiungamur,

577 1854 632 1900 et
679 1843 799 1899 ideo
846 1840 1167 1896 auderemus
1215 1845 1553 1893 revocantem
1602 1835 1785 1902 sequi,
1829 1833 2014 1888 audire
2043 1831 2151 1887 cla-
2182 1845 2230 1907 Β

579 1944 844 2000 titantem,
886 1930 1248 1986 blandientem
1277 1929 1436 1982 modo
1464 1942 1568 1981 non
1598 1939 1886 1996 spernere;
1933 1940 1999 1980 ne
2030 1938 2153 1979 sen-

581 2031 770 2085 tiamus
802 2024 1138 2097 postmodum
1167 2023 1492 2092 judicantem
1523 2039 1532 2072 :
1577 2036 1684 2091 quo
1717 2018 1964 2089 judicio?
2005 2019 2154 2073 Sicut

576 2137 691 2193 ipse
715 2122 766 2176 in
793 2117 1084 2189 Evangelio
1109 2131 1440 2186 prtemonere
1461 2123 1515 2170 et
1535 2114 1733 2169 docere
1753 2113 2004 2183 dignatus
2030 2122 2112 2168 est
2136 2131 2148 2166 :

576 2215 703 2270 Cum
726 2213 779 2266 in
798 2211 1079 2282 majestatis
1100 2224 1207 2263 suae
1231 2210 1346 2262 sede
1369 2208 1652 2262 consideret
1675 2205 1890 2274 (Matth.
1909 2221 2016 2271 xix,
2035 2206 2153 2276 28),

577 2304 791 2376 quando
820 2319 927 2358 non
957 2303 1130 2356 solum
1162 2300 1351 2354 merita
1381 2298 1772 2369 pondetaturus
1801 2308 1854 2353 et
1884 2300 2042 2361 facta,
2066 2313 2158 2352 ve-

581 2415 703 2453 rum
733 2397 894 2452 etiam
924 2395 1086 2450 verba
1118 2406 1199 2449 est
1231 2393 1567 2448 discussurus
1596 2401 1651 2447 et
1679 2400 1822 2447 vota.
1872 2392 2040 2459 Quem
2072 2391 2159 2447 hic

581 2505 725 2546 nunc
750 2488 944 2544 viderit
969 2487 1223 2542 salutaria
1253 2501 1346 2540 sua
1377 2495 1639 2554 prtecepta
1667 2485 1958 2555 negligere,
1989 2493 2042 2539 et
2067 2484 2158 2539 ad-

583 2582 906 2638 monitiones
962 2593 1086 2635 suas
1132 2578 1515 2634 saluberrimas
1553 2577 1779 2647 superba
1826 2585 2002 2633 mente
2031 2592 2161 2632 con-

584 2686 852 2739 temnere,
895 2687 1001 2728 non
1040 2671 1215 2727 solum
1247 2686 1368 2726 cum
1401 2671 1576 2724 stultis
1615 2685 1645 2724 a
1681 2669 1844 2738 janua
1875 2671 2021 2740 regni
2050 2685 2160 2726 cat-

585 2769 732 2825 lestis
761 2766 1005 2823 excludet
1029 2763 1243 2836 (Matth.
1272 2779 1399 2828 xxv,
1428 2761 1509 2832 5),
1541 2778 1728 2817 verum
1757 2763 1918 2818 etiam
1952 2772 2158 2832 partem

584 2860 747 2930 ipsius
768 2874 889 2913 cum
913 2857 1214 2912 inﬁdelibus
1234 2855 1539 2925 deputabit;
1566 2864 1623 2909 ut
1643 2869 1762 2910 cum
1785 2856 1977 2926 quibus
1999 2855 2160 2910 habet

583 2952 636 3008 in
664 2952 859 3006 saeculo
888 2949 1222 3013 societatem,
1242 2963 1364 3002 cum
1393 2946 1578 3002 iisdem
1605 2946 1657 3002 in
1685 2955 1944 3002 aeternum
1971 2947 2161 3003 habeat

581 3044 880 3116 portionem
906 3040 1057 3113 (Luc.
1087 3057 1178 3107 xu,
1208 3041 1321 3110 46).

1142 3196 1356 3253 EPIST.
1401 3197 1591 3252 XXIII.

825 3311 968 3368 Filio
993 3312 1292 3368 Constantio
1315 3320 1342 3349 ⁸
1363 3311 1607 3366 Ruricius
1632 3312 1920 3381 episcopus.

649 3447 950 3518 Quamlibet
985 3448 1227 3513 Baccho,
1271 3446 1624 3518 symphouiis,
1659 3455 1714 3501 et
1743 3447 1969 3501 diversis
1996 3447 2159 3501 musi-

579 3543 679 3608 cis,
710 3556 809 3596 nec
845 3555 952 3596 non
988 3540 1148 3595 etiam
1188 3547 1241 3594 et
1279 3538 1575 3610 puellarum
1606 3536 1786 3592 choris
1826 3547 1879 3592 te
1919 3536 2155 3592 deditum

576 3649 697 3690 esse
720 3634 1092 3703 cognoverim,
1126 3643 1300 3689 tamen
1329 3633 1450 3703 quia
1481 3632 1678 3688 bonum
1709 3641 1790 3687 est
1811 3631 1880 3686 ab
1902 3632 2004 3697 his,
2029 3630 2154 3686 dum

576 3726 828 3797 pervalde
855 3726 1023 3782 fervet
1059 3725 1439 3790 adolescentia,
1471 3723 1753 3794 aliquoties
1783 3723 2070 3791 respirare,
2099 3730 2153 3778 et

573 3822 741 3890 magis
792 3821 1018 3875 Domino
1061 3834 1290 3885 vacare,
1337 3833 1495 3888 quam
1543 3817 1780 3881 Libero,
1835 3815 2151 3886 parentibus

574 3927 783 3982 quoque
826 3927 1043 3982 operam
1091 3911 1258 3976 dare,
1310 3926 1467 3980 quam
1518 3911 1801 3973 Cantibus;
1857 3924 2050 3964 moneo
2095 3917 2154 3963 ut

573 4003 829 4071 crastino,
856 4004 998 4074 quod
1025 4005 1125 4058 erit
1154 4011 1340 4072 quarta
1369 4002 1523 4068 feria,
1543 4002 1712 4057 Brivat
1741 4001 2037 4070 temporius
2070 4011 2150 4055 ta-

574 4110 726 4160 men,
766 4095 906 4164 quod
938 4105 989 4150 te
1024 4094 1284 4150 facturum
1314 4093 1532 4149 minime
1557 4093 1747 4162 credo,
1779 4092 1908 4146 mihi
1935 4093 2152 4163 jejunus

574 4201 848 4242 occurras.

643 4402 670 4432 α
690 4393 1082 4459 Constantium,
1111 4405 1266 4460 quem
1297 4399 1354 4444 ut
1380 4402 1579 4442 saecu.o
1607 4387 1770 4460 nimis
1793 4387 2032 4443 deditum
2064 4387 2144 4442 in-

574 4475 759 4534 crepat
803 4464 887 4518 hic
930 4459 1208 4527 Ruricius,
1249 4461 1445 4534 quique
1487 4459 1657 4534 magis
1698 4459 1893 4534 Libero
1923 4460 2147 4514 vacabat

572 4529 732 4606 quam
763 4535 1007 4598 Domino,
1043 4549 1143 4588 nec
1165 4533 1352 4606 diebus
1373 4530 1543 4606 festis
1558 4529 2146 4606 jejumts‘aderattem-

1899 338 2150 396 RURICII
2190 337 2494 395 EPISCOPI

573 466 777 537 ignosce
796 461 919 526 illis,
937 461 1162 515 nesciunt
1183 457 1317 511 enim
1339 455 1462 525 quid
1483 455 1677 524 faciunt
1695 453 1850 522 (Luc.
1865 469 2020 520 xxiii,
2035 453 2147 522 54).
2180 463 2235 520 Α

3746 326 3846 388 101

2790 449 2818 490 b
2856 448 3073 506 EPIST.
3113 405 3301 502 XXIV.

2325 567 2482 622 Aliud
2536 564 2695 631 mihi,
2744 565 2854 619 Deo
2895 573 3032 620 teste
3075 560 3429 632 promiseras,
3474 555 3617 627 quod
3666 555 3842 626 ipsum

2253 659 2479 715 deberes
2507 658 2716 723 colere,
2745 670 2853 710 non
2887 665 2908 693 ο
2947 656 3202 718 Januum;
3238 650 3390 720 cujus
3415 647 3654 703 criminis
3680 647 3840 700 etiam

2252 769 2340 808 me
2389 754 2468 808 vis
2515 766 2634 808 esse
2669 757 2972 806 consortem
3000 789 3016 814 ,
3067 756 3123 801 ut
3163 761 3262 817 ego
3290 743 3356 798 ad
3397 743 3538 797 hunc
3596 755 3839 795 errorem

2253 845 2538 901 colendum
2569 841 2792 899 delicias
2821 840 3244 902 subministrem,
3296 846 3351 891 et
3377 835 3557 890 oleum
3590 831 3841 886 incendio

2253 935 2655 1006 superfundam.
2673 932 2826 1000 Quod
2847 941 3040 987 neutro
3063 938 3305 985 nostrum
3331 925 3543 981 noveris
3561 924 3836 992 expedire.

2253 1029 2357 1084 Sed
2380 1028 2527 1084 dices
2553 1027 2809 1092 fortasse,
2840 1024 3119 1079 Pollicitus
3151 1038 3228 1077 es.
3257 1020 3372 1086 Quo
3401 1035 3494 1074 ore
3532 1035 3561 1071 a
3591 1032 3679 1072 me
3715 1032 3840 1082 pro-

2254 1120 2414 1176 missa
2442 1119 2731 1190 perquiris,
2761 1133 2880 1172 cum
2906 1125 2961 1171 tu
2989 1124 3321 1172 sacramenta
3343 1107 3660 1165 violaveris?
3684 1104 3839 1162 Unde

2255 1212 2406 1267 dabis
2435 1213 2645 1266 veniam
2677 1225 2810 1265 mea:
2838 1207 3202 1280 promissioni,
3233 1203 3465 1273 quandiu
3488 1211 3540 1256 te
3568 1200 3689 1253 huic
3715 1213 3839 1252 ser-

2256 1303 2370 1358 vire
2399 1315 2702 1373 cognovero
2749 1298 2776 1338 ά
2812 1299 3068 1371 parsioni.
3101 1297 3176 1352 Ne
3205 1295 3525 1350 conﬁrmare
3555 1289 3840 1344 videamur

2255 1408 2486 1468 pactum,
2519 1396 2670 1465 cujus
2690 1393 3134 1465 reprehendimus
3166 1391 3260 1445 fac
3274 1406 3358 1444 lllll
3381 1405 3395 1453 ;
3421 1395 3476 1442 et
3494 1387 3662 1440 simus
3680 1398 3841 1438 scan-

2257 1491 2400 1556 dalo,
2436 1500 2459 1527 ε
2489 1488 2641 1559 cujus
2670 1503 2791 1544 esse
2816 1487 3072 1543 debemus
3103 1481 3372 1553 exemplo.

2832 1599 3047 1656 EPIST.
3089 1596 3257 1652 XXV.

2540 1696 2778 1750 Ruricius
2808 1691 3096 1761 Apollinari
3141 1707 3234 1744 suo
3262 1688 3475 1742 salutent
3509 1681 3552 1738 ί.

2327 1790 2460 1857 Quia
2496 1787 2665 1843 nostri
2695 1801 2876 1842 curam
2899 1798 3111 1852 semper
3138 1796 3322 1849 gerere
3352 1793 3448 1847 pro
3483 1783 3664 1830 ntutua
3697 1771 3841 1827 cari-

2259 1890 2371 1937 tate
2397 1879 2708 1952 dignamini,
2752 1877 2928 1932 indico
2955 1873 3200 1930 sollicita:
3228 1871 3411 1941 pietati
3454 1877 3507 1924 et
3547 1867 3649 1936 piae
3685 1864 3842 1920 solli-

2257 1972 2476 2029 citudini
2501 1981 2722 2036 vestrae,
2775 1984 2872 2023 nos
2901 1983 3007 2023 non
3033 1981 3252 2037 parvum
3281 1962 3494 2033 quidem
3513 2003 3527 2028 ,
3559 1960 3682 2026 sed,
3723 1958 3841 2012 Deo

2258 2065 2510 2135 propitio,
2543 2063 2939 2134 voluptuosum,
2974 2075 3002 2112 a
3028 2058 3180 2111 vobis
3210 2069 3506 2117 reversum,
3541 2049 3841 2119 sumpsisse

2260 2157 2530 2225 negotium
2551 2197 2565 2222 ,
2606 2155 2745 2224 quod
2775 2154 2928 2208 nobis
2956 2151 3242 2222 plurimum
3275 2147 3527 2218 prodesse
3557 2144 3754 2214 possit,
3784 2142 3839 2198 si

2260 2259 2351 2305 aut
2382 2249 2725 2304 intentionem
2754 2245 3076 2308 intellectus,
3103 2251 3195 2296 aut
3225 2240 3549 2295 intellectum
3577 2249 3840 2305 sequere-

2263 2351 2348 2396 tur
2398 2340 2683 2410 ingenium.
2717 2340 2845 2394 Sine
2896 2352 3054 2393 causa
3086 2334 3227 2390 enim
3277 2332 3403 2387 solis
3448 2340 3622 2384 ortum
3662 2341 3843 2383 czccus

2265 2441 2558 2504 exspectat.
2601 2432 2694 2487 Ille
2735 2430 2948 2501 quidem
2979 2427 3280 2482 videntibus
3319 2440 3527 2493 semper
3569 2422 3839 2483 exoritur;

2264 2541 2370 2581 non
2418 2523 2758 2580 cernentibus
2805 2536 2933 2576 vero
2984 2520 3140 2588 jubar
3169 2519 3373 2588 ipsius,
3417 2516 3565 2586 quasi
3612 2513 3844 2568 nubibus

2262 2633 2474 2687 semper
2514 2616 2767 2686 operitur.
2801 2624 2826 2663 ι
2867 2613 3088 2669 Sollium
3130 2613 3270 2667 enim
3304 2620 3542 2664 ucstrum
3585 2610 3843 2663 domuum

2263 2720 2571 2779 patremque
2599 2721 2958 2774 communem,
2987 2719 3145 2772 quem
3183 2699 3645 2757 transcribendum
3677 2699 3842 2754 subli-

2263 2801 2434 2858 mitati
2458 2811 2649 2856 vestrae
2676 2799 2890 2854 dedisse
2917 2812 3001 2851 me
3030 2796 3294 2861 dixeram,
3326 2795 3606 2862 legendum
3638 2793 3841 2862 recepi.

2263 2895 2426 2964 Cujus
2457 2893 2613 2949 lectio
2644 2893 2779 2946 sicut
2804 2890 2934 2946 mihi
2956 2890 3228 2958 antiquum
3273 2897 3532 2942 restaurat
3559 2886 3845 2953 alTeclum,

2265 2989 2335 3042 ita
2368 3001 2476 3056 pra:
2506 2985 2831 3039 obscuritate
2859 2982 3123 3036 dictorum
3149 2997 3253 3034 non
3282 2981 3522 3036 accendit
3548 2981 3841 3050 ingenium.

2263 3077 2568 3145 Quamlibet
2610 3076 2782 3144 ipsum
2827 3082 2947 3143 post
2975 3082 3081 3126 tam
3125 3072 3266 3140 longi
3312 3072 3565 3141 temporis
3611 3073 3843 3142 spatium

2265 3168 2499 3223 caritatis
2529 3164 2816 3237 igniculum
2852 3163 3095 3219 scintillis
3134 3164 3242 3216 suis
3277 3162 3414 3216 inter
3449 3163 3735 3218 oblivionis
3767 3167 3840 3220 la-

2270 3258 2421 3312 villas
2448 3266 2723 3326 utcunque
2766 3255 3095 3310 relucentem
3118 3296 3132 3319 ,
3176 3268 3552 3323 nonnunquam
3585 3265 3638 3309 et
3667 3259 3842 3326 suSpi-

2268 3349 2425 3404 riosis
2454 3348 2667 3403 fletibus
2689 3347 3007 3414 excitemus,
3034 3356 3086 3401 et
3116 3346 3380 3400 interdum
3421 3347 3661 3402 dulcibus
3691 3350 3843 3405 nobis

2267 3441 2479 3496 ﬂetibus
2519 3441 2826 3510 irrigemus;
2887 3455 2991 3510 quo
3034 3448 3208 3493 tamen
3241 3439 3334 3493 illo
3383 3439 3551 3494 imbre
3597 3443 3843 3510 perfusus

2268 3542 2467 3603 quanto
2499 3531 2666 3601 magis
2689 3531 2940 3596 inﬁcitur,
2977 3539 3122 3584 tanto
3151 3531 3318 3600 magis
3343 3529 3667 3596 incenditur;
3715 3534 3842 3600 quia

2264 3643 2359 3697 per
2382 3626 2735 3697 lacrymarum
2748 3624 2954 3693 copiam
2979 3622 3362 3678 desideriorum
3378 3630 3536 3692 atque
3551 3624 3842 3679 all‘ectuum

2261 3721 2457 3776 crescit
2485 3720 2693 3774 ﬁamma
2715 3758 2728 3781 ,
2761 3733 2866 3772 non
2901 3716 3102 3772 deﬁcit.
3137 3715 3287 3771 Hunc
3315 3732 3473 3786 ergo,
3508 3718 3550 3770 si
3579 3717 3846 3776 Dominus

2263 3813 2364 3882 pia:
2417 3810 2710 3866 deﬁnitioni
2743 3819 2934 3864 vestrae
2965 3807 3200 3871 tribuet,
3234 3818 3289 3861 ut
3325 3806 3519 3872 fautor,
3553 3807 3842 3878 ellectum,

2259 3907 2411 3961 vobis
2450 3905 2801 3976 praesentibus
2834 3915 3150 3971 percensere
3191 3899 3384 3954 festino
3413 3908 3468 3954 et
3511 3900 3646 3954 efﬁci
3678 3901 3846 3956 disci-

2262 3998 2416 4066 pulus
2445 3998 2512 4052 de
2536 3996 2813 4066 magistro.
2837 3994 2968 4061 Quia
3002 4008 3105 4047 non
3137 4007 3221 4046 me
3262 3991 3429 4061 pudet
3464 3990 3622 4045 etiam
3653 3991 3702 4045 in
3735 3991 3844 4047 bac

2259 4097 2437 4153 aetate,
2468 4102 2568 4142 nec
2598 4088 2737 4158 piget
2763 4085 3008 4154 discipuli
3039 4085 3274 4153 arripere
3304 4083 3640 4149 industriam,
3677 4082 3842 4139 dum-

2257 4183 2418 4238 modo
2476 4183 2664 4238 atl‘ecta
2718 4192 2875 4239 atate
2918 4181 3050 4236 artis
3114 4193 3412 4250 consequar
3473 4177 3836 4247 disciplinam.

2250 4389 2382 4454 ciso,
2414 4386 2550 4457 apud
2589 4386 2944 4442 Mediolanum
2983 4388 3251 4457 relegatus
3280 4399 3407 4446 est:
3447 4391 3604 4446 rediit
3645 4393 3843 4445 Arver-

2249 4475 2370 4514 nam
2424 4458 2696 4528 profugus.
2733 4458 2944 4532 Deinde
2962 4457 3279 4516 Vocladensi
3319 4463 3503 4532 praelia
3533 4461 3720 4526 adfuit,
3756 4463 3840 4518 'rbi

2252 4532 2424 4599 ipsum
2476 4545 2595 4584 cum
2648 4530 2880 4583 maximo
2919 4530 3280 4585 Arvernorum
3321 4530 3530 4600 ‘p0pulo
3566 4534 3842 4588 corruisse

572 4595 684 4676 pio,
718 4605 944 4660 laudavit
979 4595 1174 4672 saepius
1204 4595 1626 4676 SidoniusLFuit
1647 4599 1728 4676 vir
1755 4600 2040 4676 singularis
2065 4602 2143 4676 in-
2171 4595 2225 4657 D
2251 4595 2444 4676 asserit
2465 4601 2690 4676 Sa‘varo.
2725 4600 2828 4655 Sed
2863 4600 3055 4676 iterum
3083 4603 3249 4655 evasit
3276 4595 3624 4671 Apollinaris.
3652 4603 3840 4676 Placi-

571 4669 708 4746 'genii
729 4716 742 4741 ,
775 4676 971 4745 quique
996 4669 1298 4746 eloquentia
1329 4685 1425 4725 sua
1452 4669 1708 4724 Romanis
1737 4671 1974 4746 partibus
2001 4671 2143 4724 mul-

569 4741 682 4801 t'um
725 4741 940 4816 profuit.
994 4741 1118 4800 Fuit
1145 4744 1387 4816 eminens
1427 4752 1582 4816 poeta
1625 4756 1794 4816 sacrae
1832 4741 2145 4816 litteraturae

570 4812 864 4885 studiusus,
882 4826 998 4872 erat
1017 4825 1193 4870 autem
1214 4813 1582 4885 Lugdunensis
1604 4814 1884 4885 presbyter
1898 4812 2147 4885 maleque

571 4881 860 4957 episcopus
878 4889 1070 4942 dicitur
1095 4887 1162 4940 ab
1190 4881 1412 4957 Isidoro.
1448 4881 1620 4957 Vitam
1650 4881 2148 4957 SLGermaniscri—

572 4953 676 5027 psit
701 4953 932 5030 eleganti
957 4959 1115 5030 stylo.
1153 4957 1248 5010 Est
1271 4955 1434 5009 altera
1459 4953 1526 5007 ad
1553 4971 1673 5009 eum
1697 4954 1896 5009 Ruricii
1925 4953 2146 5024 epistola

573 5029 804 5084 numero
822 5030 910 5084 42.
945 5029 1104 5082 ΒΑεΝ.

645 5099 671 5136 ι’
705 5101 925 5155 Videtur
946 5113 1066 5152 esse
1095 5095 1290 5165 scripta
1320 5094 1386 5148 ad
1411 5095 1656 5149 eumdem
1684 5095 2074 5151 Constantium.

650 5180 670 5206 ο
702 5169 858 5223 Forte
883 5169 1098 5222 Janum.

646 5237 669 5274 ἀ
701 5237 862 5310 Forte
890 5239 1112 5310 portioni
1149 5236 1232 5292 vel
1259 5250 1502 5307 personaz.

650 5318 674 5380 ξ
705 5309 863 5364 Forte
893 5309 1092 5380 quibus.

654 5378 675 5415 ί
719 5374 1036 5448 Apollinaris
1077 5381 1174 5436 fuit
1219 5381 1362 5435 illius
1408 5374 1746 5434 celeberrimi
1785 5376 2149 5432 Arvernorum

578 5449 812 5518 episc0pi
839 5450 995 5504 illius.
1018 5449 1165 5506 Hunc
1188 5451 1420 5506 laudavit
1445 5448 1689 5503 Ruricius
1713 5456 1960 5514 tanquam
1987 5449 2152 5515 patris

578 5521 814 5589 vestigiis
839 5521 1183 5576 inhaerentem
1218 5541 1228 5574 :
1256 5522 1413 5592 Cujus
1436 5536 1520 5574 vos
1549 5535 1653 5571 esse
1683 5518 1839 5592 ﬁlios,
1867 5535 1966 5571 non
1987 5520 2153 5592 solum

579 5588 907 5662 generositate
932 5595 1202 5660 prosapiw,
1235 5588 1400 5645 verum
1430 5592 1580 5646 etiam
1603 5599 1649 5662 et
1675 5588 1972 5662 eloquentur
1994 5591 2150 5662 ﬂore,

580 5660 772 5715 etomni
797 5662 1038 5715 virtutum
1063 5678 1238 5729 genere
1252 5662 1608 5729 comprobatis.
1633 5660 1962 5714 Laudaverat
1987 5660 2153 5714 tilium

580 5741 766 5855 pater;
800 5748 896 5786 nos
923 5740 1098 5784 tamen
1121 5741 1298 5786 natum
1329 5733 1646 5802 degenerem
1677 5746 1798 5783 mox
1832 5746 2014 5784 sumus
2042 5745 2162 5798 pro-

619 5805 774 5855 aturl.
813 5802 1097 5855 Victorium
1129 5802 1316 5855 ducem
1347 5803 1397 5855 in
1429 5804 1634 5855 Italiam
1668 5811 1922 5855 secutus.
1968 5816 2032 5855 eo
2059 5815 2154 5855 oc-

619 5805 774 5858 aturl.
813 5802 1097 5858 Victorium
1129 5802 1316 5858 ducem
1347 5803 1397 5856 in
1429 5804 1634 5858 Italiam
1668 5811 1887 5857 secutus
1910 5843 1923 5870 ,
1968 5816 2032 5857 eo
2059 5815 2154 5856 oc-

2250 4673 2427 4727 dinam
2462 4673 2647 4726 habuit
2689 4686 2940 4726 uxorem:
2983 4669 3074 4723 illa
3105 4687 3234 4726 vero
3271 4669 3390 4726 cum
3421 4676 3602 4729 sedem
3636 4673 3841 4728 Arver-

2252 4757 2443 4797 norum
2491 4743 2637 4797 obitu
2698 4741 2928 4796 Eul'rasii
2977 4756 3165 4797 vacare
3205 4743 3452 4806 audiret,
3504 4746 3842 4810 electumque

2254 4814 2612 4880 Quintianum,
2647 4814 2819 4882 ipsum
2846 4811 2976 4866 adiit
2996 4814 3215 4881 supplex
3243 4830 3404 4869 orans
3428 4825 3485 4869 ut
3506 4816 3835 4884 Apollinaris

2252 4885 2560 4954 episcopatu
2617 4885 2996 4954 Arvernorum
3033 4885 3306 4950 gauderet.
3356 4887 3530 4939 Cessit
3582 4885 3837 4954 precibus

2253 4953 2542 5011 Placidina:
2593 4953 2930 5021 Quintianus.
2975 4953 3302 5021 Apollinaris
3341 4973 3456 5009 vero
3503 4953 3681 5010 oblatis
3725 4958 3841 5022 regi

2254 5026 2544 5080 muneribus
2564 5025 2618 5077 in
2644 5026 2936 5093 episcOpatu
2961 5027 3198 5078 successit
3215 5064 3230 5086 ,
3253 5042 3352 5094 quo
3382 5026 3594 5080 abutens
3617 5035 3842 5094 quatuor

2254 5097 2508 5152 mensibus
2531 5096 2777 5167 migravit
2809 5096 2876 5148 ad
2903 5096 3170 5167 swculum.
3207 5095 3348 5150 Vixit
3379 5098 3535 5167 igitur
3562 5096 3841 5166 Apollina-

2253 5168 2329 5222 ris
2361 5177 2474 5236 post
2503 5165 2833 5237 \(ocladense
2874 5165 3115 5234 prtelinm
3135 5208 3149 5231 ,
3196 5165 3586 5237 contra'quam
3613 5165 3620 5166 ⁷
3646 5168 3842 5221 asserit

2254 5237 2476 5292 Savaro.
2511 5236 2738 5306 Fuitque
2769 5237 2906 5290 ﬁlius
2934 5239 3168 5307 degener
3215 5241 3302 5306 qui
3335 5236 3524 5293 oblatis
3565 5238 3675 5305 regi
3719 5252 3840 5308 mu-

2254 5308 2474 5364 neribus
2526 5309 2707 5364 sedem
2739 5322 2767 5360 a
2819 5319 3041 5376 parente
3070 5318 3384 5377 occiipatam
3417 5311 3616 5374 tenuit,
3666 5322 3841 5377 eaque

2255 5379 2455 5434 abusus
2506 5389 2605 5433 est.
2641 5378 2830 5433 Filium
2865 5379 3048 5434 habuit
3075 5380 3395 5442 Arcadium,
3439 5379 3590 5448 cujus
3629 5379 3840 5446 ignavia

2257 5450 2517 5504 Arvernia
2544 5449 2638 5503 fuit
2666 5450 2956 5504 devastata.
2991 5450 3157 5504 Mater
3187 5450 3454 5505 Placidina
3476 5459 3533 5505 et
3557 5465 3712 5504 soror
3748 5463 3842 5516 ρε-

2260 5521 2354 5574 tris
2377 5521 2578 5576 Alcima
2603 5523 3008 5589 comprehensa:
3033 5522 3171 5589 apud
3203 5521 3502 5576 Cadurcum
3527 5524 3737 5580 urbem,
3765 5537 3841 5574 re-

2259 5591 2355 5645 bus
2385 5592 2575 5646 ablatis
2597 5594 2785 5646 exsilio
2815 5599 2941 5647 sunt
2961 5593 3349 5657 condemnatus,
3380 5594 3494 5653 ipse
3515 5608 3644 5646 vero
3673 5590 3841 5645 Arca-

2257 5661 2399 5731 dius,
2433 5664 2650 5718 sceleris
2682 5671 2890 5727 auctor,
2925 5665 3186 5731 Bituriges
3215 5664 3364 5732 petiit
3391 5663 3570 5734 (Greg.
3593 5662 3744 5729 Tun,
3800 5659 3838 5714 l.

2258 5749 2346 5800 Ill,
2386 5752 2428 5788 c.
2472 5737 2583 5801 12).
2615 5735 2701 5788 Sic
2723 5735 3018 5804 degeneres
3051 5735 3272 5789 heroum
3298 5735 3415 5790 lilii.
3443 5735 3599 5788 Basn.

2334 5815 2356 5850 κ
2381 5805 2658 5860 Sidonium
2688 5805 2958 5876 intelligit,
2993 5821 3151 5873 quem
3177 5806 3381 5860 Solium
3413 5805 3504 5860 alii
3541 5810 3763 5859 vocant.
