4086 6328
524 407 628 465 107

1870 397 2124 455 RURICll
2162 392 2462 450 EPISCOPI

3690 390 3798 453 108

525 521 676 577 stola:
722 518 993 583 continet,
1026 529 1152 583 rogo
1188 521 1247 568 ut
1296 526 1394 583 pro
1432 511 1681 567 tarditate
1719 514 1928 566 veniam
1980 512 2107 565 dare
2133 514 2188 571 Α
2217 505 2571 571 nigredineiu,
2605 513 2673 559 ita
2725 518 2866 559 nunc
2910 518 3011 560 suo
3066 505 3225 574 pullis
3280 505 3517 560 vestibus
3570 520 3792 574 opermu

524 612 834 687 dignemini.
871 609 1013 666 Vale.

1100 700 1313 756 EPIST.
1356 700 1527 755 XXX.

703 798 943 853 Ruricius
972 795 1238 865 episwpus
1263 791 1520 861 Capilluto
1552 791 1665 861 ﬁlio
1694 791 1927 844 salutem.

595 909 805 968 Gratias
862 922 962 977 ago
1025 906 1208 975 pietati
1239 913 1433 960 vestrae
1491 903 1632 974 quod
1692 918 1779 958 me
1827 901 2112 958 consulere

519 1012 581 1055 μη
620 1014 642 1040 η
675 999 909 1059 civitatis
937 998 1277 1054 ordinatione
1304 997 1629 1068 diguamini;
1664 1012 1783 1052 cum
1826 996 1976 1051 vobis
2005 996 2112 1049 suf-

524 1110 531 1142 ι
560 1110 703 1158 sere,
731 1094 843 1148 Deo
862 1092 1115 1163 propitio,
1141 1091 1273 1145 satis
1294 1090 1611 1159 abundeque
1640 1090 1873 1158 possitis.
1904 1088 1966 1141 Et
1989 1087 2110 1143 ideo

521 1188 642 1251 quia
679 1184 820 1253 quod
852 1184 1005 1237 vobis
1019 1193 1075 1238 et
1099 1182 1354 1237 fratribus
1384 1181 1578 1235 vestris
1603 1179 1803 1249 placet,
1821 1179 1976 1234 nobis
2000 1178 2112 1233 dis—

528 1278 729 1342 [licere
773 1291 876 1329 non
912 1273 1091 1330 debet.
1135 1273 1277 1328 Bene
1324 1271 1517 1336 facitis,
1554 1279 1611 1325 ut
1643 1270 1911 1325 hominem
1953 1284 2110 1340 quem

527 1366 829 1421 communis
855 1378 1151 1420 consensus
1178 1362 1359 1433 elegit,
1388 1362 1672 1417 ordinetis.
1695 1361 1800 1416 Sed
1825 1361 2113 1415 admonete

529 1464 675 1515 illum
699 1469 755 1513 ut
778 1457 990 1513 veritati
1011 1457 1245 1521 studeat,
1275 1472 1379 1509 non
1404 1454 1651 1518 falsitati;
1689 1455 1826 1521 paci,
1857 1468 1962 1507 non
1994 1467 2113 1521 pcr-

530 1555 749 1618 ditiuni;
779 1551 1100 1621 disciplinac,
1124 1564 1233 1601 non
1261 1546 1580 1612 discordiae;
1605 1546 1819 1600 utilitati
1854 1545 2078 1614 publica:
2096 1584 2108 1604 .

532 1665 640 1702 nun
675 1650 891 1713 privatae
919 1642 1228 1711 cupiditati;
1258 1640 1506 1709 justitiaz,
1541 1654 1648 1693 non
1679 1638 1899 1707 rapinae.
1941 1636 2115 1691 Tuea-

533 1754 618 1792 tur
668 1738 870 1801 bonos,
902 1733 1152 1790 emendet
1181 1746 1303 1787 reos
1336 1750 1347 1785 :
1379 1732 1604 1786 miseros
1652 1746 1759 1784 nou
1788 1728 1979 1795 faciat,
2017 1727 2112 1782 sed

533 1828 805 1883 defendat.
832 1827 1081 1893 Gorrigat
1108 1833 1290 1879 sontes
1313 1863 1327 1887 ,
1367 1822 1629 1877 custodiat
1659 1822 2006 1887 innocentes;
2054 1828 2110 1873 ut

2212 597 2329 650 luce
2383 595 2690 651 candescat.
2740 594 2995 650 Peccator
3034 598 3177 651 enim
3224 611 3326 664 qua
3357 595 3444 651 die
3497 611 3795 652 conversus

2213 691 2551 759 ingemuerit,
2587 700 2711 743 tunc
2738 689 2915 743 salvus
2946 690 3071 745 erit.
3102 689 3404 744 Dummodo
3443 690 3594 757 juxta
3626 690 3794 744 sancti

2214 782 2363 838 Pauli
2391 784 2615 853 apostoli
2645 784 2987 847 sententiam,
3006 782 3140 838 sicut
3163 783 3505 839 exhibuimus
3531 784 3794 839 hactenus

2214 888 2437 943 carpnra
2474 885 2656 930 nostra
2702 876 2911 929 servire
2937 875 3159 939 szeculo,
3187 884 3241 929 et
3288 874 3555 946 iniquitati
3598 876 3663 929 ad
3697 876 3796 930 iui-

2214 970 2494 1037 quitatem,
2532 969 2599 1022 ita
2630 984 2772 1021 nunc
2804 967 3153 1022 exhibeamns
3201 967 3438 1022 membra
3469 977 3653 1022 ucstra
3683 982 3798 1021 ser-

2213 1061 2331 1115 vire
2368 1061 2588 1130 iustitia:
2621 1061 2673 1114 iu
2704 1060 3177 1115 sanctificationem
3210 1061 3389 1130 (Rom.
3424 1077 3474 1115 Vl
3499 1102 3513 1125 ,
3544 1059 3653 1131 l5).
3689 1060 3799 1115 Nec

2216 1153 2384 1209 simus
2425 1153 2575 1223 quasi
2605 1152 2853 1207 timentes
2895 1153 3077 1217 Deum,
3111 1152 3254 1206 aliud
3286 1153 3625 1208 sermonibus
3658 1170 3795 1221 pra:-

2216 1238 2522 1310 tendentes,
2554 1244 2694 1297 aliud
2724 1242 2980 1298 habentes
3020 1244 3071 1297 in
3115 1244 3382 1311 moribus;
3432 1245 3574 1299 aliud
3605 1258 3788 1301 osten-

2219 1344 2390 1390 tantes
2416 1337 2468 1390 in
2499 1335 2910 1400 vcstibus,aliud
2934 1336 3141 1390 actibus
3168 1336 3583 1404 comprobantes
3606 1353 3673 1392 ne
3694 1353 3797 1392 nos

2217 1427 2460 1482 mordeat
2504 1442 2683 1481 sermo
2731 1426 2821 1481 ille
2868 1426 3201 1491 Dominicus,
3241 1427 3340 1482 sub
3367 1429 3564 1482 vestitu
3616 1431 3798 1483 ovium

2217 1521 2458 1590 inpurum
2489 1520 2687 1575 rabiem
2732 1530 3103 1591 cuutegentes.
3134 1520 3268 1587 Quia
3302 1522 3491 1577 oculus
3524 1522 3615 1578 ille
3659 1522 3799 1577 divi-

2217 1628 2339 1680 nus,
2369 1615 2503 1667 sicut
2532 1613 2789 1679 scriptum
2819 1621 2923 1679 est,
2956 1612 3101 1667 omni
3132 1613 3250 1667 loco
3282 1612 3451 1667 bonos
3490 1614 3801 1682 speculatur

2216 1714 2270 1759 ct
2294 1705 2484 1760 malos.
2504 1704 2632 1759 Sine
2652 1705 2833 1771 dubio,
2850 1720 3006 1773 quem
3034 1705 3100 1759 ad
3128 1722 3186 1760 se
3203 1706 3412 1775 integro
3432 1706 3595 1761 corde
3618 1715 3801 1761 trans-

2217 1798 2297 1852 ire
2344 1798 2703 1866 conspexerit,
2749 1797 2862 1866 ipse
2908 1797 2959 1851 in
2994 1812 3086 1852 tor
3129 1798 3273 1853 illius
3306 1798 3418 1869 jugi
3466 1798 3802 1853 habitatione

534 1922 604 1975 ita
653 1932 817 1988 agens
848 1888 1021 1985 magis
1044 1913 1226 1968 futuro
1256 1913 1424 1983 possit
1453 1912 1661 1982 placere
1704 1910 1907 1981 judicio
1952 1924 2111 1981 quam
2144 1897 2193 1958 Β
2218 1888 2613 1988 (Ῐθεεθξιίίῼιν-ιξί
2640 1889 3037 1988 θο“¹¹³δῖιξ¹οΐς³
3070 1905 3174 1988 ηοξὶ
3204 1899 3405 1988 επακ),
3435 1892 3522 1988 οιξί
3562 1906 3623 1945 Sc
3664 1907 3802 1961 μνω-

538 2010 808 2080 praesenti.

1104 2117 1319 2174 EPIST.
1350 2115 1543 2171 XXXI.

533 2215 751 2271 Domino
779 2213 967 2269 illustri
998 2227 1292 2282 semperque
1317 2210 1591 2278 magniﬁco
1639 2209 1749 2277 ﬁlio
1789 2207 1815 2246 δ
1863 2208 2115 2280 Ασνὶευίω

1034 2283 1275 2337 Ruricius
1304 2282 1589 2352 episcopus.

610 2407 842 2462 Relectis
872 2404 1064 2458 litteris
1092 2400 1432 2457 sublimitatis
1454 2408 1666 2465 vestrae,
1683 2399 1879 2468 gratias
1900 2397 2009 2452 Deo
2032 2397 2114 2467 egi

538 2499 677 2569 quod
710 2512 805 2552 vos
839 2496 984 2565 prius
1032 2493 1324 2549 revaluisse
1374 2491 1709 2546 ordinatione
1738 2490 1927 2559 ipsius,
1956 2504 2113 2558 quam

539 2592 831 2646 infirmatus
878 2605 997 2645 esse
1042 2587 1289 2658 cognovi,
1319 2595 1373 2640 et
1402 2584 1559 2640 nobis
1602 2583 1922 2638 anxietatem
1958 2582 2113 2637 tolle-

541 2694 642 2748 ret,
675 2693 729 2739 et
750 2682 899 2736 vobis
956 2680 1205 2735 redderet
1248 2677 1577 2745 sospitateut.
1607 2675 1776 2742 Quam
1829 2684 2006 2727 tamen
2035 2672 2119 2727 in-

540 2776 844 2830 firmitatem
886 2772 1036 2826 vobis
1066 2771 1357 2825 clementer
1386 2767 1607 2832 illatam,
1659 2766 1889 2837 propitio
1942 2765 2116 2834 potius

543 2882 701 2936 quam
756 2865 892 2919 irato
934 2863 1051 2932 ipso
1104 2861 1328 2915 Domino
1384 2868 1598 2925 nostro,
1653 2874 1752 2928 pro
1798 2857 1952 2912 solita
2002 2857 2117 2924 ejus

541 2960 758 3027 pietate,
804 2954 1055 3023 conjicio.
1088 2952 1178 3008 Sic
1221 2951 1364 3005 enim
1416 2951 1661 3020 legimus,
1692 2949 1835 3019 quod
1863 2947 2118 3017 corripiat

544 3047 799 3102 Dominus
825 3060 982 3114 quem
1030 3044 1234 3113 diligit;
1284 3042 1455 3112 diligit
1494 3050 1671 3096 autem
1704 3055 1917 3094 omnem
1949 3040 2116 3095 tilium

542 3157 697 3212 quem
740 3139 930 3209 recipit
974 3137 1156 3208 (Hebr.
1191 3153 1286 3205 xit,
1321 3136 1397 3199 6).
1438 3136 1591 3203 Quod
1645 3136 1807 3190 etiam
1859 3136 1908 3189 in
1939 3134 2112 3202 vobis,

543 3243 796 3303 quantum
845 3231 1026 3296 audio,
1060 3245 1117 3283 re
1148 3228 1430 3297 probatur;
1462 3239 1522 3281 ut
1550 3227 1809 3282 ordinatis
1839 3226 2117 3283 affectibus

546 3328 758 3389 vestris,
785 3340 940 3380 suum
983 3323 1133 3377 vobis
1180 3323 1476 3377 insinuaret
1526 3320 1797 3386 affectum,
1833 3329 1887 3375 et
1935 3319 2120 3374 habitu

545 3424 832 3488 animoque
878 3423 1106 3481 mutato,
1134 3416 1317 3485 jugum
1350 3415 1500 3470 vobis
1528 3429 1638 3469 sua:
1681 3414 1914 3469 lenitatis
1946 3416 2118 3483 impo-

546 3519 717 3574 nerct,
740 3519 800 3563 ut
827 3508 1046 3563 salutari
1077 3509 1256 3561 currui
1309 3521 1409 3560 suo
1466 3507 1601 3560 colla
1650 3505 1960 3574 subdentes,
1994 3505 2119 3561 dum

547 3601 915 3656 mandatorum
946 3614 1163 3654 suorum
1197 3599 1313 3652 leve
1343 3613 1477 3652 onus
1508 3586 1751 3663 evehitis,
1777 3606 2118 3667 peccatorum

545 3709 759 3764 gravem
789 3692 1055 3747 sarcinam
1097 3689 1400 3758 deponatis.
1433 3690 1559 3744 Haec
1584 3698 1669 3743 est
1707 3689 1849 3743 enim
1898 3690 2119 3743 mutatio

545 3786 787 3841 dextera:
818 3784 1052 3847 Excelsi,
1076 3782 1200 3837 dum
1225 3782 1293 3838 de
1315 3782 1686 3853 peccatoribus
1710 3781 1905 3851 justos,
1937 3782 2003 3837 de
2029 3797 2122 3837 ex-

549 3879 747 3932 traneis
778 3877 1123 3941 domesticos,
1150 3877 1350 3929 amicos
1378 3876 1476 3929 sibi
1530 3875 1706 3928 facere
1761 3874 2011 3943 dignatur
2053 3889 2119 3928 ex

546 3972 739 4023 servis.
772 3969 1034 4039 Superest
1063 3979 1120 4022 ttt
1168 3983 1309 4035 nunc
1354 3968 1763 4022 conversionem
1795 3981 1951 4037 quam
1994 3983 2123 4038 pro-

551 4062 747 4116 tulistis
780 4060 833 4113 in
866 4066 1034 4123 veste,
1070 4059 1305 4128 probetis
1335 4059 1386 4111 iu
1433 4058 1626 4124 corde;
1658 4066 1713 4112 et
1741 4058 1855 4112 haec
1886 4073 2124 4113 commu-

552 4154 678 4207 tatio
702 4151 1222 4206 interindumentnm
1248 4158 1483 4203 vestrum
1510 4149 1768 4205 habeatur
1782 4157 1836 4204 et
1856 4151 2121 4216 animum;

552 4255 607 4297 it
644 4244 779 4298 sicut
820 4242 910 4297 ille
951 4241 1051 4295 sub
1079 4240 1319 4296 candidis
1364 4241 1607 4296 vestibus
1638 4240 1822 4297 habuit
1853 4242 2127 4312 hucusque

628 4455 649 4481 λ
685 4446 807 4500 Hice
838 4459 961 4507 vox,
994 4451 1053 4498 ut
1082 4449 1232 4510 puto,
1260 4451 1508 4509 corrupta
1532 4449 1633 4494 est.

621 4514 648 4553 δ
682 4516 801 4569 Fuit
855 4516 1098 4581 Agricola
1162 4513 1242 4568 vir
1293 4512 1539 4575 illustris,
1584 4511 1723 4565 Aviti
1790 4510 2129 4577 imperatoris

555 4587 711 4663 filius,
744 4585 944 4663 Bedicii
975 4585 1158 4649 frater,
1178 4584 1265 4663 qui
1299 4592 1410 4663 tum
1438 4597 1620 4663 comes
1650 4581 2008 4663 magisterque
2037 4583 2133 4635 mi-

2216 1982 2423 2050 paravit
2464 1980 2845 2036 habitaculum.
2878 1980 3092 2036 Gratias
3142 1982 3318 2052 itaque
3346 1982 3573 2037 Domino
3605 1995 3792 2038 nostro

2215 2086 2377 2140 super
2408 2082 2510 2125 tam
2546 2073 2891 2126 inenarrabili
2948 2072 3064 2141 ejus
3120 2074 3356 2130 bonitate
3407 2076 3459 2129 iu
3505 2092 3794 2131 commune

2216 2162 2639 2232 referamus,qui
2670 2162 2873 2217 mavult
2893 2179 3080 2218 servos
3107 2180 3324 2221 munere
3347 2182 3503 2235 quam
3533 2167 3789 2237 perdere;

2218 2256 2511 2326 corrigere,
2557 2271 2714 2325 quam
2749 2256 2968 2326 punire;
3018 2266 3071 2311 et
3102 2272 3197 2327 pro
3236 2273 3397 2313 usura
3449 2258 3629 2315 brevis
3678 2261 3801 2314 vita:

2217 2358 2474 2418 perpetua
2518 2360 2682 2415 regna
2721 2346 2940 2402 donare.
2969 2348 3121 2415 Quod
3176 2354 3442 2418 superest,
3474 2350 3651 2405 saluto
3682 2350 3795 2419 plu-

2219 2442 2434 2507 rimum,
2464 2450 2515 2495 et
2540 2440 2785 2493 ancillam
2818 2448 3052 2495 vestram
3078 2441 3230 2496 vobis
3268 2443 3524 2512 peculiari
3555 2443 3795 2497 insinua-

2220 2533 2364 2589 tione
2394 2534 2743 2588 commendn:
2773 2533 3065 2603 quamlibet
3086 2532 3188 2589 hoc
3214 2536 3361 2590 salva
3392 2546 3571 2591 vestra
3604 2538 3799 2607 pietate

2218 2642 2322 2682 non
2353 2636 2534 2696 egeat;
2570 2634 2625 2680 ut
2653 2640 2759 2696 quo
2791 2640 2906 2679 eam
2938 2627 3211 2693 suscipere
3257 2629 3389 2681 tanti
3423 2626 3688 2682 habuistis
3716 2626 3792 2680 af-

2218 2717 2381 2784 fectu,
2405 2729 2619 2785 semper
2665 2714 2916 2783 foveatis,
2952 2716 3265 2786 indultuque
3321 2717 3569 2789 largitate
3618 2717 3796 2773 divina

2219 2819 2474 2879 utrosque
2503 2823 2601 2863 nos
2620 2808 2720 2865 sibi
2744 2810 2946 2878 paravit
2974 2811 3267 2876 obnoxios;
3301 2824 3397 2866 vos
3429 2826 3559 2866 avos
3596 2811 3797 2866 faciens

2220 2918 2314 2959 sua
2357 2902 2701 2967 fecunditate,
2728 2918 2822 2957 nos
2851 2910 3097 2973 proavos.
3128 2903 3387 2959 Domnam
3420 2905 3579 2959 filiam
3630 2920 3802 2959 meam

2219 2994 2483 3063 desiderio
2534 3006 2587 3052 t-t
2632 2997 2855 3060 honore,
2909 3010 3014 3065 quo
3064 2996 3283 3066 dignum
3318 3008 3420 3063 est,
3470 2999 3692 3068 sospite.
3724 2998 3806 3053 Ob

2218 3093 2393 3162 cujus,
2433 3092 2476 3145 si
2524 3089 2745 3145 facultas
2800 3099 2945 3144 esset
3003 3089 3332 3156 ambulandi,
3390 3102 3506 3146 erat
3559 3091 3808 3145 voluntas

2238 3183 2634 3254 promptissima
2688 3186 2782 3235 v'os
2831 3180 3085 3245 visendi;
3138 3190 3194 3236 ut
3242 3198 3399 3251 quam
3458 3182 3807 3238 interioribus

2145 3266 2195 3330 C
2224 3274 2394 3330 oculis
2427 3288 2521 3343 pro
2548 3273 2824 3328 affinitatis
2865 3272 3031 3340 ipsius
3075 3274 3450 3341 conjunctione
3473 3274 3587 3345 jugi
3619 3290 3799 3330 recor-

2224 3369 2441 3424 datinnc
2468 3368 2854 3438 conspicimus,
2887 3367 3241 3423 exterioribus
3271 3384 3642 3425 cerneremus.
3669 3371 3807 3439 Opto

2225 3464 2361 3518 bene
2386 3475 2532 3531 agas.

2782 3594 2998 3650 EPIST.
3033 3594 3249 3650 XXXII.

2224 3710 2447 3765 Domino
2475 3718 2654 3763 sancto
2676 3719 2722 3761 et
2749 3707 3049 3779 apostolico,
3081 3709 3314 3779 omnique
3340 3724 3372 3761 a
3400 3724 3476 3761 me
3516 3708 3711 3763 honore
3755 3720 3804 3763 et

2296 3797 2465 3834 amore
2492 3776 3017 3848 specialius’colendo
3060 3778 3212 3847 fratri
3261 3777 3483 3834 Cwsario
3518 3790 3538 3816 ε
3564 3781 3805 3849 episcOpo

2301 3852 2559 3906 Ruricius.
3432 3916 3433 3919 η

2300 3965 2492 4019 Frater
2513 3971 2567 4017 et
2589 3964 2975 4033 conpresbyter
2998 3973 3179 4019 noster
3207 3963 3503 4033 Capillutus
3525 3966 3814 4035 dupliciter

2233 4058 2331 4111 hac
2376 4057 2490 4111 vice
2520 4055 2675 4110 nobis
2720 4066 2900 4126 gratus
2951 4057 3212 4126 apparuit,
3248 4057 3373 4111 dum
3416 4066 3471 4113 et
3500 4057 3617 4127 ipse
3645 4058 3802 4114 nobis

2226 4152 2338 4221 jam
2387 4152 2476 4206 diu
2523 4149 2858 4206 desideratus
2904 4150 3159 4215 occurrit,
3189 4159 3244 4205 et
3296 4151 3581 4220 quamdam
3642 4153 3811 4208 vestri

2234 4243 2573 4313 prarsentiam
2612 4241 2765 4297 nobis
2810 4256 2906 4312 per
2946 4248 3149 4297 vestras
3197 4241 3403 4298 litteras
3433 4254 3807 4313 repraesentat.

2237 4438 2508 4516 equidem,
2537 4441 2911 4516 abrogatajlls
2937 4442 3054 4512 jura
3086 4442 3263 4516 denuo
3294 4443 3624 4498 instaurasse.
3645 4445 3812 4516 Syrus

2238 4510 2483 4566 machum
2536 4511 2743 4581 ipsique
2782 4510 3016 4569 Gwsario
3061 4513 3255 4568 utenda
3303 4517 3655 4571 concessisse.
3691 4510 3812 4571 'Sed

2238 4582 2559 4636 clﬂuxerunt
2603 4583 2728 4638 anni
2777 4595 2900 4638 octo
2926 4600 2953 4639 a
2993 4585 3223 4639 concilio
3249 4584 3539 4652 Agathensi
3572 4588 3638 4641 ad
3669 4588 3813 4641 vica-

556 4656 1096 4740 IitiuunAryeruorum
1130 4651 1381 4740 multauit)
1416 4653 1561 4708 urbis
1586 4651 1905 4740 delensi'pne.
1938 4651 2130 4740 advcr-
2156 4678 2211 4740 D
2239 4651 2403 4706 riatus
2426 4653 2761 4735 Arelatensis
2790 4657 3201 4740 restitutionem.
3227 4651 3441 4735 Propria
3474 4656 3637 4740 igitur
3659 4660 3810 4740 uisus

553 4742 642 4781 sus
692 4727 896 4782 Gothos
948 4733 1185 4793 gesserat
1219 4766 1232 4787 ,
1291 4725 1433 4778 illius
1486 4739 1728 4778 sororem
1781 4721 2126 4791 Papianillam

556 4813 772 4852 uxorem
804 4798 1033 4851 duxerat
1077 4796 1328 4850 Sidonius
1377 4794 1721 4865 Apollinaris,
1764 4803 1821 4847 ut
1864 4802 2012 4863 patet
2058 4809 2124 4849 ex

550 4886 635 4939 ep.
673 4869 707 4922 Ι.
743 4884 800 4936 tt,
831 4883 916 4936 ep.
947 4866 1033 4921 t9.
1058 4866 1217 4939 Basn.

627 4952 646 4977 ε
676 4934 975 5007 δετῐρεὲιτίιι
1006 4937 1068 4989 ad
1102 4936 1371 4991 Ruricium
1401 4934 1665 4990 Caesarius
1700 4945 1755 4989 ut
1798 4934 2027 4989 concilio
2057 4950 2123 4990 ex

552 5011 794 5063 universa
807 5009 1101 5062 Gothorum
1124 5007 1326 5060 ditione
1341 5007 1558 5074 Agathae
1574 5015 1869 5059 convocato
1886 5020 2122 5073 praesens

549 5080 782 5132 adesset.
830 5078 1068 5133 Habetur
1095 5076 1215 5143 ejus
1240 5078 1463 5143 epistola
1488 5076 1881 5143 interepistolas
1916 5075 2117 5139 Fausti,

550 5150 796 5217 superius
815 5149 987 5204 editas
1021 5145 1179 5217 (Vide
1205 5147 1388 5215 infra).
1407 5144 1832 5217 celeberrimum
1862 5145 1958 5199 fuit
1988 5145 2119 5201 illttd

550 5213 853 5286 concilium,
878 5220 929 5274 in
952 5213 1055 5288 quo
1072 5213 1361 5288 Galliarum
1381 5213 1662 5288 primatem
1694 5230 1753 5269 se
1771 5217 1991 5288 gerebat
2010 5218 2123 5286 epi-

552 5303 747 5357 scopus
777 5284 1130 5351 Arelatensis,
1163 5287 1249 5354 qui
1278 5284 1503 5357 concilia
1544 5284 1877 5357 convocabat
1908 5284 2123 5357 illisque

551 5355 798 5428 praierat.
847 5358 1098 5428 Autumat
1133 5360 1213 5409 vlr
1254 5355 1937 5428 eruditissimusgBaluaius
1984 5355 2121 5412 hanc

549 5425 857 5499 dignitatem
884 5427 1116 5499 Caesarie
1140 5425 1458 5499 auctoritate
1503 5426 1800 5495 pontiﬁcali
1829 5427 1996 5483 fuisse
2024 5428 2121 5483 de-

550 5496 944 5565 mandatamet
968 5496 1242 5552 sancitam.
1272 5497 1378 5552 Sed
1406 5512 1471 5551 eo
1503 5507 1764 5565 tempore,
1796 5512 1936 5550 anno
1974 5499 2121 5553 scili-

551 5578 638 5624 cet
667 5567 793 5629 506,
848 5564 1198 5636 Symmachus
1251 5568 1504 5622 Romamn
1560 5564 1703 5622 sedis
1755 5567 1971 5634 praesul,
1998 5568 2115 5636 jura

552 5641 699 5706 prius
734 5638 926 5692 Eonio
976 5638 1265 5709 Arelatensi
1314 5637 1569 5708 episcopo
1614 5652 1871 5692 concessa
1909 5638 2118 5709 penitus

550 5710 922 5777 abrngaverat,
955 5706 1381 5778 cettstitutiunem
1436 5706 1629 5763 Leonis
1669 5710 1845 5778 magni
1876 5706 1996 5764 a‘se
2034 5724 2123 5764 re-

551 5776 789 5835 stitutam
839 5776 1271 5841 conlirmaverat,
1303 5792 1551 5834 asserens
1606 5776 1778 5835 levem
1812 5782 2119 5834 inconstan-

550 5858 764 5907 tcmuue
822 5849 1056 5904 animum
1107 5846 1353 5911 pontiﬁci
1401 5862 1507 5903 non
1560 5852 1888 5913 convenire;
1939 5866 2119 5907 verum

2238 4723 2554 4779 auctoritate
2602 4734 3018 4794 contemptoque
3069 4724 3291 4778 Romani
3335 4723 3577 4794 prmsulis
3606 4727 3808 4793 edicto,

2237 4794 2521 4847 concilium
2555 4794 2857 4861 Agatbense
2902 4809 3203 4849 convocans
3231 4794 3496 4850 Caesarius
3535 4798 3601 4851 ad
3646 4798 3807 4852 Ruri-

2234 4864 2377 4918 cium
2403 4863 2690 4938 ut‘adesset
2717 4867 3027 4938 scripserat.
3060 4866 3252 4920 Benuit
3281 4865 3546 4934 Ruricius,
3572 4884 3641 4923 eo
3667 4868 3809 4938 quod

2236 4934 2503 5007 nonsatis
2540 4934 2687 5007 l_irma
2716 4937 3043 5007 valetudine
3096 4946 3366 5007 uteretur,
3397 4938 3492 4992 scd
3538 4934 3716 5007 ponus
3746 4954 3813 4994 eo

2232 5005 2375 5073 quod
2400 5020 2458 5059 se
2479 5020 2506 5058 a
2529 5004 2762 5060 Caesario
2782 5006 3088 5073 despectum
3112 5006 3383 5069 crederet;
3403 5004 3628 5063 aberant
3648 5011 3808 5065 etiam

2233 5075 2476 5146 plerique
2505 5089 2535 5129 e
2555 5075 2827 5145 provincia
2858 5075 3165 5137 Viennensi,
3189 5077 3302 5146 qui,
3330 5079 3578 5145 quamvis
3597 5081 3811 5134 Alarico

2231 5145 2454 5219 subditi,
2484 5159 2665 5200 curam
2704 5149 3005 5219 Arelatensi
3032 5145 3261 5219 prmsule
3303 5148 3474 5219 fasces
3519 5149 3811 5205 demittere

2229 5215 2502 5288 nolebant,
2541 5219 2835 5288 etgpropria
2862 5217 2981 5288 jura
3027 5215 3054 5271 ὁ
3088 5217 3415 5288 Symmacho
3443 5234 3639 5275 recens
3674 5235 3808 5276 con-

2227 5285 2432 5339 ﬁrmata
2457 5285 2824 5343 venditabant.
2860 5287 3030 5342 Iratus
3056 5285 3240 5343 eorum
3271 5288 3517 5343 absentia
3542 5289 3810 5347 Caesarius

2225 5356 2396 5425 legem
2429 5356 2608 5431 sanxit
2640 5373 2740 5425 qua
2771 5358 3041 5431 ferebatur
3076 5370 3134 5413 ut
3159 5359 3673 5431 simetropoiitanus
3700 5364 3810 5431 epi-

2226 5440 2423 5503 scopus
2446 5427 2512 5481 ad
2534 5429 3019 5503 comprovinciales
3040 5429 3290 5499 epistolas
3316 5427 3591 5503 direxerit,
3616 5434 3670 5487 in
3693 5427 3810 5503 qui-

2225 5498 2326 5553 bus
2370 5512 2461 5553 eos
2508 5508 2598 5552 aut
2626 5499 2690 5551 ad
2725 5498 3113 5555 ordinationem
3157 5502 3348 5555 summi
3392 5498 3809 5568 pontificisfaut

2226 5568 2583 5644 ad‘synodum
2617 5569 2825 5644 invitet,
2852 5571 3143 5640 postpositis
3166 5571 3639 5644 ornuibus,excepta
3669 5573 3805 5644 graui

2225 5638 2519 5706 inﬁrmitate
2539 5641 2795 5707 corporis,
2827 5638 2915 5693 aut
2946 5642 3282 5709 prwceptione
3319 5642 3485 5710 regia,
3513 5638 3582 5696 ait
3620 5638 3804 5698 co'nsti-

2227 5718 2387 5762 tutam
2410 5710 2539 5762 diem
2562 5712 2737 5764 adesse
2759 5727 2857 5764 non
2886 5711 3152 5778 (li/ferant.
3177 5711 3290 5765 Hoc
3319 5712 3593 5766 decretum
3622 5730 3648 5764 a
3679 5727 3802 5766 con-

2228 5781 2353 5833 cilio
2381 5783 2564 5841 latum,
2601 5790 2709 5835 tum
2761 5782 2921 5835 etiam
2950 5783 3167 5836 thsarii
3216 5782 3452 5851 querela:
3482 5784 3550 5835 de
3600 5781 3802 5837 Rurieii

2227 5852 2486 5913 absentia.
2520 5851 2642 5906 huic
2688 5851 2927 5913 epistola:
2959 5852 3216 5907 dederunt
3243 5853 3605 5910 occasionem.
3639 5853 3800 5908 Busa.
