4086 6328
308 476 400 533 ῡοθ

1607 462 1940 522 EPISTOLA
1981 464 2215 522 XXXIV.

3439 356 3588 424 Hd

303 586 409 650 Quo
437 579 690 636 redeunte
738 580 835 633 has
868 579 1091 634 reddere
1133 580 1433 649 procuravi,
1481 578 1675 648 quibus
1720 580 1868 634 debi-
1894 581 1949 642 Α
1976 580 2036 635 ﬁt
2066 582 2204 636 servi
2224 582 2269 645 ;““
2300 591 2356 637 ut
2386 582 2552 652 possit
2580 584 2918 654 impassihilis
2960 584 3087 652 pati,
3136 579 3538 651 incomprehen-

303 685 405 730 tum
439 670 751 727 beatitudini
784 679 972 725 vestra:
1011 671 1256 739 rependo
1306 671 1544 726 caritatis
1596 670 1855 726 ofﬁcium.

300 763 440 834 Quod
482 778 606 816 vero
650 762 900 827 scribitis,
933 778 1027 816 cur
1071 765 1137 817 ad
1182 766 1472 834 synodum,
1505 766 1645 820 sicut
1698 765 1866 820 collo-

298 857 429 913 cutio
458 854 637 909 habuit
661 866 864 921 nostra,
899 871 1003 910 non
1034 858 1301 922 venerim,
1338 857 1460 913 fecit
1489 859 1591 913 hoc
1639 859 1867 914 inﬁrmi-

1967 676 2134 730 sibilis
2181 678 2319 746 capi,
2353 678 2667 733 immortalis
2714 679 2870 743 mori,
2909 678 2997 748 qui
3048 685 3273 733 mortem
3321 691 3539 731 occum-

1966 770 2142 824 bentlo
2190 770 2498 839 perimeret.
2546 782 2601 825 ut
2658 772 2820 826 vitam
2870 770 3200 841 resurgendo
3243 780 3540 840 repararet:

1967 862 2070 918 Sed
2104 864 2227 932 quid
2259 878 2358 933 ego
2401 863 2600 920 oblitus
2632 865 2757 929 mei,
2788 864 2974 918 avidus
2998 865 3097 930 tui,
3127 865 3277 935 quasi
3328 865 3395 919 de
3442 864 3539 919 hu-

301 962 392 1016 tas,
420 964 524 1003 non
556 949 819 1003 voluntas.
853 949 1121 1018 lpsieuim
1154 951 1392 1006 recolere
1439 951 1661 1021 potestis
1704 967 1863 1023 quam
1961 952 2258 1020 juscemodi
2331 955 2491 1008 rebus
2548 964 2720 1010 tecum
2784 954 3137 1024 colloquens,
3190 965 3243 1010 et
3308 954 3434 1010 inde
3486 956 3541 1010 in

300 1040 486 1096 fessum
520 1056 603 1092 me
650 1039 945 1110 Burtligalia
995 1039 1165 1113 [forte
1213 1040 1518 1114 Burdigali]
1576 1043 1859 1108 videritis;

297 1143 347 1190 et
374 1134 473 1187 hoc
501 1133 710 1203 hyeme,
740 1134 952 1203 quando
977 1148 1097 1188 esse
1128 1135 1278 1189 soleo
1308 1136 1495 1190 fortior
1521 1118 1705 1192 solito.
1731 1138 1863 1204 Quia

294 1227 487 1282 aestivis
534 1226 719 1281 diebus
749 1228 908 1281 etiam
942 1228 991 1281 in
1016 1227 1247 1297 hospitio
1279 1244 1419 1297 meo,
1453 1241 1504 1285 et
1536 1231 1666 1286 locis
1714 1233 1863 1303 frigi-

292 1319 389 1384 dis,
414 1319 584 1387 ipsam
617 1320 1140 1374 cousuetudinariam
1170 1321 1530 1377 infirmitatem
1556 1335 1856 1380 sustentare

290 1411 374 1464 vix
412 1410 602 1472 valeo;
650 1425 713 1463 ne
743 1410 937 1474 dicam,
968 1413 1106 1480 quod
1135 1413 1252 1467 illos
1299 1423 1468 1470 coetus
1510 1413 1726 1487 [cestus]
1776 1432 1862 1471 re-

208 1552 211 1555 .
288 1502 455 1571 giouis
487 1502 623 1555 illius
653 1502 787 1557 ferre
816 1504 1103 1572 quiverim,
1136 1506 1179 1558 si
1225 1507 1512 1561 venissem.
1550 1507 1697 1562 Unde
1749 1525 1860 1563 ma.

290 1592 367 1662 gis
396 1608 562 1663 spero
593 1603 649 1646 ttt
695 1610 786 1660 pro
819 1611 902 1648 me
929 1612 1085 1649 orare
1128 1596 1443 1666 dignemini,
1478 1608 1531 1653 et
1555 1600 1619 1652 ad
1654 1609 1859 1667 tempus

289 1686 442 1752 aliud,
481 1685 621 1755 quod
660 1686 934 1751 inlimatis,
967 1688 1011 1742 si
1046 1689 1180 1742 Deus
1207 1689 1366 1743 vitam
1395 1691 1642 1757 cesserit,
1670 1691 1853 1745 venire

289 1779 461 1845 vultis,
506 1781 656 1833 nobis
688 1796 780 1848 per
820 1779 1091 1835 hominem
1133 1791 1365 1835 vestrum
1409 1784 1666 1837 maturius
1716 1782 1863 1837 indi-

286 1874 430 1927 cetis.
460 1872 600 1937 Quia
633 1872 837 1927 htteras
884 1883 1088 1927 vestras
1130 1872 1196 1927 ad
1231 1889 1314 1928 me
1356 1874 1516 1927 modo
1562 1874 1862 1929 tardissime

1967 1042 2291 1098 desiderium
2345 1045 2417 1099 tui
2470 1045 2839 1100 vehementius
2883 1044 3295 1114 perardescens.
3349 1046 3541 1101 restin-

1968 1152 2133 1202 guere
2180 1137 2323 1192 sitim
2373 1153 2544 1192 meam
2590 1139 2732 1194 velut
2762 1138 2993 1207 quodam
3035 1137 3334 1194 dilectionis
3362 1137 3542 1193 rivulo

1967 1228 2247 1292 festinans,
2278 1229 2642 1285 inscrutahilia
2673 1238 2727 1284 et
2756 1230 3023 1284 inaccessa
3057 1237 3388 1299 pertentans,
3408 1229 3537 1298 quid

1966 1326 2173 1390 loquar,
2202 1322 2290 1389 qui
2346 1323 2553 1391 loquar,
2581 1323 2666 1377 cui
2720 1323 2905 1392 loquar
2944 1335 3050 1376 non
3077 1321 3378 1377 considero.
3432 1320 3541 1376 Sed

1966 1412 2133 1478 dabit,
2174 1422 2233 1467 ut
2279 1415 2510 1477 conﬁdo,
2562 1414 2787 1468 veniam-
2838 1414 3025 1482 pietas,
3065 1429 3226 1484 quam
3259 1412 3545 1467 committit

1965 1503 2208 1558 allectus.
2243 1504 2372 1570 Quia
2401 1506 2597 1559 caritas
2627 1504 2804 1558 omnia
2852 1505 3106 1559 sustinet.
3155 1502 3315 1559 Salve
3366 1504 3544 1572 itaque

1966 1597 2251 1665 plurimum
2308 1596 2428 1651 dico
2476 1597 2748 1651 individuo
2805 1596 2932 1649 mihi
2986 1597 3187 1665 pectori
3247 1604 3450 1660 vestro,
3484 1603 3541 1650 et

1966 1703 2097 1756 rogo
2132 1695 2188 1742 ut
2218 1703 2312 1757 pro
2352 1704 2437 1743 me
2467 1690 2797 1743 incessanter
2827 1703 2983 1743 orare
3014 1688 3327 1757 dignemini,
3360 1688 3544 1743 simul-

1967 1793 2070 1849 que
2090 1781 2249 1833 etiam
2281 1789 2485 1847 partem
2511 1781 2754 1847 corporis
2781 1781 2906 1844 mei,
2938 1795 3029 1846 per
3061 1796 3218 1849 qttam
3261 1780 3413 1836 vobis
3443 1780 3540 1834 has

1967 1873 2140 1940 trado,
2176 1874 2429 1941 peculiari
2461 1874 2819 1929 insinuatione
2866 1874 3204 1931 commendo.
3243 1882 3299 1927 ut
3327 1875 3378 1928 in
3408 1874 3537 1939 illis,

290 1963 506 2017 venisse
555 1966 815 2033 signiﬁco.
862 1963 997 2031 Quia
1049 1965 1146 2018 rtsi
1194 1981 1297 2019 non
1330 1981 1425 2033 pro
1470 1966 1746 2035 dignitate,
1781 1966 1865 2021 vel
1894 1956 1943 2017 Β
1970 1979 2128 2034 quam
2162 1979 2247 2019 me
2274 1964 2506 2033 diligatis
2533 1964 2738 2033 integre
2767 1963 3147 2032 comprobetis.
3188 1963 3335 2028 Quos
3386 1964 3539 2017 vobis

292 2069 384 2123 pro
413 2063 599 2117 aetate,
633 2070 736 2108 non
765 2054 1019 2109 debemus
1076 2054 1279 2111 tardius
1307 2072 1465 2125 quam
1496 2057 1586 2111 alii
1636 2071 1870 2111 commo-

286 2146 421 2215 neri,
451 2146 552 2215 qui
586 2144 812 2200 fortasse
854 2148 943 2216 (ut
968 2146 1143 2201 minus
1187 2146 1419 2214 prudens
1458 2147 1664 2217 dicam)
1698 2163 1871 2203 mere-

290 2237 481 2292 bantur
538 2236 749 2291 ambiri.
783 2236 917 2306 Quia
941 2238 985 2292 si
1016 2238 1134 2292 aliis
1165 2254 1358 2293 nomen
1409 2240 1616 2294 urbium
1652 2248 1869 2307 prazstat

286 2330 611 2395 auctoritas,
645 2329 797 2384 nobis
823 2329 1190 2384 auctoritatem
1221 2329 1436 2385 demere
1460 2346 1565 2384 non
1601 2330 1759 2386 debet
1790 2347 1872 2386 ur-

291 2419 368 2474 bis
422 2417 723 2473 humilitas.
776 2419 1051 2490 Siquidem
1090 2420 1269 2474 .multu
1319 2422 1541 2487 melius,
1599 2420 1873 2490 multoque

289 2512 621 2567 eminentius
648 2521 751 2578 est,
782 2514 1052 2568 civitatem
1078 2512 1145 2568 de
1172 2513 1471 2581 sacerdote,
1504 2529 1663 2577 quam
1689 2529 1873 2571 sacer-

288 2602 469 2659 dotem
505 2600 576 2658 de
603 2604 821 2659 civitate
850 2618 1093 2660 noscere.

829 2759 1046 2817 EPIST.
1075 2760 1316 2817 XXXIII.

282 2856 513 2935 Domino
544 2887 719 2931 sancto
754 2886 802 2932 et
838 2876 1121 2943 apostolico
1148 2877 1370 2946 mihique
1421 2877 1473 2929 in
1523 2875 1726 2930 Christo
1768 2875 1875 2929 Do-

350 2952 496 3004 mino
548 2948 760 3019 speciali
803 2949 943 3001 cultu
983 2947 1268 3019 a/I‘ectuque
1317 2948 1510 3000 cwleris
1553 2947 1872 3017 prafercndo

354 3018 583 3092 patrono
614 3019 808 3074 Sedulo
848 3019 1082 3091 episcopo
1111 3018 1352 3073 Ruricius
1375 3021 1662 3088 episcotms.

352 3157 499 3211 Dum
527 3154 796 3210 scribendi
825 3152 976 3207 vobis
1015 3151 1190 3207 omnis
1242 3151 1475 3221 pectoris
1528 3149 1635 3205 mei
1668 3150 1879 3231 animus

278 3244 377 3304 vos
400 3248 599 3303 sitiens
626 3246 963 3301 occasionem
994 3244 1299 3314 frequenter
1332 3241 1878 3313 inqttirit,aliquando

277 3343 541 3399 diuturna
591 3339 937 3396 meditatione
992 3346 1327 3409 pertractans
1375 3337 1591 3406 reperit,
1624 3334 1877 3390 idoneum
1905 3319 1951 3384 C

174 3428 181 3433 ³
278 3437 631 3505 portitorem,
654 3450 747 3503 per
767 3448 924 3503 quem
950 3441 1004 3487 et
1024 3431 1235 3485 silentia
1260 3432 1416 3500 longe
1447 3430 1864 3495 disrumperem,

276 3538 333 3585 et
362 3528 475 3583 sibi
509 3526 775 3595 Spiritales
803 3523 1020 3577 delicias
1063 3521 1357 3591 postulare,
1410 3520 1522 3575 oris
1565 3521 1731 3574 vestri
1786 3534 1879 3572 cu-

275 3620 442 3690 piens
502 3630 625 3669 rore
677 3613 933 3681 reSpergi.
964 3611 1039 3664 De
1088 3625 1215 3680 qua,
1272 3610 1460 3675 credo,
1508 3609 1596 3663 siti
1652 3618 1872 3662 sanctus

274 3707 581 3767 Psalmista
605 3704 852 3760 dicebat:
884 3702 1067 3756 Anima
1111 3717 1223 3755 mea
1256 3703 1385 3755 sicut
1426 3710 1562 3754 terra
1590 3701 1702 3753 sine
1748 3716 1884 3765 aqua

276 3798 597 3870 tibi(Psal.
641 3811 806 3861 exui,
838 3794 927 3865 6).
957 3793 1046 3849 llla
1093 3793 1343 3848 nimirum
1393 3806 1526 3861 aqua
1576 3789 1881 3844 ariditatem

276 3890 543 3962 corporis
568 3888 651 3942 sui
681 3888 1014 3956 restinguere
1042 3883 1219 3939 sobria
1252 3882 1511 3937 ebrieta‘e
1537 3880 1870 3945 desiderans,

280 3988 352 4043 de
388 3998 505 4055 qua
538 3982 793 4037 Dominus
823 3991 1007 4035 noster
1035 3978 1087 4033 in
1122 3977 1411 4046 Evangelio
1433 3977 1666 4030 clamare
1693 3974 1883 4044 digna-

281 4090 373 4135 tur
401 4096 417 4134 :
455 4075 524 4133 Si
552 4077 665 4145 quis
695 4075 827 4139 sitit,
848 4075 1011 4128 veniat
1036 4082 1081 4126 et
1105 4070 1257 4125 bibat.
1306 4069 1548 4123 Flumina
1575 4069 1708 4122 enim
1735 4083 1882 4134 aqua:

280 4174 411 4227 victe
471 4168 539 4222 de
584 4175 751 4221 uentre
803 4168 912 4231 eius
955 4166 1124 4234 ﬂuunt
1181 4162 1373 4233 (Joau.
1426 4177 1517 4228 vit,
1552 4160 1677 4230 58).
1730 4159 1877 4214 llanc

282 4276 492 4334 aquam
541 4257 889 4314 Samaritana:
925 4254 1084 4309 etiam
1117 4254 1257 4309 idem
1297 4252 1554 4306 Dominus
1595 4249 1877 4316 offerebat,

284 4354 392 4411 hoc
415 4360 530 4417 est,
555 4347 809 4403 Ecclesiae
840 4360 906 4402 ex
934 4344 1180 4415 gentibus
1208 4341 1600 4413 congreganda:
1647 4340 1831 4395 dicens
1861 4357 1873 4394 :

284 4448 438 4516 Aqua
461 4455 620 4512 quam
645 4454 734 4510 ego
761 4438 912 4505 dabo,
949 4437 1033 4505 ﬁet
1063 4436 1117 4489 in
1145 4451 1203 4490 eo
1238 4436 1352 4504 [ous
1378 4448 1525 4503 aquae
1550 4431 1781 4485 salientis
1829 4432 1885 4484 in

286 4542 452 4594 vitam
502 4543 745 4590 wternam
774 4529 967 4600 (Joan.
1001 4544 1052 4583 tv
1074 4527 1116 4600 ).
1150 4528 1295 4582 llanc
1317 4541 1508 4596 aquam
1538 4525 1581 4578 si
1610 4525 1727 4594 quis
1753 4522 1885 4577 ﬁde-

286 4633 355 4688 lis
385 4646 505 4685 non
553 4633 711 4697 gustu
752 4631 954 4678 tantum
1003 4634 1214 4675 summo
1267 4628 1420 4672 tenus
1467 4631 1560 4671 ore
1607 4614 1883 4679 libaverit,

286 4725 386 4779 sed
417 4695 791 4777 totis-animat
833 4714 1129 4771 visceribus
1169 4722 1427 4784 appetens
1475 4708 1702 4764 conviva
1754 4695 1969 4761 sor-D

288 4814 477 4872 buerit
508 4855 528 4881 ,
582 4809 822 4881 protinus
866 4808 919 4862 iu
964 4804 1175 4861 laudem
1242 4800 1450 4857 Domini
1500 4798 1884 4868 omnipotentis

289 4906 576 4977 erumpit;
641 4910 695 4957 et
744 4900 847 4955 hoc
901 4898 1121 4966 incipiet
1174 4903 1387 4950 ructare
1443 4890 1583 4960 quod
1651 4888 1883 4952 biberit;

290 5004 439 5059 sicut
475 4994 822 5055 beatissimus
852 4987 1179 5058 evangelista
1228 4994 1387 5054 atque
1433 4980 1747 5051 discipulus,
1796 4977 1890 5048 qui

291 5108 467 5164 super
524 5095 709 5158 pectus
757 5083 966 5139 Domini
1016 5078 1328 5134 recumbere
1373 5074 1588 5138 meruit,
1624 5069 1881 5141 mysteria

296 5185 457 5256 regni
486 5179 728 5237 caelestis
756 5174 978 5239 audivit,
1008 5181 1061 5227 et
1089 5172 1142 5227 in
1168 5170 1313 5225 illam
1350 5180 1539 5222 vocem
1571 5178 1731 5234 quam
1761 5169 1887 5217 ante

298 5254 493 5335 nullus
525 5270 787 5336 audierat,
817 5265 1065 5323 clamavit
1092 5282 1106 5319 :
1137 5263 1201 5317 In
1220 5262 1475 5332 principio
1499 5267 1605 5313 erat
1638 5254 1890 5319 Verbum,

298 5381 347 5426 et
391 5366 633 5425 Verbum
675 5371 782 5417 erat
833 5358 971 5430 apud
1000 5355 1186 5420 Deum,
1234 5364 1280 5408 et
1329 5351 1469 5408 Deus
1512 5360 1620 5405 erat
1669 5347 1892 5402 Verbum

300 5464 504 5535 (Joan.
543 5454 700 5526 1,1).
755 5453 869 5508 Hoc
923 5456 1041 5505 erat
1086 5448 1213 5503 illud
1270 5445 1527 5513 Verbum,
1575 5440 1716 5512 quod
1775 5440 1892 5494 sine

304 5563 567 5622 tempore
606 5562 638 5602 a
688 5546 845 5600 Patre
889 5539 1146 5611 genitum,
1178 5538 1233 5591 in
1287 5547 1530 5605 tempore
1580 5541 1789 5587 creatur
1825 5544 1891 5584 ex

302 5620 511 5707 matre,
546 5648 602 5692 ut
632 5645 841 5691 creator
882 5633 1070 5695 ﬁeret;
1102 5638 1161 5683 ut
1190 5641 1311 5682 esse
1338 5624 1503 5695 possit
1550 5620 1894 5676 humanitatis

240 5728 277 5750 ⁹
305 5734 568 5804 qumdam
594 5726 790 5800 portio,
817 5720 1109 5779 divinitatis
1156 5717 1318 5773 totius
1368 5712 1671 5784 plenitudo;
1703 5718 1756 5766 et
1784 5710 1894 5779 ple-

311 5802 624 5883 nitudinem
657 5814 1000 5873 humanitatis
1047 5809 1219 5879 portio
1250 5808 1363 5878 ipsa
1417 5802 1769 5858 humanitatis
1799 5814 1894 5856 sua

311 5921 579 5981 passione
605 5912 916 5973 redimeret;
938 5910 1061 5965 dum
1084 5908 1253 5970 imago
1281 5899 1563 5960 invisibilis
1585 5899 1702 5966 Dei,
1727 5897 1900 5953 forma
1946 5938 1963 5971 θ

1968 2071 2035 2110 eo
2067 2057 2299 2110 arbitror
2349 2057 2460 2111 fore
2506 2055 2766 2121 cariores,
2789 2058 2909 2125 quia
2958 2070 3131 2110 meam
3160 2055 3313 2109 vobis
3362 2069 3544 2109 secum

1969 2146 2213 2202 deferunt
2236 2148 2560 2215 portionem.
2588 2146 2796 2213 Quibus
2825 2145 3078 2215 quidquid
3107 2144 3310 2214 dignati
3332 2144 3542 2199 fueritis

1970 2238 2266 2292 dilectionis
2292 2237 2622 2307 impendere,
2641 2237 2795 2292 nobis
2823 2250 2917 2290 vos
2934 2236 3181 2290 conferre
3208 2235 3537 2304 cognoscite.

1974 2332 2110 2397 Quia
2137 2332 2199 2394 si,
2228 2331 2374 2399 juxta
2409 2338 2651 2383 sanctum
2697 2326 3031 2396 Apostolum,
3062 2326 3231 2379 minus
3260 2325 3541 2379 membrum

1973 2423 2157 2492 majori
2188 2422 2240 2475 in
2264 2421 2439 2474 dolore
2464 2419 2788 2491 compatitur,
2821 2425 2869 2470 et
2899 2416 3066 2486 majus
3092 2418 3271 2485 procul
3300 2415 3454 2467 dubio
3483 2414 3540 2468 in

1971 2514 2182 2567 minoris
2208 2514 2540 2589 prosperitate
2556 2510 2757 2563 ltetatttr
2783 2506 2835 2577 (Ι
2852 2506 2971 2562 Cor.
2996 2522 3094 2573 xu,
3115 2507 3233 2576 26).
3259 2506 3322 2560 Et
3347 2506 3419 2559 ita
3444 2505 3543 2560 de-

1976 2624 2119 2664 mum
2144 2609 2221 2675 tit,
2237 2616 2295 2662 ut
2315 2607 2563 2661 omnibus
2580 2618 2959 2675 usquequaque
2981 2602 3239 2656 membris
3264 2601 3316 2654 in
3338 2613 3469 2670 pace
3487 2608 3545 2654 et

1975 2703 2152 2773 quiete
2166 2700 2498 2770 compositis,
2514 2708 2695 2768 caput,
2714 2699 2876 2753 totius
2896 2697 3137 2765 corporis
3155 2704 3331 2750 rector
3348 2702 3404 2748 ut
3425 2701 3549 2765 pote

1976 2806 2030 2852 et
2050 2796 2372 2860 dominator,
2401 2793 2649 2849 exsultet.
2693 2792 2748 2846 In
2771 2804 2878 2861 quo
2905 2792 3079 2857 capite
3105 2786 3285 2842 omnia
3309 2785 3548 2841 membra

1975 2888 2229 2958 iubentur
2257 2886 2517 2954 aspicere,
2550 2884 2762 2938 dicente
2790 2881 3048 2950 propheta
3078 2895 3093 2933 :
3128 2877 3385 2947 Sapientis
3411 2875 3550 2931 oculi

1978 2985 2031 3036 iu
2049 2983 2212 3050 capite
2239 2979 2533 3054 ejus(Eccl.
2557 2994 2620 3045 tt,
2660 2978 2778 3047 M).
2811 2974 2961 3043 Quod
2988 2975 3122 3028 alius
3152 2971 3409 3042 propheta
3436 2971 3553 3026 evi-

1981 3074 2171 3128 denter
2200 3071 2420 3140 exponit
2469 3069 2655 3123 dicetts
2685 3084 2697 3119 :
2735 3065 2886 3119 Oculi
2913 3065 3011 3118 mei
3054 3078 3247 3131 semper
3277 3060 3345 3115 ad
3376 3058 3553 3113 Domi-

1982 3162 2386 3233 num,quia,ipse
2404 3159 2568 3213 evellit
2592 3159 2654 3211 de
2672 3158 2852 3227 laqueo
2882 3154 3031 3224 pedes
3065 3149 3385 3222 meos(l’sal.
3403 3166 3551 3215 xxiv,

1986 3254 2096 3325 15).
2127 3253 2195 3308 Et
2224 3254 2411 3307 iterum
2448 3269 2460 3303 :
2490 3250 2571 3304 Ad
2599 3258 2645 3302 te
2674 3249 2829 3302 levavi
2851 3247 3027 3300 oculos
3050 3259 3207 3309 meos,
3228 3244 3315 3313 qui
3357 3241 3555 3295 habitas

1982 3350 2032 3403 in
2050 3348 2172 3402 coelo
2190 3345 2363 3419 (Psal.
2378 3360 2549 3408 cuti,
2566 3341 2642 3410 1).
2667 3341 2948 3410 Erigamus
2972 3339 3152 3407 itaque
3166 3336 3354 3392 oculos
3376 3332 3554 3390 cordis

1983 3438 2151 3494 nostri
2181 3437 2247 3491 ad
2274 3435 2543 3491 Christum
2575 3443 2628 3488 ct
2652 3434 2705 3487 in
2753 3431 2935 3487 mundi
2978 3431 3130 3486 istius
3159 3439 3317 3484 nocte
3366 3442 3554 3483 manus

1982 3538 2191 3585 nostras
2219 3528 2469 3596 operibus
2499 3524 2784 3579 fructuosis
2808 3523 3128 3579 extollamus
3154 3520 3219 3574 ad
3246 3518 3555 3588 Dominum,

1984 3626 2038 3671 et
2068 3619 2180 3686 ipse
2220 3624 2379 3682 caput
2409 3624 2649 3670 nostrum
2681 3627 2801 3666 esse
2845 3612 3116 3682 dignetur,
3146 3622 3201 3665 et
3253 3626 3353 3664 nos
3378 3609 3559 3663 adhae-

1985 3722 2104 3762 rere
2131 3706 2290 3774 capiti
2320 3714 2528 3769 nostro,
2562 3714 2619 3758 ut
2649 3703 2737 3757 illa
2764 3704 3006 3769 corporis
3035 3702 3114 3754 sui
3150 3701 3389 3755 membra
3434 3713 3557 3753 esse

1988 3812 2311 3861 mereamur,
2364 3806 2419 3852 ut
2446 3796 2515 3851 de
2558 3794 2659 3850 hoc
2688 3794 2883 3849 stocqu
2912 3791 3269 3857 discedentes,
3306 3799 3557 3858 tanquam

1984 3893 2131 3948 exitu
2179 3890 2336 3945 Israel
2383 3888 2452 3944 de
2499 3888 2727 3960 (Egypto
2769 3886 2949 3940 dicere
2994 3883 3317 3953 redemptori
3374 3893 3560 3938 nostro

1986 3984 2251 4053 possimus
2275 4000 2287 4035 :
2321 3981 2549 4037 Adhtesit
2576 3989 2688 4048 post
2709 3989 2757 4034 te
2792 3978 2965 4032 anima
2990 3992 3132 4039 mea;
3159 3992 3237 4030 me
3256 3985 3423 4030 autem
3447 3991 3560 4029 sus-

1985 4076 2118 4145 cepit
2166 4075 2372 4129 deastera
2398 4085 2487 4128 tua
2542 4071 2716 4142 (Psal.
2747 4085 2875 4135 uti,
2899 4069 2986 4138 9).
3017 4066 3149 4122 Cum
3189 4080 3250 4120 ea
3281 4065 3469 4121 diebus
3497 4079 3562 4119 ac

1986 4166 2233 4222 noctibus
2275 4164 2438 4219 fuerit
2476 4164 2529 4217 in
2567 4162 2812 4232 corporis
2844 4160 3003 4229 hujus
3031 4171 3250 4212 carcere
3279 4156 3558 4223 meditata,

1987 4258 2129 4315 unde
2158 4273 2267 4313 non
2302 4255 2661 4313 confundatur
2689 4254 2755 4309 ad
2785 4262 2930 4309 vota.
2956 4251 3062 4306 Ora
3089 4265 3185 4320 pro
3205 4264 3316 4305 me.

2520 4413 2737 4470 EPIST.
2780 4410 3020 4467 XXXIV.

1988 4533 2210 4587 Domino
2233 4526 2408 4586 sancto
2432 4538 2477 4583 et
2505 4526 2783 4599 apostolico
2806 4526 3025 4599 mihique
3044 4524 3097 4599 in
3118 4522 3334 4599 Domino
3354 4519 3564 4599 speciali

2059 4603 2202 4656 cultu
2237 4590 2748 4669 a/fectuque'cwteris
2784 4590 3099 4666 prwferendo
3135 4598 3345 4663 patrono
3372 4590 3564 4645 Stdalo

2062 4675 2296 4743 episc0po
2326 4671 2564 4725 Ruricius
2589 4670 2873 4736 episcopus.

2066 4786 2165 4840 Per
2192 4784 2475 4839 arciatrum
2520 4776 2875 4850 [arcltiatrttm]
2915 4774 3206 4831 Palladium
3249 4774 3453 4827 litteras
3486 4771 3563 4823 fe—

1990 4877 2147 4932 eundi
2162 4875 2340 4931 cordis
2359 4882 2415 4929 et
2438 4870 2652 4926 facundi
2673 4869 2783 4923 oris
2810 4868 3010 4936 accepi,
3032 4880 3150 4935 qua:
3181 4879 3275 4919 nos
3302 4863 3369 4918 ad
3402 4861 3563 4916 visio-

1993 4986 2115 5026 nem
2135 4977 2370 5024 mutuam
2396 4975 2522 5021 veto
2553 4964 2784 5034 pectoris
2810 4961 3123 5017 invitabant.
3160 4957 3265 5013 Sed
3288 4956 3411 5026 quid
3443 4955 3565 5009 faci-

1993 5076 2131 5129 mus,
2170 5058 2312 5131 quod
2341 5057 2624 5114 desideriis
2660 5054 2955 5110 animorum
2999 5058 3302 5106 nostrorum
3354 5047 3573 5104 diversa:

1993 5154 2357 5211 membrorum
2374 5152 2574 5208 resistit
2590 5147 2907 5207 inﬁrmitas?
2928 5146 3053 5200 dum
3077 5156 3170 5197 vos
3191 5142 3465 5198 nimietate
3483 5158 3573 5195 ro-

2004 5247 2167 5312 busti,
2193 5261 2291 5302 nos
2325 5245 2581 5301 tenuitate
2613 5242 2757 5298 exesi
2788 5239 3033 5307 corporis
3064 5234 3383 5306 impedimur
3404 5253 3418 5290 :
3442 5235 3569 5289 dum

2000 5353 2095 5394 vos
2120 5338 2298 5403 alieni,
2330 5346 2387 5392 et
2411 5345 2636 5406 quatuor
2671 5332 2835 5404 pedes
2855 5330 2995 5385 ferre
3019 5336 3286 5398 nequeunt
3308 5328 3571 5398 pondero-

2000 5447 2120 5496 sos;
2153 5446 2239 5487 me
2261 5430 2419 5485 etiam
2440 5426 2637 5497 preprii
2658 5434 2710 5481 et
2731 5423 2837 5479 duo
2857 5421 3121 5477 sustinere
3143 5435 3251 5491 prae
3273 5420 3573 5475 defectione

2001 5526 2093 5581 vix
2111 5532 2352 5594 possunt.
2374 5521 2489 5589 Quo
2506 5520 2563 5574 ﬁt
2577 5526 2636 5573 ut
2650 5517 2873 5581 implere
2897 5513 3197 5569 communia
3216 5522 3337 5567 vota
3348 5525 3573 5581 nequea-

2001 5631 2140 5671 mus.
2177 5614 2288 5684 Ego
2316 5612 2457 5669 enim
2485 5609 2661 5681 (testis
2688 5615 2769 5661 est
2793 5603 3075 5675 Dominus)
3107 5603 3247 5673 quod
3293 5604 3339 5657 si
3366 5601 3569 5655 valuis-

1982 5698 2136 5773 lsem,
2158 5708 2222 5762 ad
2244 5704 2505 5775 synodum
2525 5699 2823 5757 condictam
2843 5698 2984 5753 omni
3011 5696 3258 5751 aviditate
3280 5695 3565 5749 venissem.

2005 5800 2109 5858 Sed
2142 5813 2258 5863 mea
2284 5793 2537 5862 disposita
2568 5790 2771 5847 itineris
2795 5791 3067 5861 voluntate
3092 5784 3382 5840 necessitas
3410 5784 3571 5837 imbe-

2005 5889 2237 5949 cillitatis
2268 5884 2516 5943 inhibuit.
2556 5882 2690 5951 Quia
2721 5894 2873 5939 aercs
2902 5874 3112 5943 laereml
3164 5873 3395 5942 regionis
3436 5871 3576 5924 illius
