4086 6328
326 343 421 401 H5

1711 353 2043 437 EIIISTQLA
2086 359 2217 417 xu.

3481 372 3582 435 lu

328 460 593 527 cipiantus.
627 457 872 514 Doletnus
904 462 1079 531 itaque
1112 476 1259 517 casut
1285 475 1484 529 vestro,
1521 475 1571 519 et
1596 467 1893 535 planctibus
1922 476 1972 533 Α
1999 475 2115 543 puri
2144 475 2402 532 alimento
2432 480 2750 538 innocentiae
2783 487 3111 553 temperelis.
3147 488 3253 545 Nec
3282 492 3475 546 tuirum
3495 505 3579 549 est

328 561 510 604 vestris
552 544 812 605 interesse
860 568 956 606 nos
985 553 1277 608 credimus.
1336 556 1441 613 Sed
1485 559 1609 626 qttid
1666 560 1897 617 facimus

325 642 516 697 domini
548 641 673 695 lilii?
711 644 968 713 Equidem
1001 646 1262 701 voluntati
1295 648 1489 703 divina:
1519 650 1769 708 resistere
1798 668 1898 709 nec

322 750 592 806 possumus
632 750 732 790 nec
776 736 1049 805 debemus,
1102 748 1162 793 et
1192 742 1336 795 omni
1369 743 1729 799 sollicitudine
1761 762 1896 816 pra:-

317 843 519 892 cavere,
565 842 631 882 ne
670 827 792 881 dum
824 829 998 884 dulcia
1032 832 1186 887 nobis
1236 834 1453 904 pignora
1501 838 1665 891 nimio
1706 840 1893 895 dolore

314 921 585 987 deﬂemus,
618 922 914 992 blasphemi
943 923 1157 993 quidem
1186 936 1241 979 et.
1282 927 1530 995 injuriosi
1557 930 1892 985 inveniamur

314 1014 363 1068 in
396 1014 636 1078 Domino,
679 1024 732 1069 et
761 1018 976 1084 gravius
1007 1017 1214 1072 animas
1244 1030 1456 1075 nostras
1501 1033 1685 1077 auctor
1717 1025 1888 1093 ipsius

309 1107 509 1168 nrortis,
544 1106 1088 1173 inventaoecasioue,
1122 1111 1417 1177 coulodiat,
1446 1130 1605 1183 quam
1638 1132 1884 1171 carorum

307 1197 588 1251 amissione
634 1200 916 1267 percussit.
970 1200 1209 1271 ldeoqae
1255 1202 1305 1256 io
1352 1204 1497 1258 omni
1531 1208 1887 1262 amaritudine

305 1292 382 1346 vel
410 1291 595 1346 dolore
643 1292 707 1345 ad
757 1292 921 1347 Deum
972 1295 1674 1365 nobis.estretogiendtrm,
1727 1300 1885 1361 ει.δά

304 1385 439 1437 il!uur
472 1402 661 1439 omnes
699 1400 855 1440 casus
906 1389 1071 1441 nostri
1113 1397 1224 1442 toto
1255 1390 1417 1444 corde
1467 1392 1758 1457 referendi,
1794 1395 1882 1463 qui

300 1488 445 1530 sanat
474 1478 807 1545 vulneratos,
828 1480 917 1548 qui
952 1480 1154 1535 relevat
1177 1495 1419 1549 mmstos,
1454 1487 1541 1551 qui
1575 1488 1884 1543 consolatur

297 1570 538 1623 amictus.
566 1567 631 1622 Et
662 1569 748 1623 illa
772 1570 940 1624 sancti
962 1570 1062 1624 Job
1092 1574 1357 1626 setrterrtia
1389 1576 1609 1630 omnino
1631 1576 1877 1643 dicenda,

296 1670 375 1713 est
406 1677 419 1712 :
453 1660 702 1713 Dominus
733 1663 894 1725 derlit,
930 1662 1181 1716 Dominus
1222 1665 1451 1733 abstulit,
1485 1669 1614 1721 sicut
1658 1668 1879 1724 Durniuo

293 1751 496 1821 placuit,
526 1752 601 1804 ita
632 1753 824 1820 factum
857 1764 964 1817 est;
989 1756 1056 1807 sit
1094 1774 1277 1809 nomen
1318 1757 1525 1810 Domini
1564 1760 1878 1814 benedictum

294 1843 405 1911 (Job
438 1860 473 1907 I,
512 1844 630 1913 ει).
665 1846 733 1899 Et
764 1846 855 1900 ille
888 1848 987 1900 hoc
1022 1850 1234 1916 quando
1265 1848 1496 1913 dicebat,

292 1953 405 1990 curn
439 1939 589 1992 ornui
626 1940 877 1995 facultate
909 1941 1211 2009 perdiderat
1243 1958 1257 1994 ε
1284 1941 1389 1996 Nec
1420 1952 1595 1997 tamen
1628 1944 1872 2012 Irlasrrhc-

290 2047 431 2086 mare
472 2043 568 2084 attt
614 2033 811 2086 damno
854 2044 944 2087 aut
992 2035 1179 2089 dolore
1227 2038 1537 2106 compulsus
1585 2049 1685 2093 est.
1723 2040 1872 2096 Sicut

290 2124 413 2178 dicit
437 2125 723 2195 Scriptura
756 2144 768 2179 :
807 2124 871 2179 In
901 2129 1132 2181 omnibus
1166 2146 1276 2196 quo:
1303 2131 1597 2185 occulebant
1641 2135 1706 2199 ei,
1742 2136 1875 2188 nihil

280 2221 509 2287 peccavit
560 2218 708 2274 labiis
735 2218 832 2274 Job
867 2220 985 2291 μοι)
1017 2237 1083 2285 ιι,
1110 2220 1226 2292 21).
1275 2225 1425 2290 Quod
1472 2242 1570 2293 ego
1607 2237 1658 2281 et
1692 2230 1870 2295 pietati

280 2321 464 2366 vestra:
524 2312 758 2367 scribere
811 2330 905 2383 pro
951 2325 1129 2369 mutua
1172 2317 1396 2373 caritate
1445 2321 1783 2388 praesumpsi,
1816 2332 1870 2375 ut

281 2402 529 2458 dolorem
573 2405 871 2459 animorum
920 2417 1251 2474 vestrorum,
1296 2425 1453 2479 quem
1502 2411 1691 2466 litteris
1737 2414 1871 2467 meis

281 2496 529 2566 mitigare
557 2512 661 2550 non
695 2506 958 2566 poteram,
1010 2500 1090 2552 vel
1119 2500 1312 2554 divinis
1352 2502 1577 2571 eloquiis
1603 2514 1871 2572 utcunque

282 2588 618 2644 tnoderarer.
677 2591 739 2643 Et
784 2606 933 2657 vere,
984 2592 1030 2644 si
1078 2592 1208 2647 mihi
1258 2594 1409 2663 quasi
1450 2612 1628 2650 VCSII'O
1657 2599 1871 2652 creditis

286 2683 453 2747 cordi,
484 2698 598 2736 non
628 2683 902 2737 minimum
938 2687 1161 2754 poteSIis
1206 2702 1401 2757 capere
1432 2688 1497 2742 de
1535 2687 1733 2743 Christi
1769 2690 1872 2745 Do—

284 2776 408 2830 tniui
442 2775 723 2845 voluntate
756 2777 1028 2842 solatium,
1071 2780 1212 2848 quod
1243 2792 1504 2850 quatenus
1555 2784 1872 2840 immaturus

283 2869 536 2923 manebat
568 2869 836 2937 interitus,
866 2870 1022 2924 talem
1056 2887 1177 2925 eum
1201 2867 1448 2941 dignatus
1471 2875 1553 2928 est
1574 2890 1866 2941 assumere,

284 2960 520 3029 qualium
546 2976 767 3031 regnum
789 2962 947 3016 docet
969 2977 1089 3019 esse
1111 2964 1399 3029 etelorum;
1427 2977 1479 3018 ut
1506 2976 1560 3021 et
1588 2976 1868 3035 patronum

286 3050 556 3106 haberetis
586 3068 649 3107 ex
683 3052 816 3118 lilio,
848 3062 900 3107 et
927 3054 1103 3108 minus
1124 3053 1377 3110 doleretis
1406 3057 1683 3125 amissum,
1709 3074 1869 3127 quem

285 3158 311 3198 a
340 3145 571 3202 Dorrrino
593 3146 856 3203 videbatis
877 3158 1229 3219 assumptum.
1260 3149 1398 3221 Opto
1426 3155 1562 3206 bene
1590 3156 1780 3222 agatis.

828 3285 1043 3341 EPIST.
1086 3286 1328 3341 XXXIX.

283 3374 509 3431 Domino
536 3388 713 3431 sancto
746 3388 793 3430 et
826 3376 1112 3447 apostolico
1152 3380 1206 3432 in
1238 3380 1441 3433 Christo
1475 3380 1696 3435 Domino
1724 3382 1869 3437 cultu

354 3448 644 3518 a/fectuque
687 3451 963 3519 specialius
1028 3450 1305 3503 excolendo
1342 3463 1560 3519 patrono
1610 3452 1869 3508 Victorino

368 3518 693 3590 [Victorino]
716 3518 957 3589 epist-apo
987 3520 1084 3574 lini
1098 3522 1225 3573 icius
1255 3518 1539 3590 epiScopus.

355 3612 549 3666 Frater
599 3621 655 3665 et
700 3611 1102 3680 cornpresbytcr
1147 3623 1329 3667 noster
1375 3613 1693 3682 Capillutus,
1748 3616 1870 3671 licet

282 3703 472 3770 apices
502 3710 712 3754 vestros
746 3700 901 3753 nobis
934 3717 1037 3753 non
1061 3700 1314 3755 detulerit
1340 3704 1390 3755 in
1415 3705 1596 3756 charta
1630 3708 1867 3773 relegen-

280 3793 405 3858 dos,
457 3805 632 3847 tamen
680 3794 839 3846 totius
885 3792 1047 3864 [lorte
1098 3792 1289 3865 potius]
1335 3796 1574 3850 exhibuit
1615 3799 1664 3850 in
1708 3800 1869 3853 (-ot-de

280 3886 659 3954 conscriptos:
688 3886 825 3939 unde
850 3901 942 3939 eos
974 3902 1069 3940 nee
1098 3888 1179 3940 iur
1208 3888 1439 3954 auferre,
1480 3905 1575 3943 nec
1601 3891 1868 3945 violentus

280 3979 515 4047 eripere,
567 3994 663 4031 nec
695 3979 864 4031 imber
900 3979 1100 4045 cluere,
1150 3994 1249 4034 nec
1282 3992 1517 4035 vetustas
1549 3984 1713 4051 possit
1739 3986 1866 4039 abo-

281 4069 392 4125 lere
420 4070 548 4124 drtrn
581 4072 706 4123 rndti
744 4072 911 4123 litlt.'llS
965 4072 1249 4126 admodum
1284 4074 1442 4128 vestri
1479 4077 1706 4142 [:et‘lOFlS
1736 4095 1863 4134 con-

279 4177 399 4216 sors
421 4173 474 4216 et
505 4161 868 4215 deditissirnus
891 4161 1097 4216 delator
1124 4166 1319 4226 sacpius
1369 4154 1615 4232 ir.eul°ca',
1656 4179 1709 4222 et
1745 4170 1863 4224 dul-

280 4255 414 4321 cius,
461 4254 689 4322 qualiter
732 4271 815 4308 me
854 4263 909 4308 et
940 4272 1097 4324 quam
1128 4258 1338 4311 assidua
1367 4259 1653 4315 dilectione
1684 4263 1751 4316 de
1778 4279 1863 4320 me

280 4347 582 4401 ruminetis.
617 4347 732 4401 Non
759 4348 898 4416 quod
933 4351 983 4402 itt
1025 4367 1109 4405 me
1139 4351 1210 4405 sit
1238 4354 1377 4407 unde
1406 4354 1643 4409 caritatis
1673 4369 1863 4415 vestra:

280 4452 502 4505 pascere
555 4440 766 4506 possitis
814 4440 1069 4507 esuriem,
1125 4444 1213 4513 qui
1252 4447 1470 4515 solidos
1499 4460 1555 4504 et
1593 4466 1861 4518 nunquam

278 4530 547 4597 perituros
577 4530 725 4585 cibos
754 4540 808 4587 ct
849 4536 1093 4602 accipere
1132 4537 1272 4591 soliti
1310 4542 1441 4594 estis
1472 4550 1526 4595 et
1561 4542 1719 4608 dare;
1768 4544 1860 4598 sed
1922 4562 1925 4565 '

1996 568 2109 649 hoc
2136 578 2314 626 tamen
2343 572 2397 626 in
2431 585 2607 631 vestra
2635 579 2830 633 virtute
2865 582 3198 643 miraculum.
3247 596 3302 637 ut
3344 587 3576 655 diligatis

2000 672 2320 717 venerantes
2368 680 2498 731 vos,
2549 669 2639 737 qui
2688 670 2938 726 odientes
2976 689 3157 730 amare
3196 682 3570 735 consuevists.

1998 752 2272 823 Siquidem
2322 766 2376 811 et
2422 758 2487 813 ad
2518 763 2814 830 augendam
2853 766 2992 819 circa
3040 783 3137 823 nos
3177 772 3449 833 caritatem
3484 791 3573 826 ve-

1994 860 2184 913 s:ranr,
2207 848 2314 904 dtto
2339 851 2537 907 lumina
2565 864 2748 909 nostra
2778 857 3052 922 detinetis,
3077 862 3423 918 Aureliani-ru
3454 868 3481 917 d
3509 887 3572 919 eo

1992 948 2153 1009 atque
2174 940 2455 997 Leontium
2489 962 2501 995 :
2538 961 2633 1013 pro
2654 962 2882 1014 quorum
2911 966 3006 1016 spe
3035 960 3088 1005 ct
3112 959 3572 1013 CrmStttnntationc

1992 1045 2121 1103 rogo
2147 1044 2203 1087 ιιι
2233 1035 2598 1092 indesinenter
2632 1039 2823 1094 divina:
2854 1042 3257 1107 rniserieordiai.
3308 1049 3442 1103 sient
3476 1067 3569 1106 vos

1991 1127 2205 1180 cootido
2246 1128 2443 1192 facere,
2494 1131 2826 1201 supplicetis,
2872 1143 2925 1188 ct
2953 1150 3071 1190 cum
3116 1139 3219 1191 illis
3250 1141 3449 1196 iterum
3476 1161 3570 1212 pro

1992 1218 2144 1273 nobis
2174 1236 2388 1289 semper
2423 1224 2618 1289 oretis;
2668 1227 2790 1292 quia
2838 1227 3153 1284 liducialiter
3196 1234 3377 1301 credo,
3427 1237 3569 1301 quod

1984 1312 2302 1381 profectioni
2336 1325 2553 1379 vestrae,
2602 1326 2657 1371 et
2702 1319 2919 1375 illum.
2960 1321 3298 1392 insipiensizt,
3337 1344 3428 1395 pro
3456 1328 3568 1395 ipsa

1989 1406 2169 1461 adhuc
2193 1408 2579 1474 multitudine,
2616 1412 2936 1468 huntritorc
2968 1414 3195 1471 Dotnino
3225 1419 3296 1471 nil
3326 1429 3564 1488 negetur.

1988 1497 2225 1552 Salutem
2261 1500 2682 1567 ἰιςιιιικξίιιιθτοιιι
2716 1505 2841 1561 dico
2865 1509 3044 1574 pietati
3074 1520 3283 1580 vestrae,
3310 1522 3568 1580 quantum

1986 1596 2162 1657 potest
2209 1606 2453 1657 promere
2500 1594 2609 1647 oris
2658 1597 2900 1663 atirctus,
2956 1614 3059 1653 t.on
3100 1612 3356 1669 quantum
3388 1604 3565 1658 cordi;

1987 1699 2053 1749 po
2085 1684 2155 1737 cit
2194 1686 2439 1741 allectus.
2475 1688 2537 1741 Et
2576 1706 2706 1758 rogo
2735 1700 2788 1744 ιιι
2834 1695 3079 1760 pratlatos
3111 1696 3445 1751 dulcissimos
3471 1698 3564 1752 Sti~

1936 1802 1941 1807 -
1986 1778 2155 1828 mulos
2190 1780 2424 1845 pectoris
2463 1781 2563 1833 mei
2592 1794 2777 1837 nostro
2810 1788 3025 1839 nomine
3074 1789 3382 1856 sospifetis;
3436 1806 3563 1845 tros-

1525 1850 1710 1905 (Ιυιῖνιη
1738 1852 1875 1905 mins
1910 1853 1950 1910 Β
1981 1889 2105 1941 quc,
2157 1876 2581 1942 quotiescunque
2611 1897 2666 1933 se
2697 1884 3068 1949 Opportuniias
3117 1900 3149 1952 p
3188 1886 3413 1938 nexerit
3445 1900 3565 1951 ior-

1981 1965 2177 2028 titoris,
2206 1965 2596 2022 benedictionis
2627 1981 2817 2025 vestra:
2863 1972 3121 2027 imbribus
3168 1973 3417 2043 irrigt‘tis.
3459 1974 3563 2032 0.!

1981 2071 2075 2124 pro
2107 2072 2211 2111 tne.

2587 2151 2801 2209 EPIST.
2843 2153 2957 2209 XL.

2104 2239 2344 2295 Ruricius
2370 2243 2634 2313 episcopus
2668 2254 2691 2281 οι
2718 2245 3061 2313 Apollinari-b
3083 2265 3176 2301 suo
3201 2247 3435 2304 salutent.

2045 2352 2283 2408 Allectus
2329 2355 2676 2411 sublimitatis
2716 2368 2906 2413 vestrm
2938 2360 2989 2413 iri
3023 2360 3316 2417 visceribus
3363 2363 3565 2419 nostris

1977 2446 2247 2502 violentus
2301 2460 2521 2504 exactor
2568 2465 2643 2505 ιει
2672 2490 2688 2515 ,
2735 2459 2790 2505 et
2836 2452 3005 2507 amori
3038 2462 3218 2508 vestro
3265 2470 3349 2508 tne
3384 2454 3560 2524 potius

1974 2553 2133 2606 quam
2167 2539 2352 2608 pudori
2386 2557 2507 2595 meo
2538 2544 2745 2597 servire
2774 2545 3080 2612 compellit;
3121 2545 3246 2599 dum
3291 2562 3397 2600 noti
3427 2562 3564 2602 con-

1974 2628 2216 2693 siderat,
2249 2647 2354 2697 quo
2389 2647 2641 2688 sermone
2667 2674 2683 2699 ,
2724 2650 2825 2702 qua
2860 2636 3083 2704 pagina;
3127 2645 3329 2691 tantum
3366 2640 3558 2692 vestris

1976 2722 2215 2789 imperiis
2254 2723 2630 2794 obseqttamur.
2663 2724 2869 2794 Cogitis
2910 2729 3053 2782 enim
3086 2744 3185 2783 nos
3214 2730 3433 2784 auribus
3462 2744 3557 2800 pe.

1975 2814 2109 2866 ritia:
2142 2822 2332 2868 vestrae
2364 2816 2542 2869 verb's
2583 2818 2797 2872 rusticis
2846 2819 3097 2887 injuriani
3139 2821 3445 2891 Loquenter
3474 2822 3563 2887 ius

1976 2905 2114 2961 ferre
2138 2951 2155 2975 ,
2205 2908 2333 2962 dum
2382 2910 2563 2977 apices
2590 2919 2806 2964 nostros
2846 2912 3043 2979 saepius
3076 2913 3238 2967 vultis
3272 2914 3556 2983 accipere:

1973 3013 2138 3067 pareo
2170 3000 2426 3054 voluntati
2460 3012 2656 3055 vestrm
2681 3043 2696 3065 ,
2748 3018 2909 3072 pareo
2933 3002 3184 3071 jussioni.
3234 3004 3369 3058 Malo
3412 3005 3558 3059 enim

1973 3091 2041 3165 de
2071 3093 2277 3161 meipso
2306 3093 2398 3147 tibi
2430 3093 2599 3163 magis
2629 3110 2785 3161 quani
2832 3095 2961 3148 rnilri
3004 3096 3247 3149 credere.
3281 3096 3411 3161 Quia
3449 3096 3561 3166 pie-

1978 3184 2118 3247 tatis,
2152 3199 2255 3237 non
2290 3186 2566 3253 potestatis
2595 3196 2697 3251 est,
2730 3186 2871 3256 quod
2899 3184 3122 3254 jubetis.
3157 3185 3218 3239 Et
3252 3185 3374 3240 ideo
3395 3225 3410 3248 ,
3441 3202 3562 3255 qnzn

1977 3278 2351 3347 displicuerint
2380 3278 2731 3349 etnendabitis
2766 3280 2950 3349 procul
2990 3279 3155 3334 dubio
3199 3280 3374 3351 potius
3402 3296 3561 3350 quam

1975 3369 2231 3439 prodetis.
2263 3368 2535 3440 Siquidem
2565 3372 2696 3427 nihil
2726 3385 2804 3427 est
2828 3372 3163 3444 imperiosius
3192 3375 3443 3439 caritate;
3474 3371 3561 3429 cui

1970 3479 2195 3532 qusque
2240 3474 2349 3516 toto
2397 3465 2560 3519 corde
2608 3482 2666 3519 se
2710 3465 2953 3530 dederit,
2999 3467 3225 3521 librnter
3267 3478 3322 3521 et
3350 3466 3559 3522 vincula

1973 3555 2113 3608 illius
2147 3556 2373 3624 impacta
2410 3557 2664 3624 patietur,
2696 3568 2749 3613 ct
2777 3575 2937 3614 onera
2974 3560 3118 3614 illata
3150 3561 3400 3628 portabit,
3432 3560 3557 3616 dum

1972 3640 2325 3713 prtecipientis
2374 3648 2654 3716 imperium
2699 3666 2802 3701 non
2856 3650 3049 3705 invitus
3079 3651 3269 3719 excipit
3296 3693 3309 3715 ,
3340 3651 3432 3705 sed
3465 3651 3563 3707 dc-

1973 3747 2127 3789 votus
2181 3752 2412 3791 exercet.
2480 3740 2759 3792 Praestabit
2804 3741 2981 3809 itaque
3037 3742 3210 3794 divina
3259 3743 3558 3797 ttriscricor-

1971 3827 2056 3882 dia
2099 3840 2152 3882 ut
2186 3828 2501 3883 tumultibus
2526 3832 2779 3896 lt’tttl'tttis
2814 3832 2984 3902 lttrjlh',
3016 3832 3095 3886 vel
3124 3833 3551 3901 necessitatibus,

1971 3931 2060 3975 aut
2106 3922 2285 3976 dilatis
2333 3923 2385 3975 in
2434 3933 2781 3993 perpetrauit,
2812 3935 2897 3977 aut
2929 3940 3213 3995 parumper
3258 3943 3306 3994 ιιι
3331 3928 3550 3995 pressis,

1968 3996 2125 4069 Citius
2153 4013 2354 4069 fructus
2390 4026 2534 4070 ιτιιυδ
2567 4017 2720 4069 iaciat
2752 4018 2816 4069 de
2850 4028 3026 4071 nostra
3059 4034 3278 4085 carpere
3320 4035 3556 4087 pra'sen-

1970 4109 2062 4175 lia,
2090 4119 2138 4161 ut
2164 4109 2450 4173 desideria,
2473 4128 2583 4179 tltlt
2616 4111 2900 4165 incitatior
2927 4111 3223 4176 atlectilrtrs,
3252 4113 3553 4182 aspectibus

1969 4202 2298 4275 mitigentut‘.
2319 4202 2473 4257 Finit.

2568 4298 2627 4350 ΕΙ
2655 4297 2777 4351 lS'l‘.
2826 4297 2956 4351 XLI.

1970 4385 2188 4442 Domino
2222 4387 2593 4441 tlet'inctissiuzo
2636 4399 2680 4440 rt
2720 4390 2841 4441 m'lri
2871 4391 3008 4443 οηιηὶ
3047 4391 3236 4446 [tortore
3277 4392 3551 4448 ccutrabili

2392 4458 2538 4527 fratri
2570 4458 2592 4494 ι¹
2624 4457 2833 4512 Leontio
2862 4461 3126 4523 Ruricius.

2044 4548 2252 4604 Gratias
2281 4566 2399 4620 ago,
2420 4552 2621 4620 quodet
2640 4552 2804 4607 nostri
2822 4568 3001 4607 coram
3016 4572 3224 4625 gerere,
3244 4566 3295 4610 et
3320 4558 3553 4612 novitate

277 4620 494 4689 quando
519 4621 702 4675 fortior
729 4638 852 4677 esca
879 4622 1128 4691 defuerit,
1158 4630 1474 4684 tenuitatem
1512 4644 1747 4687 nostram
1772 4651 1866 4705 pro
1898 4609 1948 4672 D
1974 4641 2200 4706 olerum,
2233 4659 2351 4712 qua:
2383 4644 2610 4697 libenter
2641 4645 2836 4699 trahere
2866 4661 2965 4700 nos
2992 4642 3184 4713 no‘stis,
3217 4660 3316 4701 nos
3335 4648 3556 4705 relicero

277 4712 429 4770 laetis
480 4715 671 4785 poculo
719 4718 1001 4786 sorbeatis,
1034 4731 1091 4775 ut
1120 4721 1450 4779 desiderium
1495 4727 1566 4795 pii
1609 4730 1788 4783 cordis
1813 4740 1867 4786 et
1916 4724 1923 4733 ⁸

348 4921 374 4984 ξι
396 4912 493 4967 Ms.
509 4954 522 4977 ,
537 4913 860 4984 Apollouari.

351 4982 379 5021 ι)
408 4986 482 5037 lle
511 4982 672 5038 eo'ad
700 4984 857 5050 epi~t.
884 4985 972 5039 25.

350 5064 371 5123 έ
400 5054 543 5123 Lege
566 5071 673 5118 vos,
705 5058 787 5109 vel
817 5073 908 5109 nos
937 5057 1095 5123 faciat
1118 5057 1181 5110 de
1206 5067 1385 5113 vestra.

346 5120 372 5159 ἀ
402 5120 641 5202 Fuit-itte
662 5126 918 5202 Leontius
937 5120 1277 5202 :Arelateosis
1321 5133 1635 5201 episcopus;
1672 5148 1865 5202 quam-

281 5194 357 5271 vis
389 5197 533 5271 enim
564 5196 630 5249 de
661 5198 825 5265 ipsius
850 5198 1011 5271 obitu
1045 5201 1270 5253 tacuerit
1315 5194 1558 5266 superius
1590 5194 1859 5271 Ruricius,

282 5264 330 5317 id
378 5267 549 5320 solum
601 5264 786 5335 pretrat
829 5269 968 5323 illius
1024 5272 1277 5335 epistolas
1324 5264 1617 5328 secundum
1666 5264 1860 5331 serieni

282 5344 603 5414 tetirptrrutm
633 5354 736 5414 ron
768 5352 902 5414 esse
939 5340 1243 5414 disiiositas.
1294 5344 1411 5398 Fuit
1461 5348 1672 5414 quidem
1724 5347 1860 5403 alter

284 5404 534 5461 Leontius
564 5407 947 5482 Fortijulietrsis
995 5404 1297 5482 episcopus,
1329 5416 1410 5469 cui
1443 5404 1663 5472 concilia
1693 5417 1858 5473 Galli-

283 5493 412 5554 cana
453 5480 1192 5554 convocandijus‘eoncessit
1237 5485 1344 5538 Leo
1376 5486 1613 5554 Magnus,
1642 5498 1701 5542 ut
1728 5489 1855 5543 Gat-

286 5546 453 5602 lorum
515 5550 723 5603 animos
768 5550 966 5605 llilario
1014 5553 1307 5609 Arelatensi
1366 5546 1611 5612 addictos
1651 5560 1858 5614 facilius

285 5631 550 5694 avocaret.
598 5620 701 5676 Sed
735 5625 777 5673 is
807 5622 1055 5675 Leontius
1096 5623 1191 5694 luit
1230 5625 1339 5694 jam
1388 5639 1655 5693 provectae.
1685 5631 1859 5684 aetatis

284 5703 423 5741 anno
451 5691 575 5754 445,
617 5701 671 5744 ιιι
702 5701 926 5746 testatur
951 5694 1063 5761 ipse
1092 5691 1243 5748 Leof
1263 5691 1412 5749 lluue
1445 5698 1725 5753 Leontium
1766 5715 1859 5753 au-

287 5762 503 5840 tumavit
533 5763 1065 5840 BttiOﬂillSﬁﬂlDdﬁltt
1095 5780 1215 5819 esse
1237 5781 1298 5820 ac
1329 5768 1477 5840 illum
1506 5770 1590 5822 cui
1618 5770 1859 5840 epistola:

287 5828 487 5890 Sidonii
515 5843 571 5890 et
610 5832 812 5891 Ruricii
856 5844 978 5893 sunt
1008 5835 1256 5903 directai;
1298 5839 1391 5925 sed
1419 5840 1623 5899 obierat
1653 5828 1908 5926 procul,

1668 6010 1751 6020 ...μ-

1970 4732 2101 4788 tanti
2132 4733 2420 4796 habuistis;
2457 4734 2597 4800 quod
2628 4745 2679 4787 et
2708 4735 3080 4791 consuetudini
3104 4737 3375 4805 praestatis
3401 4738 3552 4804 pari-

1904 4907 1924 4917 ’
1974 4922 2135 4979 iltihio
2168 4925 2548 4993 Fritojuliensis
2575 4926 2825 4981 Leontius
2869 4942 2936 4982 eo
2982 4938 3220 4996 tempore
3244 4915 3452 4983 Sidonii
3494 4937 3555 4987 et

1975 4996 2209 5068 lluricii;
2250 5011 2461 5050 coxevus
2492 5013 2618 5050 vero
2667 5001 2764 5051 luit
2807 4998 3059 5053 Leontius
3103 4998 3431 5052 Arelatensis
3458 5003 3551 5068 qui

1975 5066 2211 5121 ltavenio
2240 5071 2517 5121 successit.
2552 5069 2807 5125 Leontius
2855 5069 3230 5138 Forojuliensls
3274 5070 3412 5124 circa
3453 5066 3553 5125 an-

1976 5155 2099 5191 nurn
2142 5137 2244 5193 Mli
2281 5138 2438 5203 obiit;
2477 5155 2580 5194 non
2629 5141 2671 5193 is
2716 5138 2876 5209 igitur
2901 5137 3022 5195 esse
3054 5142 3222 5208 potuit
3249 5139 3401 5205 Cujus
3431 5143 3549 5196 exi-

1974 5219 2085 5263 tum
2135 5209 2295 5263 dellet
2346 5209 2587 5265 Ruricius
2634 5212 2916 5280 episcopus
2962 5211 3029 5263 ah
3058 5224 3201 5265 anno
3233 5210 3358 5265 470.
3393 5213 3550 5267 Errat

1973 5281 2253 5349 triplir'iter
2282 5281 2483 5335 Savaro
2510 5283 2599 5348 qui
2633 5281 2911 5335 Leontium
2960 5280 3380 5350 Forojoliensem
3421 5299 3546 5338 eum

1969 5366 2089 5405 esse
2120 5360 2328 5419 putaret
2350 5352 2435 5406 cui
2477 5353 2728 5407 Sidonius
2754 5393 2767 5413 .
2816 5355 2940 5405 item
2973 5351 3196 5407 Faustus
3239 5353 3504 5421 scripsere
3528 5394 3545 5422 ,

1966 5423 2163 5494 quique
2195 5424 2512 5491 subscripsit
2538 5423 2777 5491 cpisto'a:
2797 5422 2970 5494 Fatr~ti
2990 5421 3055 5477 ad
3086 5422 3389 5494 Luciferum
3418 5440 3542 5494 pre-

1966 5493 2263 5563 sbyterum,
2295 5495 2450 5562 idque
2479 5494 2529 5547 in
2574 5495 2803 5546 concilio
2833 5492 3194 5563 Lugdunemi.
3227 5493 3279 5548 1⁸
3308 5495 3355 5548 Is
3385 5492 3541 5563 quem

1966 5562 2146 5617 lattdat
2172 5562 2418 5629 Faustus,
2452 5564 2551 5616 fuit
2584 5565 2931 5628 Arelatensis,
2960 5564 3043 5619 cui
3069 5567 3388 5619 commissus
3406 5562 3545 5617 Gal-

1966 5633 2157 5685 liarttm
2208 5634 2509 5688 vicariatus.
2550 5634 2608 5685 Υ
2640 5633 2828 5687 Nescio
2856 5635 2982 5704 quid
3020 5635 3121 5689 sibi
3157 5635 3287 5689 velit
3315 5636 3540 5700 Savaro,

1962 5704 2053 5776 ubi
2085 5704 2242 5776 toties
2271 5704 2573 5757 Luciferum
2612 5707 2977 5776 presbyterum
3010 5707 3259 5759 inculcat.
3287 5705 3410 5776 Non
3442 5706 3543 5759 fuit

1968 5773 2485 5853 Ltrcil'er_adverstts
2534 5778 2690 5853 quem
2730 5773 2973 5853 t_elaA_sua
3015 5776 3244 5853 vibravit
3280 5774 3540 5853 Faustus;

1965 5844 2061 5904 sed
2092 5844 2321 5905 Lucidus
2346 5885 2373 5921 ,
2402 5844 2591 5913 injuria
2640 5846 2692 5901 in
2735 5845 3056 5905 Luciferum.
3090 5847 3360 5903 hominem
3390 5846 3540 5913 ἱκιιυη
