4086 6328
519 273 621 337 115

1854 261 2105 320 RURICII
2145 259 2449 317 EPISCOPI

3690 255 3789 311 HG

515 394 597 439 ter
623 394 675 438 et
703 384 890 437 amori.
940 383 1169 452 Ideoque
1219 379 1470 434 redeunte
1503 391 1667 447 puero
1694 387 1894 441 vestro,
1925 376 2092 431 reddo
2120 378 2169 437 Α
2199 384 2430 429 vestram
2493 374 2781 442 plurimum
2831 373 3173 443 SOSpitamus.
3230 373 3295 427 Et
3344 374 3466 444 quia
3504 373 3568 424 de
3611 382 3788 428 no‘tra

514 481 850 550 reciprocum
877 476 1239 548 sospitationis
1268 474 1533 537 ofﬁcium;
1567 480 1622 526 ct
1649 481 1705 526 ut
1730 471 1796 526 de
1828 478 2097 539 suscepto,

516 575 628 629 Deo
658 573 910 642 prolsitio,
942 572 1118 626 ofﬁcio
1146 568 1510 625 indesinenter
1541 566 1785 637 cogitetis
1814 565 2097 619 admoneo.

515 670 648 736 Quia
683 670 820 723 Deus
848 683 956 741 non
989 666 1195 720 initium
1224 664 1352 718 boni
1383 663 1585 732 operis,
1609 661 1702 717 sed
1736 662 1891 714 ﬁnem
1920 659 2099 728 requi-

515 777 634 816 rere
662 760 1054 827 comprobatur,
1086 758 1273 811 dicens
1296 774 1308 808 :
1332 755 1431 821 Qui
1460 753 1846 823 perseveraverit
1869 768 2021 821 usque
2048 751 2099 805 in

512 855 663 921 ﬁnem
687 893 703 918 ,
748 852 829 905 hic
873 851 1042 905 salvus
1084 850 1177 904 erit
1216 848 1431 919 (Matth.
1464 864 1518 911 ιι,
1547 847 1663 914 2‘2).
1705 844 2014 911 Prmstabit,
2046 852 2103 897 ut

512 944 799 1007 credimus,
830 940 1201 997 misericordia
1225 940 1412 1009 ipsius,
1439 947 1495 993 ut
1523 938 1609 1008 qui
1634 935 1927 1007 paenitendi
1951 933 2101 989 vobis

510 1039 747 1091 animum
795 1037 1059 1105 inspirare
1113 1035 1361 1105 dignatus
1410 1041 1533 1096 est,
1584 1031 1699 1099 ipse
1748 1029 1897 1099 vobis
1944 1036 1998 1083 et
2048 1028 2099 1081 in

510 1129 717 1198 agendo
745 1129 994 1183 virtutem
1022 1168 1038 1194 ,
1090 1135 1143 1181 et
1171 1129 1222 1180 in
1254 1123 1716 1181 consummatione
1762 1122 1970 1190 plenam
2000 1118 2099 1172 tri-

510 1219 639 1273 buat
686 1235 785 1289 pro
833 1235 927 1273 sua
978 1218 1323 1273 miseratione
1371 1215 1741 1271 remissionem
1770 1254 1784 1278 ,
1830 1212 1919 1281 qui
1952 1208 2099 1265 solus

511 1318 687 1378 potest
729 1318 783 1365 et
824 1325 1016 1364 sanare
1062 1317 1309 1377 corrupta
1334 1349 1347 1372 ,
1383 1317 1434 1363 et
1463 1319 1717 1377 reparare
1756 1304 2015 1373 collapsa,
2047 1311 2101 1356 et

510 1399 689 1456 delere
733 1403 1017 1457 commissa
1044 1442 1059 1468 ,
1107 1410 1162 1456 et
1191 1399 1391 1455 abdere
1432 1397 1700 1467 praeterita
1727 1437 1740 1460 ,
1776 1410 2100 1450 conservare

510 1493 813 1562 praesentia,
841 1500 895 1547 et
921 1493 1125 1548 donare
1150 1499 1397 1547 ventura.
1422 1490 1584 1544 Finit.
1812 1478 1819 1483 ’

1094 1606 1310 1663 EPIST.
1351 1605 1509 1660 XLII.

803 1701 1042 1755 Ruricius
1070 1700 1137 1753 ad
1163 1700 1405 1754 damnum
1429 1698 1805 1752 Constantium.

2204 469 2438 539 dignaris
2485 481 2606 521 esse
2652 466 2822 521 salute
2867 465 3167 534 sollicitus,
3214 466 3370 534 juxta
3415 475 3537 517 vota
3582 465 3789 532 pietatis

2203 569 2395 615 vestrae
2427 574 2511 615 me
2554 559 2734 613 valere
2773 558 3017 629 signiﬁco
3040 599 3055 623 ,
3104 558 3370 627 simulque
3400 559 3670 629 deposeo.
3703 560 3788 616 ubi

2202 662 2440 709 sanctum
2476 652 2668 720 pascha
2705 651 2894 707 facturi
2938 650 3055 705 sitis
3080 694 3094 718 ,
3149 665 3233 707 me
3274 654 3676 709 recurrentibus
3714 654 3765 708 in

2203 742 2442 799 struatis.
2476 742 2640 797 Finit.

2785 854 3001 911 EPIST.
3046 855 3203 911 XLV.

2384 948 2582 1003 Ruricii
2619 947 2841 1015 episcopi
2870 946 2939 999 ad
2969 948 3316 1016 presbyterum
3355 946 3615 1009 Albinum.

2276 1038 2375 1094 Ubi
2404 1038 2470 1093 ad
2501 1054 2586 1095 me
2611 1038 2909 1094 communis
2954 1038 3131 1092 luctus
3163 1038 3334 1093 nuntii
3368 1055 3584 1096 rumore
3612 1058 3788 1113 perve.

2204 1132 2283 1185 nit
2308 1173 2324 1198 ,
2374 1132 2515 1202 quod
2550 1142 2725 1185 tamen
2758 1131 2984 1185 miratus
3015 1145 3135 1184 sum
3163 1171 3176 1195 ,
3210 1130 3351 1201 quod
3381 1146 3488 1187 non
3522 1135 3622 1189 hoc
3654 1142 3791 1205 prius

2204 1236 2265 1275 ex
2297 1220 2670 1292 germanitatis
2700 1230 2889 1275 vestrae
2919 1220 3177 1275 relatione
3199 1223 3451 1291 cognovi,
3471 1224 3585 1294 ipse
3609 1227 3674 1280 ad
3704 1243 3794 1286 vos

2203 1316 2555 1385 requirendos
2586 1315 2837 1369 continuo
2866 1313 3131 1368 venissem
3155 1355 3169 1377 ,
3198 1314 3301 1368 nisi
3346 1330 3430 1370 me
3457 1316 3666 1371 dierum
3702 1318 3793 1374 bo-

2204 1424 2320 1463 rum
2371 1409 2666 1463 reverentia
2715 1406 3062 1461 retardasset.
3109 1405 3216 1461 Has
3248 1410 3560 1476 transmisi,
3603 1412 3792 1480 quibus

2206 1515 2385 1570 Spero,
2420 1510 2477 1555 ut
2503 1515 2587 1555 me
2617 1508 2926 1554 excusatum
2960 1500 3158 1555 habere
3188 1500 3506 1570 dignemini,
3543 1513 3596 1557 et
3630 1505 3787 1560 ﬁliam

2207 1604 2439 1647 nostram
2469 1638 2482 1661 ,
2515 1609 2672 1662 quam
2717 1592 2876 1646 audio
2905 1607 2963 1646 se
3004 1592 3356 1647 vehementer
3400 1593 3643 1666 afﬂigere
3666 1638 3681 1663 ,
3728 1597 3791 1653 ad

2205 1688 2376 1741 vicem
2408 1702 2603 1752 meam,
2634 1696 2741 1739 tam
2783 1701 2845 1740 ex
2895 1688 3100 1741 ratione
3127 1702 3282 1749 quam
3312 1702 3375 1741 ex
3406 1698 3586 1744 vestra
3612 1702 3792 1745 aucto~

582 1791 655 1845 De
684 1791 892 1847 deliciis
924 1791 1249 1847 transmissis
1274 1790 1469 1860 gratias
1494 1805 1612 1860 ago,
1638 1799 1693 1844 et
1736 1797 1988 1859 quantum
2018 1790 2097 1843 in.
2126 1755 2175 1815 Β
2204 1779 2359 1834 ritate
2401 1778 2749 1832 CttllSOIL'mIllI
2778 1818 2793 1841 ,
2844 1778 2983 1847 quod
3018 1778 3274 1834 Dominus
3321 1791 3503 1835 noster
3544 1784 3610 1837 de
3640 1799 3791 1841 servo

510 1881 763 1945 dicastis,
813 1890 1016 1936 tantum
1068 1897 1153 1936 me
1202 1892 1545 1950 utrarumque
1587 1881 1763 1934 avium
1794 1881 2094 1948 suscepisse

508 1975 781 2047 signiﬁco;
823 1976 1091 2046 simulque
1132 1977 1288 2032 etiam
1335 1991 1431 2044 per
1464 1990 1658 2044 pueros
1688 1976 1852 2044 ipsos,
1882 1975 1973 2045 qui
2000 1990 2096 2027 no-

504 2068 589 2121 bis
620 2069 732 2122 hme
760 2068 1069 2123 detulerunt
1095 2109 1110 2134 ,
1145 2077 1325 2139 tergus
1352 2084 1615 2138 aprunum
1649 2083 1733 2123 me
1766 2068 1951 2137 pietati
1977 2068 2093 2127 Ttute

504 2158 682 2215 indico
711 2160 1105 2227 transmisisse;
1148 2172 1202 2215 ut
1229 2162 1353 2215 dum
1380 2176 1477 2215 nos
1509 2161 1741 2214 volatilia
1773 2176 1889 2230 qnze
1924 2169 2095 2215 trans-

502 2250 694 2304 misisti
742 2249 1077 2314 deliciamur,
1126 2259 1180 2304 tu
1228 2250 1418 2318 bipcde
1467 2250 1533 2303 dc
1579 2250 1925 2319 quadrupede
1958 2250 2095 2305 facto

504 2340 735 2393 satieris.
771 2341 935 2410 Cujus
968 2348 1145 2395 tamen
1178 2342 1319 2395 malo
1342 2356 1524 2407 carne,
1547 2356 1707 2411 quam
1736 2344 1840 2395 vita
1865 2343 2094 2410 capiaris

506 2432 629 2499 quia
658 2433 746 2501 qui
794 2446 1008 2502 semper
1035 2433 1103 2487 de
1151 2432 1501 2489 saecularibus
1542 2428 1775 2502 cogitat,
1819 2444 1871 2488 ct
1898 2434 2095 2503 iugiter

505 2531 717 2576 terrena
761 2523 1072 2588 meditatur,
1129 2522 1250 2577 huic
1285 2522 1542 2576 animanti
1593 2522 1864 2593 Scriptura
1914 2524 2091 2576 divina

505 2615 697 2669 merito
750 2610 1113 2685 comparatur.
1167 2616 1302 2683 Quia
1350 2616 1418 2671 de
1480 2617 1727 2670 omnibus
1776 2617 2092 2671 animalibus

504 2710 651 2763 solus
685 2709 844 2764 homo
888 2712 1133 2765 sublimis
1161 2720 1373 2765 creatus
1411 2721 1512 2774 est,
1558 2718 1611 2764 et
1640 2710 1882 2771 elfeetus,
1910 2718 1967 2763 ut
1994 2726 2092 2764 au-

503 2808 704 2855 ctorem
751 2804 905 2856 suum
955 2817 1167 2870 semper
1212 2803 1351 2858 coelo
1399 2804 1633 2858 intentus
1683 2804 1934 2871 aspiciat,
1985 2816 2089 2856 non

504 2892 772 2947 mundalia
799 2907 961 2962 opera
1003 2894 1122 2949 solo
1153 2893 1543 2949 incessabiliter
1585 2893 1793 2950 deﬁxus
1819 2903 2088 2950 exerceat.

1078 3007 1293 3065 EPIST.
1338 3009 1520 3065 XLIII.

504 3099 581 3151 Ad
598 3099 839 3153 damnum
858 3101 1179 3155 Ambrosium
1199 3110 1223 3139 ⁸
1237 3102 1532 3173 episcopum
1548 3102 1787 3158 Ruricius
1799 3104 2086 3174 episwpus.
2114 3135 2163 3199 ο

573 3190 877 3257 Apostolica
927 3201 1187 3262 prmeepta
1225 3207 1324 3246 nos
1355 3204 1698 3249 commonent
1742 3206 1797 3248 ut
1836 3209 1866 3248 a
1895 3196 2087 3264 quibus
2124 3190 2133 3209 τ

488 3280 680 3335 divina
713 3282 1055 3351 percipimus,
1089 3283 1166 3337 eis
1196 3292 1404 3339 terrena
1436 3284 1790 3355 praebeamus,
1822 3286 1961 3355 quod
1991 3300 2088 3340 nos

470 3402 473 3405 ν
500 3371 589 3425 vel
622 3371 673 3425 in
707 3371 806 3426 hac
832 3372 1089 3428 duntaxat
1131 3383 1283 3444 parte
1312 3386 1625 3442 servantes,
1658 3391 1755 3444 pro
1784 3376 2089 3432 coelestibus

498 3464 697 3532 epulis,
729 3468 861 3534 qna's
894 3465 1048 3520 nobis
1077 3474 1131 3522 et
1158 3480 1408 3522 sermone
1440 3468 1593 3536 vivo,
1626 3475 1680 3523 et
1726 3476 1932 3537 patrum
1985 3477 2091 3522 tra-

465 3607 469 3612 Α
504 3556 737 3612 ctatibus
765 3557 1099 3623 ministratis,
1130 3559 1391 3630 legumina
1424 3560 1624 3614 marina
1674 3562 2084 3615 transmisimus.

490 3648 605 3704 Per
643 3649 758 3704 haec
807 3650 878 3706 nil
930 3666 1027 3707 nos
1078 3652 1275 3708 habere
1321 3654 1594 3724 proprium
1642 3655 2084 3724 comprobantes;

502 3742 762 3812 siquidem
788 3752 843 3799 et
866 3757 895 3797 a
920 3744 1117 3799 divinis
1147 3745 1301 3801 bonis
1330 3760 1533 3812 sumus,
1566 3760 1683 3812 quae
1710 3760 1802 3799 vos
1834 3745 2085 3812 tribuitis,

474 3834 806 3904 peregrini,
852 3842 908 3889 et
953 3851 1051 3891 nos
1098 3837 1377 3907 peregrina
1422 3837 1851 3891 transmittimus.
1908 3837 2086 3906 Itaque

504 3928 623 3993 quia
653 3942 751 3981 nos
781 3943 810 3981 a
842 3930 1059 3983 marinis
1091 3930 1401 3984 ccilestibus
1443 3931 1706 3992 exsulare,
1740 3942 1792 3984 et
1823 3932 1949 3984 solis
1981 3940 2086 3984 ter-

506 4018 651 4073 renis
679 4019 895 4074 sedibus
926 4020 1180 4077 incubare
1210 4023 1600 4091 cognoscimus,
1632 4039 1659 4076 a
1689 4023 1838 4077 vobis
1875 4026 2088 4092 specia~

504 4106 607 4163 lius
638 4111 985 4179 postulamus,
1016 4120 1075 4166 ut
1103 4112 1215 4167 haec
1246 4114 1415 4167 aliena
1448 4130 1475 4167 a
1515 4115 1667 4169 nobis
1692 4114 1919 4169 libenter
1946 4117 2085 4169 acci-

508 4217 634 4269 pere
658 4242 674 4267 .
723 4211 799 4259 et‘
826 4212 1001 4258 vestra
1034 4206 1188 4260 nobis
1231 4205 1519 4275 dignemini
1551 4206 1854 4275 frequenter
1883 4206 2087 4275 impen-

506 4292 654 4348 dere.
684 4294 818 4349 lllud
848 4295 915 4349 sit
942 4294 1238 4352 aﬁ‘ectionis
1264 4338 1279 4363 ,
1323 4299 1423 4353 hcc
1467 4298 1781 4364 ministerii;
1823 4298 1950 4353 illud
1984 4299 2083 4354 do-

504 4386 690 4442 ctrina:
718 4396 1023 4457 praestatur,
1053 4389 1154 4443 hoc
1182 4390 1385 4457 gratia).

1072 4502 1283 4559 EPIST.
1335 4504 1516 4559 XLIV.

722 4592 803 4646 Ad
825 4592 1067 4647 damnum
1092 4592 1378 4665 Hispanum
1406 4594 1602 4649 Ruricii
1633 4596 1872 4666 episcopi.

570 4685 687 4756 Ago
707 4684 904 4755 gratias
922 4684 1067 4755 quod
1091 4687 1218 4741 dum
1240 4686 1552 4743 nobisdoua
1579 4689 1811 4755 nomine,
1834 4704 1893 4744 re
1918 4690 2086 4759 spolia

503 4777 862 4832 transmittitis
888 4818 903 4843 ,
947 4777 1201 4846 pietatem
1235 4788 1463 4834 vestram
1497 4796 1619 4850 erga
1655 4797 1739 4836 me
1782 4782 2082 4837 sincerissi-

502 4886 643 4926 mam
686 4870 1049 4939 comprobatis
1074 4912 1089 4935 ,
1143 4887 1246 4942 qua
1291 4887 1390 4927 nos
1428 4875 1657 4944 amplius
1683 4891 1840 4945 quam
1872 4877 2080 4934 deliciis

500 4960 846 5017 delectamur.
891 4962 1166 5033 Siquidem
1216 4962 1339 5018 inde
1385 4965 1613 5019 esuriem
1659 4969 1896 5035 corporis
1926 4982 2077 5024 com-

502 5067 812 5122 pescemus,
850 5055 990 5127 hinc
1038 5055 1219 5109 cordis
1264 5073 1276 5109 :
1319 5056 1445 5111 inde
1495 5058 1667 5113 ventri
1709 5061 2073 5115 transitorium

502 5144 821 5213 porrigimus
880 5157 1089 5216 pastum
1135 5165 1147 5200 :
1192 5147 1316 5202 hinc
1362 5162 1487 5203 vero
1542 5148 1719 5203 animo
1766 5166 2074 5207 mansurum

503 5232 804 5301 pmbemus
848 5236 1118 5293 aﬁ‘ectum.
1152 5237 1383 5292 Proinde
1411 5247 1516 5292 tam
1557 5240 1726 5293 amori
1767 5255 1924 5309 quam
1962 5256 2079 5295 mu-

504 5323 619 5379 neri
647 5331 828 5381 vcstro
868 5330 1064 5396 gratias
1090 5337 1472 5397 repensantes,
1507 5329 1798 5399 reciprocis
1829 5334 2074 5397 pietatem

501 5453 612 5516 tum
639 5486 656 5513 ,
710 5454 1116 5516 transmutatus.
1146 5449 1200 5503 5’
1236 5448 1471 5516 Denique
1506 5446 1805 5501 Arelatensi
1835 5448 2077 5513 concilio,

500 5515 587 5586 cui
637 5516 847 5584 praefuit
895 5515 1177 5581 Leontius,
1222 5515 1577 5586 subscripsit;
1630 5516 1861 5577 abfuisse
1901 5529 2080 5573 autem

500 5585 711 5640 videtur
739 5602 767 5639 a
794 5587 1019 5639 concilio
1052 5588 1384 5655 Lugtlunensi
1412 5585 1447 5655 ,ί
1477 5587 1618 5656 quod
1654 5589 1863 5643 unicum
1898 5597 2080 5642 tamen

500 5657 701 5711 indicat
727 5660 951 5708 Savaro.
998 5657 1127 5709 Cum
1160 5657 1379 5711 Leontio
1415 5659 1715 5713 Arelatensi
1767 5673 1871 5712 non
1923 5660 2083 5713 modo

500 5728 763 5799 episcopis
794 5726 1112 5793 Gallicanis,
1141 5728 1234 5781 sed
1267 5730 1426 5783 etiam
1463 5730 1663 5786 Hilario
1700 5728 1938 5799 pontiﬁci
1971 5727 2081 5785 fre-

1658 5875 1685 5893 κ

2203 1885 2320 1936 suo,
2366 1881 2420 1924 et
2463 1869 2673 1939 quando
2712 1869 2899 1934 voluit,
2932 1879 2984 1923 ct
3010 1869 3151 1939 quod
3182 1871 3370 1934 voluit,
3400 1871 3547 1927 fecit.
3581 1874 3641 1928 Et
3676 1876 3791 1929 ideo

2200 1976 2385 2017 contra
2420 1964 2748 2017 voluntatem
2787 1963 2991 2015 Domini
3025 1964 3207 2017 venire
3241 1963 3528 2031 videbitur,
3556 1972 3640 2020 cui
3685 1969 3790 2023 dis-

2201 2062 2364 2130 plicet
2396 2058 2572 2111 divina
2607 2056 3119 2126 prmcmniozutique
3147 2056 3322 2111 divina
3350 2074 3363 2122 ;
3406 2060 3530 2128 quia
3561 2062 3788 2116 animznn

2204 2160 2437 2204 nostram
2491 2150 2576 2201 ille
2624 2148 2801 2214 solus,
2830 2163 2950 2200 cum
2984 2147 3231 2214 Voluerit,
3262 2163 3324 2203 ex
3354 2136 3581 2220 corpore
3615 2162 3787 2220 potest

2202 2243 2452 2306 educere,
2484 2241 2571 2309 qui
2606 2239 2739 2294 fudit
2768 2240 2819 2294 in
2866 2256 3109 2309 corpore.
3159 2243 3220 2295 Et
3257 2241 3455 2295 idcirco
3492 2244 3667 2298 luctus
3697 2247 3789 2301 iste

2201 2337 2434 2399 nimius,
2485 2338 2571 2403 qui
2610 2335 2819 2387 videtur
2864 2349 2981 2388 esse
3028 2335 3257 2402 pietatis,
3303 2336 3468 2405 magis
3496 2352 3559 2390 ex
3590 2338 3785 2393 diaboli

2200 2430 2425 2484 consilio
2470 2445 2623 2499 quam
2661 2445 2721 2480 ex
2772 2428 2966 2496 pietate
2996 2427 3317 2490 descendit;
3363 2437 3417 2480 ut
3466 2445 3585 2482 cum
3639 2431 3787 2485 tiuIttI'

2200 2522 2579 2576 Consolationis
2604 2521 2885 2588 impatiens
2912 2519 3144 2587 querelis
3170 2520 3275 2573 suis
3315 2519 3475 2573 Deum
3508 2523 3683 2588 iinp’rt
3709 2526 3785 2578 .tis

2198 2611 2607 2678 C\prttbrat,qtli
2639 2608 3096 2678 prtemisitFilium
3122 2625 3214 2678 per
3233 2609 3518 2663 humanam
3533 2614 3771 2665 (ιιιιιι-ἰιῐι)

2199 2722 2355 2770 nem,
2397 2720 2491 2773 per
2536 2702 2961 2757 incredulitatem
3012 2703 3242 2756 animam
3287 2703 3495 2773 perdat.
3534 2703 3785 2774 Plangant

2199 2797 2389 2850 mortui
2430 2805 2669 2850 mortuos
2713 2810 2869 2861 suos,
2908 2809 3043 2864 quos
3085 2807 3482 2851 resurrecturos
3522 2814 3641 2849 esse
3685 2815 3782 2851 non

2196 2887 2421 2941 credunt
2446 2931 2459 2955 ,
2500 2888 2587 2957 qui
2638 2885 2869 2940 animam
2906 2901 3023 2940 cum
3065 2901 3224 2941 earne
3251 2889 3515 2942 a-stimant
3548 2890 3782 2956 Illii‘l‘irt‘,

2194 2980 2388 3051 quibus
2412 2980 2551 3035 nulla
2578 2979 2643 3035 de
2672 2978 2997 3034 beatitudine
3026 2980 3237 3040 animae.
3275 2979 3416 3033 nulla
3447 2981 3513 3034 de
3546 2983 3781 3048 (crporis

2195 3073 2585 3129 restauratione
2636 3069 2824 3126 ﬁducia
2859 3080 2959 3126 est.
2984 3069 3087 3123 Nos
3127 3085 3277 3135 vero,
3308 3072 3396 3140 qui
3428 3086 3580 3140 spem
3614 3089 3782 3126 resera

2196 3152 2461 3221 rectionis.
2497 3165 2755 3219 habemus
2801 3166 2852 3217 in
2897 3164 3130 3229 Christo,
3163 3161 3253 3233 qui
3294 3162 3499 3215 animas
3547 3175 3778 3227 nostras,

2189 3262 2339 3329 juxta
2381 3257 2815 3327 pollicitationem
2867 3256 3034 3325 ipsius
3075 3255 3320 3319 Domini,
3372 3255 3424 3309 in
3475 3265 3779 3310 sanetniiaut

2195 3351 2391 3404 ﬁnibus
2432 3350 2698 3404 credimus
2743 3350 3024 3414 collocari;
3071 3349 3136 3403 ad
3189 3351 3358 3418 ipsum
3400 3366 3497 3404 nos
3538 3352 3779 3406 corde-et

2194 3445 2523 3499 orationibus
2577 3446 2953 3509 conferamus;
2995 3455 3046 3497 et
3090 3445 3441 3499 consolationi
3499 3445 3569 3500 de
3620 3448 3775 3517 ipsiul

2195 3537 2548 3606 promissione
2587 3536 2890 3605 capiamus,
2936 3534 3078 3605 quod
3110 3533 3390 3589 credentes
3423 3537 3471 3589 in
3504 3551 3563 3590 se
3600 3551 3775 3591 secum

2191 3628 2378 3684 vivere
2419 3628 2593 3682 iaciat.
2638 3628 2744 3683 Nec
2771 3628 2908 3683 ullus
2933 3626 3070 3696 apud
3100 3642 3219 3682 eum
3253 3628 3351 3681 nisi
3381 3626 3611 3682 inﬁdelis
3640 3643 3775 3682 mor-

2193 3730 2316 3775 tuus
2354 3721 2641 3790 iudicetur.
2679 3720 2743 3773 Et
2779 3719 2847 3773 ita
2883 3718 3123 3789 planctus
3162 3728 3409 3782 nostros,
3452 3720 3591 3773 sicut
3632 3719 3774 3775 Scri-

2192 3831 2342 3884 p'ura
2383 3829 2477 3867 nos
2521 3813 2744 3877 edocet,
2798 3820 3185 3881 temperemus,
3227 3812 3446 3865 dicens:
3478 3810 3673 3865 Luctus
3691 3828 3771 3865 sa-

2193 3907 2373 3974 pirntis
2422 3915 2610 3975 septem
2660 3903 2866 3969 diebus,
2913 3903 3060 3972 impii
3099 3919 3215 3956 vero
3272 3918 3442 3956 omnes
3499 3902 3613 3955 dies
3669 3904 3773 3955 eius

2190 4016 2297 4053 sure
2330 4000 2347 4067 (
2379 3999 2535 4052 Eccli.
2568 4013 2700 4063 χχιι,
2736 3997 2799 4052 15
2821 3996 2861 4067 ).
2903 3996 3054 4065 Sicut
3082 3997 3277 4050 scimus
3319 3996 3465 4050 illum
3511 4005 3771 4050 mortuum

2191 4107 2437 4162 corpore,
2464 4092 2637 4145 anima
2668 4104 2796 4145 vero
2836 4105 2931 4155 pro
2963 4090 3263 4146 innocentia
3293 4104 3386 4143 sua
3425 4088 3534 4144 Deo
3562 4091 3769 4157 vivere;

2191 4184 2260 4237 ita
2295 4199 2390 4240 nos
2423 4184 2665 4237 viventes
2694 4197 2944 4251 corpore,
2969 4182 3131 4237 corde
3162 4182 3469 4237 moriamur.
3500 4182 3660 4236 Finit.

2761 4315 2973 4372 EPIST.
3016 4315 3200 4371 XLVI.

2510 4410 2705 4466 Rurici!
2735 4410 2958 4481 episcopi
2985 4410 3054 4465 ad
3090 4410 3451 4468 Taurencimu.

2112 4517 2169 4577 Ῑ)
2264 4504 2377 4572 Ago
2401 4503 2598 4572 gratias
2628 4501 3038 4571 promptissima;
3069 4500 3121 4555 in
3150 4501 3377 4555 Domino
3397 4501 3688 4567 devotioni,
3718 4512 3767 4560 et

2190 4596 2566 4652 sincerissima:
2612 4610 2735 4666 erga
2767 4610 2852 4650 me
2885 4594 3093 4649 caritati
3130 4604 3321 4649 vestra:
3343 4638 3357 4659 ,
3408 4610 3528 4663 qua:
3578 4595 3767 4651 divina:

2190 4687 2444 4743 bonitatis
2476 4687 2751 4752 imitatrix,
2784 4685 2836 4741 id
2860 4687 3000 4756 quod
3034 4700 3118 4742 me
3148 4686 3249 4741 sibi
3282 4688 3545 4756 prospicit
3571 4687 3767 4755 suppli~

2187 4779 2756 4849 candum,priusquam
2788 4789 3027 4847 rogetur,
3049 4786 3103 4831 et
3126 4788 3363 4830 nostrum
3395 4792 3765 4846 prmocenpare

2187 4870 2553 4927 benevolentia
2587 4885 2678 4923 sua
2724 4869 2938 4925 festinat
2981 4868 3247 4929 ofﬁcium;
3293 4871 3415 4923 dum
3451 4886 3553 4921 non
3596 4871 3760 4923 solum

2182 4962 2474 5030 custodire,
2498 4976 2681 5016 verum
2706 4960 2864 5015 etiam
2890 4976 3083 5028 angere
3106 4962 3154 5014 in
3180 4961 3336 5014 istum
3360 4961 3457 5015 sib:
3477 4963 3639 5029 gessit
3668 4961 3763 5032 [in-

2184 5054 2356 5128 gessit]
2383 5056 2653 5119 afl'cctum,
2683 5068 2839 5125 quem
2890 5052 3088 5107 idcirco
3125 5055 3395 5108 beneﬁciis
3429 5055 3763 5121 anticipando

2188 5147 2418 5202 laetiﬁcat
2442 5186 2458 5212 ,
2488 5148 2608 5215 quia
2640 5145 2705 5199 ad
2749 5146 3015 5201 modicum
3046 5145 3365 5199 contristare
3396 5146 3666 5200 formidat.
3703 5145 3760 5197 lit

2187 5239 2310 5295 ideo
2339 5238 2541 5293 mavult
2565 5237 2759 5293 oﬁerre
2794 5238 2989 5291 tacenti
3036 5238 3281 5307 gratiam,
3314 5253 3470 5304 quam
3512 5247 3759 5303 pra-stare

2191 5332 2428 5401 poscenti
2452 5348 2465 5384 :
2488 5332 2663 5386 sciens
2697 5331 2879 5398 procul
2908 5330 3089 5393 dubio,
3115 5330 3235 5399 plus
3266 5344 3387 5385 csse
3410 5330 3461 5383 in
3492 5344 3559 5384 eo
3586 5328 3756 5381 meriti

2187 5460 2359 5515 quens
2403 5444 2503 5500 fuit
2548 5446 2844 5500 litterarum
2894 5445 3298 5499 commercium.
3353 5442 3624 5499 Ilabentur
3662 5443 3755 5496 ille

2186 5518 2425 5586 epistolae
2447 5516 2651 5571 Concil.
2684 5517 2719 5569 1.
2750 5532 2820 5569 iv.
2846 5515 3002 5569 Bass.

2258 5597 2282 5625 α
2310 5588 2381 5641 De
2430 5602 2495 5641 eo
2524 5586 2776 5641 Sidonius
2824 5588 2860 5639 Ι.
2905 5602 2980 5651 ιχ,
3006 5600 3091 5653 ep.
3127 5585 3178 5639 6.
3213 5584 3526 5652 Suspicatnr
3566 5584 3754 5653 Savara

2187 5658 2351 5713 fuisse
2401 5658 2546 5711 illum
2592 5657 2957 5710 Senmwnsem
3008 5651 3332 5724 episcopum,
3378 5655 3461 5709 cui
3509 5651 3751 5711 successit

2186 5729 2467 5798 Agrauius.
2496 5727 2651 5782 BASN.
