4086 6328
238 397 321 455 IIl

1604 386 1933 445 EPISTOLA
1974 390 2013 444 L

3367 395 3466 453 H8

236 512 352 581 quod
396 516 673 575 spontanea
738 504 1061 574 benignitate
1106 503 1374 567 defertur,
1420 515 1577 571 quam
1627 502 1767 571 quod
1801 504 1854 567 Α
1880 504 2120 557 morietur
2146 505 2348 575 recipiet
2378 506 2577 571 omnia,
2608 522 2763 571 neque
2793 508 2947 561 sintut
2974 508 3237 563 descendet
3263 527 3377 564 cum
3405 528 3466 567 eo

235 620 326 672 pm
347 601 450 651 ilius
476 595 792 664 indulgetur.
817 594 1089 663 Siquidem
1119 594 1312 649 horum
1346 608 1508 648 unum
1542 608 1645 647 non
1678 594 1779 647 nisi

231 693 521 751 nrcossitate
566 687 725 745 datur
787 686 1215 748 necessitudini;
1275 685 1416 739 aliud
1464 699 1593 741 vero
1638 700 1782 752 stupe

231 788 368 843 ικιέιιιι)
397 780 685 849 precatoris
717 779 917 834 sedulae
945 778 1233 835 dimittitur
1272 777 1599 847 improbitati
1628 778 1777 844 (Luc.

230 892 293 939 xi,
311 876 379 943 il).
398 873 540 929 Unde
553 872 701 928 salve
716 872 1049 942 reciprocum
1062 871 1268 936 dicens,
1287 870 1571 939 depictatis
1588 879 1781 927 vestra:

228 968 559 1037 promissione
621 978 877 1029 securus,
947 962 1172 1031 puellam
1248 973 1483 1019 vestram
1556 964 1607 1017 in
1668 976 1779 1017 rem

224 1056 424 1113 directis
467 1058 645 1124 pueris
695 1057 924 1120 vestris.
969 1056 1316 1125 consignasse
1356 1055 1602 1125 signiﬁco
1638 1074 1650 1107 :
1694 1057 1781 1111 cui

222 1151 414 1209 conﬁdo
468 1150 610 1222 quod
672 1150 814 1220 iusta
868 1150 1305 1221 pollicitationem
1351 1159 1582 1205 vestram
1609 1193 1623 1215 ,
1677 1165 1783 1204 non

221 1248 378 1301 solum
411 1245 618 1301 veniam
642 1285 661 1310 ,
704 1244 803 1300 sui
826 1244 988 1300 etiam
1015 1246 1245 1315 gratiam
1278 1258 1377 1313 pro
1405 1251 1583 1299 nostra
1613 1244 1781 1298 inter—

220 1337 441 1392 cessione
468 1336 733 1391 tribuatis.

760 1470 975 1527 El‘lS'l‘.
1017 1469 1224 1527 XLVII.

353 1584 591 1647 [furit-ius
630 1584 837 1643 domino
868 1585 1140 1643 venerabili
1172 1587 1321 1655 fratri
1354 1594 1378 1622 ι
1407 1585 1620 1641 Joanni.

278 1700 303 1737 δ
334 1700 516 1765 Manus
547 1701 849 1757 conmunis
877 1711 1179 1770 susceptus,
1211 1701 1349 1771 quod
1382 1702 1680 1757 voluntarie
1708 1706 1781 1755 la-

215 1808 327 1849 cere
352 1792 641 1860 debuerat,
672 1794 800 1849 tecit
830 1809 970 1849 nunc
1000 1796 1319 1855 necessitate
1358 1794 1664 1862 compulsus
1683 1834 1697 1858 ,
1728 1801 1786 1847 ut

213 1884 271 1938 ad
297 1885 699 1941 venerationem
725 1891 867 1938 tuam
912 1885 1376 1940 commendatitias
1406 1884 1697 1952 ﬂagitaret,
1728 1893 1783 1937 et
1810 1888 1861 1947 Β

210 1989 266 2030 se
299 1976 481 2045 gratiae
514 1983 654 2039 tuae,
700 1976 800 2030 etsi
849 1985 1068 2045 propter
1110 1976 1484 2045 negligentiam
1529 1992 1680 2031 suam
1723 1976 1790 2032 de

211 2065 475 2134 praeterito
505 2067 780 2136 ingratus,
817 2081 910 2135 per
939 2067 1350 2125 insinuationem
1384 2077 1619 2122 nostram
1652 2081 1792 2123 nunc

211 2166 380 2213 tamen
415 2159 805 2228 gratilicandus
852 2160 1134 2229 ingereret.
1182 2160 1344 2229 Cujus
1387 2160 1625 2222 petitioni
1672 2160 1791 2216 ideo

209 2254 501 2321 promptius
533 2254 812 2324 acquievi,
844 2254 962 2323 quia
995 2253 1197 2308 credidi
1218 2295 1230 2318 ,
1272 2255 1409 2309 sicut
1452 2252 1508 2310 et
1550 2254 1788 2320 conlido,

211 2358 295 2399 vos
339 2345 594 2415 petitioni
644 2360 777 2400 meite
820 2345 1049 2401 libenter
1089 2361 1345 2405 minuere.
1397 2346 1548 2403 Unde
1593 2348 1793 2401 saluta-

207 2437 341 2491 tione
368 2437 614 2507 depensa
648 2452 807 2506 spero
828 2478 842 2502 ,
874 2446 932 2491 ut
962 2440 1131 2507 ipsum
1160 2454 1261 2508 pro
1287 2439 1677 2495 intercessione
1698 2454 1794 2493 no-

206 2536 309 2583 stra
338 2530 593 2599 recipere
632 2531 765 2585 tanti
799 2530 1063 2585 habeatis.
1108 2532 1175 2586 Et
1206 2532 1327 2601 quia
1356 2532 1491 2599 hoc,
1528 2533 1669 2602 quod
1699 2533 1795 2588 de-

118 2694 123 2698 _
202 2619 341 2684 buit,
389 2621 666 2684 reddidit,
710 2637 897 2677 usuras
931 2622 1006 2676 illi
1034 2621 1328 2679 solidorum
1370 2622 1641 2690 ipsorum,
1688 2639 1794 2679 non

202 2720 405 2769 tantum
441 2726 544 2781 pro
593 2714 841 2782 precibus
888 2713 1113 2778 nostris,
1162 2724 1419 2783 quantum
1469 2729 1564 2783 pro
1603 2714 1796 2770 divinis

200 2807 484 2874 praceptis
528 2805 737 2860 donare
778 2805 1035 2873 digneris.
1067 2804 1219 2870 Quod
1252 2821 1348 2875 pro
1386 2806 1798 2869 conversatione

198 2907 398 2962 vestra,
431 2914 542 2967 qua
567 2912 682 2962 v08.
713 2897 823 2953 Deo
844 2897 1093 2966 prapitio,
1124 2911 1220 2966 per
1239 2898 1355 2952 dies
1375 2897 1615 2966 singulos
1636 2898 1797 2953 audio

196 2990 468 3058 prolicere
488 3033 502 3053 ,
562 2991 683 3045 sine
708 2989 1043 3047 dubitatione
1076 2992 1360 3059 prmstetis.
1392 2992 1526 3055 Quia
1556 2992 1672 3057 ipse
1703 3008 1799 3045 no-

193 3081 310 3147 stis,
342 3082 498 3151 quod
534 3081 626 3136 ille
651 3096 874 3151 regnum
899 3081 993 3136 Dei
1020 3080 1201 3135 ltetitia
1223 3091 1280 3136 et
1303 3080 1656 3150 gratulatione
1678 3097 1799 3151 per-
1826 3144 1843 3153 θ

190 3172 390 3240 cipiet,
441 3181 502 3228 et
550 3174 601 3226 in
649 3181 884 3227 montem
915 3172 1122 3229 Domini
1163 3172 1486 3241 gloriﬁcatus
1514 3172 1794 3237 ascendet,

1884 594 2048 665 gloria
2071 596 2250 648 domus
2276 599 2386 663 eius
2409 594 2527 665 (Ps.
2553 612 2738 663 XLVIII,
2760 598 2873 667 I7).
2900 599 2966 652 Et
2988 600 3176 654 iterum
3199 598 3465 655 :Dormie-

1885 694 2004 740 runt
2028 702 2263 740 somnum
2292 702 2470 744 suum.
2499 696 2545 739 et
2575 688 2705 740 nillil
2728 689 3019 741 invenerunt
3055 706 3227 744 omnes
3263 691 3467 745 divitia-

1884 795 1998 833 rum
2027 779 2255 833 manibus
2279 780 2383 833 suis
2408 778 2523 848 (Ps.
2552 795 2710 843 Lxxv,
2736 781 2814 848 6).
2845 780 2944 848 Qui
2972 783 3014 835 si
3046 782 3258 853 benigni
3288 791 3468 838 essent

1884 876 2076 927 animae
2096 887 2226 937 sure,
2251 872 2325 926 illi
2352 874 2526 941 potius
2556 873 2690 927 bona
2710 888 2804 927 sua
2832 874 3131 939 crederent,
3159 874 3248 943 qui
3270 884 3324 929 et
3352 874 3466 929 ido-

1885 982 2018 1025 neus
2048 967 2332 1037 ﬁdejnssor
2360 977 2439 1021 est
2472 980 2763 1035 pauperum
2782 1008 2796 1031 ,
2842 977 2894 1020 et
2924 967 3255 1035 largissimus
3284 966 3464 1021 reddi-

1887 1068 1972 1113 tor
1992 1073 2294 1113 usurarum.
2323 1058 2436 1112 Non
2464 1072 2592 1128 ergo
2612 1057 2835 1127 cupidus
2856 1059 2948 1121 sis,
2983 1057 3146 1113 frater
3164 1058 3465 1124 carissime,

1887 1167 2029 1206 nunc
2066 1152 2307 1220 recipere
2340 1151 2391 1205 in
2421 1149 2617 1220 duplo;
2658 1149 2800 1219 quod
2848 1150 3107 1204 Dominus
3135 1149 3469 1205 redditurum

1887 1257 1947 1297 se
1976 1242 2069 1296 tibi
2094 1242 2353 1311 promittit
2382 1242 2432 1295 in
2464 1242 2793 1311 centuplum,
2827 1242 2967 1296 unde
3011 1255 3110 1296 nec
3137 1256 3168 1294 a
3207 1241 3346 1295 tinea
3375 1250 3501 1307 po-’

1784 1376 1793 1387 .
1889 1336 2015 1389 teris
2041 1335 2417 1403 pertimescere
2442 1333 2842 1400 exterminium,
2861 1347 2962 1389 nec
2983 1347 3012 1386 a
3036 1332 3153 1387 lure
3177 1331 3470 1386 formidare

1887 1426 2222 1495 dispendium
2254 1425 2466 1494 (Matth.
2498 1438 2608 1491 χιχ,
2637 1424 2752 1494 29).
2788 1425 2921 1492 Quia
2946 1424 3060 1494 ipse
3091 1423 3347 1479 Dominus
3377 1438 3474 1476 no-

1888 1528 1999 1573 ster
2026 1532 2306 1574 munerum
2336 1531 2552 1571 suorum
2575 1525 2629 1571 et
2651 1516 2870 1585 largitor
2890 1524 2944 1571 et
2964 1525 3147 1569 custos
3173 1525 3276 1569 est.
3308 1513 3470 1568 Finit.

2440 1628 2653 1684 EPIST.
2696 1627 2927 1682 XLVIII.

2075 1723 2375 1793 Aprunculo
2409 1733 2429 1760 ε
2462 1724 2700 1791 episcopo
2738 1722 2977 1775 Ruricius
3006 1722 3286 1792 episwpus.’

1962 1838 2151 1909 Exegit
2191 1837 2356 1892 mutui
2398 1838 2595 1892 amoris
2634 1837 2861 1893 allectus
2891 1838 2955 1892 ad
2988 1837 3313 1892 individuam
3343 1839 3476 1914 mihi

1897 1929 2235 1985 sanctitatem
2266 1939 2497 1983 vestram
2530 1930 2640 1983 sola
2670 1944 2735 1983 ex
2766 1945 2923 1985 causa
2949 1929 3153 1984 litteras
3181 1931 3474 1994 destinare,

1896 2020 2102 2074 etiamsi
2146 2036 2249 2073 non
2283 2036 2341 2075 se
2372 2022 2580 2075 occasio
2617 2031 2913 2091 opportuna
2955 2021 3270 2091 porrexerit.
3328 2022 3482 2077 Unde

1897 2129 1991 2180 per
2034 2112 2301 2165 hominem
2352 2112 2442 2166 ﬁlii
2476 2114 2578 2166 mei
2621 2112 2824 2167 Leontii
2876 2114 2971 2168 bas
3013 2113 3077 2167 ad
3124 2114 3479 2182 apostolatum

1895 2212 2133 2257 vestrum
2159 2203 2300 2268 dedi,
2335 2203 2527 2273 quibus
2558 2205 2908 2277 sospitatione
2939 2205 3190 2276 prazlata,
3222 2220 3378 2275 quam
3411 2221 3482 2260 ex

1896 2296 2194 2360 sententia,
2230 2294 2339 2349 Deo
2380 2297 2615 2359 favente,
2650 2296 2905 2365 valeatis,
2947 2298 3177 2366 inquiro.
3209 2296 3342 2364 Quia
3383 2299 3485 2368 ipsi

1899 2387 2067 2441 nostis
2091 2387 2512 2442 incolumitatem
2534 2397 2768 2442 vestram
2798 2394 3036 2441 nostram
3060 2401 3180 2442 esse
3208 2387 3484 2454 laetitiam;

1896 2494 2118 2550 sperans
2145 2489 2221 2547 ut,
2256 2479 2511 2534 redeunte
2536 2481 2780 2550 praelato,
2813 2497 2909 2536 nos
2937 2480 3176 2535 reddatis
3197 2481 3261 2535 de
3286 2481 3484 2536 vestris

1897 2572 2124 2639 actibus,
2152 2573 2379 2643 propitia
2406 2573 2709 2639 Divinitate,
2734 2588 2975 2641 securos,
2997 2587 3133 2641 quos
3155 2573 3344 2628 videtis
3365 2588 3485 2629 esse

1898 2666 1964 2719 de
1994 2665 2347 2736 prosperitate
2376 2666 2653 2722 sollicitos.

2475 2779 2687 2835 EPIST.
2732 2781 2916 2837 XLIX.
3010 2796 3015 2801 ·

2144 2872 2381 2925 Ruricius
2411 2872 2677 2941 episcopus
2708 2871 2974 2927 Ceraunia
3003 2875 3239 2929 salutem.

1973 2963 2049 3017 De
2088 2963 2486 3031 sincerissima,
2534 2980 2634 3034 qua
2676 2980 2775 3019 nos
2816 2980 2911 3034 pro
2949 2966 3276 3037 benignitate
3318 2966 3486 3020 animi

1903 3056 2010 3120 tui,
2042 3070 2146 3111 non
2178 3069 2274 3125 pro
2300 3053 2496 3110 nostris
2526 3055 2735 3110 meritis
2751 3055 2989 3126 dignaris
3016 3056 3263 3113 excolere
3290 3058 3343 3111 in
3372 3055 3474 3112 Do-

1902 3147 2067 3213 mino,
2115 3147 2335 3221 caritate
2374 3146 2648 3203 conﬁdens
2667 3187 2682 3213 ,
2713 3162 2935 3203 securus
2962 3148 3058 3203 has
3084 3148 3151 3203 ad
3180 3148 3484 3204 veneratio-

190 3266 278 3333 qui
326 3266 589 3334 pecunia:
629 3280 738 3320 sum
782 3280 996 3319 usuram
1039 3281 1145 3318 non
1172 3240 1229 3319 in
1262 3266 1509 3335 praesenti
1539 3266 1738 3323 sarculo
1764 3281 1794 3320 a
1822 3266 1871 3333 Ο
1902 3256 2023 3335 "cf"
2064 3250 2206 3335 Nam
2250 3240 2459 3335 dire“;
2495 3240 2687 3310 qnibus
2732 3241 2794 3335 i"_
2818 3241 3042 3335 90min"
3067 3255 3131 3296 ac
3162 3240 3270 3297 θθο
3300 3249 3485 3296 “05"”

186 3360 447 3426 proximo
476 3373 585 3413 suo
605 3360 860 3427 exegerit,
894 3358 990 3413 sed
1012 3373 1043 3411 a
1073 3357 1297 3412 Domino
1318 3358 1706 3425 exspectat/erit
1735 3358 1787 3412 in

185 3449 408 3515 lntnro;
458 3464 569 3503 nec
603 3464 695 3517 per
724 3449 905 3503 dolosa
939 3448 1194 3505 beneﬁcia
1238 3450 1457 3518 laqueos
1500 3448 1789 3504 laboranti-

178 3539 279 3596 bus
314 3538 507 3609 injicit
548 3538 909 3591 insolubilintn
941 3538 1238 3593 debitorum
1261 3580 1277 3603 ,
1311 3538 1404 3593 sed
1435 3538 1576 3591 illius
1603 3549 1688 3593 est
1718 3540 1792 3594 le-

177 3641 413 3686 nerator
446 3638 511 3684 et
545 3628 800 3693 creditor,
830 3630 918 3698 qni
950 3630 1114 3683 dicit:
1141 3632 1284 3692 date,
1308 3641 1360 3684 et
1382 3630 1592 3683 dabitur
1620 3632 1790 3695 vobis,

172 3733 224 3779 et
265 3738 389 3794 qua
422 3734 689 3775 mensura
722 3721 895 3775 mensi
927 3720 1163 3786 fueritis,
1194 3736 1257 3775 ea
1286 3722 1597 3775 remetietur
1623 3721 1793 3775 vobis.

174 3810 438 3872 Inﬁdelis
488 3810 680 3880 utique
726 3824 778 3863 et
824 3810 1038 3880 iniquus
1084 3821 1166 3866 est
1210 3812 1369 3866 etiam
1401 3811 1535 3875 sibi,
1567 3813 1652 3881 qui
1697 3814 1798 3865 hoc

169 3909 322 3979 quod
348 3904 537 3975 elegit
570 3902 1076 3972 concupiscendum,
1110 3918 1216 3957 non
1240 3903 1353 3957 vult
1383 3903 1580 3957 habere
1608 3918 1798 3972 perpe-

171 4008 356 4054 tuum.
394 3994 676 4064 Quamvis
699 3995 841 4048 enim
865 3996 1166 4065 quicunque
1192 3995 1353 4049 multa
1382 3995 1598 4058 condat,
1634 3996 1795 4050 multa

169 4098 531 4164 congregat,
585 4096 639 4143 et
678 4087 885 4142 inﬁnita
929 4086 1158 4141 diversis
1198 4085 1671 4142 nundinationibns
1711 4104 1797 4142 θος

169 4188 400 4255 quirat,
455 4181 753 4238 mendicus
793 4179 862 4235 de
904 4180 1004 4234 hoc
1048 4179 1249 4234 mundo
1291 4179 1563 4245 discedet,
1598 4181 1695 4234 nisi
1727 4180 1795 4236 de

172 4278 340 4333 rebus
371 4276 505 4332 suis
531 4274 837 4345 portionem
861 4285 1010 4326 suam
1038 4270 1103 4325 ad
1130 4281 1387 4325 aeternam
1415 4269 1792 4326 beatitudinem

169 4378 299 4425 ante
344 4366 736 4438 prmmiserit,
770 4363 983 4419 dicente
1025 4364 1249 4418 Domino
1291 4377 1386 4431 per
1435 4363 1746 4432 prophetam
1780 4380 1791 4416 :

169 4462 259 4518 Ne
286 4459 604 4518 timueritis
624 4500 639 4524 ,
672 4474 787 4511 cum
826 4457 963 4511 dives
990 4456 1156 4526 factus
1200 4456 1353 4526 fuerit
1387 4454 1569 4519 homo,
1610 4464 1655 4508 et
1681 4471 1794 4508 cum

180 4556 553 4625 nultlplicata
596 4550 748 4615 fuerit
795 4548 961 4619 gloria
996 4549 1174 4604 domus
1208 4549 1337 4618 ejus.
1384 4547 1515 4612 Quia
1545 4563 1644 4599 non
1680 4562 1794 4599 cum

1899 3332 2125 3389 salutem
2156 3332 2377 3388 uberem
2408 3331 2622 3400 dicens,
2655 3332 2957 3401 specialiter
3001 3347 3131 3403 rogo
3160 3339 3219 3387 ut
3260 3346 3325 3387 ea
3364 3346 3486 3403 quae

1901 3439 1995 3495 per
2024 3438 2236 3479 servum
2273 3434 2508 3478 vestrum
2550 3422 2845 3477 Amandum
2893 3423 3057 3478 verbo
3106 3419 3131 3458 δ
3164 3421 3395 3491 speravi,
3436 3423 3487 3477 si

1904 3513 2157 3584 possibile
2179 3522 2282 3577 est,
2308 3513 2461 3568 nobis
2481 3513 2595 3567 sine
2614 3514 2870 3570 dilatione
2889 3524 3146 3585 praestare
3165 3514 3478 3584 dignemini.

1902 3605 2035 3672 Quia
2074 3604 2188 3657 haec
2213 3617 2298 3658 res
2328 3613 2382 3657 et
2409 3617 2507 3656 nos
2535 3604 2776 3658 relevare
2796 3613 2992 3672 potest,
3024 3612 3077 3658 et
3103 3603 3253 3658 vobis
3279 3604 3487 3658 nullum

1906 3703 2081 3771 potest
2111 3693 2303 3748 allerre
2351 3693 2721 3761 dispendium;
2766 3694 2908 3761 quod
2947 3709 3046 3763 cgo
3086 3709 3182 3763 pro
3230 3694 3488 3749 beneﬁcio

1904 3785 2136 3838 maximo
2175 3787 2518 3853 computabo.
2566 3784 2761 3839 lterum
2809 3784 2864 3838 in
2912 3800 3017 3853 quo
3051 3784 3352 3855 iusseritis,
3402 3786 3489 3841 vel

1904 3895 2029 3933 usus
2060 3879 2331 3951 exegerit,
2364 3878 2533 3935 vicem
2573 3878 2863 3949 reciprocis
2896 3879 3165 3949 obsequiis
3198 3893 3488 3949 repensare

1902 3971 2240 4027 (mittendam.

2529 4059 2744 4117 EPIST.
2778 4059 2847 4121 L.

1994 4154 2234 4209 Ruricius
2264 4155 2531 4227 episcopus
2562 4154 2807 4209 Ccnsurio
2840 4163 2863 4191 ο
2890 4170 3131 4226 episcopo
3156 4164 3388 4211 salutem.

1976 4270 2204 4325 Litteras
2232 4269 2531 4324 sanctitatis
2568 4279 2791 4336 vestrm,
2841 4270 2941 4325 etsi
2982 4284 3077 4338 per
3114 4270 3483 4331 occasionem,

1904 4361 2176 4431 accepisse
2207 4376 2293 4416 me
2326 4361 2585 4431 gratulor.
2627 4361 2744 4415 No‘n
2771 4365 2913 4417 enim
2956 4364 3177 4419 interest
3205 4372 3383 4417 utrum
3418 4377 3485 4417 ex

1905 4455 2223 4509 necessitate
2249 4463 2341 4509 aut
2367 4470 2433 4508 cx
2462 4455 2752 4521 voluntate,
2785 4455 3075 4511 dummodo
3107 4456 3245 4511 inter
3264 4470 3321 4510 se
3352 4455 3487 4509 invi-

1905 4562 2019 4601 cem
2052 4548 2137 4619 qui
2168 4563 2225 4601 se
2248 4546 2473 4616 diligunt
2494 4547 2884 4616 colloquantur,
2914 4557 2968 4602 et
2990 4563 3123 4616 quos
3148 4561 3375 4616 corpore
3407 4547 3487 4601 lo-

237 4729 264 4757 *ι
301 4720 433 4774 Duo
471 4715 640 4769 tuere
671 4718 798 4766 tunc
820 4710 1078 4780 temporis
1104 4709 1155 4763 in
1183 4708 1370 4780 Galliis
1396 4707 1492 4780 viri
1521 4708 1794 4780 cognomi-
1826 4710 1877 4769 D
1902 4707 2336 4780 matrc_A_rverna
2359 4704 2549 4780 itidem
2582 4713 2762 4780 natum
2793 4702 2926 4780 dixit
2949 4701 3205 4780 Daronius
3227 4717 3316 4754 an.
3351 4700 3482 4763 484,

166 4806 284 4854 nos,
316 4786 495 4859 prior
540 4782 819 4859 professor
850 4777 946 4835 luit
970 4779 1376 4859 grammatices,
1420 4778 1554 4859 alter
1584 4784 1711 4859 vero
1740 4777 1795 4859 in

162 4847 514 4929 episcopum
542 4847 1021 4929 cabilgnensema
1062 4851 1553 4929 Patiente_electus.
1588 4847 1796 4929 llic_est

165 4916 225 5001 sit
259 4916 688 5001 quem_scribit
712 4923 981 5001 Ruricius,
1014 4935 1277 5001 quemque
1308 4916 1789 5001 fratremnappella-

168 4984 701 5056 vitilil‘ic‘loannes
725 4984 1042 5047 humanitate
1060 4984 1293 5059 insignis,
1326 4988 1496 5059 inquit
1521 4984 1793 5059 Sidonius.

166 5074 343 5126 lector
375 5063 847 5141 primumluerat
869 5072 1009 5141 et_ca
1035 5056 1238 5141 ratione
1261 5056 1505 5140 minister
1528 5059 1709 5110 altaris
1730 5056 1796 5109 ab

164 5131 428 5197 infantia.
476 5137 700 5193 Deinde
737 5133 1146 5191 archidiaconus
1183 5133 1373 5193 lactus,
1399 5131 1450 5184 in
1481 5144 1547 5183 eo
1577 5144 1799 5187 munere

162 5215 452 5283 plurimos
489 5221 680 5283 annos
706 5206 777 5271 οι)
806 5204 1116 5283 industriam
1158 5202 1403 5265 detentus
1440 5211 1550 5281 est;
1581 5201 1789 5283 tandem

158 5268 397 5338 ξυείιιιόὶ
436 5278 672 5337 ordinis
702 5268 952 5329 sacerdos
989 5273 1188 5338 factus,
1220 5289 1339 5327 cum
1380 5270 1614 5340 episcopi
1649 5268 1791 5323 laba-

161 5366 418 5408 scentem
462 5368 527 5406 tn
569 5348 807 5402 Ecclesia
843 5344 1178 5399 Cabilonensi
1217 5343 1549 5410 disciplinam
1589 5351 1792 5395 restan-

160 5439 285 5481 rare
320 5425 558 5480 vellent
584 5458 601 5482 ,
630 5418 934 5486 episcopus,
959 5414 1087 5469 nihil
1117 5415 1223 5469 tale
1247 5415 1507 5483 cogitans,
1537 5421 1594 5466 ut
1621 5414 1788 5475 aiunt,

159 5490 799 5565 electusest.Btsa.__
914 5555 925 5565 .
989 5554 1031 5565 __
1343 5555 1357 5565 _
1436 5556 1445 5565 .

231 5566 261 5606 ιι
299 5568 444 5623 Haec
487 5576 611 5616 vox
654 5560 725 5612 ita
764 5555 958 5611 litteris
989 5554 1034 5609 M
1072 5561 1126 5608 et
1158 5553 1204 5608 A
1233 5555 1479 5623 implexis
1522 5562 1793 5623 contracta

160 5649 242 5693 est
285 5649 352 5693 ut
406 5637 725 5703 desperem
764 5628 975 5696 legere,
1020 5622 1360 5679 divinandum
1411 5625 1587 5692 igitur.
1636 5622 1797 5677 Forte

162 5714 543 5847 ""§"§§i},im
600 5766 1089 5847 adeumuscripsit
1132 5765 1406 5846 Ruricius,
1458 5772 1514 5816 ut
1557 5772 1701 5847 patet
1731 5778 1793 5816 ex

164 5836 435 5919 epistolis
472 5845 586 5911 54,
620 5840 688 5896 55
725 5848 780 5895 et
818 5837 906 5894 56.
950 5836 1028 5894 Ad
1070 5850 1192 5892 eum
1234 5836 1504 5908 pertinere
1553 5838 1792 5904 Aprum,

1905 4777 1939 4829 Ι.
1970 4792 2044 4838 vr,
2075 4774 2201 4828 427.
2246 4776 2324 4827 An
2358 4774 2621 4826 intellexit
2661 4770 2919 4823 annalista
2959 4774 3155 4837 Aprum
3187 4784 3305 4823 esse
3337 4784 3488 4822 euin-

1905 4846 2025 4901 dem
2055 4859 2117 4897 ac
2153 4843 2553 4907 Aprunculum,
2585 4842 2669 4895 vel
2709 4841 2873 4905 ipsius
2922 4840 3181 4893 fratrem?
3228 4838 3484 4893 Neutrum

1904 4930 2090 4971 verum
2120 4923 2223 4969 est.
2250 4913 2586 4981 Aprunculus
2608 4927 2711 4967 non
2742 4910 2840 4965 fuit
2862 4911 3154 4966 Arvernus.
3186 4909 3483 4977 Lingonum

1906 4987 1957 5039 in
1994 4984 2459 5051 Burgundionibus
2483 4985 2663 5037 svdem
2696 4984 2892 5044 tenuit,
2922 4981 3015 5037 sed
3050 4981 3368 5035 Arianorum
3402 4984 3481 5034 lu-

1903 5057 2053 5124 giens
2085 5050 2302 5108 insidias
2335 5056 2691 5108 Arvernorum
2733 5056 3015 5124 episcopus
3038 5092 3053 5116 ,
3088 5061 3205 5119 post
3232 5059 3479 5124 mortem

1904 5121 2106 5182 Sidonii
2151 5127 2250 5180 luit
2288 5128 2514 5180 electus.
2564 5126 2645 5180 Ab
2678 5140 2743 5179 eo
2771 5121 2957 5177 autem
2992 5130 3103 5177 toto
3142 5122 3279 5175 creto
3305 5121 3483 5178 dill‘ert

1903 5198 2046 5266 Aper
2067 5198 2179 5253 sive
2206 5201 2393 5266 Asper,
2418 5199 2504 5265 qui
2528 5210 2863 5266 nequaquam
2891 5194 2991 5266 fuit
3007 5194 3311 5266 episcopus.
3337 5193 3479 5249 Illius

1904 5263 2152 5336 parentes
2190 5263 2311 5322 vide
2340 5263 2681 5323 enumeratos
2720 5263 2857 5336 apud
2902 5263 3181 5321 Sidonium
3213 5264 3249 5318 l.
3284 5282 3357 5331 tv,
3391 5280 3475 5335 ep.

1899 5341 1988 5403 ‘il,
2018 5338 2122 5393 959
2150 5353 2235 5407 op.
2270 5338 2540 5393 Sirmond.
2573 5339 2730 5391 Busa.

1969 5409 1999 5446 ά
2031 5409 2190 5463 Forte
2217 5410 2517 5479 significavi.

1978 5490 1999 5518 θ
2028 5480 2148 5536 Fuit
2190 5476 2278 5534 ille
2305 5478 2774 5533 Autissidiorensis
2823 5476 3138 5545 episcopus,
3187 5477 3479 5546 appellatur

1900 5565 1931 5604 a
1976 5551 2195 5606 Sidonio
2237 5549 2545 5615 Censorius,
2592 5558 2824 5603 attamen
2874 5549 3188 5618 presbyter,
3229 5550 3317 5617 qui
3366 5548 3482 5618 ejus

1901 5622 2119 5675 nomine
2148 5622 2307 5673 vitam
2338 5618 2394 5673 S.
2428 5618 2681 5672 Germani
2710 5616 3002 5687 inscripsit,
3034 5616 3109 5672 sic
3141 5616 3302 5672 habet
3330 5634 3344 5669 :
3377 5616 3484 5670 Do-

1902 5692 2038 5742 mino
2082 5690 2365 5743 beatissimo
2408 5699 2455 5743 et
2495 5690 2618 5741 milii
2648 5690 2924 5758 apostolico
2974 5689 3163 5758 honore
3209 5688 3485 5741 venerabili

1900 5762 2145 5886 (Σαιεηῦἱο
2182 5775 2327 5828 papae
2355 5757 2687 5814 Constantius
2706 5768 2959 5829 peccator.
2991 5760 3080 5812 Sic
3111 5757 3361 5812 Ruricius
3388 5770 3485 5810 no-

1901 5845 2028 5886 Ster.
2106 5846 2219 5886 ASN.
2486 5844 2491 5847 '

1901 5845 2028 5887 ater.
2065 5844 2219 5886 UASN.
2486 5844 2491 5847 ’
