4086 6328
608 417 713 475 119

603 644 759 682 suum
791 628 1050 697 colloquia
1094 629 1192 682 lida
1224 630 1565 698 coniungant.
1601 629 1730 696 Quia
1771 631 1870 684 hoc
1909 630 2064 685 nobis
2093 647 2187 701 ge-

605 724 785 776 nerale
810 721 893 775 vel
919 722 1206 775 maxinuun
1230 724 1398 777 virtus
1422 723 1513 775 diu
1534 724 1689 790 jactae
1716 724 1925 791 pietatis
1946 722 2185 791 indulsit,

604 825 659 870 ut
692 815 781 880 qui
820 829 915 868 nos
945 822 1165 882 aspectu
1196 816 1394 869 carnali
1430 831 1533 869 non
1579 830 1861 884 possumus
1904 817 2183 883 contueri,

601 908 863 975 spirituali
910 922 1196 962 cernamus
1239 908 1448 962 obtutu.
1499 908 1651 962 Unde
1699 909 1956 963 redeunte
2004 911 2189 978 gerulo

508 1066 516 1075 .
600 1003 898 1054 IEtteraruiu
928 1001 1059 1063 has,
1088 1002 1225 1054 sicut
1251 1000 1582 1068 injunxistis,
1620 1001 1842 1056 reddere
1872 1003 2184 1071 procuravi,

598 1105 653 1147 nt
694 1103 749 1147 et
780 1092 1123 1146 sollicitudini
1166 1101 1356 1147 vestra:
1403 1104 1455 1147 et
1499 1103 1693 1146 mutuae
1734 1094 1940 1147 caritati
1987 1094 2187 1162 pariter

600 1186 1003 1250 l'tlSllOllllel‘eﬂl.
1041 1183 1202 1239 Salve
1243 1184 1419 1252 itaque
1450 1183 1766 1251 apostolatui
1796 1191 1977 1237 vestro
2022 1183 2189 1252 pluri-

600 1291 742 1327 mum
774 1274 1049 1342 dependo,
1081 1282 1135 1328 et
1164 1275 1264 1327 hoc
1302 1273 1443 1338 quod
1484 1273 1723 1341 apicibus
1754 1289 1994 1328 mearum
2040 1273 2188 1328 testi-

598 1368 779 1420 monio
823 1366 1068 1419 voluistis
1120 1380 1447 1433 agnoscere,
1496 1375 1670 1418 utrum
1720 1365 1943 1419 Sindilla
1994 1379 2187 1434 porcos

596 1474 723 1511 suos
745 1501 757 1523 ,
806 1458 1065 1526 prudente
1108 1457 1384 1521 Foedamio
1416 1456 1774 1523 perdidisset;
1814 1457 2066 1512 noveritis
2100 1473 2187 1514 me

597 1554 736 1619 apud
766 1551 1012 1604 homines
1034 1565 1215 1614 meos,
1244 1552 1335 1604 ubi
1365 1549 1617 1613 fuerunt,
1648 1534 1935 1618 diligenter
1966 1550 2184 1620 perqui-

598 1645 752 1699 sisse.
788 1643 892 1698 Sed
922 1646 1065 1696 sicut
1088 1651 1213 1712 ante
1241 1642 1347 1710 jam
1381 1656 1634 1697 noveram
1664 1643 1832 1711 magis
1867 1651 1921 1697 et
1951 1643 2080 1696 istos
2108 1642 2185 1696 la-

597 1738 780 1790 bluam
828 1736 1055 1791 faciente
1096 1744 1120 1772 α
1164 1735 1281 1805 paci
1330 1735 1570 1791 Sindilla:
1616 1750 1899 1804 perpessos
1944 1750 2099 1802 esse,
2130 1743 2186 1790 et

598 1833 768 1898 ipsum
803 1844 994 1898 porcos
1020 1844 1145 1884 suos
1175 1845 1270 1900 per
1303 1829 1704 1897 perversitatem
1731 1843 1881 1883 suam
1901 1870 1913 1894 ,
1957 1829 2083 1883 dum
2116 1828 2184 1886 de

1956 421 2223 479 RURICII'
2251 422 2551 479 EPISCOPI

605 553 788 591 eorum
835 537 1108 592 intervalla
1161 537 1564 601 discriminant,
1616 539 1911 592 animorum
1958 554 2018 593 ac
2068 544 2271 604 sen-A

3779 423 3877 480 120

2908 538 3118 593 EPIST.
3162 536 3269 591 LII.
3328 536 3331 539 ⁷

2473 633 2714 686 Ruricius
2743 647 3005 701 episwpus
3040 629 3295 685 Praesidio
3331 629 3439 698 ﬁlio
3466 629 3705 682 salutem.

2368 724 2685 793 Plerumque
2731 721 3015 796 [Plerique]
3064 722 3189 776 dum
3242 734 3329 775 me
3373 719 3513 788 apud
3554 718 3878 776 individuam

2294 815 2426 869 mihi
2470 816 2850 869 sublimitatem
2897 823 3131 868 vestram
3180 827 3287 868 non
3334 811 3459 867 vitae
3510 812 3741 878 merito,
3785 809 3878 867 sed

2293 907 2647 962 amicitiarum
2674 906 2951 976 privilegio
2978 905 3202 961 multum
3225 919 3384 974 posse
3413 903 3711 971 confidunt,
3735 918 3877 960 com-

2295 1001 2635 1055 mendatitias
2663 1016 2694 1056 a
2730 1000 2883 1055 nobis
2912 1000 3104 1069 quibus
3141 998 3297 1055 vobis
3326 1008 3673 1064 excusentur,
3704 997 3876 1068 inqui-

2291 1102 2459 1161 runt;
2489 1107 2619 1161 quas
2659 1092 2737 1146 eis
2768 1105 2865 1161 pro
2901 1089 3063 1145 officii
3105 1089 3279 1146 nostri
3325 1089 3648 1145 necessitate
3688 1102 3877 1159 negare

2293 1198 2399 1238 non
2431 1198 2745 1251 possumus;
2778 1197 2884 1237 non
2913 1182 3347 1251 praesumptionis
3382 1180 3637 1244 audacia,
3662 1180 3759 1235 sed
3785 1180 3878 1234 mi-

2291 1277 2499 1330 nisterii
2539 1274 2853 1343 disciplina,
2883 1274 3014 1328 dum
3043 1283 3098 1329 et
3128 1273 3234 1329 illis
3268 1273 3553 1343 prasentis
3580 1272 3706 1327 vita:
3733 1271 3875 1326 sola-

2291 1367 2423 1422 tium
2441 1407 2457 1433 ,
2485 1376 2540 1421 et
2570 1366 2723 1422 vobis
2750 1365 3035 1436 providere
3062 1364 3433 1420 desideramus
3460 1372 3702 1418 aeternae.
3737 1361 3808 1417 [lt
3828 1371 3875 1418 et

2290 1459 2368 1513 illi
2409 1474 2503 1529 per
2532 1458 2845 1529 patientiam
2877 1466 3107 1513 vestram
3139 1463 3486 1513 reserventur
3516 1454 3584 1508 ad
3616 1454 3877 1524 pmnitenc

2291 1552 2451 1619 tiam;
2491 1561 2546 1606 et
2585 1565 2684 1605 vos
2720 1565 2816 1621 per
2860 1547 3285 1605 misericordiam
3324 1546 3653 1618 perveniatis
3695 1545 3761 1600 ad
3790 1560 3875 1601 γε·

2289 1648 2453 1714 niam,
2488 1647 2628 1701 sicut
2654 1646 2782 1701 dicit
2806 1644 3080 1714 Scriptura
3110 1660 3125 1702 :
3159 1643 3292 1708 Quia
3306 1641 3568 1713 judicium
3593 1640 3705 1694 sine
3733 1639 3873 1694 misc-

2286 1742 2511 1795 ricordia
2534 1742 2627 1794 erit
2658 1740 2744 1809 qui
2766 1755 2867 1793 non
2890 1739 3064 1808 fecerit
3085 1737 3489 1791 misericordiam
3511 1733 3655 1803 (Jac.
3678 1749 3739 1799 ll,
3765 1734 3870 1801 15).

2288 1836 2418 1902 Quia
2451 1835 2623 1889 dixit:
2654 1832 2922 1898 Dimittite,
2954 1840 3001 1886 et
3022 1832 3301 1885 dimittitur
3320 1829 3458 1883 vobis
3485 1828 3639 1899 (Luc.
3664 1842 3741 1892 vt,
3763 1827 3870 1895 57).

596 1925 819 1978 adversa
850 1932 1000 1992 parte
1030 1937 1151 1977 esse
1183 1938 1242 1977 se
1264 1922 1492 1992 jactitat,
1523 1920 1766 1975 amisisse
1792 1921 2041 1991 cognovi.
2066 1918 2180 1974 (Ζω-
2211 1920 2261 1982 Β
2290 1925 2479 1982 Procul
2509 1925 2671 1979 dubio
2702 1940 2860 1993 quem
2891 1923 3085 1977 viderit
3121 1920 3206 1975 hic
3233 1921 3410 1976 facere
3438 1919 3578 1990 quod
3610 1916 3870 1988 prazcipit,

598 2028 770 2070 terum
804 2015 1077 2084 prmfatum
1104 2014 1434 2070 Fmdamium
1468 2012 1540 2067 illi
1581 2012 1633 2067 in
1666 2014 1812 2068 nullo
1838 2011 2178 2081 culpabilem.

594 2109 725 2163 Nam
764 2109 904 2179 quod
940 2107 1187 2177 pertulit,
1222 2108 1350 2162 nulli
1382 2106 1484 2161 nisi
1524 2106 1683 2161 debet
1710 2115 1762 2161 et
1801 2105 2051 2159 omnibus
2080 2106 2182 2158 int-

594 2211 802 2269 putare.
845 2201 900 2254 ln
943 2217 1047 2270 qua
1088 2215 1281 2265 causa,
1322 2209 1578 2269 quantum
1609 2213 1708 2267 ego
1749 2197 2184 2261 contemplationi

592 2294 755 2347 vestri
776 2334 789 2357 ,
825 2300 880 2346 ut
910 2292 1155 2345 homines
1182 2292 1386 2357 vestri,
1422 2298 1513 2344 aut
1558 2306 1586 2345 a
1618 2290 1856 2345 custodia
1890 2290 2184 2344 liberaren-

597 2394 703 2448 tur,
734 2394 825 2436 aut
851 2397 1042 2452 porcos
1071 2393 1277 2436 vestros
1303 2384 1625 2451 reciperent,
1651 2382 2028 2451 laboraverim,
2055 2380 2185 2450 ipsis

594 2476 701 2541 iam
735 2475 1126 2542 referentibus,
1161 2474 1369 2543 plenius
1400 2476 1646 2544 potuistis
1685 2489 2009 2544 agnoscere;
2041 2475 2183 2543 quod

598 2575 879 2636 propterea
908 2582 1129 2621 necesse
1161 2582 1266 2619 non
1301 2567 1397 2625 fuit
1429 2569 1619 2622 litteris
1652 2568 1904 2621 indicare.
1932 2567 2181 2622 Vestrum

594 2670 677 2713 est
723 2659 993 2712 hominem
1027 2675 1210 2713 verum
1242 2660 1385 2725 juste
1430 2660 1497 2713 ab
1538 2660 1695 2726 hujus
1727 2660 2006 2714 calumnia:
2036 2660 2186 2727 obje.

595 2753 774 2805 rtionc
804 2750 1115 2815 defendere,
1141 2766 1243 2821 qua
1270 2767 1444 2805 tnetun
1474 2752 1671 2819 injuste
1693 2752 1907 2821 scriptis
1940 2752 2182 2822 agnosci-

596 2844 662 2896 tis
690 2844 973 2897 sustinere.

1221 2933 1432 2990 El‘lS'l'.
1476 2934 1560 2989 LI.

784 3030 1025 3084 Ruricius
1050 3030 1316 3099 cpiscopus
1344 3028 1609 3098 Stephano
1637 3047 1730 3083 suo
1753 3029 1988 3084 salutem.

665 3121 738 3175 lta
771 3138 855 3175 me
887 3121 1225 3190 paucissimis
1257 3122 1444 3175 diebus
1486 3123 1547 3174 ad
1579 3125 1780 3177 cultum
1827 3137 1979 3176 suum
2014 3123 2182 3191 pietas

596 3224 785 3269 vestrae
816 3214 1113 3268 sanctitatis
1143 3214 1342 3275 illexit,
1376 3224 1434 3267 ut
1458 3230 1578 3268 cum
1619 3231 1746 3279 vos,
1781 3216 1889 3269 Deo
1919 3216 2181 3283 propitio,

2293 2019 2344 2072 in
2375 2017 2552 2071 futuro
2583 2016 2629 2071 ei
2674 2016 2919 2069 restituet
2954 2012 3093 2083 quod
3129 2012 3395 2080 promisit.
3439 2010 3604 2065 Nobis
3645 2009 3788 2065 enim
3817 2008 3871 2063 il-

2291 2110 2393 2164 lius
2421 2108 2614 2163 veritas
2652 2115 2846 2177 prarsto
2871 2113 2985 2167 est,
3017 2105 3061 2159 si
3092 2104 3168 2159 illi
3199 2104 3334 2159 fides
3366 2113 3549 2159 nostra
3581 2117 3689 2158 non
3718 2102 3869 2157 desit.

2290 2201 2442 2257 Unde
2465 2199 2899 2254 manifestissime
2926 2198 3149 2268 potestis
3176 2196 3458 2251 advertere
3484 2196 3871 2251 absolutionem

2291 2295 2607 2346 miserorum
2633 2301 2933 2345 vestrorum
2954 2304 3076 2344 esse
3097 2288 3476 2357 indulgentiam
3503 2296 3870 2357 peccatorum;

2290 2394 2341 2439 et
2374 2386 2477 2439 hoc
2507 2385 2702 2439 vestris
2733 2383 3118 2438 conferendum
3149 2381 3418 2451 precibus,
3448 2382 3589 2451 quod
3620 2396 3718 2434 vos
3748 2394 3872 2448 pra-

2289 2479 2442 2532 snitis
2468 2478 2659 2532 alienis
2679 2519 2691 2542 ,
2717 2478 2867 2543 juxta
2897 2477 3065 2545 ipsius
3105 2477 3157 2529 in
3195 2474 3482 2542 Evangelia
3514 2477 3868 2529 sententiam:

2292 2570 2617 2639 Quojudicio
2650 2568 3026 2633 iudicaveritis,
3049 2567 3369 2637 judicabitur
3394 2570 3457 2619 de
3488 2566 3622 2619 vobis
3655 2564 3867 2635 (Matth.

2289 2678 2379 2727 vn,
2410 2663 2490 2732 ‘2).
2522 2662 2770 2733 Idemque
2798 2676 2893 2731 pro
2924 2661 3060 2714 llrso
3086 2671 3139 2715 et
3162 2660 3333 2727 Lupo.
3364 2659 3452 2728 qui
3475 2658 3540 2711 ad
3576 2673 3694 2720 me,
3727 2656 3870 2726 quasi

2288 2756 2439 2809 vobis
2485 2755 2833 2822 peculiarius,
2873 2752 3011 2807 sicut
3038 2751 3286 2820 superius
3311 2750 3455 2813 dixi,
3484 2749 3720 2803 caritatis
3757 2749 3870 2818 jure

2287 2849 2625 2911 devinctum,
2673 2862 2767 2916 pro
2798 2846 3083 2900 criminum
3115 2859 3332 2899 suorum
3366 2843 3752 2898 intercessione
3781 2856 3869 2894 ve-

2288 2949 2509 3004 nerunt,
2559 2946 2806 3008 precator
2848 2937 3081 3000 accedo;
3129 2949 3185 2990 ut
3235 2937 3465 3005 primum
3510 2936 3647 3002 Deo,
3680 2934 3870 2989 deinde

2288 3032 2444 3086 nobis
2472 3033 2593 3094 hoc,
2626 3030 2767 3099 quod
2798 3030 3221 3091 commiserunt,
3252 3028 3455 3081 donare
3482 3027 3746 3097 digneris;
3775 3037 3869 3079 nec

2288 3139 2385 3177 nos
2409 3124 2478 3177 de
2506 3137 2693 3178 eorum
2718 3121 3065 3176 damnatione
3090 3118 3405 3182 confundas,
3428 3117 3517 3186 qui
3545 3131 3606 3171 se
3627 3117 3734 3186 jam
3763 3124 3868 3169 tum

2287 3218 2563 3271 absolutos
2587 3230 2727 3282 esse,
2754 3215 2968 3283 quando
2992 3214 3057 3269 ad
3084 3212 3440 3268 humilitatem
3465 3225 3640 3266 meam
3661 3207 3867 3266 deducti

594 3308 756 3363 corde
800 3308 1109 3372 detineam,
1160 3318 1214 3362 et
1264 3309 1432 3362 oculis
1482 3310 1677 3362 mentis
1718 3310 1957 3374 intuear;
2005 3318 2185 3363 tamen
2215 3303 2261 3367 C
2291 3320 2435 3378 sunt,
2463 3311 2823 3366 crediderunt.

595 3391 807 3470 semper
852 3398 1044 3454 affectu
1094 3400 1378 3468 instigante
1430 3402 1759 3468 perquirant.
1803 3401 1937 3467 Quia
1978 3400 2188 3455 scilicet

596 3494 762 3547 breve
799 3491 1010 3545 videtur
1055 3506 1213 3545 omne
1256 3491 1397 3559 quod
1437 3492 1593 3547 dulce
1621 3500 1732 3557 cst;
1766 3492 1836 3546 ita
1866 3492 2185 3563 inexplebile

596 3593 679 3637 est
716 3598 874 3638 omne
897 3625 909 3646 ,
943 3583 1084 3652 quod
1124 3598 1290 3637 carne
1328 3582 1547 3655 [carum]
1589 3593 1690 3639 est.
1722 3584 1787 3639 Et
1830 3584 2185 3654 omnipotenti

596 3674 707 3729 Deo
730 3675 930 3744 gratias
953 3690 1113 3744 super
1145 3684 1251 3729 tam
1284 3676 1583 3729 admirabili
1608 3676 1751 3731 dono
1778 3678 1913 3747 ejus,
1943 3676 2084 3748 quod
2112 3678 2183 3733 ita

593 3767 917 3835 generaliter
958 3768 1131 3822 servis
1175 3769 1286 3823 suis
1330 3768 1567 3823 tribuere
1610 3768 1860 3825 ineffabili
1906 3771 2186 3838 dispensa-

595 3862 742 3912 tione
770 3858 1017 3925 dignatus
1056 3871 1170 3925 est,
1205 3868 1263 3912 ut
1302 3860 1354 3912 hi
1398 3862 1487 3929 qui
1528 3861 1871 3929 disparantur
1918 3877 2181 3933 corpore,

597 3949 789 4001 animis
816 3949 1201 4018 juugerentur;
1234 3965 1407 4019 neque
1438 3960 1584 4005 esset
1612 3952 1808 4021 aliquid
1843 3966 1947 4006 tam
1978 3953 2185 4023 longin-

596 4054 761 4109 quum
792 4038 1007 4093 difficile
1036 4040 1177 4109 quod
1209 4042 1469 4095 mentium
1496 4042 1768 4098 obtutibus
1795 4044 2043 4099 obviarit.
2076 4045 2183 4101 Sed

596 4147 693 4201 per
721 4132 898 4186 cordis
922 4133 1167 4187 intuitum
1197 4134 1270 4188 ibi
1295 4149 1353 4188 se
1381 4136 1605 4189 invicem
1636 4136 1917 4206 diligentes
1946 4140 2184 4196 caritatis

595 4224 1049 4291 contemplatione
1095 4227 1501 4294 conspicerent,
1545 4230 1631 4283 ubi
1674 4231 1870 4285 caritas
1900 4232 2016 4301 ipsa
2053 4246 2183 4287 con-

596 4319 756 4371 sistit.
785 4318 903 4383 Quo
924 4320 981 4371 fit
1008 4327 1066 4372 ut
1098 4320 1365 4374 devinctio
1394 4308 1600 4385 vestra,
1640 4340 1757 4393 qua:
1797 4325 1848 4377 in
1883 4324 2181 4382 visceribus

597 4409 731 4461 meis
756 4408 866 4477 jugi
901 4409 1294 4473 recordatione,
1328 4402 1452 4464 dum
1480 4404 1716 4481 quotidie
1747 4426 2055 4481 renovatur,
2089 4433 2184 4471 au-

594 4509 770 4567 gctur,
802 4506 999 4555 amoris
1028 4504 1187 4556 vestri
1221 4503 1352 4557 mihi
1375 4504 1797 4569 vicissitudinem
1820 4511 2177 4578 repromittat,

593 4596 803 4647 animus
844 4607 999 4647 meus
1031 4594 1162 4649 mihi
1209 4595 1505 4650 animorum
1552 4608 1854 4654 vestrorum
1898 4599 2184 4671 ﬁdejussor
2234 4596 2241 4599 ’

592 4688 841 4752 assistat,
875 4688 999 4742 dum
1033 4698 1236 4745 tantum
1263 4690 1364 4746 sibi
1395 4691 1555 4747 audet
1589 4694 1657 4747 de
1688 4707 1859 4749 vestra
1888 4694 2177 4752 dilectione
2205 4686 2258 4747 D

593 4793 949 4845 prazsumere,
978 4792 1236 4852 quantum
1283 4783 1431 4839 vobis
1466 4786 1798 4855 concupiscit
1844 4780 2171 4858 impendere.

589 4873 826 4926 Salutem
863 4872 1037 4942 itaque
1064 4874 1379 4930 beatitudini
1408 4886 1598 4933 vestrm
1628 4878 1909 4947 plurimam
1940 4881 2090 4946 dico,
2121 4890 2176 4935 et

588 4977 749 5029 rogo,
784 4966 1118 5040 incessanter
1146 4967 1417 5019 communi
1466 4968 1692 5022 Domino
1730 4972 2077 5040 supplicetis,
2120 4980 2180 5025 ut

587 5036 883 5107 secundum
926 5055 1139 5110 divitias
1179 5057 1428 5112 bonitatis
1465 5074 1576 5115 sua:
1617 5070 1776 5131 atque
1806 5066 2048 5129 virtutis,
2088 5065 2176 5119 cui

588 5146 768 5198 omnia
808 5147 1081 5215 possibilia
1114 5151 1455 5215 confitemur,
1481 5164 1535 5206 ut
1565 5154 1608 5207 si
1641 5155 1691 5207 iu
1725 5157 1825 5209 hoc
1849 5158 2043 5212 sreculo
2074 5172 2174 5212 nos

591 5248 809 5303 propter
838 5239 961 5293 vitae
994 5242 1146 5295 istius
1174 5242 1483 5297 turbedines
1508 5259 1569 5298 ac
1604 5228 1885 5315 procellas,
1915 5256 1969 5302 et
1997 5250 2176 5319 regio-

589 5344 714 5380 num
759 5330 1035 5387 intervalla
1067 5336 1264 5403 smpius
1292 5335 1474 5391 videre
1505 5352 1608 5391 non
1641 5354 1953 5406 possumus,
1994 5341 2077 5395 vel
2107 5340 2175 5395 ad

589 5420 733 5473 illam
782 5422 966 5476 urbem
1000 5441 1119 5494 qua:
1148 5428 1444 5484 ardificatur
1478 5440 1537 5485 ut
1573 5432 1763 5487 civitas
1807 5431 1976 5502 (Psat.
2006 5450 2171 5500 cui,

586 5510 664 5576 5),
699 5512 858 5565 faciat
887 5518 1211 5586 convenire,
1243 5521 1308 5575 ad
1337 5536 1497 5591 quam
1527 5538 1626 5578 nos
1668 5524 2031 5581 misericordia
2062 5526 2171 5581 Do-

588 5604 716 5660 mini
751 5609 949 5675 poterit
971 5609 1228 5678 perferre,
1257 5630 1351 5669 vos
1381 5617 1585 5675 merita.

660 5822 686 5850 ε
721 5814 891 5868 Locus
917 5828 1216 5883 corruptus.

658 5883 685 5925 δ
714 5887 785 5943 De
814 5904 877 5945 eo
909 5889 1155 5961 superius
1185 5890 1247 5945 ad
1284 5891 1440 5960 cpist.
1472 5892 1559 5950 19.
1884 5912 1890 5918 ·
2124 5884 2202 5923 νε

2889 3425 3101 3482 EPIST.
3144 3425 3273 3481 ιλιι.

2458 3519 2702 3574 Ruricius
2736 3521 3008 3590 episcopus
3040 3519 3251 3575 Rustico
3272 3516 3299 3557 δ
3327 3518 3435 3589 ﬁlio
3463 3519 3694 3581 salutent.

2364 3636 2534 3690 Extra
2560 3635 2811 3693 allectum
2843 3633 3376 3690 consuetudinarium
3409 3642 3464 3689 et
3491 3633 3770 3703 probatum
3814 3636 3865 3685 et

2295 3726 2681 3781 immanitatem
2726 3726 2883 3782 nobis
2913 3727 3149 3797 dignaris
3177 3726 3510 3795 impendere,
3535 3725 3662 3780 dum
3690 3722 3864 3779 usibus

2288 3821 2397 3874 tuis
2445 3820 2704 3885 detrahis,
2750 3820 2892 3889 quod
2921 3820 3121 3875 nostris
3152 3819 3397 3891 largiaris
3431 3819 3705 3889 expensis.
3738 3817 3861 3883 Quia

2290 3930 2456 3983 puero
2501 3926 2681 3969 vestro
2709 3914 2979 3969 referente
3004 3914 3251 3984 cognovi,
3283 3912 3427 3983 quod
3469 3912 3779 3982 piscationis
3813 3910 3861 3964 in

2288 4007 2497 4061 viscera
2529 4022 2623 4075 pro
2652 4016 2802 4076 parte
2825 4006 3012 4061 Visera
3052 4005 3206 4061 nobis
3229 4006 3471 4074 jusseras
3515 4003 3735 4059 delicias
3772 4001 3861 4056 mi-

2289 4101 2538 4154 nistrare.
2560 4099 2711 4154 Unde
2733 4099 3058 4154 salutatione
3082 4099 3339 4167 depensa,
3362 4096 3562 4167 gratias
3585 4110 3685 4167 ago
3712 4095 3860 4163 pluri-

2287 4206 2425 4257 mas,
2455 4206 2686 4247 exorans
2716 4191 2955 4246 divinam
2994 4189 3418 4246 misericordiam
3450 4198 3507 4243 ut
3534 4204 3630 4258 pro
3669 4187 3859 4263 honore

2286 4302 2446 4355 quem
2477 4286 2632 4340 nobis
2660 4300 2757 4355 pro
2776 4284 2946 4354 ipsius
2976 4284 3169 4341 timore
3191 4283 3516 4353 dependitis,
3549 4293 3607 4337 et
3633 4295 3857 4351 praesen-

2286 4381 2415 4435 tium
2448 4395 2626 4435 rerum
2660 4380 2812 4435 vobis
2843 4378 3087 4436 conferat
3126 4379 3467 4447 felicitatem,
3503 4387 3559 4435 et
3581 4374 3852 4434 beatitudi-

2285 4487 2407 4529 nem
2440 4472 2639 4528 tribuat
2668 4471 2989 4528 luturorum.
3016 4471 3179 4533 Finit.

2881 4585 3098 4641 EPIST.
3143 4583 3254 4640 LIV

2514 4680 2753 4734 Ruricius
2782 4678 3077 4750 Aprunculo
3112 4688 3134 4715 σε
3161 4677 3395 4748 episcopo
3416 4675 3651 4731 salutem.

2355 4796 2507 4849 Sicut
2534 4794 2740 4848 litteras
2766 4791 3065 4847 sanctitatis
3092 4800 3286 4846 vestrae
3316 4805 3410 4860 per
3439 4789 3613 4843 virum
3643 4798 3853 4842 venera-

2286 4887 2448 4942 bilem
2477 4886 2721 4955 Eloginm
2751 4900 2874 4941 cum
2900 4883 3257 4953 gratulatione
3272 4883 3504 4951 suscepi,
3535 4880 3608 4936 ita
3632 4883 3748 4946 has,
3769 4891 3850 4933 eo-

2284 4980 2406 5034 dem
2452 4977 2733 5044 redeunte,
2786 4978 3015 5033 libenter
3069 4976 3243 5032 emisi.
3293 4975 3501 5043 Quibus
3548 4969 3851 5044 apostolatui

2284 5081 2465 5126 vestro
2485 5071 2721 5127 debitum
2750 5070 3069 5139 deponendo
3095 5066 3372 5142 [dependo]
3394 5066 3758 5138 sOSpitationis
3776 5060 3852 5118 of-

2288 5163 2489 5228 ficium,
2515 5164 2781 5233 simulque
2820 5163 3055 5232 deposco
3099 5173 3157 5218 ut
3183 5177 3279 5233 pro
3306 5162 3458 5217 nobis
3492 5176 3649 5216 orare
3676 5159 3851 5228 digne-

2286 5256 2436 5320 mini,
2472 5266 2526 5312 et
2551 5256 2600 5311 id
2624 5272 2651 5310 a
2680 5259 2950 5312 communi
2979 5256 3205 5311 Domino
3225 5255 3549 5325 peculiarius
3573 5253 3848 5323 postulare.

2285 5355 2345 5399 ut
2374 5346 2483 5415 jam
2514 5347 2725 5402 tandem
2758 5348 3049 5418 aliquando
3078 5349 3132 5402 in
3161 5364 3321 5403 unum
3353 5346 3557 5412 venire,
3593 5354 3649 5401 et
3669 5357 3760 5400 nos
3781 5339 3850 5393 vi-

2284 5436 2416 5492 dere
2465 5454 2794 5505 mereamur;
2828 5448 2886 5494 ut
2921 5440 3149 5506 caritas,
3183 5455 3300 5509 qua:
3328 5438 3621 5493 secundum
3648 5440 3849 5490 senten-

2284 5529 2409 5585 tiam
2435 5532 2759 5588 dominicam
2791 5536 2841 5587 itt
2876 5533 3180 5601 pectoribus
3220 5532 3417 5587 nostris
3450 5547 3546 5600 per
3567 5526 3846 5583 absentiam

2280 5625 2421 5695 quod
2465 5625 2607 5696 peris
2652 5637 2732 5683 est
2787 5626 2950 5700 [forte
2997 5629 3133 5698 longi
3184 5623 3471 5697 temporis],
3527 5622 3726 5679 refrixit
3765 5625 3845 5687 per

2410 5831 2484 5885 De
2513 5845 2579 5888 eo
2606 5832 2852 5905 superius
2888 5834 2951 5890 ad
2979 5835 3136 5906 epist.
3162 5834 3251 5891 48.
