4086 6328
312 406 394 458 121

1712 420 2041 479 EPISTOLA
2086 427 2196 486 LX.

3449 448 3547 499 Ii:

299 540 620 606 piceseritiam
656 528 852 598 iterum
898 547 948 599 in
993 534 1205 615 suspitis
1247 552 1513 605 cineribus
1545 544 1855 617 suscitetur,
1888 541 1936 595 Α
1968 555 2139 597 meam
2171 546 2369 614 lngua"
2399 553 2550 620 95139.
2585 569 2680 624 P70
2712 573 2772 613 ea
2795 573 2914 629 quae
2937 561 3074 616 ίηιεΐ
3105 577 3201 617 "05
3231 572 3330 627 θείη
3366 566 3545 633 ιπυιιίο

294 633 491 688 etvivis
518 636 762 703 vocibus,
812 640 961 708 quasi
992 642 1143 695 nobis
1188 642 1396 699 natibus
1427 649 1623 701 veteris
1657 649 1856 703 amoris

293 725 579 782 redivivum
617 742 894 799 reparetur
929 734 1231 790 incendium
1269 756 1280 789 :
1314 739 1453 807 quod
1484 756 1666 795 amore
1696 752 1857 812 atque

293 819 478 872 virtute
519 820 652 890 ignis
698 822 862 887 illius,
911 841 1067 893 quem
1114 828 1367 883 Dominus
1402 830 1542 885 misit
1571 832 1620 885 in
1659 841 1853 887 lerram

288 910 431 978 (Luc.
458 928 545 978 xn,
567 913 679 983 49),
710 927 763 971 et
793 920 971 986 spinas
994 922 1328 991 negligentiae
1356 936 1552 979 nostra:
1574 936 1731 995 atque
1761 927 1853 981 de-

284 1003 376 1056 sidi
398 1023 444 1063 ι’,
467 1005 512 1057 vi
546 1016 750 1062 natura:
782 1011 1013 1078 potentis
1035 1025 1243 1079 exurat,
1272 1017 1514 1071 tenebras
1539 1017 1855 1073 dormientis

281 1095 447 1150 cordis
467 1096 518 1151 ill
528 1098 753 1156 uminet.

877 1197 1088 1253 EPIST.
1137 1199 1245 1254 LV.

492 1281 630 1337 Item
660 1285 764 1338 alia
791 1285 989 1340 Ruricii
1018 1289 1087 1341 ad
1116 1290 1283 1361 ipsum
1313 1293 1619 1361 episcopum.

341 1374 637 1430 Assiduitas
668 1388 691 1415 ι
724 1379 1079 1449 supplicatum
1127 1384 1339 1452 supplet
1387 1386 1436 1437 in
1471 1385 1623 1439 nobis
1666 1387 1850 1453 gratia:

274 1467 557 1520 ceinmunis
606 1467 869 1535 cilicium,
921 1480 976 1524 ut
1024 1471 1123 1527 hoc
1154 1475 1293 1538 quod
1338 1474 1513 1529 facere
1559 1476 1849 1531 debeamus

276 1574 426 1626 super
475 1570 681 1613 mutuae
708 1562 1012 1620 dilectionis
1053 1564 1327 1631 affectum,
1371 1568 1594 1622 facimus
1634 1584 1731 1638 per
1757 1585 1852 1624 ex-

272 1656 425 1705 terna:
458 1654 796 1708 necessitatis
829 1655 1150 1725 imperium;
1191 1659 1316 1713 dum
1349 1660 1535 1715 alienae
1566 1662 1848 1717 tribuimus

268 1745 518 1811 petitioni,
564 1747 710 1816 quod
736 1750 965 1817 propria”:
991 1750 1187 1807 debere
1219 1768 1317 1807 nos
1354 1756 1725 1824 cognoscimus
1751 1771 1844 1810 ca-

271 1835 424 1889 ritati.
461 1836 528 1892 Ut
564 1837 1002 1895 ha'clitterarum
1031 1844 1367 1897 necessitudo
1395 1855 1536 1900 esset
1562 1862 1626 1900 ex
1659 1849 1846 1902 volun-

1967 639 2038 690 tio
2070 640 2200 708 Deo,
2245 648 2491 715 caritate,
2540 654 2845 722 consulere,
2878 667 2933 711 et
2973 658 3125 713 nobis
3173 670 3349 713 utrum
3400 660 3541 729 justa

1962 742 2106 787 esset
2134 744 2305 789 vestra
2338 738 2619 806 districtio,
2653 746 2786 801 meis
2818 748 3155 816 potissimum
3184 753 3421 821 apicibus
3463 755 3545 808 in-

1961 824 2223 893 dicarem;
2253 830 2389 885 sciat
2418 831 2673 890 Dominus
2704 853 2887 899 noster
2911 842 3053 910 quod
3082 859 3181 913 ego
3227 844 3420 899 factum
3450 862 3542 902 vc-

1959 923 2127 970 strum
2158 929 2211 973 et
2239 923 2425 989 probo,
2454 936 2507 978 et
2531 928 2797 991 collaudo,
2830 942 2884 985 et
2911 933 3257 990 vehementer
3280 939 3534 994 admiror.

1958 1007 2088 1074 Quia
2124 1011 2248 1065 dum
2287 1014 2374 1068 uni
2422 1016 2751 1087 indisperato
2783 1038 2877 1091 per
2914 1024 3337 1083 admonitionem
3379 1030 3538 1096 gladii

1956 1101 2195 1167 spiritale
2218 1102 2375 1174 [forte
2396 1109 2664 1181 spiritalis]
2692 1128 2785 1181 pro
2805 1115 3075 1171 reddenda
3097 1120 3267 1173 salute
3284 1121 3537 1177 intulistis

1954 1191 2218 1258 dolerent,
2252 1197 2437 1251 multis
2466 1202 2771 1258 contulistis
2821 1207 3190 1276 languentibus
3227 1213 3532 1268 sanitatem.

1958 1283 2102 1338 Multi
2127 1287 2325 1341 etenim
2360 1289 2411 1343 in
2442 1291 2681 1348 Ecclesia
2713 1297 2803 1365 qui
2828 1300 3006 1354 curari
3047 1314 3318 1370 nequeunt
3345 1307 3530 1373 verho,

1952 1388 2209 1432 sanantur
2237 1382 2506 1449 exemplo.
2539 1383 2814 1454 Superest,
2860 1391 3202 1448 severitatem
3232 1396 3537 1450 misericor-

1952 1465 2037 1521 dia
2072 1482 2450 1538 consequatur,
2485 1484 2543 1529 ιιι
2585 1478 2857 1547 recipiatis
2898 1481 3118 1537 lenitate
3161 1486 3531 1553 patris,quem

1950 1560 2285 1629 corripuistis
2306 1566 2626 1622 auctoritate
2647 1569 2934 1635 pontiﬁcis.
2952 1572 3017 1626 Et
3033 1573 3182 1641 juxta
3202 1574 3347 1629 illurn
3371 1591 3534 1630 evan-

1949 1652 2177 1719 gelicntn
2201 1653 2351 1722 (Luc.
2386 1672 2470 1721 xv,
2494 1656 2605 1725 30),
2643 1658 2958 1717 invocantes
2983 1679 3142 1733 quem
3172 1680 3269 1719 nos
3301 1681 3393 1735 per
3417 1683 3531 1720 ont-

1950 1743 2038 1796 nia
2067 1752 2121 1797 et
2145 1745 2296 1812 sequi
2326 1756 2379 1800 et
2405 1757 2617 1817 oportet
2644 1750 2866 1815 imitari,
2890 1753 2979 1822 qni
3006 1754 3115 1809 lilio
3146 1765 3381 1824 paterna:
3398 1758 3529 1811 sub-

1948 1834 2158 1888 stantiae
2200 1836 2504 1905 decoctori,
2536 1849 2591 1895 et
2636 1843 2838 1897 facinus
2885 1847 3163 1900 confitenti
3206 1864 3309 1900 non
3353 1848 3526 1903 solum

269 1936 366 1982 tate
389 1931 1050 2001 necessitudinisjocunda
1078 1952 1210 1991 nova
1234 1938 1539 1993 calamitate
1561 1940 1829 2011 deploran-

1951 1926 2159 2007 veniam
2188 1928 2481 1984 clementer
2511 1933 2794 2000 impertiit,
2827 1951 3010 1991 verum
3048 1938 3208 1992 etiam
3248 1939 3525 2007 pristinam

266 2019 327 2072 tis
350 2030 578 2075 extorta.
614 2021 817 2077 Tamen
849 2025 971 2093 quia
1000 2035 1344 2095 spontaueant
1372 2031 1636 2086 scribendi
1667 2036 1844 2102 negle-

258 2110 419 2178 gimus
465 2116 727 2180 gratiam,
777 2118 964 2171 saltem
997 2121 1410 2188 praztermittere
1440 2139 1544 2177 non
1584 2124 1842 2181 debemus

259 2202 526 2272 ingestam.
574 2206 815 2275 Ideoque
846 2224 940 2278 per
982 2209 1196 2265 fratrem
1247 2222 1301 2267 et
1347 2216 1839 2286 compresbyterum

259 2306 485 2352 nostrum
517 2298 872 2366 Maxentium,
919 2317 1077 2370 quem
1109 2302 1262 2359 nobis
1304 2303 1468 2359 frater
1499 2304 1526 2343 ιι
1556 2309 1838 2376 episcopus

257 2389 413 2458 ipsius
460 2392 886 2458 commendavit,
924 2395 1067 2461 dedi,
1113 2398 1305 2466 quibus
1352 2400 1700 2468 sospitatione
1738 2402 1835 2457 dc-

260 2496 432 2550 pensa,
456 2484 635 2553 ipsum
667 2488 985 2554 apostolatui
1012 2498 1208 2555 vestro,
1246 2491 1537 2546 secundum
1569 2495 1706 2562 quod
1744 2511 1836 2564 po-

256 2574 483 2641 stulavit,
515 2578 765 2643 insinuo;
795 2581 920 2649 quia
946 2579 1054 2635 illic
1087 2594 1244 2638 notos
1265 2594 1316 2638 et
1338 2586 1538 2640 amicos
1564 2587 1761 2642 habere
1775 2603 1835 2643 se

255 2663 398 2735 dicit,
430 2669 520 2738 qui
544 2684 669 2722 eum
701 2671 1012 2726 beatitudini
1047 2685 1237 2728 vestra:
1269 2676 1473 2745 poSsiut
1502 2678 1554 2732 in
1586 2683 1833 2746 praesenti

255 2759 455 2826 plenius
498 2762 778 2829 intimare,
830 2782 1055 2835 quorum
1105 2769 1408 2824 testimonio
1437 2773 1604 2841 p055“
1642 2775 1830 2844 credi,

254 2853 385 2920 quod
416 2856 707 2911 assertioni
738 2858 906 2927 ipsius
940 2860 1168 2916 fortasse
1190 2877 1293 2918 non
1322 2866 1574 2921 creditur.

838 2949 1055 3006 EI’iST.
1103 2952 1234 3009 LVI.

814 3043 945 3098 Item
973 3048 1038 3098 ad
1069 3047 1256 3116 ipsum.

312 3132 435 3188 Filii
465 3135 637 3189 nostri
667 3134 919 3192 Otnacius
962 3147 1019 3191 et
1058 3138 1352 3208 Eparchius
1384 3143 1449 3198 ad
1496 3159 1582 3199 me
1627 3144 1828 3199 litteras

248 3224 426 3292 plenas
458 3227 712 3296 lacrimis
751 3237 804 3283 et
827 3228 1195 3298 deploratione
1220 3235 1498 3299 miserunt,
1523 3238 1827 3307 specialiter

1947 2019 2170 2085 gratiam
2203 2020 2435 2077 libenter
2462 2024 2708 2089 indulsit;
2733 2036 2787 2080 et
2817 2042 2914 2082 nos
2945 2028 3325 2085 condoleatnus
3352 2031 3524 2100 lapso,

1944 2110 2331 2166 subveniamus
2349 2115 2552 2181 attrito,
2570 2118 2957 2185 amplectamur
2974 2134 3268 2187 reversum,
3283 2122 3527 2179 laetemur

1945 2202 2239 2257 inventum.
2281 2204 2431 2272 Quod
2471 2217 2526 2261 et
2555 2209 2912 2276 apostolatum
2954 2219 3190 2266 vestrum
3244 2220 3523 2282 prepterea

1942 2293 2134 2349 fecisse
2163 2307 2343 2352 certus
2387 2313 2527 2361 sum,
2574 2309 2633 2353 ut
2659 2300 2929 2369 paululum
2963 2303 3320 2357 inlirntantem
3357 2304 3521 2359 lilium

1939 2388 2297 2445 exclutlcretis
2329 2407 2355 2444 a
2390 2401 2579 2458 matre,
2611 2402 2668 2447 ut
2713 2409 2832 2448 eum
2872 2395 2971 2463 ipsi
3001 2407 3118 2466 post
3144 2398 3409 2452 modicum
3438 2414 3524 2454 re-

1937 2484 2232 2536 stitueretis
2297 2484 2656 2549 incolumem;
2723 2496 2779 2541 et
2831 2502 2952 2542 eum
3009 2490 3401 2544 contristaretis
3453 2491 3519 2546 ad

1940 2584 2169 2643 tempus,
2198 2576 2265 2629 de
2293 2592 2400 2645 quo
2422 2576 2654 2646 gaudere
2673 2578 3056 2647 concupiscitis
3084 2580 3135 2634 in
3166 2588 3423 2636 aeternum

1950 2664 1951 2669 “
2497 2668 2710 2725 EPIST.
2775 2669 2951 2725 LVIII.

2154 2761 2393 2815 Ruricius
2424 2763 2688 2830 episcopus
2716 2763 2826 2830 ﬁlio
2850 2764 3036 2818 Severo
3064 2764 3299 2820 salutem.

2006 2851 2388 2923 Negligentiani
2416 2863 2652 2908 nostram
2678 2864 2835 2923 atque
2865 2856 3127 2925 pigritiam
3151 2859 3276 2912 dum
3306 2872 3402 2914 vos
3423 2874 3516 2915 er-

1934 2948 2154 3013 cusatis,
2188 2946 2443 3016 arguitis,
2494 2957 2549 3002 et
2594 2962 2692 3001 nos
2716 2948 2992 3004 beneﬁciis
3018 2959 3071 3003 et
3099 2950 3291 3004 officiis
3322 2952 3515 3007 vestris

1933 3039 2273 3106 agnoscimus
2303 3039 2595 3094 debitores.
2630 3040 2737 3096 Sed
2777 3043 2889 3095 scio
2912 3042 3010 3096 hoc
3057 3043 3274 3098 sincero
3309 3058 3512 3109 amore,

1913 3146 2038 3199 ⁸(ιιιο
2063 3146 2159 3185 nos
2183 3131 2424 3201 diligitis,
2469 3132 2645 3187 facere
2675 3142 2837 3202 atque
2865 3134 3137 3201 perfecto;
3170 3134 3291 3203 quia
3327 3150 3512 3205 parum

1931 3235 2016 3281 est
2044 3225 2254 3280 caritati
2283 3235 2496 3289 vestrm,
2528 3227 2668 3296 quod
2700 3227 2853 3282 nobis
2886 3226 3148 3287 tribuitis.
3191 3229 3314 3282 dum
3370 3237 3510 3284 totos

246 3289 592 3386 deprecantes
623 3328 681 3373 ut
723 3322 860 3389 apud
893 3324 1230 3380 sanctitatem
1277 3335 1509 3383 vestram
1542 3289 1636 3397 pro
1674 3331 1825 3400 igtto—
1852 3289 1900 3355 C
1932 3334 2026 3374 V03
2058 3319 2213 3374 ηοῧῖε
2241 3328 2296 3374 εί
2323 3319 2559 3389 tiu"lidie
2582 3319 2891 3387 impendere
2922 3318 3259 3373 ἀεθίάθτθίίεο
3283 3319 3386 3373 sed
3415 3334 3512 3372 ¹¹⁰⁶

244 3408 429 3463 ηιιιιὶιιε
455 3408 623 3477 ipsius
656 3410 748 3463 filii
780 3413 945 3466 nostri
972 3412 1221 3482 Eparchii
1264 3417 1587 3473 intercessor
1629 3421 1825 3476 existe-

243 3513 390 3563 rent;
438 3501 771 3556 conlidentes
795 3503 935 3572 quod
962 3520 1055 3572 pro
1084 3520 1266 3562 amore
1303 3522 1488 3564 mutuo
1516 3512 1645 3565 nihil
1671 3512 1823 3567 nobis

240 3606 437 3660 negare
487 3590 778 3647 deberetis.
849 3594 1099 3663 Idemque
1148 3598 1517 3668 presbyterum
1579 3612 1821 3655 nostrum

242 3682 592 3736 l-Zusebiolnm
614 3683 676 3736 ad
701 3683 953 3752 pietatem
976 3697 1203 3741 vestram
1238 3689 1290 3743 in
1322 3690 1419 3744 hac
1450 3706 1607 3745 causa
1630 3692 1821 3748 direxi.

235 3774 340 3829 Per
370 3790 527 3842 quem
560 3775 731 3831 saluto
754 3777 1060 3845 plurimum,
1092 3789 1145 3835 et
1174 3795 1305 3850 rogo
1336 3791 1393 3836 ut
1415 3783 1658 3852 praefato,
1684 3786 1827 3841 sicut

237 3869 431 3928 decet.
485 3865 813 3923 sufficienter
850 3868 1159 3935 admonito,
1213 3871 1601 3944 indulgentiam
1652 3877 1823 3931 errori

239 3960 381 4015 illius
411 3960 542 4015 dare
567 3976 661 4029 pro
684 3971 863 4016 nostra
897 3973 919 4001 ο
951 3965 1343 4032 supplicatione
1372 3968 1595 4024 minime
1619 3969 1817 4037 iniqua.

239 4053 385 4108 Sicut
434 4053 486 4107 in
530 4054 844 4109 defensione
886 4058 1085 4124 peccati
1126 4058 1288 4113 stulte
1335 4071 1493 4131 atque
1533 4062 1823 4117 infideliter

239 4145 541 4214 perduranti
558 4147 732 4215 culpa,
754 4148 928 4204 donec
950 4162 1423 4219 agnoscatreatutn
1439 4151 1465 4191 ἀ
1482 4155 1633 4225 (ιιοιι)
1662 4156 1822 4212 debet

240 4240 488 4301 relaxari.
523 4241 594 4294 ita
626 4241 827 4310 agnitio
867 4245 1071 4311 peccati
1120 4245 1279 4301 debet
1322 4248 1567 4303 conferre
1608 4250 1819 4305 veniam

239 4334 534 4388 confitenti.
556 4334 870 4405 Remedium
900 4346 985 4391 est
1004 4338 1145 4393 enim
1179 4340 1303 4395 mali
1324 4341 1592 4397 confessio
1614 4357 1719 4398 non
1742 4345 1819 4399 si-

242 4426 437 4479 mulata
462 4425 678 4491 delicti;
705 4441 805 4481 nec
834 4428 1021 4483 ultioni
1049 4430 1273 4499 publica:
1301 4433 1621 4503 relinquitur
1646 4434 1817 4503 locus,

240 4517 324 4571 ubi
353 4534 480 4575 reus
502 4520 831 4574 conscientia
865 4532 1147 4591 torquente
1180 4526 1418 4593 punitur.

811 4615 1025 4670 EPIST.
1068 4615 1224 4672 LVII.

621 4702 752 4758 Itcut
781 4704 885 4758 alia
915 4704 1113 4760 lluricii
1144 4710 1209 4760 ad
1239 4710 1423 4781 ipsum.

302 4800 440 4853 Ante
471 4798 611 4853 diem
636 4813 795 4868 quam
821 4799 1028 4854 litteras
1052 4809 1244 4856 vestra:
1273 4802 1572 4859 sanctitatis
1592 4818 1814 4874 accepe-

236 4890 355 4958 rim,
384 4889 882 4960 compresbyterum
907 4904 1106 4956 meum,
1126 4892 1262 4945 sicut
1285 4892 1401 4961 ipso
1429 4892 1698 4949 referente
1719 4911 1815 4963 po-

238 4984 402 5037 teritis
424 4998 735 5053 agnoscere,
768 4983 831 5036 .id
854 4983 1261 5051 germanitatem
1292 4994 1521 5039 vestram
1551 4985 1603 5039 in
1626 4986 1811 5041 eadem

236 5091 330 5141 qua
364 5075 493 5129 mihi
528 5075 819 5145 scripsistis
856 5088 1017 5129 causa
1046 5075 1374 5149 direxeratn.
1416 5075 1486 5131 Et
1527 5079 1651 5148 quia
1683 5078 1815 5135 mihi

238 5183 337 5220 non
369 5169 543 5220 solum
589 5167 703 5235 ipse
752 5167 890 5220 filius
936 5174 1120 5220 noster
1157 5166 1470 5236 Epzirchius,
1519 5169 1614 5225 sed
1644 5171 1809 5227 etiam

240 5261 397 5313 frater
411 5275 540 5313 suns
561 5258 804 5313 flebiliter
835 5273 928 5327 per
949 5259 1153 5313 litteras
1182 5259 1568 5335 supplicarunt,
1588 5273 1807 5331 aposto-

230 5350 356 5406 lanii
408 5352 569 5405 vestri
603 5357 848 5419 precator
876 5352 1207 5405 accederem.
1251 5351 1352 5418 Qui
1380 5361 1439 5407 et
1467 5353 1808 5411 confessione

239 5444 400 5512 culpae
426 5488 441 5511 ,
483 5452 538 5497 et
578 5443 959 5511 deprecatione
1002 5443 1204 5506 venite,
1249 5454 1302 5498 et
1328 5430 1815 5513 consanguinitatis

240 5535 421 5590 alii-ein
450 5536 780 5603 compulsus,
830 5532 1043 5587 indulsi.
1073 5534 1206 5600 Quia
1236 5549 1330 5588 vos
1361 5535 1489 5589 mihi
1524 5551 1684 5605 super
1706 5538 1805 5593 hac

241 5643 294 5682 t'c
317 5629 605 5697 scripturos
634 5641 753 5682 esse
783 5642 887 5679 tton
916 5624 1139 5680 credidi.
1173 5624 1276 5679 Sed
1299 5626 1419 5693 quia
1449 5625 1804 5685 humilitatem

309 5774 331 5800 ⁸
359 5765 514 5820 Forte
535 5763 910 5835 supplicatuum
935 5763 1016 5818 vel
1042 5761 1461 5832 supplicantium.

305 5836 330 5873 ι’
365 5840 453 5889 .\ls.
469 5877 484 5901 ,
500 5835 741 5901 episcopi.

356 5908 449 5967 Iis.
506 5906 923 5981 supplicationem
949 5906 1161 5981 iniquia.

1930 3413 2013 3468 bis
2060 3412 2191 3467 satis
2239 3428 2505 3482 superque
2550 3412 2820 3467 sufficeret
2870 3411 3264 3475 benevolentia,
3297 3420 3321 3449 ο
3349 3427 3507 3482 quam

1930 3506 2158 3573 prompti
2204 3504 2366 3558 animi
2409 3513 2461 3559 et
2488 3504 2773 3558 assiduitas
2817 3503 3033 3559 deesset
3062 3501 3323 3572 obsequii.
3361 3502 3511 3559 Unde

1927 3596 2244 3650 salutatione
2265 3594 2522 3663 depensa,
2546 3594 2744 3662 gratias
2765 3610 2865 3663 ago
2886 3594 3176 3649 uberrima:
3205 3594 3387 3661 pietati
3416 3608 3511 3648 ve-

1928 3682 2231 3750 strae,quod
2263 3697 2387 3749 erga
2411 3697 2497 3736 me
2538 3684 2691 3737 home
2723 3684 2996 3737 meruerim
3024 3685 3190 3751 patris
3217 3685 3377 3739 vestri
3401 3697 3507 3740 non

1927 3773 2100 3830 solum
2127 3773 2390 3840 retinetis,
2417 3775 2507 3828 sed
2537 3775 2699 3828 etiam
2732 3776 2936 3829 vicistis
2959 3774 3226 3828 affectum.

2519 3864 2730 3921 EPIST.
2775 3864 2909 3920 LIX.

2084 3959 2324 4015 Ruricius
2351 3963 2613 4030 episcOpus
2638 3962 2746 4031 ﬁlio
2770 3961 3078 4017 Stltoracltio
3107 3964 3347 4017 salutem.

1997 4055 2111 4122 Ago
2148 4063 2309 4122 atque
2363 4054 2533 4108 habeo
2585 4053 2775 4109 uberes
2815 4057 3014 4125 gratias
3065 4055 3247 4125 pietati
3279 4065 3503 4121 vestrm,

1923 4145 2067 4215 quod
2108 4161 2206 4200 nos
2239 4145 2615 4215 negligentiam
2658 4147 2977 4202 famulorum
3019 4158 3322 4202 nostrorum
3367 4149 3504 4201 scire

1923 4237 2145 4303 fecistis,
2174 4237 2302 4291 dum
2347 4237 2747 4293 subvectionem
2795 4254 3106 4307 congruam,
3137 4254 3297 4308 quam
3350 4235 3504 4291 nobis

1921 4328 2145 4383 callidus
2177 4330 2521 4383 subtraxerat
2547 4329 2814 4393 inimicus,
2843 4329 3105 4399 benignus
3131 4327 3504 4383 ευιιιηὶιιίδιτιι-

1921 4421 1999 4475 vit
2041 4421 2283 4476 allectus.
2330 4422 2497 4487 Quem
2553 4421 2754 4476 idcirco
2804 4421 2958 4475 uoltis
3009 4422 3259 4475 Dominus
3296 4420 3397 4473 hoc
3436 4418 3500 4473 ad

1923 4521 2135 4582 tempus
2184 4513 2427 4579 permisit
2469 4512 2689 4578 inferre,
2734 4523 2789 4565 ut
2826 4521 2879 4567 et
2919 4522 3152 4566 nostram
3195 4511 3502 4579 patientiam

1923 4623 2018 4678 per
2042 4608 2315 4677 injuriatn,
2339 4618 2391 4661 et
2418 4615 2653 4662 vestram
2676 4622 2800 4676 erga
2827 4621 2923 4661 nos
2942 4607 3222 4660 caritatem
3242 4618 3335 4671 per
3358 4618 3503 4656 com-

1920 4701 2229 4770 patientiam
2262 4698 2658 4767 comprobaret,
2689 4714 2750 4752 ac
2781 4698 2898 4751 sine
2924 4696 3087 4751 dubio
3112 4694 3376 4749 facultatis
3408 4708 3498 4747 no-

1918 4805 2045 4849 stne
2076 4794 2227 4850 vobis
2257 4794 2460 4848 lucrum
2486 4791 2663 4860 operis
2703 4805 2801 4860 per
2831 4789 3146 4845 beneficium
3196 4785 3498 4842 dilectionis

1917 4888 2152 4943 afferret.

2520 4975 2732 5032 EPIST.
2777 4974 2887 5031 LX.

2202 5068 2442 5122 Ruricius
2470 5070 2734 5139 episcOpus
2767 5068 2875 5136 ﬁlio
2906 5064 3211 5119 Vittameno.

1987 5162 2295 5220 Familiares
2319 5178 2414 5217 nos
2430 5160 2582 5216 vobis
2605 5161 2730 5216 facit
2751 5171 2927 5217 vestra
2947 5158 3202 5228 dignatio,
3222 5156 3345 5211 dum
3368 5162 3471 5211 hoc

1917 5258 2057 5329 quod
2087 5274 2116 5312 a
2150 5256 2304 5311 nobis
2335 5255 2564 5310 libenter
2592 5254 2834 5318 offertur,
2862 5269 2889 5305 a
2922 5252 3075 5306 vobis
3101 5259 3368 5321 ειηιαηιει·
3392 5264 3493 5313 ac-

1915 5352 2131 5419 cipitur.
2157 5348 2433 5417 Siquidem
2481 5345 2610 5400 illud
2644 5359 2837 5399 munus
2867 5344 3196 5413 acceptabile
3240 5352 3493 5412 pronamr

1912 5454 1967 5497 et
1988 5443 2165 5504 dulce,
2197 5438 2465 5510 quodnon
2489 5436 2797 5505 magnitudo
2820 5434 3195 5496 insinuaverit,
3228 5432 3320 5486 sed
3348 5445 3495 5485 com-

1915 5533 2182 5588 tuendarit
2203 5530 2432 5584 affectio.
2464 5530 2594 5592 Qua:
2619 5543 2705 5581 res
2728 5527 2871 5592 facit,
2903 5537 2957 5581 nt
2984 5527 3047 5580 ad
3084 5523 3490 5595 persolvendnm

1918 5626 2072 5683 vobis
2103 5632 2413 5694 spontaneae
2434 5619 2736 5674 devotionis
2766 5618 3102 5689 obsequium,
3130 5618 3289 5672 etiam
3321 5614 3371 5670 id
3392 5615 3490 5668 Ita-

1928 5752 1933 5757 .
1988 5759 2015 5799 ἀ
2039 5760 2163 5815 Ηίιεε
2188 5775 2290 5813 vox
2314 5759 2465 5812 abest
2492 5759 2542 5813 in
2571 5773 2672 5815 ms.

1987 5841 2010 5868 ⁸
2044 5831 2276 5902 Prompti
2297 5829 2477 5899 animi,
2506 5844 2799 5899 quanquam
2822 5845 2850 5881 ιι
2882 5828 3119 5893 siduitas,
3154 5837 3257 5883 etc.
