4086 6328
586 294 689 349 123

1177 295 1601 356 RURICIORUM
1643 300 2119 365 EPISCOPORUM
2161 310 2288 366 CIV.
2336 309 2771 366 LEMOV'CINIE
2817 309 3253 371 EPITAPHIUM.

3738 324 3827 380 124

584 405 804 461 beamus
830 406 880 459 in
904 416 1059 473 votis,
1088 410 1227 479 quod
1251 427 1355 465 non
1380 411 1635 479 habemus
1662 417 1713 471 in
1740 420 1900 475 verba
1923 420 2153 496 [verbis].
2186 427 2236 486 Α
2263 425 2495 494 pectoris
2512 426 2637 493 mei,
2657 426 2709 480 in
2728 442 2832 496 quo
2858 428 3106 484 affectum
3130 432 3290 485 vestri
3318 432 3572 488 aviditate
3601 440 3820 507 suscepi,

582 498 763 568 Itaque
786 499 1104 569 salutatione
1134 502 1387 573 depensa,
1416 507 1539 577 quia
1582 520 1796 569 centum
1832 529 1957 585 pera
2000 514 2155 589 [pira]

580 590 893 657 sublimitati
929 602 1141 667 vestrae,
1173 596 1274 665 alia
1302 608 1517 665 centum
1544 600 1669 659 ﬁlia:
1706 620 1842 662 meae
1884 606 2157 669 destinare

582 685 915 756 praesumpsi.
945 686 1075 755 Quae
1099 687 1147 744 si
1170 690 1396 759 fortasse
1419 693 1790 769 displicuerint
1823 702 2034 770 saporis
2060 712 2157 773 gu-

580 785 687 845 stu,
715 778 1019 857 placebunt,
1050 789 1108 855 ut
1131 783 1471 861 conﬁdimus,
1497 791 1909 859 transmittean
1935 795 2151 859 affectu.

1172 897 1383 955 EPIST.
1420 900 1556 957 LXI.

828 985 1070 1042 Ruricius
1110 989 1377 1061 episcopus
1408 995 1557 1063 fratri
1583 1004 1611 1033 ι
1640 995 1905 1067 Namacio,

646 1075 833 1135 Saluto
861 1078 1171 1149 plurimum,
1209 1092 1265 1139 et
1285 1099 1444 1155 spero
1467 1097 1524 1143 ut
1550 1090 1595 1144 si
1637 1094 1872 1148 secundo
1915 1098 2153 1155 crastino

575 1183 682 1224 non
713 1170 970 1238 potueris,
996 1172 1079 1228 vel
1108 1175 1261 1233 tertia
1293 1175 1426 1233 feria
1452 1179 1518 1234 ad
1553 1196 1649 1235 nos
1681 1184 1862 1240 venire
1892 1186 2147 1257 digneris.

542 1318 546 1323 η
574 1258 709 1327 Quia
729 1260 997 1319 desiderio
1027 1271 1131 1320 tua:
1157 1267 1397 1324 caritatis
1446 1273 1677 1341 accensi,
1719 1285 1771 1331 et
1799 1292 1896 1332 nos
1919 1278 2149 1335 dicimus

573 1343 695 1403 eum
721 1351 1009 1420 propheta:
1037 1354 1223 1410 Anima
1242 1374 1353 1415 mea
1394 1361 1523 1417 sicut
1559 1372 1697 1419 terra
1725 1368 1835 1422 sine
1863 1386 2000 1440 aqua
2033 1372 2142 1427 tibi.

574 1440 774 1512 Deiecit
806 1446 1017 1515 spiritus
1045 1463 1205 1504 meus.
1252 1451 1336 1528 Ne
1358 1463 1555 1509 avertas
1585 1460 1768 1526 faciem
1815 1463 2143 1534 tuam(Psal.

572 1550 735 1599 cun,
755 1535 809 1604 6,
834 1536 911 1607 7).
936 1538 1013 1594 Ne
1038 1543 1269 1598 moreris
1285 1544 1591 1614 adventum,
1612 1559 1668 1604 ut
1693 1554 1925 1621 pectoris
1951 1559 2142 1627 nostri,

570 1629 710 1698 quod
747 1631 893 1699 parvi
932 1636 1188 1705 temporis
1208 1637 1401 1693 solatio
1446 1643 1762 1714 suscitastis,
1792 1650 2146 1720 exstinguatis

571 1722 893 1779 incendium.
922 1725 1084 1783 Finit.

562 2176 697 2256 quos
718 2166 908 2233 nostis,
943 2168 1052 2225 Deo
1081 2174 1331 2243 propitio,
1367 2193 1463 2246 pro
1501 2182 1858 2249 amicitiarum
1890 2188 2011 2256 jure
2031 2193 2136 2244 sol-

561 2254 762 2325 licitos,
796 2259 968 2316 facitis
988 2260 1282 2321 litterarum
1309 2269 1595 2327 sedulitate
1611 2289 1851 2332 securos.
1880 2254 2031 2335 Unde
2052 2282 2136 2337 his

561 2347 894 2416 reciprocum
923 2351 1089 2409 reddo
1117 2355 1384 2425 nobilitati
1423 2374 1613 2423 vestra:
1638 2366 1979 2425 salutationis
2016 2371 2136 2428 olli-

561 2438 727 2503 cium,
750 2449 806 2499 et
831 2456 917 2501 tne
944 2442 1037 2501 has
1065 2444 1135 2500 de
1167 2447 1465 2507 Decaniaco
1505 2454 1570 2508 ad
1599 2472 1694 2515 vos
1719 2458 1932 2517 dedisse
1969 2463 2133 2535 signi-

563 2530 684 2595 ﬁco,
710 2546 991 2603 meamque
1012 2536 1162 2595 vobis
1184 2539 1370 2598 favore
1397 2544 1718 2615 divinitatis,
1741 2567 1898 2621 quam
1925 2554 1953 2593 δ
1983 2530 2135 2615 vobis

559 2620 776 2689 placere
801 2624 1032 2692 conﬁdo,
1064 2628 1302 2691 indicans
1343 2636 1674 2706 sospitatem.
1710 2620 1988 2700 Prmstabit
2029 2648 2131 2702 Do-

558 2712 734 2766 minus
763 2723 820 2769 ut
843 2715 1002 2774 citius
1032 2717 1155 2781 hinc
1194 2737 1468 2792 regressus
1495 2730 1684 2787 vestris
1724 2747 1934 2790 merear
1974 2736 2128 2792 obtu-

554 2802 696 2859 tibus
717 2810 1050 2873 praesentari.
1078 2809 1145 2873 Ut
1175 2812 1325 2889 cujus
1363 2817 1691 2889 benignitate
1718 2834 1895 2885 vestra
1941 2826 2128 2885 incita-

551 2893 651 2949 stis
678 2895 965 2966 desideria,
994 2901 1201 2961 visione
1228 2906 1529 2964 sollicitatis
1550 2911 1821 2977 affectum.

1117 2996 1332 3054 EPIST.
1374 3000 1552 3061 LXII].

762 3077 1003 3137 Ruricius
1027 3086 1292 3158 episcopus
1311 3090 1462 3159 fratri
1476 3094 1627 3149 Claro
1654 3098 1908 3166 episcOpo.

2168 1824 2218 1885 B

2266 518 2472 587 paginae
2511 518 2867 581 collocatione
2898 524 3235 589 tran~mitto;
3266 524 3532 596 simulque
3575 528 3823 598 deprecor

2262 599 2319 669 ut
2347 616 2618 671 communi
2664 616 2888 673 Domino
2928 620 3242 689 supplicetis
3273 630 3330 676 ut
3355 622 3513 678 citius
3552 639 3650 679 nos
3680 623 3825 683 faciat

2260 707 2489 765 fructum
2531 708 2598 773 de
2645 718 2827 765 nostra
2849 725 3045 782 capere
3081 713 3396 783 pratsentia;
3448 730 3689 786 quosque
3727 733 3824 774 sua:

2256 800 2623 867 inSpirationis
2653 801 2905 857 instinctu
2926 806 3239 873 connexuit,
3271 806 3513 862 vultuum
3538 808 3700 865 etiam
3722 826 3826 866 mu-

2262 900 2347 945 tua
2381 891 2584 947 visione
2610 893 2925 964 conjungat;
2968 905 3026 950 ut
3056 896 3379 973 desiderium
3425 898 3477 956 in
3510 900 3663 957 nobis
3696 905 3824 974 quod

2255 984 2500 1041 accendit
2524 986 2732 1051 affatus,
2748 988 3038 1060 restinguat
3061 990 3297 1046 obtutus.
3323 993 3395 1057 De
3424 994 3688 1050 columnis
3711 1012 3823 1052 vero

2252 1078 2453 1146 gratias
2483 1094 2608 1147 ago;
2637 1090 2722 1144 et,
2769 1080 2907 1136 sicut
2948 1082 3222 1150 jussistis,
3264 1086 3387 1156 quia
3426 1088 3587 1159 modo
3622 1099 3823 1163 propter

2255 1168 2621 1225 imminentem
2645 1171 2891 1243 hyemem
2914 1173 3160 1233 vehicula
3199 1175 3293 1233 illo
3316 1177 3549 1247 dirigere
3580 1195 3686 1234 non
3710 1196 3821 1250 pos-
3870 1198 3887 1250 έν

2256 1277 2398 1327 sttm,
2426 1274 2549 1331 post
2578 1274 2818 1325 sanctum
2847 1266 3068 1333 Pascha,
3097 1268 3328 1337 prepitia
3347 1270 3635 1339 Divinitate
3664 1281 3823 1327 trans-
3866 1266 3879 1337 ἶ

2252 1356 2476 1410 mittam.
2525 1357 2596 1412 De
2638 1358 2931 1417 minoribus
2965 1375 3092 1414 vero
3132 1363 3271 1417 sicut
3311 1363 3475 1418 verbo
3505 1364 3821 1430 mandastis,

2251 1444 2296 1499 si
2328 1446 2548 1501 inveniri
2580 1459 2833 1521 possunt,
2863 1450 2996 1505 mihi
3023 1452 3105 1507 vel
3133 1452 3318 1508 decem
3350 1457 3685 1510 necessarias
3714 1471 3821 1511 esse

2252 1538 2513 1607 signiﬁco.
2542 1540 2646 1596 Sed
2681 1545 2723 1597 si
2772 1543 3030 1600 Dominus
3054 1560 3310 1617 prospera
3336 1547 3585 1605 universa
3615 1564 3821 1606 conces-

2249 1633 2409 1699 serit,
2438 1642 2721 1706 antequam
2766 1637 3009 1693 vehicula
3048 1639 3273 1711 dirigam
3310 1641 3376 1697 ad
3422 1658 3519 1698 vos
3563 1644 3822 1701 hominem

2247 1722 2549 1787 destinabo.

2814 1820 3028 1877 EPIST.
3068 1822 3251 1882 LXIV.

2354 1908 2589 1971 Ruricius
2619 1910 2883 1984 cpiscOpu‘s
2914 1916 3063 1982 fratri
3096 1914 3379 1970 Volusiano
3413 1926 3436 1954 ο
3460 1918 3723 1986 episcopo.

2314 2002 2388 2057 lta
2416 2004 2556 2073 quod
2586 2004 2737 2074 pejus
2765 2014 2871 2071 est,
2893 2008 3175 2075 caritatem
3206 2010 3501 2085 antiquam,
3530 2019 3584 2066 et
3614 2010 3819 2079 insitam

2243 2092 2427 2157 nobis,
2459 2095 2649 2164 partim
2674 2095 2951 2173 (quoniam,
2979 2098 3338 2165 conﬁtendum
3368 2100 3474 2172 est)
3502 2102 3817 2173 negligentia

2244 2195 2443 2254 nostra,
2474 2188 2665 2259 partim
2691 2190 3021 2251 necessitate
3050 2195 3326 2263 temporis,
3357 2195 3549 2267 partim
3582 2197 3819 2267 corporis

2243 2278 2547 2341 inﬁrmitate
2576 2280 2825 2350 faciente,
2857 2283 3011 2359 longa
3044 2286 3243 2341 delebit
3272 2287 3494 2354 oblivio,
3529 2299 3584 2343 ut
3617 2289 3818 2361 penitus

2238 2360 2582 2439 immemores
2614 2373 2783 2429 nostri
2805 2372 2932 2433 facti
2968 2390 3073 2432 non
3102 2376 3275 2432 solum
3300 2392 3393 2433 vos
3423 2378 3582 2449 nullis
3611 2360 3818 2445 ofﬁciis,

2236 2461 2330 2529 sed
2356 2477 2453 2517 nec
2487 2462 2679 2523 litteris
2708 2466 3063 2536 requiramus.
3101 2468 3263 2522 Miror
3302 2468 3638 2537 nobilitatem
3683 2480 3818 2535 tuam

2235 2555 2385 2624 quasi
2428 2555 2595 2611 ﬁlium
2629 2556 2694 2613 ad
2738 2572 2824 2623 me
2852 2558 3060 2614 litteras
3082 2559 3355 2615 destinare
3376 2601 3389 2624 ,
3411 2576 3533 2615 cum
3566 2563 3685 2616 sine
3719 2562 3818 2619 ullo

2236 2658 2483 2723 respectu
2530 2648 2803 2723 religionis
2845 2660 2937 2709 aut
2993 2651 3405 2727 propinquitatis
3466 2652 3560 2707 tibi
3612 2652 3817 2722 injuria:

2233 2748 2433 2802 nostra:
2462 2740 2539 2807 sic
2568 2743 2832 2812 placeant,
2862 2751 2919 2798 ut
2944 2757 3035 2800 eas
3061 2744 3333 2800 vindicare
3359 2761 3463 2800 non
3493 2746 3646 2800 velis.
3673 2745 3817 2803 Unde

2232 2830 2332 2884 nisi
2364 2831 2821 2888 existimationem
2868 2849 3111 2905 personas
3142 2850 3304 2902 mete,
3338 2844 3428 2889 aut
3477 2835 3642 2890 ofﬁcii
3669 2835 3813 2907 cogi-

2231 2929 2450 2987 tassem,
2484 2924 2797 2991 portitorem
2851 2924 3150 2995 litterarum
3196 2934 3403 2993 tuarum
3455 2926 3613 2980 talem
3666 2927 3731 2981 ad
3766 2940 3813 2981 te

2230 3013 2505 3084 miseram,
2535 3016 2721 3084 quales
2754 3016 2997 3087 homines
3024 3032 3174 3072 meos
3206 3034 3307 3073 non
3333 3027 3580 3073 matrona
3613 3028 3809 3083 vestra,

2227 3107 2319 3179 sed
2362 3107 2576 3183 domina
2617 3121 2811 3178 procax
2858 3119 2911 3164 ct
2951 3110 3208 3165 ell'renata
3261 3112 3482 3166 nimium
3532 3111 3806 3185 perduxit;

616 3169 949 3247 Apostolatui
979 3186 1157 3243 vestro
1189 3195 1284 3249 pro
1306 3198 1367 3238 ea
1391 3199 1550 3253 quam
1583 3188 1711 3255 mihi
1731 3206 1836 3245 non
1872 3208 1965 3263 pro
1985 3197 2120 3261 meis
2140 3186 2193 3281 lc
2225 3169 2582 3265 cujus'mores
2619 3169 2664 3253 si
2706 3207 2758 3254 tu
2798 3209 2946 3255 tanto
2976 3208 3215 3271 tempore
3253 3217 3374 3256 cum
3404 3201 3558 3255 fama:
3591 3210 3699 3254 tum
3725 3184 3806 3255 di-

544 3261 784 3328 meritis,
824 3264 917 3319 sed
966 3280 1063 3336 pro
1090 3268 1461 3333 benevolentia
1491 3275 1789 3335 animorum
1819 3261 2116 3345 vestrorum
2148 3261 2193 3295 ν
2227 3290 2551 3361 minutione,
2587 3300 2675 3345 aut
2697 3293 2995 3349 voluntarie
3018 3304 3115 3348 aut
3143 3295 3463 3348 necessitate
3494 3288 3802 3362 supportas,

545 3348 871 3421 impenditis,
903 3356 1126 3419 caritate
1146 3398 1161 3423 ,
1191 3375 1295 3416 non
1327 3362 1501 3423 dicam
1530 3366 1701 3425 vicem
1750 3383 1853 3424 non
1902 3387 2117 3441 possum

543 3454 831 3510 repensare
860 3445 1133 3513 beneﬁciis
1154 3490 1169 3517 ,
1198 3453 1291 3507 sed
1322 3469 1423 3523 nec
1451 3464 1626 3513 tantas
1667 3462 1865 3529 gratias
1893 3476 2118 3533 quantas

544 3535 844 3632 meremini,
864 3543 1203 3609 sermonibus
1222 3547 1509 3617 explicare.
1542 3549 1793 3623 hnpendo
1821 3565 1999 3619 tamen
2020 3576 2116 3632 per

542 3622 744 3685 litteras
794 3627 1031 3703 debitum
1078 3636 1446 3705 sospitationis
1490 3622 1745 3716 ofﬁcium,
1793 3622 2109 3723 partemque

2224 3381 2357 3436 alios
2375 3384 2584 3438 noveris
2608 3399 2703 3440 nec
2723 3385 2856 3440 velle
2877 3386 3035 3451 ferre,
3070 3401 3168 3443 nec
3193 3401 3313 3440 esse
3342 3395 3647 3440 contentos.
3674 3385 3799 3440 Nam

2224 3474 2364 3543 quod
2388 3474 2580 3531 scribis
2605 3519 2619 3544 ,
2657 3486 2708 3531 te
2736 3485 2880 3533 metu
2911 3476 3140 3545 hostium
3174 3478 3418 3533 hebetem
3451 3478 3647 3533 factum
3683 3495 3696 3530 :
3730 3478 3797 3529 ti-

2227 3579 2374 3619 mere
2402 3565 2608 3618 hostem
2641 3581 2746 3631 non
2772 3566 2928 3622 debet
2960 3577 3271 3645 extraneum
3299 3568 3389 3643 qui
3417 3568 3694 3624 consuevit
3715 3582 3801 3621 su-

2223 3656 2422 3713 stinere
2449 3656 2819 3721 domesticum.

604 3812 630 3880 f
658 3805 730 3880 lie
751 3822 817 3861 eo
846 3810 909 3863 ad
939 3812 1166 3880 primum
1196 3815 1409 3874 librum.

606 3871 632 3909 ⁸⁷
664 3876 788 3940 Ms.,
819 3895 926 3933 vos.

607 3952 647 4032 ξ.
665 3944 782 3999 Fuit
808 3947 1135 4032 Itirtitietisis
1150 3956 1441 4032 _episc0pus
1459 3996 1477 4022 ,
1504 3958 1752 4032 Perpetui
1784 3977 2063 4020 successor
2080 4007 2095 4032 ,

534 4022 716 4081 postea
745 4031 774 4069 a
808 4018 1018 4090 Warige
1040 4018 1485 4097 Gothorum'rege
1520 4030 1574 4084 in
1612 4018 2070 4102 HiSpaniamﬂrele

2211 3843 2387 3909 gatus,
2417 3850 2482 3920 eo
2508 3837 2729 3920 quodnin
2760 3836 3054 3920 Gothorth
3095 3840 3450 3920 suspicionem
3484 3839 3788 3920 incidisset:

2205 3906 2554 3960 autumabant
2590 3909 2795 3963 scilicet
2828 3923 2949 3961 eum
2985 3906 3203 3964 Francis
3242 3912 3441 3966 favere.
3484 3908 3555 3963 De
3585 3927 3650 3963 eo
3675 3909 3789 3961 vide

2207 3975 2355 4041 plura
2383 3982 2519 4045 apud
2549 3978 2771 4048 Grcgor.
2803 3978 3002 4034 Turon.
3040 3981 3089 4048 ι,
3122 3982 3257 4045 226,
3285 3982 3377 4036 lib.
3407 3998 3438 4036 χ
3465 4030 3473 4041 ,
3510 3984 3597 4037 51.
3632 3982 3787 4035 llus.

559 4175 2201 4219 -ῄ-ῇ--ι-ᾑῇ

1804 4367 2512 4461 EPITAPHIUM

1450 4533 1769 4576 BURICIORUII
1806 4539 2161 4591 εριεεοροιιωι
2197 4541 2458 4582 CIVITATIS
2496 4543 2841 4586 ιειιογιειδιι.

1612 4671 1703 4736 (Ex
1728 4672 1953 4733 Venanui
1974 4676 2227 4729 Fortunati
2245 4679 2333 4730 lib.
2356 4695 2419 4742 tv,
2440 4694 2587 4733 carm.
2613 4682 2683 4745 5.)

2118 4828 2174 4889 D
2199 4824 2465 4907 Tempore
2494 4829 2717 4907 quisque
2747 4832 3105 4907 suo_ft_tndnns
3136 4835 3217 4902 pia
3251 4840 3446 4907 templa
3471 4838 3695 4906 patroni,

2267 4898 2371 4953 Iste
2400 4898 2699 4966 Augustini,
2727 4903 2967 4958 condidit
2996 4905 3086 4957 ille
3112 4898 3277 4961 Petri.

2193 4967 2301 5045 llic
2319 4971 2533 5036 probus,
2567 4971 2840 5045 illepins;
2876 4974 2959 5045 hic
2982 4976 3177 5045 serius.
3204 4977 3290 5031 ille
3320 4992 3564 5045 serenus,

2260 5036 2539 5116 certantes
2571 5036 2914 5116 pariterquis
2938 5042 3035 5098 sibi
3062 5046 3241 5116 major
3268 5048 3388 5103 erit.

2193 5108 2429 5183 Plurima
2457 5108 2778 5183 pauperibus
2811 5108 3104 5171 tribuentes
3137 5108 3300 5174 divite
3322 5133 3488 5174 censu
3517 5161 3530 5183 ,

2264 5179 2523 5235 Miserum
2543 5179 2742 5247 emlos,
2772 5200 2903 5252 quas
2933 5197 3282 5253 sequerentur
3307 5205 3457 5254 Opes.

2185 5248 2332 5325 Quos
2358 5262 2638 5325 spargente
2665 5248 2822 5317 manu
2851 5248 3177 5313 redinientes
3201 5248 3425 5316 crimina
3455 5259 3653 5325 mundi,

2262 5319 2405 5390 inter
2434 5323 2757 5390 apostolicos
2782 5326 3053 5381 credimus
3083 5344 3201 5383 esse
3230 5330 3446 5386 choros.

2187 5387 2392 5467 Felices
2415 5387 2502 5467 qui
2529 5396 2611 5467 sic
2633 5392 3002 5467 denohilitate
3031 5398 3205 5467 fugaci
3292 5398 3293 5401 “

2254 5460 2492 5528 Mercati,
2528 5464 2578 5517 in
2609 5465 2759 5519 caelis
2781 5466 2898 5535 jura
2924 5460 3140 5524 senatus
3164 5469 3385 5529 habent.

521 4812 700 4889 Invida
730 4828 906 4880 mors,
931 4815 1121 4889 rapido
1145 4818 1389 4889 quamvis
1418 4819 1680 4874 miniteris
1714 4821 1857 4876 hiatu
1878 4864 1892 4889 ,

426 4893 432 4899 '
521 4953 560 4957 __
588 4885 701 4938 Non
729 4894 902 4940 tamen
928 4884 982 4949 in
1004 4884 1223 4957 sanctos
1240 4887 1359 4956 jura
1390 4898 1573 4944 tenere
1603 4891 1769 4947 vales.

520 4953 651 5031 Nam
682 4967 958 5027 postquam
981 4953 1454 5031 remeans'domuit
1470 4958 1579 5014 fera
1595 4970 1788 5017 tartara
1819 4963 2083 5031 Christus,

586 5023 855 5081 iustorum
883 5028 1085 5082 meritis
1113 5027 1214 5082 sub
1237 5028 1372 5097 pede
1394 5031 1527 5084 victa
1558 5032 1724 5097 jaces.

522 5091 795 5167 Hi_e_sacra
818 5096 1148 5166 pontiﬁcum,
1180 5091 1289 5152 toto
1317 5091 1575 5154 radiantia
1605 5103 1822 5167 mundo,

585 5162 1075 5236 Membra’sepulcrn
1106 5162 1327 5236 tegunt;
1360 5169 1577 5236 spiritus
1600 5180 1738 5225 astra
1766 5162 1916 5230 colit.

466 5282 473 5287 .
519 5230 717 5309 Ru_ricii
740 5230 932 5301 gemini
962 5237 1120 5292 liores
1148 5230 1339 5306 quibus
1360 5230 1727 5309 A'nniciorum,

582 5303 771 5358 .lnncta
803 5309 1055 5373 parentali
1077 5303 1308 5365 culmine
1339 5309 1503 5369 Roma
1528 5309 1646 5365 fuit.

515 5372 894 5453 Acgttnulante
921 5380 1117 5453 gradus
1136 5382 1484 5453 prmiortiine,
1509 5383 1764 5453 sanguine
1788 5386 1931 5452 nexi,

582 5444 859 5505 Exsultant
891 5444 1084 5515 pariter
1106 5444 1228 5507 hinc
1254 5467 1407 5516 anus,
1438 5444 1561 5506 inde
1585 5444 1770 5523 n—epos.
