4086 6328
158 299 253 354 1:23
1219 298 1462 353 VICTOR
1504 298 1834 357 VITENSIS.
1872 300 2394 356 PROLEGOMENA.
3326 294 3425 353 12⁸3

418 523 3122 1080 νΙρΤΟῙῖξξῖ-ξίίῗἘΝεδΙδ.
3250 840 3255 845 ς

980 1597 1609 1693 EPISTULA
1684 1598 2586 1679 DEDICATOBIA.

348 1756 664 1839 Josephus
700 1758 1035 1820 Bertinetli
1056 1759 1300 1820 Joanni
1322 1756 1795 1836 archiepiscopo
1828 1760 2113 1821 Minotto
2161 1758 2516 1830 Othobono.
2548 1761 2839 1841 episcopo
2878 1764 3207 1823 Patavina.

218 1899 448 1965 Parum
475 1920 589 1981 ego
606 1903 973 1982 prudenter,
1012 1922 1084 1965 ne
1118 1902 1320 1969 dicam
1350 1914 1568 1963 temere
1599 1902 1814 1982 fecisse
1844 1901 2058 1964 videar
2087 1919 2296 1962 rerum
2323 1901 2689 1982 quibusdam
2713 1921 2839 1964 non
2866 1905 3016 1981 satis
3035 1904 3231 1984 justis
3252 1906 3415 1965 testi-

144 2000 507 2080 matoribus,
566 2006 676 2083 qui
720 2004 860 2075 tibi,
893 2004 1266 2084 amplissime
1320 2003 1604 2075 antistes,
1645 2003 1786 2065 viro
1834 2002 2108 2063 omnium
2150 2000 2594 2083 humanissimo
2656 2021 2881 2081 ponam
2924 2014 3065 2063 ante
3106 2003 3318 2065 oculos
3363 2010 3422 2064 et

140 2112 599 2181 persecuturum
620 2104 1063 2177 humanitatem
1091 2122 1323 2164 omnem
1356 2103 1719 2163 exuentium
1750 2103 1996 2163 crudele
2015 2101 2459 2181 spectaculum,
2483 2112 2540 2164 et
2561 2104 3019 2167 immanissima
3041 2113 3422 2186 persecutio-

140 2205 224 2262 nis
258 2202 617 2282 imaginem.
646 2205 899 2283 Refugit
928 2204 1090 2264 enim
1124 2205 1366 2263 animus
1400 2219 1529 2260 non
1566 2200 1749 2261 modo
1776 2202 2037 2271 intueri,
2070 2201 2174 2262 sed
2204 2203 2385 2264 etiam
2417 2202 2785 2279 reformidat
2815 2206 3018 2266 dicere
3050 2222 3423 2285 quiscunque

143 2301 361 2363 exhibet
393 2303 704 2364 Historia
728 2313 973 2376 nostra,
1003 2304 1544 2369 sanctissimorum
1581 2318 1792 2380 nempe
1824 2304 2023 2363 omnis
2058 2303 2260 2363 aetatis
2292 2323 2365 2364 ac
2392 2311 2596 2363 status
2621 2303 2936 2365 hominum
2968 2307 3419 2385 carniﬁcinam,

144 2399 393 2472 dolores,
437 2402 723 2474 vulnera,
762 2401 1069 2482 equuleos,
1106 2409 1335 2483 mortes
1370 2421 1441 2463 ac
1470 2402 1770 2461 mortium
1798 2418 2020 2481 genera
2054 2400 2519 2472 intolerabilia;
2550 2404 2927 2482 reformidat
2955 2406 3159 2467 dicere
3195 2404 3420 2466 barba-

143 2518 339 2561 rorum
365 2502 604 2583 ubique
631 2504 1015 2567 saevientium
1049 2502 1505 2573 crudelitatem,
1540 2505 2000 2583 episcoporum,
2046 2505 2459 2579 sacerdotum,
2498 2508 2887 2607 aliorumque
2922 2510 3242 2587 inﬁnitum
3288 2526 3415 2568 nu-

143 2622 355 2665 merum
382 2606 486 2667 ita
509 2623 626 2685 pro
650 2606 899 2667 nomine
922 2606 1074 2666 Jesu
1097 2613 1455 2667 constanter
1473 2606 1854 2685 ﬁrmiterque
1880 2607 2278 2685 patientium,
2304 2617 2371 2669 ut
2403 2616 2614 2669 tortor
2641 2610 2769 2687 ipse
2795 2611 2976 2687 prius
3003 2629 3074 2669 ac
3105 2617 3412 2669 tormenta

144 2705 500 2767 viderentur
528 2705 786 2787 defessa,
815 2725 999 2787 quam
1038 2709 1149 2788 qui
1178 2726 1246 2767 ea
1271 2707 1444 2785 passi
1478 2716 1662 2783 sunt,
1695 2707 1840 2771 licet
1876 2728 1941 2769 eo
1983 2727 2175 2788 usque
2214 2712 2483 2773 cruciati
2509 2696 2778 2789 fuerint,
2808 2719 2881 2772 ut
2916 2732 3035 2792 quo
3073 2713 3278 2772 minus
3313 2710 3419 2770 ha-

146 2804 335 2867 berent
366 2807 608 2869 virium
650 2807 733 2868 ad
758 2807 1193 2888 perferendum
1216 2851 1233 2881 ,
1272 2827 1340 2869 eo
1375 2809 1501 2871 vim
1534 2811 1732 2887 magis
1779 2815 2233 2872 tormentorum
2279 2821 2333 2871 et
2385 2813 2777 2875 cruciatuum
2808 2814 3199 2877 acerbitatem
3231 2814 3420 2875 senti-

145 2919 290 2971 rent.
329 2911 555 2971 Verum
584 2910 947 2991 hujusmodi
966 2911 1229 2972 athletas
1254 2910 1527 2987 Christi,
1559 2912 1711 2973 tales
1737 2930 1811 2973 ac
1835 2922 2047 2974 tantos
2070 2913 2401 2993 religionis
2426 2924 2659 2977 nostrae
2679 2924 2963 2978 auctores
2984 2925 3040 2978 et
3060 2919 3419 2996 magistros,

147 3010 308 3072 liceat
342 3010 464 3074 tibi
497 3013 856 3094 pontiﬁcali
885 3014 1268 3073 auctoritate
1299 3013 1670 3093 gravissimo
1700 3014 1756 3074 si
1792 3033 1922 3075 non
1955 3016 2155 3077 oculis
2184 3019 2483 3096 aspicere,
2511 3020 2715 3079 animo
2761 3026 2921 3079 certe
2951 3026 3009 3078 et
3039 3019 3421 3096 cogitatione

147 3115 459 3195 complecti
485 3134 504 3182 .'
533 3114 834 3196 liceatque
861 3114 1012 3177 mihi
1046 3114 1384 3194 dignitatis
1410 3135 1483 3177 ac
1532 3116 1792 3179 virtutis
1829 3127 1950 3180 tuae
1973 3119 2359 3198 prwconium
2384 3123 2586 3200 facere
2618 3120 2965 3195 meditanti,
2997 3138 3260 3203 quorum
3306 3138 3419 3181 no-

146 3218 296 3279 mina
321 3222 472 3289 sunt
498 3217 733 3299 scripta
765 3216 833 3283 in
862 3216 1052 3290 caelis,
1086 3234 1297 3277 eorum
1322 3216 1678 3278 memoriam
1707 3220 2030 3281 annalium
2077 3221 2497 3282 monumentis
2532 3220 3011 3283 commendatam
3039 3220 3280 3283 nomini
3309 3230 3415 3279 tuo

147 3334 512 3381 consecrare.
547 3317 717 3395 Quos
768 3319 968 3397 igitur
1005 3336 1135 3379 non
1175 3319 1416 3389 vidisti,
1468 3320 1636 3380 vides
1670 3328 1867 3381 tamen
1911 3324 2023 3402 qui
2054 3330 2112 3383 et
2141 3324 2350 3403 quales
2383 3326 2705 3405 postulent
2734 3326 3162 3405 patrocinium
3192 3333 3411 3392 tuum;

145 3416 299 3478 vides
326 3437 511 3497 quam
545 3419 807 3498 dignum
830 3420 913 3481 sit
940 3436 1238 3497 generoso
1267 3420 1557 3499 principe
1579 3421 1906 3499 porrigere
1936 3422 2196 3503 afflictis
2226 3424 2567 3497 dexteram,
2597 3432 2781 3505 atque
2823 3427 2956 3505 opis
2992 3425 3418 3503 indigentibus

145 3518 478 3595 opitulari;
508 3536 692 3598 quam
710 3516 968 3595 dignum
1000 3518 1235 3595 optimo
1268 3517 1558 3597 episcopo
1587 3520 1913 3599 episcopos
1935 3521 2056 3583 sibi
2081 3523 2337 3599 similes,
2360 3524 2712 3585 sacerdotes
2739 3525 3178 3604 ministrosque
3203 3542 3417 3585 sacros

140 3636 241 3697 pro
276 3618 515 3681 Christi
545 3618 664 3697 ﬁde
691 3634 1036 3696 perpessos,
1066 3617 1325 3695 benigne
1345 3619 1657 3696 suscipere
1684 3640 1704 3687 ;
1740 3636 1922 3697 quam
1949 3620 2207 3699 dignum
2239 3622 2496 3701 denique
2524 3622 2791 3691 humano
2817 3632 3066 3701 pectore
3100 3624 3417 3687 miserabi-

143 3720 279 3782 lium
307 3720 593 3781 misereri
637 3718 975 3791 hominum,
1009 3716 1442 3779 laborantibus
1482 3735 1872 3791 succurrere,
1913 3728 1968 3781 et
2002 3721 2365 3799 prasidium
2390 3723 2738 3801 petentibus
2790 3723 2948 3785 nihil
2977 3740 3220 3801 negare.
3262 3725 3417 3784 Hac

146 3844 268 3886 cum
308 3822 523 3884 videas
556 3838 686 3883 non
725 3838 833 3898 ego
884 3817 1095 3888 cades,
1144 3836 1275 3878 non
1326 3818 1600 3890 verbera,
1632 3837 1765 3879 non
1786 3838 2051 3893 secures,
2078 3839 2211 3883 non
2237 3823 2516 3898 vincula,
2543 3840 2672 3884 non
2696 3823 2935 3903 reliqua
2956 3822 3417 3902 suppliciorum

146 3944 356 4005 genera
379 3941 667 4005 propono
697 3922 939 3992 oculis;
975 3920 1080 3981 sed
1112 3938 1247 3999 quae
1271 3928 1500 3981 mutua:
1528 3922 1818 3984 caritatis
1852 3942 1924 3985 ac
1959 3922 2396 3987 benevolentiw
2419 3922 2699 4002 exempla
2728 3923 2907 3985 nobis
2932 3924 3162 4004 passim
3188 3940 3414 3986 oecur-

145 4037 286 4089 runt
317 4031 385 4090 in
428 4027 540 4088 hac
576 4026 917 4094 Historia;
947 4031 1131 4105 atque
1166 4043 1229 4084 eo
1258 4040 1546 4103 propono
1587 4022 1905 4098 libentius,
1939 4042 2073 4085 non
2104 4032 2230 4087 tam
2266 4025 2435 4105 quod
2474 4026 2684 4088 omnia
2721 4035 2778 4090 te
2822 4024 3018 4106 digna
3046 4028 3197 4096 sint,
3230 4045 3414 4106 quam

147 4131 298 4211 quod
344 4131 638 4210 majorem
686 4145 898 4190 eorum
945 4138 1184 4208 partem
1241 4126 1517 4190 moribus
1582 4128 1710 4189 tuis
1764 4129 2113 4207 exprimere
2172 4128 2436 4191 videare.
2488 4129 2741 4191 Utinam
2779 4145 2921 4189 vero
2974 4128 3025 4188 is
3053 4145 3163 4205 ego
3198 4144 3411 4202 essem,

147 4222 232 4313 ut,
266 4244 333 4295 tu
362 4233 474 4313 qui
499 4233 584 4293 sis
621 4239 674 4291 et
707 4238 979 4311 quantus
1012 4245 1244 4309 semper
1267 4230 1488 4309 fueris,
1519 4248 1656 4290 cum
1683 4229 1835 4290 satis
1868 4230 2107 4292 videam
2136 4229 2526 4310 admirerque
2554 4228 2845 4304 maxime,
2876 4227 3030 4289 satis
3064 4228 3247 4287 etiam
3279 4244 3414 4306 qua!

151 4343 245 4395 tua
284 4345 426 4397 sunt
456 4351 584 4393 non
628 4331 809 4392 modo
844 4330 1068 4402 dicere,
1118 4330 1223 4392 sed
1256 4330 1468 4410 dignis
1498 4327 1804 4390 celebrare
1846 4328 2137 4392 laudibus
2182 4327 2440 4415 dicendo
2467 4328 2762 4407 possem!
2803 4325 2927 4388 Sed
2968 4344 3100 4386 cum
3126 4326 3412 4404 persequi

150 4436 341 4497 omnia
370 4452 499 4496 non
529 4452 743 4515 queam
781 4433 800 4513 (
831 4434 971 4513 quis
1021 4432 1183 4493 enim
1211 4432 1421 4493 omnia
1442 4437 1860 4511 persequatur
1896 4431 2027 4507 ejus
2067 4430 2176 4511 qui
2217 4448 2344 4493 non
2383 4428 2644 4493 honoris
2683 4448 2928 4504 nomen,
2974 4427 3079 4489 sed
3120 4429 3413 4489 honorem

150 4533 392 4614 adeptus
421 4535 505 4596 sit
538 4535 567 4594 7
601 4534 648 4613 ),
676 4542 891 4612 patere
925 4550 1095 4612 wquo
1121 4533 1354 4605 animo,
1382 4551 1473 4593 me
1504 4530 1649 4592 bene
1681 4531 1879 4593 multa
1906 4533 2228 4611 praeterire
2264 4533 2577 4603 consulto,
2608 4550 2743 4612 quae
2776 4532 2845 4594 in
2870 4531 3067 4611 medio
3097 4531 3307 4609 posita
3352 4537 3411 4591 et

153 4645 399 4700 cernunt
435 4654 639 4701 omnes
676 4644 729 4696 et
759 4636 1021 4714 miriﬁce
1048 4634 1333 4696 laudant.
1370 4635 1602 4695 Dicant
1631 4634 1745 4696 alii
1772 4632 2164 4721 nobilitatem.
2193 4633 2460 4712 generis,
2496 4642 2856 4695 vetustatem
2882 4633 3159 4710 familia,
3186 4630 3411 4708 patria:

150 4738 380 4816 inclyta:
403 4747 458 4800 et
498 4744 828 4817 parentum
857 4738 1106 4806 decora,
1139 4736 1575 4815 cognationes,
1599 4735 1907 4815 majorum
1937 4734 2216 4804 nomina,
2246 4751 2497 4813 quaeque
2527 4732 2602 4795 ab
2639 4733 2718 4792 iis
2742 4732 3213 4810 prmclarissime
3240 4739 3411 4808 gesta

156 4849 283 4900 sunt
309 4861 328 4910 ;
360 4859 426 4901 ea
450 4849 517 4901 tu
543 4838 822 4919 quamvis
859 4845 1114 4897 tuorum
1145 4836 1273 4895 sint
1306 4843 1488 4914 atque
1516 4853 1769 4913 magna,
1792 4834 2035 4913 respuis
2058 4843 2257 4894 tamen
2280 4843 2575 4912 tanquam
2600 4832 2829 4897 aliena,
2860 4849 3049 4909 neque
3075 4829 3411 4908 quidquam

156 4948 311 5001 tuum
335 4948 522 5020 putas
551 4940 681 5000 nisi
719 4937 887 5017 quod
913 4937 1120 4999 virtus
1153 4935 1305 5012 fecit
1343 4944 1541 4995 tuum.
1578 4938 1813 4997 Dicant
1841 4936 1979 5012 alii,
2014 4944 2069 4995 te
2097 4932 2461 4996 Alexandro
2494 4933 2655 4996 VIII
2680 4933 2975 5011 pontiﬁci
3007 4931 3278 4991 maximo
3305 4948 3411 4990 ne-

150 5053 336 5121 potem
367 5064 515 5119 esse,
556 5050 611 5104 te
642 5043 833 5103 Petro
865 5039 1196 5103 Othobono
1225 5038 1542 5101 cardinali
1572 5039 1949 5121 amplissimo
1987 5039 2450 5108 consobrinum.
2486 5046 2543 5102 te
2569 5059 2605 5100 a
2632 5039 2965 5101 Benedicto
2996 5038 3165 5099 XIII
3192 5037 3411 5115 ponti-

154 5149 247 5224 βεδε
268 5151 501 5229 optimo
530 5145 918 5227 designatum
944 5144 1346 5222 episcopum;
1382 5161 1609 5222 magna
1630 5140 1873 5223 quidem
1899 5143 2021 5204 ista
2042 5150 2213 5214 sunt,
2245 5143 2594 5221 singularia
2614 5160 2833 5222 prope,
2857 5150 3038 5220 atque
3071 5138 3221 5199 adeo
3254 5148 3403 5209 tua;

156 5248 243 5311 sed
267 5267 389 5329 non
419 5271 485 5312 ea
514 5256 658 5311 sunt
698 5265 830 5329 quae
859 5246 987 5310 dici
1013 5265 1050 5305 a
1083 5246 1325 5307 nemine
1358 5245 1513 5305 satis
1549 5244 1819 5323 possint.
1858 5243 2044 5304 Dicat
2072 5260 2447 5323 quaecunque
2479 5244 2636 5324 ﬁzcis
2667 5240 2978 5303 Patavina
3022 5237 3406 5299 celeberrima

156 5351 379 5426 civitas,
403 5352 705 5416 bonarum
733 5348 968 5408 artium
994 5345 1158 5408 sedes
1190 5365 1263 5407 ac
1292 5347 1619 5427 magistra,
1650 5346 1755 5407 cui
1777 5361 1993 5424 prwes,
2024 5344 2196 5407 dicat
2220 5346 2618 5406 seminarium
2656 5342 2826 5405 istud
2850 5343 3204 5403 litterarum
3229 5348 3404 5401 tuum

154 5436 440 5536 iuventuti
469 5454 865 5518 instituenda:
890 5454 1304 5533 aptissimum,
1333 5454 1499 5534 quod
1526 5464 1594 5514 tu
1623 5451 1944 5532 splendori
1976 5452 2253 5530 pristino
2286 5449 2733 5514 restituendum
2762 5448 3131 5525 suscepisti;
3164 5459 3403 5517 majora

160 5553 406 5630 equidem
438 5556 563 5619 ista
589 5572 921 5624 censemus,
955 5562 1013 5613 et
1048 5551 1391 5632 majoribus
1423 5553 1606 5614 etiam
1635 5551 1830 5629 digna
1857 5551 2192 5621 laudibus;
2228 5558 2295 5610 at
2333 5568 2449 5611 nos
2481 5567 2590 5610 nec
2621 5547 3031 5628 quodcunque
3066 5548 3133 5607 in
3168 5554 3224 5604 te
3252 5563 3404 5609 tau-

159 5649 337 5716 dabile
360 5652 443 5717 est
472 5666 823 5734 proponere
852 5653 1033 5716 nobis
1060 5653 1371 5724 volumus,
1403 5668 1513 5713 nec
1548 5652 1692 5713 aliis
1716 5652 2138 5714 demonstrare
2179 5653 2305 5714 nisi
2332 5651 2639 5732 quidquid
2668 5659 2755 5712 est
2783 5652 3141 5712 maximum.
3178 5647 3407 5708 Maxi—

160 5766 270 5817 mus
305 5761 497 5819 autem
533 5773 658 5817 esse
690 5755 973 5818 ducimus
1009 5750 1361 5828 easdemque
1390 5750 1785 5821 admirabiles
1814 5752 2080 5815 virtutes
2123 5753 2344 5824 (inimi,
2390 5770 2524 5829 qua:
2568 5750 2715 5813 sola:
2749 5760 2868 5812 tua:
2898 5758 3069 5826 sunt,
3113 5767 3244 5828 qua:
3292 5745 3405 5813 tibi

3844 6230 3999 6269 μ
