4086 6328
657 397 761 458 127
1983 388 2228 446 VICTOR
2275 389 2604 446 Vl-TENSIS.
3811 377 3912 442 ηε

657 531 793 576 cum
820 512 959 572 aliis
992 528 1114 569 non
1153 523 1524 585 communes,
1555 522 1801 584 quaeque
1840 497 2536 563 iicet~commendariab
2568 497 2851 560 omnibus
2889 503 3213 576 nequeant,
3245 503 3389 554 sunt
3425 501 3620 552 tamen
3653 491 3892 550 omnium

656 612 1176 675 commendatione
1207 607 1603 686 dignissimae.
1654 605 1742 665 Ac
1771 604 1976 682 primo
2009 602 2255 682 quidem
2295 620 2417 660 sese
2463 599 2651 679 offert
2687 599 2752 659 in
2803 599 2996 658 Deum
3033 595 3235 674 pietas
3275 612 3347 654 ac
3375 591 3596 668 religio
3643 588 3760 650 ista
3794 594 3894 646 tam

654 720 783 779 Deo
815 732 983 788 cara,
1018 722 1258 792 tamque
1285 711 1563 790 episcopi
1584 708 1876 786 propria,
1909 714 2037 766 tum
2074 705 2314 765 excelsa
2342 701 2606 774 indoles,
2641 703 2917 761 suavitas
2945 715 3183 758 mor-um
3212 705 3265 760 et
3296 694 3655 772 integritas,
3688 691 3753 752 in
3782 709 3894 750 em-

653 837 756 880 nes
793 819 1164 895 benignitas,
1197 799 1380 894 atque
1423 821 1662 872 natura:
1703 819 1822 870 tua:
1849 805 2310 870 accommodata
2339 805 2573 865 caritas
2603 811 2656 863 et
2699 799 3127 880 beneﬁcentia,
3168 801 3300 858 tum
3325 813 3458 876 prae
3502 794 3758 869 vecteris,
3785 811 3894 895 qua

652 894 950 978 maxime
978 915 1256 994 singulae,
1289 924 1339 973 et
1376 910 1702 972 laudanda:
1740 916 1911 980 sunt,
1945 926 2179 968 summa
2208 905 2681 996 illa‘mgdestia,
2732 922 2853 983 qua
2891 911 2944 962 et
2977 909 3242 981 prcestas
3279 899 3464 977 aliis,
3487 905 3542 956 et
3577 903 3632 955 te
3675 894 3896 996 laudari

651 1039 779 1081 non
801 1017 977 1081 sinis.
1003 1017 1102 1078 Ad
1128 1035 1242 1076 nos
1270 1016 1470 1094 igitur
1499 1012 1665 1092 quod
1695 1011 1944 1080 attinet,
1975 1011 2082 1088 qui
2110 1007 2376 1068 nimium
2405 994 2610 1066 timidi
2635 1023 2817 1084 quam
2860 1003 3197 1083 prudentes
3223 1016 3452 1079 parum
3481 997 3686 1059 videri
3714 994 3896 1055 inelu-

653 1142 813 1198 mus,
849 1140 925 1180 ne
953 1119 1224 1198 alicujus
1255 1117 1526 1196 gratiam
1555 1112 2090 1174 assentatiuncula
2125 1109 2391 1189 quadam
2426 1108 2728 1187 aucupari
2765 1107 3074 1182 dicamur,
3117 1121 3363 1166 summa:
3395 1101 3670 1164 omnium
3701 1099 3897 1161 virtuti

658 1232 779 1286 tua:
805 1240 1033 1284 morem
1062 1221 1359 1300 gerimus,
1389 1228 1568 1297 atque
1600 1218 1894 1276 universo
1924 1212 2316 1274 laudationis
2333 1201 2562 1289 genere
2598 1208 3079 1288 supersedemus.
3112 1207 3237 1282 Qui
3267 1216 3470 1268 tamen
3493 1221 3625 1264 non
3649 1201 3899 1282 patimur

658 1325 1074 1386 testimonium
1122 1319 1384 1401 aliquod
1423 1317 1829 1379 observantia;
1871 1325 2104 1376 nostra:
2126 1313 2448 1392 publicum
2493 1312 2860 1388 desiderari,
2898 1311 3250 1373 Historiam
3283 1309 3468 1383 hanc,
3505 1305 3664 1367 mole
3688 1303 3900 1385 quidem

654 1445 937 1507 parvam,
971 1442 1037 1484 re
1057 1433 1262 1484 autem
1289 1423 1426 1500 ipsa
1453 1439 1764 1498 magnam,
1797 1427 1966 1496 teque
1997 1417 2252 1494 dignam
2275 1416 2594 1497 o/ferimus
2624 1414 3033 1494 amplitudini
3056 1423 3196 1488 tuae,
3233 1429 3645 1492 rogamusque
3678 1415 3747 1468 ut
3777 1426 3901 1488 qua-

656 1527 948 1604 lecunque
982 1525 1060 1586 sit
1097 1521 1531 1583 munusculum
1558 1518 1779 1598 probes
1804 1525 2112 1588 nostrum,
2148 1534 2337 1596 neque
2366 1516 2668 1595 despicias
2707 1516 3128 1577 condonantis
3157 1517 3453 1584 animum,
3486 1512 3599 1592 qui
3631 1510 3733 1572 cui
3756 1509 3897 1570 mul-

658 1639 787 1688 tum
831 1629 1062 1697 debeat,
1107 1636 1165 1687 et
1203 1625 1465 1685 multum
1503 1623 1650 1682 dare
1681 1639 1811 1680 non
1835 1619 2060 1697 possit,
2101 1618 2254 1679 satis
2292 1637 2418 1679 esse
2447 1626 2755 1689 autumat,
2788 1619 2844 1678 si
2872 1619 2924 1678 ei
2957 1618 3302 1696 plurimum
3346 1615 3560 1676 debere
3609 1612 3777 1674 velit.
3821 1613 3901 1672 Tu

657 1731 927 1798 interim,
960 1729 1214 1790 antistes
1245 1725 1490 1804 optime,
1530 1731 1586 1783 et
1616 1723 1851 1784 virtute
1877 1720 2074 1798 magis
2108 1739 2178 1779 ac
2203 1719 2442 1782 meritis
2471 1739 2656 1800 quam
2683 1720 2996 1798 dignitate
3024 1739 3096 1780 ac
3132 1717 3422 1780 laudibus
3451 1718 3646 1788 clare,
3683 1713 3786 1794 qui
3817 1713 3903 1774 di-

655 1834 802 1894 vino
834 1832 1061 1894 videris
1089 1848 1338 1890 munere
1363 1828 1632 1888 donatus
1651 1824 1952 1887 Ecclesia:
1985 1832 2130 1898 tute,
2163 1823 2234 1882 de
2265 1843 2330 1883 ea
2364 1841 2574 1902 perge,
2613 1831 2684 1883 ut
2711 1823 2893 1902 facis,
2937 1820 3255 1883 laboribus
3279 1838 3352 1880 ac
3381 1818 3623 1897 vigiliis
3652 1815 3790 1878 bene
3808 1833 3903 1875 nte-

654 1936 804 2006 reri,
845 1951 1098 2014 gregum
1131 1925 1952 1992 tuoruminnumerabilium
1979 1923 2404 1986 incolumitati
2436 1924 2782 1998 consulere,
2815 1933 2867 1984 et
2900 1933 3200 2004 perpetua
3231 1921 3563 1984 clementia:
3589 1928 3711 1980 tute
3733 1917 3904 1980 relin-

651 2055 832 2118 quere
861 2043 1246 2096 monumenta
1279 2033 1358 2094 ad
1387 2031 1619 2095 Christi
1649 2027 2079 2107 Redemptoris
2103 2035 2398 2088 aeternam
2436 2027 2679 2087 laudem
3909 2037 3914 2040 ·

1369 2282 1574 2420 Ρ-
1647 2279 1960 2418 FB.
2021 2243 3194 2422 .CHIFFLETII

1025 2513 1962 2616 ELUCIDATIONES
2037 2513 2149 2594 IN
2229 2511 2851 2598 VICTOREM
2927 2517 3529 2601 VlTENSEM

2901 2165 3898 2191 —_——_——-——I‘

659 2171 2898 2197 _______________________—_____

2289 2677 2556 2696 ‘———

725 2787 778 2840 In
811 2786 948 2841 notis
978 2787 1170 2842 nostris
1197 2785 1263 2840 ad
1295 2800 1458 2855 opera
1492 2785 1751 2852 Fulgentii
1799 2784 2053 2842 Ferrandi
2086 2784 2222 2840 Car-
2249 2791 2300 2850 Α
2329 2788 2617 2863 acciderit,
2653 2800 2778 2859 quot
2813 2787 3078 2857 fugerint,
3109 2799 3238 2860 quot
3265 2790 3553 2859 perierint,
3584 2797 3720 2859 quot
3746 2797 3798 2845 et
3817 2803 3906 2860 quo

654 2879 976 2947 thagincnsis
1007 2877 1256 2934 Ecclesia:
1285 2878 1522 2943 diaconi,
1569 2892 1670 2932 non
1711 2893 1814 2932 una
1855 2894 1923 2933 se.
1945 2878 2087 2934 dedit
2139 2895 2228 2934 oc-

650 2973 796 3025 casio
826 2971 891 3024 de
923 2970 1135 3025 Victore
1165 2969 1286 3034 hoc,
1310 2969 1531 3038 ejusque
1564 2969 1794 3024 Historia
1826 2971 2064 3039 quredaui
2094 2985 2230 3039 pr.c-

651 3061 867 3129 libaudi,
898 3077 1014 3130 quae
1043 3076 1181 3115 nunc
1205 3075 1383 3130 opera:
1409 3061 1639 3130 pretium
1667 3068 1750 3116 est
1777 3062 2078 3116 accuratius
2107 3077 2230 3131 pro-

651 3151 819 3220 sequi.
852 3150 926 3204 De
973 3151 1107 3204 libro
1136 3151 1364 3220 primum
1395 3151 1602 3218 dicam,
1647 3160 1758 3208 tum
1789 3153 1856 3209 de
1903 3162 2140 3220 auctore,
2175 3163 2232 3207 ut

651 3255 863 3296 causam
893 3257 957 3297 ex
985 3241 1186 3296 ell‘ectis
1213 3243 1612 3311 investigemus.

1171 3353 1393 3410 CAPUT
1432 3355 1718 3412 PRIMUM.

1070 3513 1088 3528 ‘
1197 3449 1377 3528 Operis
1408 3451 1688 3522 inscriptio.

731 3541 937 3597 Titulus
991 3550 1114 3596 ante
1167 3542 1343 3594 omnia
1399 3542 1550 3610 Operi
1618 3542 2014 3612 prmfigendus:
2067 3560 2226 3616 quem

653 3631 793 3688 haud
823 3633 951 3687 satis
979 3632 1226 3687 distincte
1245 3633 1552 3696 concipiunt
1586 3634 1846 3704 plerique,
1884 3635 1959 3690 De
1988 3635 2233 3690 Persecu-

652 3727 786 3780 tioue
825 3725 1123 3780 Vaudalica.
1159 3727 1288 3781 Nam
1320 3736 1372 3781 ct
1401 3727 1658 3782 Cciserici
1699 3739 1848 3783 extra
1881 3729 2110 3784 Africam
2131 3772 2144 3791 ,
2178 3733 2229 3785 in

653 3817 903 3885 Hispania
923 3857 938 3881 ,
967 3820 1018 3871 in
1052 3819 1195 3872 ltalia
1217 3860 1230 3883 ,
1265 3819 1519 3872 Dalmatia
1541 3858 1556 3882 ,
1583 3821 1870 3888 Campania
1892 3863 1904 3883 ,
1950 3821 2196 3877 Calabria
2215 3863 2230 3888 ,

654 3907 873 3974 Apulia,
909 3907 1118 3971 Sicilia,
1160 3907 1437 3973 Sardinia,
1481 3909 1710 3976 Brutits,
1757 3912 2020 3974 Lucania,
2068 3903 2233 3980 Epiro

659 3996 835 4051 Veteri
866 3999 976 4051 sive
1006 3999 1256 4065 llellada,
1289 4003 1592 4068 persecutio
1620 4001 1748 4067 luit,
1783 4013 1842 4056 ut
1886 4003 2036 4090 initio
2076 4006 2231 4072 primi
2323 4035 2346 4062 .-.

1328 4089 1466 4144 unde
1510 4107 1613 4145 non
1651 4093 1869 4147 dubium
1915 4095 2234 4164 relinquitur
2313 4113 2315 4116 '

653 4087 773 4141 libri
813 4088 1004 4142 asserit
1047 4087 1225 4142 Victor
1271 4107 1284 4142 :

2333 2885 2553 2954 relegati
2595 2887 2734 2948 sint;
2788 2885 2901 2938 lucc
2949 2900 3106 2938 nemo
3157 2885 3432 2954 negaverit
3471 2883 3540 2940 ad
3581 2899 3710 2940 eum
3759 2885 3902 2952 perti-

2335 2978 2546 3043 nuisse,
2587 2978 2676 3048 qui
2725 2986 2886 3031 totam
2928 2978 3045 3046 ejus
3086 2977 3366 3032 historiam
3407 2978 3794 3047 persecutionis
3827 2977 3903 3029 de-

2334 3070 2668 3126 scribendam
2724 3078 3058 3137 susceperat.
3113 3069 3353 3139 Apparet
3398 3067 3594 3124 deinde
3645 3085 3710 3124 es
3759 3065 3902 3122 veteri

2333 3162 2518 3217 codice
2556 3161 2767 3216 Sancta:
2797 3161 2975 3216 Maria:
3005 3161 3396 3224 Laudunensis,
3420 3161 3470 3216 in
3501 3176 3608 3231 quo
3637 3175 3701 3216 ea
3731 3157 3904 3215 Notitis

2335 3257 2413 3326 (ut
2444 3258 2558 3326 ipse
2603 3257 2763 3310 refert
2796 3254 3136 3325 Sirmondus)
3167 3255 3489 3324 sequebatur
3531 3253 3812 3310 Rationem
3855 3251 3905 3303 li-

2339 3350 2422 3403 dei
2473 3349 2538 3404 ab
2589 3349 2824 3418 Eugenio
2875 3349 3326 3418 Carthaginiensi,
3376 3349 3604 3418 aliisque
3663 3343 3908 3419 episcopis

2337 3443 2570 3496 oblatum
2608 3442 2875 3497 Hunerico
2905 3445 3052 3511 regi;
3081 3443 3324 3512 adeoque
3353 3441 3712 3510 descriptioni
3748 3451 3907 3510 perse-

2333 3533 2567 3588 cutionis
2603 3534 2866 3589 Africana:
2905 3535 3136 3603 implexa
3175 3543 3231 3589 et
3271 3534 3472 3603 illigata
3511 3543 3654 3589 erat.
3696 3533 3908 3600 Apparet

2336 3628 2566 3697 denique
2595 3644 2663 3682 ex
2696 3642 2794 3682 ms.
2825 3629 3038 3691 codice,
3077 3644 3140 3683 ex
3179 3643 3286 3695 quo
3315 3627 3654 3682 Abrahamus
3694 3625 3908 3681 Ortelius

2335 3721 2387 3774 in
2433 3720 2708 3774 Thesauro
2745 3718 3100 3788 geographica
3147 3719 3420 3772 civitatum
3466 3716 3666 3772 Africae
3712 3715 3907 3772 nomina

2333 3828 2399 3864 ex
2431 3811 2616 3867 eadem
2661 3812 2771 3880 ipsa
2811 3809 3006 3864 Notitia
3036 3810 3376 3880 deprompta,
3428 3809 3625 3879 passim
3673 3808 3907 3880 episcopo

2335 3904 2534 3959 Victmi
2567 3905 2806 3960 ascribit.

2659 4002 2662 4004 ⁷
2949 3998 3179 4054 CAPUT
3219 3997 3306 4052 Ill.

2783 4089 2923 4144 Libri
2947 4090 3093 4144 Fidei
3124 4093 3236 4159 quis
3268 4101 3464 4146 auctor.

653 4178 783 4273 ‘lUi'f
811 4193 947 4273 029$
971 4193 1122 4231 δυυηι
1155 4177 1266 4246 ipse
1305 4181 1634 4250 inscripserit
1681 4180 1965 4236 Πίδτονίαηι
1995 4201 2226 4255 limem“
2259 4169 2308 4228 Β
2408 4201 2566 4257 Liber
2609 4202 2776 4265 Fidei,
2814 4203 3058 4258 “lSIOI‘ltC
3091 4205 3483 4273 persecutionis
3513 4205 3779 4258 Africana:
3818 4202 3906 4256 illi-

655 4268 808 4320 tionis
836 4268 1304 4337 Africamc,.quem
1337 4270 1542 4324 titulum
1575 4271 1791 4340 praefert
1830 4273 1884 4326 in
1915 4288 2016 4330 ms.
2047 4273 2230 4330 codice

653 4361 908 4415 Cartusia:
938 4361 1232 4416 Portarum.
1265 4365 1331 4418 At
1357 4363 1604 4431 quoniam
1634 4380 1726 4434 per
1754 4375 1993 4434 tempora
2019 4347 2079 4421 IS.
2114 4366 2229 4420 Ful-

653 4453 815 4520 gentii
870 4451 1160 4520 Ruspensis
1213 4455 1479 4524 episcopi,
1532 4455 1860 4511 orthodoxos
1917 4473 2128 4528 quoque
2175 4461 2228 4514 in

652 4546 827 4599 Africa
851 4546 1059 4600 vexavit
1088 4547 1506 4613 ’l'rasamundus,
1540 4550 1714 4614 nobis,
1742 4552 1832 4620 qui
1866 4553 1947 4606 his
1978 4553 2226 4608 omnibus

650 4639 1040 4694 calamitatibus
1080 4641 1394 4709 superstites
1433 4657 1638 4706 sumus,
1675 4643 1900 4698 Victoris
1932 4643 2228 4701 lucubratio

651 4731 786 4792 lucc,
819 4739 872 4785 et
901 4742 1139 4801 tempore
1167 4742 1220 4787 et
1250 4733 1368 4788 loco
1399 4735 1470 4789 ita
1501 4736 1987 4792 circumscribenda
2018 4749 2129 4807 est,
2171 4748 2228 4794 ut

647 4823 715 4876 sit
763 4821 991 4876 Historia
1041 4827 1400 4887 persecutionis
1445 4827 1705 4898 Africana:
1745 4828 1835 4882 sub
1879 4827 2133 4885 Geiserico
2180 4840 2227 4885 et

651 4913 908 4969 Hunerico
949 4914 1294 4970 Vandalorum
1324 4919 1547 4986 regibus.
1748 4915 1750 4918 ’

1270 5009 1493 5065 CAPUT
1537 5011 1599 5066 ll.

827 5101 956 5172 Ejus
985 5117 1103 5172 pars
1131 5110 1201 5156 est
1237 5101 1435 5155 Notitia
1461 5105 1814 5174 episcoporum
1841 5108 2047 5176 Africae.

721 5192 870 5256 Quod
909 5193 1159 5248 Notitiam
1191 5193 1560 5262 episcoporum
1606 5197 1820 5262 Africae,
1863 5199 1952 5267 qui
1997 5200 2221 5254 Cartha-

650 5281 825 5351 ginem
854 5287 1138 5341 convenire
1172 5303 1198 5338 a
1245 5302 1370 5356 rege
1405 5286 1668 5340 [lunt-rice
1706 5290 1839 5358 jussi
1879 5303 1999 5345 sunt
2043 5296 2221 5362 (quant

649 5389 966 5444 anonymam
999 5380 1160 5432 edidit
1200 5380 1562 5447 Sir-mundus),
1606 5380 1746 5434 idem
1795 5385 1905 5449 ipse
1933 5383 2112 5437 Victor
2138 5385 2221 5439 vel

649 5467 1054 5535 conscripserit,
1084 5474 1162 5525 vel
1197 5475 1384 5526 saltem
1416 5489 1443 5526 a
1479 5472 1674 5528 forensi
1721 5475 1984 5530 tabulario
2025 5477 2224 5532 descri-

2334 4307 2510 4364 gatus,
2541 4296 2758 4350 dubium
2792 4307 2874 4351 est
2901 4314 2929 4350 a
2973 4315 3202 4364 t‘iuouam
3249 4299 3405 4354 fuerit
3445 4301 3803 4368 conscriptus.
3827 4295 3905 4350 Vi-

2335 4387 2466 4438 ctori
2505 4385 2634 4455 ipsi,
2665 4385 2816 4454 cujus
2859 4396 2941 4441 est
2990 4389 3254 4456 reliquum
3296 4405 3459 4456 Opus,
3497 4391 3772 4443 ascribunt
3808 4387 3905 4456 ple-

2333 4475 2520 4548 rique:
2555 4475 2642 4528 alii
2693 4476 2932 4544 Eugenio
2979 4477 3381 4547 C-irtltagincnsi
3423 4480 3708 4548 episcopo,
3750 4474 3902 4532 seculi

2333 4564 2666 4620 Geunadium
2717 4567 2769 4620 in
2816 4567 3090 4636 Catalogo,
3130 4585 3248 4638 cap.
3290 4570 3390 4637 94,
3425 4571 3510 4624 ubi
3557 4569 3674 4626 lucc
3712 4569 3904 4624 habet:

2333 4657 2598 4728 Eugenius
2652 4660 2974 4731 Carthaginis
3019 4662 3210 4724 Africa:
3257 4663 3472 4716 civitatis
3519 4664 3820 4734 episcopus,
3863 4666 3905 4713 et

2331 4755 2592 4820 confessor
2641 4751 2873 4817 publicus
2927 4755 3108 4822 petitus
3157 4771 3189 4805 a
3231 4754 3516 4809 Clmnerico
3565 4753 3904 4808 Vandatorsnu

2331 4857 2478 4911 rege,
2525 4843 2788 4896 catholica:
2834 4845 2957 4912 ﬁdei
3003 4846 3394 4912 expositionem,
3424 4855 3471 4900 et
3522 4848 3744 4902 maxinie
3782 4843 3904 4899 verbi

2330 4934 2992 5005 omousiomproprietatem
3032 4937 3312 5001 disserere;
3353 4953 3468 4992 cum
3516 4953 3770 4992 consensu
3806 4953 3905 4991 ont-

2329 5026 2470 5078 nium
2521 5026 2748 5096 Africae,
2805 5036 2852 5080 et
2891 5027 3258 5091 Mauritaniae,
3310 5039 3360 5081 et
3407 5007 3702 5093 'Sardinia’,
3763 5043 3903 5094 atque

2329 5117 2548 5172 Corsica:
2585 5119 2939 5188 episcoporum
2995 5133 3040 5174 et
3081 5122 3428 5193 confessorunt
3457 5126 3544 5190 qui
3569 5125 3625 5190 in
3655 5125 3903 5177 catholica

2328 5219 2732 5276 permanserunt,
2761 5214 3038 5282 composuit
3063 5215 3244 5265 {ibrum
3276 5211 3427 5268 Fidei
3458 5226 3748 5269 sanctarum
3769 5216 3904 5270 Scri-

2327 5312 2590 5372 pturarunt
2611 5306 2864 5356 sententiis
2885 5306 3272 5369 communitum,
3291 5317 3340 5360 et
3355 5325 3446 5378 per
3469 5307 3691 5378 collegas
3714 5311 3905 5376 confes-

2327 5395 2484 5447 sionis
2519 5412 2626 5449 sua:
2654 5398 2895 5461 porrexit.
2923 5397 3090 5452 Porto
3120 5398 3300 5453 Victor
3329 5401 3379 5452 in
3411 5399 3514 5455 line
3545 5400 3660 5456 libri
3685 5399 3902 5456 secundi

2329 5488 2605 5544 Catholicit
2646 5491 2894 5545 onmibus
2944 5491 3136 5547 Ali-ictu
3181 5494 3449 5562 episcopis
3499 5510 3620 5549 eum
3672 5495 3903 5549 tribuere

652 5572 794 5630 ptam
835 5564 981 5629 Operi
1014 5578 1110 5616 suo
1142 5565 1457 5634 inseruerit,
1495 5577 1712 5634 apparet
1746 5567 1972 5635 primum
2003 5585 2065 5622 ex
2109 5571 2219 5638 ipsa
2249 5547 2296 5609 ο
2332 5577 2560 5639 videtur,
2589 5593 2708 5631 cum
2732 5578 2841 5632 ait:
2885 5579 3035 5646 Quod
3083 5547 3399 5636 ante'noslr'i
3447 5586 3795 5653 providentes,
3837 5584 3900 5636 li-

652 5653 856 5707 ratioue
886 5655 1200 5722 argumenti.
1227 5656 1358 5711 Cum
1389 5659 1529 5711 enim
1564 5660 1613 5711 in
1646 5675 1706 5712 ea
1748 5657 1942 5712 Notitia
1975 5676 2077 5713 non
2109 5661 2221 5716 sola

649 5746 1020 5816 episcOporum
1046 5762 1106 5800 ac
1127 5749 1330 5803 sodium
1365 5751 1576 5804 nomina"
1610 5762 1990 5806 recenseantor
2008 5795 2021 5817 ,
2053 5753 2146 5808 sed
2172 5763 2227 5808 et

649 5838 704 5894 in
745 5847 1022 5908 contextu,
1067 5848 1120 5893 et
1169 5841 1235 5895 ad
1282 5840 1482 5896 calcem
1531 5841 1814 5900 adnotetur
1859 5844 1984 5916 quid
2032 5845 2222 5904 cuioue

2334 5667 2516 5721 bellum
2549 5671 2612 5723 de
2642 5667 2772 5722 Fide
2803 5673 3225 5740 conscripserant,
3253 5677 3377 5728 satis
3401 5677 3635 5730 decenter
3659 5677 3897 5745 sufﬁciam

2333 5767 2504 5825 terque
2549 5761 2921 5829 conscriptum,
2969 5761 3191 5816 dicentes
3218 5779 3236 5816 :
3269 5763 3330 5818 Si
3372 5774 3598 5819 nostram
3642 5767 3795 5835 [idem
3823 5783 3906 5819 eo-

2333 5865 2574 5918 guoscere
2601 5851 2920 5916 desideratis,
2953 5854 3059 5909 Iure
3086 5865 3157 5910 est
3187 5855 3364 5912 veritas
3393 5873 3546 5929 quem
3577 5869 3822 5918 tenemus.
3847 5858 3904 5917 In
