4086 6328
160 362 242 415 19.0
334 384 347 387 -
1478 334 1710 392 PROLEl

1807 333 2007 387 “ENA.

3270 324 3381 396 150

151 471 310 528 codice
354 462 588 521 cartusite
616 459 828 515 Sancta:
851 455 1128 511 Trinitatis
1159 465 1324 523 prope
1374 450 1683 513 Diviouem,
1715 453 1765 510 Α
1794 446 2126 516 praecellens,
2156 444 2308 514 cujus
2331 446 2481 513 jussu
2518 446 2699 500 Victor
2729 460 2868 499 anno
2892 443 3088 502 Christi
3124 445 3227 502 l8?
3256 458 3381 518 per—

152 565 217 619 sic
244 556 523 614 inscribitur
545 552 629 606 hic
661 552 833 605 liber:
864 548 1057 617 Incipit
1083 547 1209 600 liber
1239 544 1392 611 Fidei
1426 542 1693 597 catholica:

150 632 304 710 contra
334 646 627 714 Waudalos,
659 644 828 699 editus
854 661 883 697 a
910 642 1164 713 Januario
1191 640 1484 704 Zatereuse,
1524 636 1691 703 Villa-

152 750 234 801 tico
258 760 287 796 a
306 740 447 807 Casis
478 737 755 805 Mediauis,
783 735 1032 809 episcopis
1077 732 1128 786 IV
1136 733 1376 796 umidice;
1416 730 1694 798 Bonefacio

110 898 115 903 Δ
150 812 512 893 Foracianense,
540 838 585 882 et
616 828 892 896 Bonet‘acio
934 824 1253 889 Casauense,
1302 824 1552 895 episcopis
1592 821 1695 904 By-

109 908 115 915 .
150 927 340 980 zaceuis.
373 923 562 976 Verum
603 920 656 973 hi
704 927 828 973 sunt
865 919 1099 987 episcopi
1141 932 1255 986 per,
1281 930 1417 985 quos
1460 915 1697 969 directus

150 1029 219 1073 est
244 1016 362 1070 liber
392 1014 495 1077 Ille,
519 1023 575 1065 ut
615 1013 665 1065 in
693 1012 809 1079 ejus
839 1011 942 1064 line
967 1018 1283 1071 auuotatur;
1315 1021 1420 1061 non
1449 1022 1478 1059 a
1507 1006 1698 1075 quibus

158 1092 482 1174 conscriptus.
508 1102 601 1156 llis
637 1102 812 1168 itaque
842 1101 1029 1169 positis
1072 1098 1523 1162 esistimaverim,
1558 1098 1715 1155 hune

152 1202 318 1256 librum
344 1207 427 1251 aut
456 1196 522 1249 ab
564 1197 681 1263 ipso
723 1194 959 1263 Eugenio
1006 1191 1413 1262 Carthagiueusi
1446 1191 1696 1260 primate,

150 1304 224 1345 aut
248 1294 352 1355 c,us
374 1288 523 1358 jussu
556 1287 625 1340 ab
653 1286 863 1341 erudito
908 1286 1085 1353 aliquo
1124 1283 1285 1338 fuisse
1312 1283 1641 1338 elaboratum
1680 1298 1693 1336 :

148 1401 199 1439 ac
219 1383 428 1451 denique
449 1380 516 1434 ab
550 1379 798 1433 omnibus
819 1378 969 1447 regni
999 1378 1266 1447 episcopis
1291 1379 1617 1443 recognitum
1647 1389 1700 1429 et

149 1474 435 1544 probatum:
467 1470 566 1525 sed
614 1480 790 1524 tamen
821 1484 849 1522 a
898 1484 1220 1539 quocunque
1280 1469 1490 1523 tandem
1543 1467 1723 1523 fuerit,

147 1564 445 1633 conscriptus
466 1562 535 1616 ad
572 1560 797 1617 Victoris
829 1560 1117 1616 Historiam
1147 1561 1436 1630 pertinere.

733 1694 958 1751 CAPUT
996 1693 1084 1749 IV.

215 1789 413 1859 Tempus
439 1788 749 1857 conscripta
784 1784 1025 1840 Historia:
1063 1803 1229 1840 anuus
1263 1786 1453 1840 Christi
1485 1784 1610 1841 487.

1797 541 2088 594 secutionis
2116 536 2380 594 Africaine
2418 539 2595 592 llistor
2618 555 2701 592 aut
2735 540 2969 609 scripsit.

2330 672 2335 677 .
2401 630 2625 686 CAPUT
2682 632 2791 689 Vl.1

2087 784 2093 791 ,
2206 725 2387 795 ()peris
2418 725 2469 777 in
2561 724 2713 776 libras
2745 726 2983 792 partitio.‘

1826 868 1831 877 λ
1868 817 2018 884 Quod
2062 824 2269 883 spectat
2306 815 2371 868 ad
2414 814 2729 868 divisionem
2775 814 2931 884 hujus
2979 816 3254 882 Historias,
3303 816 3383 870 in-

1799 920 2002 967 certum
2043 921 2126 964 cst
2163 924 2230 963 an
2273 924 2390 964 eam
2420 908 2602 963 Victor
2644 907 2695 962 in
2741 909 2917 976 plures
2966 909 3133 963 libros
3163 910 3386 978 partitus

1800 1005 1911 1059 sit.,
1936 1002 2047 1057 lino
2075 1016 2195 1056 cum
2229 1001 2370 1055 nulla
2402 1011 2695 1069 appareant
2731 999 2889 1067 hujus
2919 1000 3199 1055 divisiOuis
3226 1002 3387 1055 vesti-

1799 1098 1915 1167 gia,
1962 1095 2104 1149 nulla
2150 1095 2199 1148 iii
2246 1094 2362 1162 ipso
2403 1102 2551 1147 textu
2595 1093 2823 1159 plurium
2869 1092 3127 1145 librorum
3160 1094 3386 1159 mentio,

1802 1189 1964 1243 nulla:
1996 1188 2362 1250 transitiones,
2410 1186 2570 1239 nulla:
2598 1194 2747 1239 extra
2781 1182 2940 1237 totius
2971 1185 3152 1253 Operis
3183 1184 3387 1253 princi-

1805 1284 1947 1352 pium
1972 1291 2023 1336 et
2049 1282 2204 1335 liuciu
2226 1279 2309 1332 vel
2333 1279 2695 1348 prologorum,
2720 1278 2802 1332 vel
2823 1278 3157 1346 epilogorum
3180 1276 3383 1339 furtum,

1800 1373 2142 1429 verisimilius
2187 1380 2269 1426 est
2312 1386 2428 1425 eam
2478 1370 2763 1424 Historiam
2810 1384 2874 1423 ex
2925 1377 3102 1423 mente
3143 1367 3381 1422 auctoris

1803 1470 1885 1541 (ut
1926 1470 2037 1523 iere
2062 1467 2381 1520 vetustiores
2427 1464 2544 1518 alia:
2574 1463 2770 1531 solent)
2816 1477 2921 1516 uno
2966 1470 3151 1516 tenore
3191 1461 3384 1515 decur-

1802 1560 1979 1615 risse:
2025 1558 2317 1613 divisiones
2348 1570 2508 1625 porro
2538 1553 2707 1610 factas
2736 1568 2857 1607 esse
2897 1568 2927 1605 a
2968 1551 3386 1616 recentioribus,

1804 1667 1947 1707 nunc
1976 1652 2027 1705 in
2056 1650 2334 1720 pauciores
2364 1656 2563 1717 partes,
2595 1661 2735 1701 nunc
2764 1646 2816 1699 in
2848 1644 3047 1713 plures,
3096 1657 3192 1713 pro
3232 1644 3391 1713 genio

1721 1792 1725 1796 .
1804 1745 2062 1813 cujusque
2092 1750 2253 1811 atque
2283 1740 2525 1795 arbitrio.
2575 1737 2759 1807 Itaque
2789 1751 2911 1791 cum
2946 1735 3178 1804 vulgata:
3206 1733 3392 1787 editio-

1691 1887 1695 1891 ,
1732 1834 1781 1894 Β
1809 1852 1906 1892 nes
1937 1837 2207 1905 pleraeque
2237 1848 2347 1888 tres
2383 1833 2549 1887 libros
2579 1830 2890 1898 exhibeant,
2929 1844 3020 1884 sex
3058 1828 3279 1883 omnino
3307 1844 3394 1882 re-

202 1901 556 1997 Tempnsquo
600 1898 729 1997 haec
755 1898 983 1997 Historia
1027 1899 1329 1997 conscripta
1376 1909 1459 1955 εει
1501 1899 1703 1953 indica‘
1768 1980 1772 1985 ,
1810 1928 2045 1997 perimus
2077 1927 2130 1981 in
2166 1925 2354 1980 codice
2384 1940 2484 1978 ms.
2516 1922 2765 1977 eartusiac
2793 1923 3112 1977 Pot-tarum:
3156 1921 3250 1976 sed
3294 1922 3395 1976 hac

144 1994 204 2047 vit
226 2002 397 2047 auctor
427 1995 549 2061 ipso
583 1992 762 2061 operis
802 1991 973 2055 initio,
1008 1992 1373 2062 sexagesimum
1416 2008 1607 2046 annum
1636 2006 1699 2045 cx

145 2102 233 2155 quo
277 2085 488 2139 Vandali
544 2084 600 2138 in
650 2083 884 2139 Africam
939 2101 1000 2138 cx
1052 2084 1302 2153 Hispania
1356 2086 1679 2155 trajecerant

146 2178 287 2233 Porro
314 2178 393 2231 ltic
424 2177 687 2232 transitus
713 2192 833 2231 cum
875 2192 903 2229 a
942 2176 1204 2246 Prospero
1234 2179 1285 2230 iu
1313 2175 1580 2230 Chronico
1609 2192 1703 2229 uo-

144 2278 260 2324 tctur
288 2269 461 2325 llierio
491 2280 549 2325 et
581 2269 855 2323 Ardahure
886 2269 1215 2334 consulibus,
1270 2268 1370 2321 huc
1409 2280 1524 2335 est,
1558 2282 1700 2321 auuo

143 2378 246 2417 tera:
295 2362 614 2417 Cltri~tianzn
667 2362 804 2427 427,
862 2361 927 2414 ad
986 2361 1128 2415 hunc
1186 2376 1467 2415 numerum
1522 2361 1701 2415 addito

142 2456 496 2525 sexagenario,
545 2454 781 2525 prodibit
821 2454 979 2524 hujus
1026 2454 1203 2524 operis
1232 2452 1488 2507 «laborati
1532 2468 1701 2507 annus

142 2548 247 2602 487.

749 2637 976 2694 CAPUT
1020 2638 1081 2692 V.

140 2733 223 2788 Cui
268 2742 605 2806 nuncupatus
644 2734 725 2786 hic
772 2733 940 2806 liber._
971 2731 1134 2806 ditas
1178 2732 1431 2786 Diadochi
1482 2732 1705 2803 episcopi

540 2804 778 2858 Photices
808 2805 861 2857 in
900 2803 1057 2874 Epiro
1102 2803 1284 2860 Veteri.

193 2939 282 2994 Cui
329 2941 468 2995 liber
518 2938 605 2994 hic
662 2946 996 3006 nuncupatus
1051 2936 1205 2990 luerit
1268 2935 1536 3005 conjicere
1584 2935 1705 2988 licet

138 3049 190 3086 et
224 3034 446 3089 Victoris
476 3031 811 3104 prmlatione.
842 3032 971 3084 Nam
994 3030 1038 3083 is
1069 3031 1371 3099 quicunque
1401 3039 1517 3093 est,
1548 3028 1707 3080 histo-

134 3131 247 3182 riam
277 3138 446 3184 terere
487 3128 787 3197 Cttgilabal,
830 3127 915 3180 cui
951 3126 1250 3180 Africanam
1278 3126 1704 3194 persecutionem
1738 3178 1741 3181 .

1806 2021 2017 2075 ratione
2038 2019 2341 2081 distinctos,
2361 2026 2420 2072 ut
2443 2017 2584 2072 idem
2608 2017 2677 2071 sit
2701 2015 2984 2086 utrobique
3008 2016 3142 2070 liber
3163 2016 3392 2084 primus;

1806 2123 1862 2168 at
1890 2113 2027 2168 liber
2055 2111 2611 2180 serundttsvnlgatus.
2639 2111 2691 2164 iit
2734 2109 2901 2173 duos,
2950 2112 3138 2164 tertius
3185 2110 3236 2163 in
3283 2120 3396 2162 trcs

1806 2205 2199 2261 subdividatur.
2240 2204 2318 2257 Ad
2349 2204 2506 2257 linem
2536 2202 2653 2257 libri
2686 2217 2741 2255 tv
2765 2211 2883 2271 post
2913 2201 3001 2255 illa
3033 2201 3229 2255 verba:
3262 2200 3398 2254 Data

1726 2336 1727 2341 η
1806 2298 1900 2351 sub
1929 2298 2011 2351 die
2038 2305 2182 2350 sexto
2213 2295 2449 2349 calcarias
2472 2295 2711 2360 Martias,
2746 2293 3068 2363 Carthagini,
3097 2301 3399 2362 sequuntur

1728 2428 1731 2431 -
1809 2388 1924 2443 hinc
1949 2403 2053 2443 non
2085 2388 2339 2450 auctoris,
2364 2386 2457 2440 sed
2483 2386 2799 2440 recentioris
2824 2385 3022 2439 librarii
3046 2395 3355 2439 assumenta
3382 2402 3394 2438 :

1811 2482 1940 2537 llaec
1966 2492 2038 2536 est
2070 2482 2179 2542 (ex,
2225 2483 2318 2533 hcc
2346 2489 2654 2551 prreceptum
2684 2479 2993 2548 iniquissimi
3023 2478 3156 2547 regis
3197 2487 3245 2531 et
3286 2475 3398 2531 Deo

1730 2610 1731 2615 η
1810 2576 2017 2630 odibilis
2043 2575 2314 2637 Ilouorici,
2345 2575 2438 2643 ﬁlii
2459 2572 2723 2637 Geiserici,
2750 2588 2902 2636 quant
2925 2572 3169 2624 adversus
3198 2572 3397 2637 piarunt

1810 2679 2006 2738 geriem
2036 2667 2189 2720 veluti
2218 2664 2374 2719 draco
2408 2666 2523 2718 bino
2560 2681 2647 2718 ore
2674 2663 2884 2718 sibilans
2923 2662 3101 2716 edidit.
3148 2663 3254 2717 Sed
3280 2666 3398 2733 jam

1812 2772 2008 2828 tempus
2043 2770 2116 2813 est
2159 2769 2211 2811 ut
2249 2760 2303 2811 in
2330 2767 2510 2826 quarto
2554 2759 2647 2809 huc
2684 2755 2855 2810 libello
2885 2755 3039 2823 linem
3082 2756 3395 2809 narrationis

1811 2853 1979 2921 facere
2016 2849 2324 2903 debeamus:
2366 2849 2485 2916 quia
2517 2848 2870 2917 indignumret
2909 2845 3149 2899 indecens
3192 2856 3297 2913 est,
3344 2854 3398 2899 ut

1810 2944 1902 2997 sub
1951 2942 2221 3012 tyrannica
2269 2939 2608 2993 collocatione
2652 2954 2816 2991 sermo
2864 2938 3066 2991 divinus
3110 2938 3393 3008 subjaceat.

1814 3038 2061 3090 Auditum
2102 3050 2221 3105 ergo
2263 3034 2479 3103 petimus
2511 3032 2575 3085 ab
2604 3031 2926 3085 auditoribus
2959 3031 3169 3085 libenter
3194 3048 3398 3084 aermn-

1815 3129 2034 3192 modari,
2067 3144 2181 3180 cum
2212 3126 2520 3194 principium
2548 3123 2668 3178 libri
2692 3125 2856 3193 quinti
2887 3125 2936 3178 in
2965 3140 3142 3177 eorum
3174 3126 3402 3178 sonuerit

135 3218 343 3288 illigaret
371 3237 386 3274 ι
422 3231 694 3289 tantaeque
736 3228 855 3272 erat
883 3220 964 3272 vel
1013 3217 1367 3283 auctoritatis,
1411 3219 1491 3270 vel
1538 3214 1705 3285 digni‘
1737 3219 1783 3281 C
1814 3223 2061 3276 auribus:
2086 3220 2326 3288 quoniam
2357 3234 2540 3289 magna
2574 3231 2619 3270 et
2657 3217 2896 3270 miranda
2922 3226 3208 3286 martyrum
3233 3228 3399 3270 certa-

132 3314 256 3387 tatis,
304 3328 353 3368 ut
416 3313 539 3383 ejus
573 3313 799 3381 jttbentis
844 3311 1085 3381 imperio,
1128 3309 1422 3363 obedientia:
1468 3311 1708 3361 (erucem

131 3406 401 3457 submittere
430 3422 493 3459 se
527 3405 867 3473 proﬁteretur
900 3404 1184 3472 episcopus
1219 3403 1397 3456 Victor
1424 3418 1436 3454 :
1466 3402 1554 3471 qui
1588 3418 1707 3455 cum

129 3494 589 3562 Constantinopoli
651 3495 949 3556 scriberet,
1009 3493 1093 3545 Vix
1152 3492 1286 3545 alius
1337 3492 1570 3546 occurrit
1624 3493 1708 3543 cui

131 3598 317 3642 taatutn
352 3590 575 3643 deferte
596 3586 826 3651 honoris
874 3585 954 3637 vel
1005 3586 1264 3652 potuerit,
1300 3586 1384 3638 vel
1435 3585 1708 3645 debuerit,

130 3679 182 3731 ab
204 3682 409 3734 Acacin
442 3678 535 3746 qui
566 3687 674 3730 tum
708 3677 757 3728 iti
794 3676 928 3728 vivis
950 3684 1098 3743 erat,
1130 3675 1427 3742 patriarcha
1457 3676 1716 3727 Constan-

130 3771 509 3843 tinopolitano.
552 3769 693 3823 Illam
736 3768 878 3821 enim
924 3765 1104 3821 sedem
1150 3767 1248 3819 iste
1290 3765 1520 3818 obtinuit
1560 3764 1716 3817 annis

130 3862 540 3933 septemdecim,
597 3875 660 3914 ex
705 3874 847 3911 anno
877 3857 1077 3911 Christi
1129 3858 1229 3911 471
1282 3856 1334 3910 in
1365 3856 1491 3920 488,
1525 3870 1717 3923 secun-

130 3954 235 4009 ilum
259 3964 526 4010 auctores
554 3951 956 4021 probatissimos
986 3950 1232 4003 Historia:
1260 3949 1581 4019 Byzantium.
1609 3947 1713 4003 Atl-

136 4048 200 4101 dit
229 4048 441 4114 Victm,
475 4046 616 4099 sicut
646 4043 961 4097 Timutlirus
993 4050 1045 4095 et
1075 4040 1247 4095 Lucas
1284 4040 1431 4093 I’auli
1463 4038 1712 4108 apostoli,

134 4140 200 4193 sic
229 4152 282 4196 et
312 4143 485 4195 istum
525 4137 661 4215 beati
706 4136 937 4205 episcopi
973 4134 1227 4188 Diailochi
1269 4133 1433 4188 fuisse
1477 4132 1749 4200 discipug

133 4229 246 4285 Iuni.
283 4231 456 4285 Omne
498 4230 698 4299 ittqnit,
741 4229 922 4281 datum
965 4228 1211 4298 optimum
1246 4235 1289 4280 et
1332 4242 1478 4281 omne
1525 4227 1714 4279 donum

134 4323 397 4390 perfectum
448 4325 642 4376 cazlitus
689 4320 975 4390 accepisti:
1014 4321 1245 4372 eruditus
1288 4335 1320 4372 a
1368 4330 1507 4373 tanto
1546 4320 1715 4389 ponti-

135 4416 234 4483 ﬁce,
259 4428 474 4488 totoque
502 4416 670 4468 laudis
695 4430 875 4483 genere
898 4413 1230 4483 prwdicando
1256 4413 1399 4466 beato
1426 4411 1713 4476 Diadocho,

133 4513 264 4569 iuius
298 4520 352 4562 ut
392 4519 537 4563 astra
569 4508 790 4561 lucentia
836 4516 1031 4561 exstant
1061 4508 1441 4574 quamplurima
1477 4506 1713 4559 catholici
1752 4552 1758 4557 .

1812 3317 1951 3369 mina
1985 3331 2078 3367 nos
2119 3312 2426 3380 conﬁdimus
2457 3318 2781 3374 narraturos,
2824 3317 3098 3377 priestante
3138 3308 3249 3375 ipso
3272 3306 3400 3361 Jeu

1812 3408 2017 3465 Christo
2062 3405 2303 3469 Domino,
2342 3404 2427 3470 qui
2466 3402 2658 3455 laureis
2694 3402 2910 3469 miriﬁce
2948 3411 3149 3454 sanctos
3191 3411 3400 3453 coronat

1814 3515 1953 3552 suos.
1992 3498 2218 3567 Etplit‘it
2256 3496 2381 3549 liber
2406 3504 2641 3564 quartus.
2677 3492 2861 3561 Incipit
2900 3493 3027 3546 liber
3049 3494 3270 3560 quintus.
3321 3493 3399 3547 Ad

1818 3594 1975 3644 liuent
2007 3605 2135 3643 vero
2168 3589 2284 3642 libri
2315 3588 2507 3655 quinti,
2541 3596 2660 3655 post
2692 3586 2779 3638 illa
2813 3587 3007 3639 verba:
3044 3585 3113 3637 Et
3141 3585 3402 3639 Maximus

1817 3680 2118 3743 monachus,
2153 3689 2198 3730 et
2233 3678 2496 3746 Septimus
2526 3675 2824 3743 monachus,
2856 3674 2972 3728 huic
3004 3675 3361 3744 subjiciuntur
3387 3693 3398 3726 :

1820 3772 1926 3826 Sed
1958 3772 2069 3824 licet
2099 3769 2280 3823 horum
2309 3767 2797 3838 gloriosissimorum
2829 3775 3139 3835 martyrum,
3180 3766 3233 3818 in
3273 3781 3402 3834 prte-

1818 3863 1951 3923 senli
1988 3878 2089 3915 non
2121 3860 2429 3928 quiacrimus
2457 3857 2735 3929 explanare
2762 3857 3071 3910 admiranda
3101 3859 3401 3926 certamina,

1817 3963 2026 4026 propter
2048 3951 2268 4006 aliorum
2296 3951 2526 4005 videlicet
2552 3949 3003 4004 innumerabilium
3028 3951 3405 4005 multitudinem

1818 4061 2130 4117 martyrum;
2176 4046 2227 4098 in
2264 4046 2365 4114 ﬁne
2394 4053 2558 4098 tamen
2590 4041 2745 4114 hujus
2776 4043 2943 4114 Operis
2983 4044 3144 4096 nostri
3189 4046 3403 4113 promit-

1818 4144 1993 4205 timus,
2015 4138 2235 4217 Domino
2262 4138 2555 4208 adiurante,
2575 4152 2665 4190 uos
2688 4153 2746 4189 ea
2769 4143 3088 4190 narraturos.
3111 4132 3265 4215 Nunc
3286 4153 3406 4209 «rgo

1819 4234 1974 4306 hujus
2023 4232 2183 4286 libelli
2227 4231 2390 4301 quinti
2439 4231 2749 4284 narrationis
2792 4239 2979 4284 nostra:
3022 4231 3105 4283 hic
3150 4231 3267 4299 ﬁnis
3312 4234 3398 4287 sit.

1820 4326 2045 4394 Ezplicit
2092 4324 2219 4379 liber
2256 4325 2480 4394 quintus.
2534 4320 2725 4392 Incipit
2767 4323 2891 4375 liber
2928 4333 3120 4376 sextus.
3173 4320 3279 4395 [Ex
3314 4322 3407 4376 illo

1807 4422 1923 4491 jam
1967 4429 2193 4488 tempore
2232 4417 2490 4471 crudelius
2523 4417 2835 4469 Arianorum
2880 4417 3125 4487 episcopi,
3164 4425 3269 4471 etc.
3321 4416 3403 4470 Ad

1821 4513 1980 4567 linem
2012 4511 2240 4580 denique
2266 4510 2385 4564 libri
2416 4510 2575 4569 sexti.
2602 4518 2723 4577 post
2747 4510 2833 4562 illa
2857 4510 3039 4570 verba,
3063 4510 3219 4563 simili
3248 4518 3408 4563 morte

135 4602 378 4669 dogmatis
408 4601 724 4653 monimenta
752 4599 1026 4651 dictarunt.
1061 4597 1125 4650 Et
1151 4608 1228 4651 sat
1257 4608 1331 4652 est
1361 4599 1449 4651 tibi
1478 4608 1529 4651 ut
1558 4600 1714 4668 tequi-
1742 4601 1796 4661 Ι)
1822 4605 2003 4671 periit,
2049 4604 2119 4657 ita
2150 4601 2417 4659 concludit
2461 4601 2715 4654 librarius
2741 4618 2753 4653 :
2790 4600 3019 4669 Explicit
3053 4599 3183 4653 liber
3210 4610 3405 4655 sextus.

135 4707 267 4756 pares
297 4693 596 4745 doctrinam
644 4689 897 4752 doctoris;
926 4691 1204 4755 quia,satis
1248 4700 1318 4743 est
1361 4692 1613 4761 discipulo
1656 4702 1712 4743 ut

137 4782 190 4833 sit
219 4785 481 4852 quomodo
529 4784 767 4853 magister
807 4785 937 4853 ejus.
975 4784 1095 4837 Fuit
1133 4783 1165 4837 lt
1192 4800 1220 4838 c
1269 4784 1567 4839 Diadochtts
1596 4786 1713 4853 epi—

138 4892 316 4947 scopns
349 4880 608 4937 l’liotices
635 4880 685 4931 in
719 4880 876 4946 Epiro
908 4878 1084 4933 Veteri
1104 4921 1116 4941 ,
1143 4890 1201 4932 ut
1242 4886 1468 4932 testatur
1497 4878 1717 4932 Photius

140 4971 184 5022 in
220 4971 567 5043 Myriobiblo,
599 4969 782 5024 codice
824 4970 923 5023 201
950 5010 963 5033 ,
1002 4968 1091 5037 qui
1139 4979 1192 5022 et
1238 4984 1426 5022 rursus
1474 4968 1714 5036 ejusdem

137 5064 369 5117 meminit
414 5062 537 5117 cod.
571 5062 696 5117 251.
743 5061 1044 5116 Asceticum
1098 5060 1213 5130 ejus
1262 5061 1452 5115 librum
1502 5074 1715 5117 centum

139 5155 392 5221 capitum,
424 5169 458 5208 a
490 5155 777 5209 Francisco
814 5153 1077 5208 Turriauo
1109 5154 1295 5209 Latine
1328 5153 1589 5210 redditum
1625 5155 1717 5209 ha-

134 5242 213 5301 bet
245 5246 577 5301 Bibliotheca
606 5244 822 5300 Patrum
850 5263 863 5298 :
895 5261 999 5316 quo
1029 5262 1094 5301 ex
1128 5262 1289 5317 opere
1319 5262 1471 5317 caput
1504 5248 1715 5317 aliquod

140 5335 255 5390 citat
301 5338 572 5391 Maximus
622 5337 951 5401 monachus,
995 5337 1085 5406 qui
1136 5337 1376 5392 Heraclio
1424 5339 1718 5408 imperante

140 5427 337 5499 ﬂoruit,
374 5429 590 5484 Patrem
637 5429 961 5481 Diadochum
1003 5443 1160 5484 causa
1204 5432 1421 5484 honoris
1461 5447 1581 5484 eum
1625 5448 1719 5500 ap-

143 5522 361 5587 pellans.
396 5524 530 5577 Cum
581 5530 760 5577 autem
794 5522 1049 5576 hactenus
1079 5524 1305 5576 obscura
1338 5522 1492 5577 luerit
1529 5524 1717 5578 Diado-

142 5611 217 5666 chi
246 5623 407 5678 a-tas,
438 5630 501 5668 ex
533 5615 633 5669 hoc
676 5623 822 5669 certe
852 5612 1080 5667 Victoris
1114 5614 1229 5666 loco
1262 5613 1539 5679 habemus,
1578 5617 1715 5668 circa

142 5707 369 5761 medium
404 5710 571 5777 quinti
606 5719 723 5779 post
750 5708 1017 5763 Christum
1044 5709 1225 5762 surculi
1257 5706 1400 5763 illum
1429 5708 1714 5773 claruisse;

144 5806 196 5855 ut
220 5816 284 5856 eo
309 5801 568 5856 nimirum
600 5803 853 5872 magistro
882 5818 1007 5857 usus
1041 5801 1201 5861 fuerit
1242 5802 1319 5856 vir
1349 5800 1435 5865 ille
1463 5802 1718 5869 dignitate

1819 4697 2011 4762 Incipit
2041 4696 2218 4749 Passio
2245 4695 2558 4749 Sanctorum
2586 4693 2825 4760 superius
2859 4692 3129 4759 promissa,
3156 4693 3243 4758 qui
3269 4693 3410 4760 apud

1820 4790 2180 4860 Carthaginem
2208 4787 2344 4855 passi
2369 4783 2529 4853 sunt.]
2566 4783 2948 4836 Prardicaturus
2971 4783 3274 4853 triumphos,
3301 4793 3407 4837 etc.

1822 4885 1882 4937 lli
1928 4892 2053 4936 sunt
2093 4897 2159 4935 ex
2202 4879 2389 4933 codice
2417 4878 2697 4931 Portarum
2729 4877 2983 4946 ἐπίλογοις
3035 4892 3141 4929 nou
3174 4877 3410 4930 auctoris

1822 4975 2013 5043 ipsius,
2043 4972 2136 5027 sed
2165 4971 2475 5039 antiquarii,
2502 4983 2595 5023 seu
2628 4968 2806 5023 medio
2830 4983 2946 5022 sevo
2972 4968 3407 5038 interpolatoris;

1820 5082 1956 5135 quos
1986 5067 2162 5135 operis
2207 5064 2448 5133 partibus
2495 5078 2525 5117 a
2565 5079 2625 5119 se
2669 5064 2976 5118 constitutis
3017 5062 3169 5133 quasi
3215 5063 3410 5119 limites

1822 5158 2019 5228 posuit.
2056 5156 2181 5212 Mihi
2212 5157 2444 5227 partium
2475 5156 2903 5225 proportionem,
2933 5164 2988 5209 et
3017 5155 3229 5209 lectoris
3257 5170 3406 5213 com-

1822 5251 2040 5306 modum
2073 5250 2367 5318 Spectanti,
2411 5248 2585 5304 media
2617 5248 2731 5303 iere
2760 5248 2841 5301 via
2887 5247 3137 5301 incedere
3181 5247 3408 5316 placuit,

1822 5360 2047 5413 eamque
2077 5343 2362 5399 Histoiam
2394 5342 2628 5412 quinque
2659 5342 2709 5394 iit
2743 5341 2908 5394 libros
2939 5340 3151 5408 partiri;
3182 5357 3409 5411 quorum

1825 5438 1979 5506 primi
2021 5445 2390 5505 argumentum
2435 5435 2575 5486 erit:
2612 5431 2854 5485 Geiserici
2892 5430 3239 5485 Vandalorum
3280 5436 3410 5501 regis

1826 5532 2069 5600 Africana
2099 5528 2412 5597 persecutio;
2443 5526 2689 5589 secundi,
2717 5524 2875 5577 Initia
2906 5527 3269 5592 persecutionis
3298 5526 3409 5579 Ili:-

1828 5623 1983 5676 nerici
2014 5620 2363 5674 l'andalorum
2396 5622 2559 5685 regis;
2594 5616 2755 5675 tertii,
2798 5615 3055 5686 Professio
3086 5620 3207 5685 [idei
3235 5619 3404 5673 cat/io

1830 5714 2042 5766 lirorum
2087 5715 2435 5782 episcoporum
2488 5708 2749 5762 Iquerico
2792 5712 2897 5778 regi
2940 5710 3147 5773 oblata;
3195 5715 3410 5779 quarti,

1834 5803 2079 5859 Ilunet'ici
2123 5806 2253 5868 t‘t’qis
2298 5802 2486 5855 sterilia
2534 5802 2584 5852 in
2628 5803 2884 5870 episc0pos
2926 5802 3253 5868 orthodoxos,
3299 5819 3411 5855 cum
