4086 6328
664 441 756 501 151
1993 435 2229 493 VlCTOll

2331 436 2602 495 lTENSlS.
3818 447 3902 502 i52

665 565 839 616 tiaram
866 563 1131 634 catalogo;
1173 561 1375 632 quinti,
1404 560 1693 615 Crudelitas
1733 559 1866 631 regis
1896 557 2147 612 Ilunerici
2186 557 2240 610 in
2266 558 2316 617 Α
2346 556 2460 626 ipse
2503 555 2561 612 in
2606 556 3002 629 Byzacenorum
3033 559 3405 629 episcoporum
3433 561 3577 619 serie
3606 564 3673 620 de
3700 578 3759 620 se
3787 569 3903 622 scri-

664 666 867 711 ru'leros
905 654 1205 709 catholicos.
1256 653 1624 723 Subjicientur
1661 668 1757 723 per
1786 651 2002 707 modum
2039 665 2237 720 appen-

662 749 819 813 dicis,
862 757 977 802 acta
1006 748 1037 800 7
1067 746 1450 801 monachorum
1485 752 1778 814 martyrum
1808 742 2095 812 Caspensis
2126 750 2234 797 ter-

660 840 849 904 ritorii,
867 850 1093 908 quorum
1117 848 1388 891 auctorem
1410 850 1625 905 quoque
1639 834 1908 890 Victorem
1927 834 2234 903 episcopum
2258 831 2262 835 ⁴

661 931 781 984 facit
809 930 974 984 codex
1006 929 1307 993 Portarum,
1324 935 1379 982 et
1404 927 1593 982 beatus
1609 925 1924 992 Rhenanus,
1952 930 2235 979 accuratus

659 1021 911 1090 scriptor,
943 1021 1031 1090 (ιιιὶ
1068 1020 1121 1074 in
1154 1020 1310 1087 hujus
1340 1019 1521 1088 operis
1551 1017 1806 1081 editione,
1837 1017 1904 1071 ad
1944 1015 2103 1071 ﬁnem
2139 1014 2235 1069 ho-

660 1128 777 1169 rum
810 1127 1071 1180 actorum,
1115 1113 1361 1167 Historiae
1387 1110 1615 1166 Victoris
1656 1108 1895 1179 episcopi
1936 1108 2095 1163 finem
2137 1106 2234 1161 ad-

661 1208 883 1261 natavit.
928 1206 1068 1261 Sane
1101 1206 1214 1259 lucc
1246 1214 1363 1259 acta
1392 1217 1513 1257 cum
1546 1202 1600 1256 in
1630 1204 1878 1257 omnibus
1906 1215 2026 1271 quae
2051 1199 2234 1255 videre

662 1299 815 1354 nobis
857 1297 1005 1351 licuit
1037 1295 1262 1351 Victoris
1290 1294 1717 1364 exemplaribus,
1762 1302 1873 1348 tum
1905 1294 2078 1359 cusis,
2122 1300 2232 1347 tum

662 1388 1067 1456 tnanoscriptis,
1115 1387 1399 1441 llistoriam
1446 1384 1834 1455 persecutionis
1859 1382 2123 1438 Africanae
2166 1381 2234 1437 ab

661 1496 726 1537 eo
752 1482 1105 1550 conscriptam
1137 1478 1429 1547 excipiant,
1462 1478 1655 1533 frustra
1686 1478 1826 1532 alius
1854 1478 2114 1547 quaeritur
2141 1490 2233 1532 eo-

660 1588 775 1630 rum
806 1582 1011 1639 auctor,
1046 1572 1133 1642 qui
1173 1586 1292 1625 cum
1338 1570 1525 1625 horum
1565 1580 1857 1641 martyrum
1900 1570 1953 1624 in
1998 1568 2234 1625 historia:

659 1682 819 1722 cursu
847 1667 1031 1735 paucis
1060 1664 1239 1719 verbis
1264 1663 1376 1733 jam
1404 1664 1761 1729 meminisset,
1797 1663 1967 1732 potuit
1994 1662 2061 1717 ad
2090 1662 2234 1731 ipsc-

660 1774 775 1815 rum
812 1773 899 1813 res
934 1767 1109 1826 gestas
1138 1757 1304 1812 fusius
1345 1754 1676 1812 enarrandas
1704 1756 1941 1811 animum
1972 1755 2228 1825 adjicere,

662 1851 955 1921 praesertim
988 1848 1129 1919 quod
1166 1848 1219 1903 in
1249 1863 1439 1903 eorum
1474 1849 1755 1904 tormentis
1795 1857 1851 1905 et
1888 1846 2099 1920 tyranni
2130 1862 2233 1903 sm-

2340 649 2536 717 pserit;
2576 648 2753 705 Victor
2784 649 3019 719 Vitensis,
3050 668 3153 705 non
3193 655 3413 707 occurrit
3436 671 3456 708 :
3486 664 3636 711 certo
3667 658 3901 715 nimirum

2339 740 2434 796 Del
2462 740 2690 798 consilio
2727 755 3062 813 reservatus,
3114 744 3256 802 haud
3296 762 3452 803 secus
3494 762 3559 805 ac
3592 749 3904 821 Virgilianus

2340 831 2452 898 ille,
2482 833 2690 889 cruenti
2718 833 2887 902 praelii

2404 922 2665 985 Accipiens
2685 925 2895 979 sonitum
2918 926 3022 976 saxi
3045 926 3112 976 de
3134 927 3327 978 vertic‘e
3351 935 3534 990 pastor,

2336 1022 2396 1068 ut
2441 1014 2571 1068 dira:
2612 1014 2755 1070 illius
2800 1017 3190 1085 persecutionis
3244 1019 3523 1077 historiam
3570 1032 3895 1092 posterorum

2337 1106 2610 1163 memoria:
2634 1107 3059 1165 commendaret.

2946 1201 3169 1259 CAPUT
3215 1203 3345 1261 Vill.

2762 1291 2982 1364 Scripsit
3011 1292 3484 1366 Constantinopoli.

2407 1381 2553 1437 lianc
2583 1396 2742 1452 porro
2772 1386 3008 1454 scripsit,
3035 1395 3090 1440 nt
3110 1401 3254 1453 reor,
3280 1389 3771 1464 Constantinopoli.
3800 1394 3901 1451 Non

2334 1476 2476 1530 enim
2506 1476 2598 1531 diu
2635 1477 2689 1531 in
2727 1478 2902 1533 Africa
2935 1481 3102 1536 latere
3132 1483 3425 1551 potuisset,
3466 1498 3527 1538 ac
3562 1498 3636 1539 tot
3668 1490 3904 1557 qumsito-

2334 1581 2453 1621 rum
2476 1567 2656 1637 fugere
2676 1568 2882 1635 oculos,
2913 1570 3005 1640 qui
3034 1570 3269 1628 latebras
3292 1589 3487 1631 omnes
3514 1579 3901 1646 scrutabantur,

2336 1667 2390 1712 ut
2411 1658 2819 1738 catholicorum,
2840 1676 2902 1716 ac
2926 1664 3225 1732 praesertim
3250 1666 3620 1735 episeoporuin
3643 1671 3901 1727 neminem

2334 1751 2402 1806 ab
2445 1752 2638 1806 Ariana
2687 1754 2888 1809 srevitia
2942 1756 3233 1811 immunem
3274 1759 3664 1828 relinquerent.
3718 1763 3903 1831 Opinor

2332 1857 2459 1913 ergo
2486 1843 2634 1898 illum
2664 1853 2867 1899 mutato
2898 1845 3104 1914 habitu,
3132 1848 3647 1919 Constantinopolim
3681 1855 3902 1909 evasisse

662 1943 805 2009 vitia,
825 1952 878 1997 et
901 1951 1194 2012 martyrum
1218 1941 1465 2013 ingentes
1485 1942 1670 2008 animi,
1694 1950 1750 1999 et
1768 1941 1943 1997 divina
1965 1954 2087 2012 erga
2110 1940 2230 1996 illos
2256 1934 2308 1996 B
2332 1934 2385 1989 in
2415 1934 2669 1990 comitatu
2700 1936 2883 1993 Uranii
2914 1939 3071 2010 legati
3100 1939 3331 1995 Zenonis
3361 1941 3731 2011 imperatoris,
3757 1963 3901 2016 quem

661 2034 991 2109 providentia
1020 2036 1177 2094 solito
1202 2036 1398 2093 clarius
1423 2035 1722 2093 enituisset.

1252 2126 1480 2185 CAPUT
1520 2127 1629 2183 Vll.

1016 2213 1192 2275 Victor
1222 2221 1318 2291 fuit
1345 2220 1609 2290 episcOpus
1636 2218 1872 2273 Vitensis.

734 2314 809 2366 De
834 2310 1063 2366 Victoris
1090 2314 1405 2379 episcopatu
1448 2309 1739 2364 multorum
1768 2308 2027 2365 hactenus
2055 2307 2234 2379 opinio

662 2404 790 2469 fuit,
845 2401 1146 2456 litiecnsem
1198 2400 1361 2455 fuisse
1409 2401 1462 2455 in
1506 2401 1783 2470 provincia
1831 2400 2229 2469 proconsulari;

662 2495 798 2564 quod
841 2509 940 2549 nos
982 2496 1034 2549 in
1074 2492 1351 2550 Ferrando
1380 2503 1569 2548 nostro
1616 2492 1756 2547 haud
1804 2490 2053 2547 inanibus
2079 2506 2234 2560 argu-

663 2587 855 2641 mentis
884 2586 1323 2655 improbavimus.
1373 2584 1499 2642 Scio
1538 2584 1771 2640 Victoris
1814 2583 2081 2639 Uticensis
2120 2582 2235 2653 epi-

660 2679 805 2748 scopi
836 2678 1160 2734 mentionem
1190 2692 1313 2734 esse
1353 2676 1409 2733 in
1454 2676 1741 2733 collatione
1765 2676 1934 2747 prima
1961 2676 2234 2746 Carthagi-

662 2773 855 2839 niensi,
877 2786 1101 2827 numero
1125 2771 1248 2840 128,
1284 2771 1345 2825 Ρ.
1363 2768 1426 2825 C.
1448 2770 1691 2835 Varanis,
1715 2783 1856 2824 anno
1875 2768 2086 2824 Christo
2106 2769 2232 2823 411.

665 2864 770 2922 Sed
818 2865 904 2921 hic
940 2864 1073 2919 nihil
1112 2865 1343 2934 pertinet
1384 2862 1453 2918 ad
1494 2863 1745 2918 Hunerici
1792 2861 1932 2932 regis
1971 2869 2230 2931 tempora.

664 2956 918 3017 Scribens
945 2966 1121 3012 autem
1155 2956 1335 3011 Victor
1358 2952 1642 3025 episcopus
1669 2952 1957 3010 Historiam
1987 2965 2233 3023 persecu-

661 3049 822 3103 tionis
847 3048 1130 3116 Africanaa,
1159 3061 1302 3103 anno
1327 3047 1664 3118 sexagesimo
1693 3061 1761 3102 ex
1790 3059 1896 3116 quo
1922 3046 1973 3099 in
1998 3043 2230 3101 Africam

600 3165 609 3173 υ
662 3139 881 3194 Vandali
908 3140 977 3195 de
1008 3140 1258 3210 Hispania
1290 3141 1635 3208 trajecerant,
1665 3138 1767 3195 hoc
1797 3146 1907 3204 est,
1941 3153 2080 3192 anno
2107 3151 2230 3193 arte

660 3232 974 3287 Christiana:
1003 3232 1131 3297 487,
1178 3232 1230 3286 in
1267 3231 1465 3286 Notit'a
1508 3230 1796 3301 provincia
1837 3228 2231 3299 proconsularis

2334 2025 2473 2082 libro
2499 2043 2531 2082 v
2558 2036 2746 2085 testem
2782 2032 3005 2098 profert,
3033 2032 3369 2089 crudelitatis
3392 2034 3718 2107 Carthagine
3750 2039 3803 2093 iu
3827 2055 3901 2094 or-

2336 2119 2599 2175 thodoxos
2620 2132 2894 2191 spectante
2918 2124 3012 2181 illo
3034 2126 3309 2181 exercitas.
3340 2127 3449 2182 Sed
3473 2130 3693 2199 qui/ioc,
3725 2132 3900 2201 inquit,

2334 2211 2623 2278 fabulosum
2650 2222 2813 2284 putat,
2838 2213 3088 2270 Uranium
3109 2215 3328 2272 Zenonis
3361 2222 3582 2292 legatum
3613 2223 3899 2295 interroget,

2336 2305 2484 2374 cujus
2522 2303 2574 2357 in
2612 2306 2881 2376 praesentia
2921 2309 3171 2381 pracipue
3208 2320 3350 2381 gesta
3388 2321 3541 2378 sunt;
3582 2315 3677 2368 illa
3725 2317 3903 2370 scilicet

2336 2409 2512 2459 causa,
2542 2396 2661 2463 quia
2689 2397 2887 2451 veniens
2918 2396 3297 2472 Carthaginem,
3338 2418 3445 2456 sese
3483 2420 3574 2473 pro
3619 2406 3904 2476 defensione

2337 2479 2681 2540 Ecclesiarum
2709 2487 3075 2542 catholicarum
3103 2491 3295 2544 venisse
3315 2493 3568 2563 jactabat.
3624 2493 3695 2549 Et
3743 2508 3793 2549 ut
3832 2499 3901 2551 illi

2334 2576 2617 2631 ostenderet
2659 2588 2905 2648 tyrannus
2946 2595 2999 2633 se
3045 2582 3298 2635 neminem
3343 2585 3653 2652 formidare,
3706 2588 3765 2641 in
3809 2590 3903 2644 illis

2290 2744 2297 2753 ι
2336 2670 2515 2741 plateis
2544 2670 2621 2725 vel
2650 2671 2771 2753 sicis
2801 2673 2973 2741 plures
3000 2682 3214 2730 tortores
3258 2685 3307 2730 et
3352 2678 3667 2734 crudeliores
3699 2685 3901 2749 statuit,

2334 2763 2387 2817 in
2416 2762 2598 2833 quibus
2628 2752 2809 2836 legalis
2838 2766 2994 2820 moris
3024 2774 3097 2822 est
3136 2770 3455 2824 ascendendo
3484 2772 3553 2825 ad
3580 2775 3833 2843 palatium
3860 2790 3905 2831 et

2337 2857 2687 2911 descendendo
2712 2859 2927 2912 transire
2948 2874 2967 2913 :
3010 2860 3076 2911 ad
3107 2860 3435 2930 opprobrium
3467 2864 3699 2918 uidelicet
3742 2870 3902 2938 reipa-

2337 2948 2479 3003 blicte
2516 2948 2700 3017 ipsius,
2747 2960 2791 3005 et
2821 2952 2981 3005 nostri
2999 2952 3113 3021 jam
3142 2953 3421 3022 deﬁcientis
3449 2957 3688 3027 temporis
3718 2960 3901 3030 fierem.

2336 3039 2404 3094 Et
2445 3039 2601 3109 paulo
2638 3042 2908 3110 superius,
2941 3056 3064 3098 cum
3108 3059 3294 3100 eorum
3325 3046 3664 3103 meminisset
3692 3052 3784 3118 qui
3817 3052 3904 3106 lin-

2333 3135 2450 3205 guis
2476 3136 2731 3193 radicitus
2759 3137 3033 3203 abscissis,
3060 3139 3311 3206 expedite
3339 3140 3692 3199 nihilominus
3730 3145 3903 3215 loque-

2334 3226 2549 3296 bantur,
2589 3230 2769 3285 subdit
2798 3247 2813 3286 :
2856 3229 2962 3287 Sed
2998 3233 3044 3286 si
3071 3233 3184 3304 quis
3210 3236 3498 3290 incredulus
3528 3252 3637 3292 esse
3668 3240 3903 3305 voluerit,

660 3325 905 3382 meminit
946 3324 1243 3380 Florentini
1273 3324 1536 3381 Uticensis
1563 3322 1837 3393 episcopi,
1887 3321 2057 3377 tribus
2099 3335 2230 3391 qua-
2256 3307 2305 3372 C
2335 3328 2509 3391 pergat
2540 3337 2676 3375 nunc
2705 3321 3238 3395 Constantinopolim;
3268 3337 3313 3381 et
3336 3327 3404 3382 ibi
3428 3332 3829 3398 reperietunum
3850 3333 3905 3385 de

582 3418 589 3427 '
661 3428 847 3475 tuorve
871 3429 996 3473 ante
1021 3418 1178 3472 annis
1207 3416 1275 3472 ab
1306 3416 1572 3472 Hunerico
1600 3430 1728 3486 rege
1759 3416 1811 3470 io
1841 3414 2115 3471 Corsicam
2146 3429 2231 3468 re-

663 3513 858 3583 legati:
910 3510 997 3567 tibi
1050 3521 1161 3565 tum
1211 3510 1550 3565 detinebatur
1594 3523 1714 3564 cum
1766 3508 1884 3563 aliis
1930 3508 1995 3561 ad
2045 3523 2137 3563 sex
2180 3518 2233 3563 et

661 3604 1004 3676 quadraginta
1034 3604 1338 3659 extorrihus
1367 3601 1657 3673 episcopis,
1688 3599 1905 3670 quando
1946 3599 2229 3655 Historiam

660 3697 795 3753 hanc
820 3713 970 3755 suam
995 3696 1267 3753 scribebat
1288 3695 1504 3752 Victor:
1533 3709 1690 3765 quem
1714 3694 1759 3751 si
1780 3694 1899 3765 quis
1918 3691 2232 3749 Florentino

665 3790 895 3845 Uticensi
920 3789 1029 3859 jam
1057 3799 1168 3843 tum
1198 3788 1427 3843 fortasse
1447 3795 1659 3842 mortuo
1681 3785 1960 3842 suffectum
1982 3785 2227 3855 objiciat;

664 3896 748 3935 na:
777 3880 865 3935 ille
892 3894 1075 3949 parem
1110 3881 1347 3951 prudens
1375 3881 1668 3934 aestimator
1692 3879 1958 3935 videbitur
1986 3888 2094 3934 tam
2130 3878 2230 3933 ini-

660 3986 886 4037 quorum
914 3979 1233 4041 temporum,
1261 3984 1357 4039 per
1376 3984 1494 4039 qua:
1520 3970 1776 4040 dispersis
1805 3983 2229 4042 quaquaversum

662 4064 1016 4119 Ecclesiarum
1047 4066 1283 4119 omnium
1322 4063 1691 4118 Africanarum
1724 4065 1983 4130 ovilibus;
2034 4079 2099 4120 ac
2139 4078 2232 4119 eo-

662 4170 776 4209 rum
823 4156 907 4209 vel
955 4155 1190 4209 enecatis
1235 4154 1571 4225 pastoribus,
1615 4156 1700 4211 vel
1747 4156 1931 4225 procul
1982 4170 2010 4209 a
2057 4157 2228 4227 patria

660 4246 978 4313 amendatis,
1008 4247 1092 4301 vix
1123 4246 1200 4301 eis
1226 4246 1470 4317 spiritum
1502 4246 1720 4311 ducere,
1754 4247 1949 4302 nedum
1979 4248 2228 4319 gregibus

657 4339 769 4395 suis
800 4337 1095 4408 invigilare,
1125 4346 1217 4392 aut
1246 4338 1513 4408 episcopis
1542 4348 1716 4393 morte
1754 4337 1976 4393 sublatis
2015 4350 2228 4394 succes-

658 4442 808 4484 sores
848 4428 1099 4483 ordinare
1142 4427 1407 4498 integrum
1448 4427 1626 4483 fuerit.
1682 4428 1853 4495 Quam
1898 4442 2103 4483 certum
2144 4436 2227 4484 est

658 4530 831 4575 autem
877 4534 1145 4588 nunquam
1196 4519 1503 4574 Uticensem
1553 4518 1719 4575 fuisse
1751 4520 2016 4575 Victorem
2063 4520 2224 4581 inure.

657 4620 763 4665 tam
809 4617 891 4665 est
941 4608 1295 4664 indubitatum
1343 4608 1612 4665 Vitensem
1660 4610 1823 4666 luisse
1870 4610 2222 4681 episcOpnm:

653 4718 771 4771 qua)
814 4700 1099 4772 provincia:
1128 4700 1425 4771 Byzaeente
1463 4700 1655 4756 civitas
1696 4717 1817 4756 cum
1864 4701 2039 4771 ignota
2082 4714 2227 4759 esset
2252 4689 2307 4749 Ι)

654 4795 1041 4851 recentioribus
1067 4795 1317 4860 librariis,
1341 4795 1417 4850 illi
1442 4796 1692 4850 mendum
1719 4797 1770 4851 in
1793 4796 2027 4867 antiquis
2051 4810 2226 4853 exem-

652 4890 889 4958 plaribus
919 4888 1203 4957 suspicati,
1246 4903 1309 4942 ac
1336 4903 1525 4944 vocum
1562 4890 1738 4945 delusi
1769 4890 2065 4958 affinitate,
2112 4889 2224 4947 Uti-

650 4995 865 5035 ccusem
897 4994 994 5050 pro
1022 4980 1223 5036 Vitensi
1252 4990 1631 5049 reposuerunt.
1675 4982 1735 5037 In
1763 4984 1949 5040 codice
1974 4984 2221 5039 cartusite

652 5071 929 5128 Portarum
961 5088 1063 5129 ms.
1094 5074 1248 5129 bona:
1286 5084 1456 5141 notae,
1504 5076 1621 5144 ipso
1662 5078 1840 5145 cperis
1880 5078 2033 5132 initio
2078 5078 2215 5146 legi:

654 5162 839 5231 Incipit
889 5164 1131 5239 prologus
1178 5165 1230 5218 in
1275 5164 1510 5220 Historia
1555 5170 1918 5236 persecutionis
1960 5169 2220 5240 Africana:

654 5254 787 5306 edita
828 5270 858 5307 a
900 5265 1075 5310 sancto
1103 5255 1305 5311 Victore
1348 5257 1530 5326 patria:
1569 5256 1786 5311 Vitensis
1829 5261 2066 5329 episcopo
2091 5276 2110 5313 .'
2157 5275 2220 5316 ac

653 5346 986 5413 postmodum
1017 5347 1177 5402 incidi
1208 5348 1260 5402 in
1294 5347 1451 5417 hujus
1481 5347 1727 5402 llistcrim
1753 5349 2045 5404 editionem
2072 5351 2220 5405 Pari-

653 5437 883 5491 siensem
913 5440 1036 5492 anni
1067 5439 1223 5507 1541,
1256 5439 1397 5510 typis
1420 5438 1626 5495 Galeoti
1659 5440 1961 5507 Pratensis,
1991 5457 2020 5496 a
2051 5443 2214 5497 Beato

652 5528 910 5582 Rhenano
936 5539 1172 5583 curatam
1193 5570 1208 5596 ,
1247 5531 1300 5585 in
1339 5546 1443 5601 qua
1474 5540 1594 5599 post
1621 5530 2011 5599 prasfationem,
2044 5535 2219 5598 Quon-

651 5620 770 5673 dam
799 5628 1002 5685 oeteres,
1032 5626 1161 5685 etc.,
1199 5622 1442 5690 sequitur
1477 5621 1795 5690 inscriptio:
1830 5622 2065 5677 Historia
2102 5641 2217 5694 per-

651 5712 918 5769 secutionis
943 5712 1199 5782 Africana:
1228 5715 1519 5782 provinciis,
1551 5715 1855 5784 temporibus
1884 5714 2127 5770 Geiserici
2164 5727 2211 5770 et

654 5804 896 5858 llunerici
934 5820 1107 5875 regum
1134 5803 1514 5871 Vandalorum,
1564 5818 1769 5862 auctore
1807 5818 1978 5862 sancto
2005 5808 2209 5864 Victore

652 5900 879 5962 rpiicopo
940 5895 1145 5950 Vitensi.
1200 5894 1261 5951 Ut
1299 5895 1406 5964 jam
1451 5897 1668 5952 minime
1713 5898 1931 5956 dubium
1970 5902 2040 5958 sit
2084 5904 2210 5973 quin

2334 3413 2459 3478 illis,
2500 3414 2855 3469 subdiaconem
2887 3414 3233 3488 Reparatum,
3279 3436 3535 3475 sermones
3576 3422 3768 3491 politos
3806 3425 3903 3478 sine

2333 3506 2439 3560 ulla
2464 3505 2744 3572 o/I'ensione
2770 3510 3051 3576 loquentem
3076 3527 3093 3565 :
3122 3513 3184 3565 ob
3204 3528 3357 3582 quam
3379 3529 3586 3567 causam
3606 3516 3904 3569 venerabilis

2334 3599 2545 3651 nimium
2574 3600 2625 3651 in
2649 3599 2841 3669 palatio
2861 3599 3081 3655 Zenonis
3104 3603 3420 3671 imperatoris
3441 3602 3676 3672 habetur,
3710 3618 3761 3661 et
3783 3624 3905 3677 pra:-

2334 3693 2479 3759 cipue
2527 3692 2703 3762 regina
2750 3693 2878 3745 mira
2928 3708 3043 3747 eum
3088 3697 3365 3749 reverentia
3410 3708 3699 3753 veneratur.
3754 3700 3901 3764 Ecce,

2332 3781 2559 3837 lectores
2602 3796 2728 3837 suos
2773 3782 2996 3849 invitat,
3048 3785 3132 3839 vel
3185 3798 3502 3856 praesentes,
3556 3797 3611 3843 ut
3654 3788 3903 3845 Uraniutn

2334 3875 2565 3945 legatum
2593 3876 3057 3947 Constantinopoli
3104 3878 3155 3932 in
3188 3878 3305 3933 aula
3338 3882 3685 3949 imperatoris
3715 3896 3901 3936 consu-

2334 3966 2472 4031 lant;
2506 3966 2587 4021 vel
2614 3966 2884 4037 absentes,
2916 3976 2976 4022 ut
3004 3969 3527 4040 Constantinopolim
3555 3982 3805 4041 pergant,
3839 3970 3905 4026 ibi

2334 4059 2722 4129 persecutionis
2750 4059 3017 4116 Alricante
3059 4062 3254 4118 seriem
3303 4063 3608 4135 cognituri:
3655 4065 3776 4131 vix,
3822 4074 3905 4118 aut

2334 4151 2477 4206 nulla
2507 4153 2719 4206 ratione
2748 4152 3004 4218 facturus,
3035 4154 3076 4208 si
3110 4169 3216 4209 non
3244 4155 3361 4223 ipse
3391 4165 3499 4209 tum
3528 4155 3728 4211 ibidem
3763 4171 3905 4211 man-

2330 4245 2538 4302 sionem
2570 4245 2810 4301 haberet.
2860 4245 2992 4301 Cum
3030 4248 3193 4317 igitur
3221 4249 3287 4303 ad
3316 4250 3515 4304 calcem
3549 4248 3763 4306 Notitize
3800 4250 3905 4321 epi-

2329 4354 2613 4409 scoporum
2634 4338 3001 4397 Africanorum
3027 4343 3097 4397 ita
3119 4344 3344 4415 colligit:
3363 4344 3563 4398 Corsica
3583 4346 3800 4418 relegati
3818 4345 3899 4410 16,

2330 4431 2671 4501 ΗίεῪεΙεςαιί
2699 4446 2907 4487 numero
2937 4432 3059 4499 502,
3092 4435 3355 4504 posterior
3384 4451 3644 4494 numerus
3671 4438 3741 4495 de
3771 4437 3903 4493 Con-

2328 4522 2726 4593 stantinpolitn
2756 4524 3014 4594 ablegatis
3039 4526 3383 4595 accipiendos
3413 4539 3519 4586 est.

2929 4615 3158 4671 CAPUT
3200 4617 3290 4672 IX.

2640 4705 2762 4761 Fuit
2788 4707 2976 4776 primus
3003 4709 3276 4781 rravincia:
3300 4709 3595 4782 Byzacenae.

2404 4800 2554 4854 Hunc
2578 4800 2748 4871 ipsum
2773 4800 3039 4857 Victorem
3069 4803 3335 4861 \‘iteuseut
3365 4803 3676 4875 episcopum
3725 4807 3902 4861 censui

2333 4892 2614 4961 primatem
2648 4895 2987 4963 postmodum
3016 4894 3178 4950 fuisse
3221 4897 3507 4965 provinrim
3540 4911 3648 4953 sua:
3679 4897 3903 4969 Byzacc-

2330 5002 2441 5052 me,
2467 4970 2627 5056 'rujus
2653 4996 2735 5044 est
2774 4990 2972 5044 mentio
3002 4990 3054 5044 in
3089 4989 3205 5044 Vita
3234 4990 3291 5047 S.
3327 4991 3589 5060 Fulgentii
3610 5033 3625 5057 ,
3666 4995 3735 5047 ab
3758 5009 3824 5049 eo
3853 4995 3900 5046 in

2329 5079 2637 5149 episcopum
2668 5080 3001 5150 Ruspensem
3043 5081 3279 5137 ordinari
3314 5082 3471 5152 jussi.
3504 5082 3612 5138 Nec
3645 5084 3797 5138 vanis
3826 5084 3902 5137 in-

2328 5169 2503 5224 diciis.
2528 5170 2659 5224 Nam
2684 5170 2776 5241 (ut
2802 5170 2868 5225 ad
2893 5170 3224 5226 Ferrandum
3247 5172 3488 5242 pluribus
3516 5171 3902 5241 explicuimus)

2328 5261 2379 5313 in
2422 5260 2629 5324 Africa,
2671 5271 2825 5317 extra
2881 5264 3209 5331 provinciam
3262 5266 3697 5333 proconsularem
3750 5267 3902 5335 cujus

2326 5361 2489 5418 caput
2530 5350 2829 5421 Carthago,
2862 5367 3007 5424 vago
3048 5362 3203 5409 erant
3248 5369 3311 5409 ac
3362 5356 3669 5411 desultoria:
3716 5358 3901 5426 prima:

2326 5440 2517 5507 sedes,
2549 5450 2605 5497 et
2645 5443 2910 5499 seniorem
2959 5443 3217 5513 cujusque
3257 5445 3546 5515 provincia:
3587 5446 3899 5515 episcopum

2326 5533 2730 5603 sequebantur:
2764 5537 3057 5601 seniorem,
3098 5538 3311 5608 inquam
3337 5582 3350 5606 ,
3409 5554 3515 5594 non
3568 5549 3759 5605 aetate,
3804 5540 3899 5595 sed

2324 5627 2661 5694 promotione
2689 5626 2803 5683 sive
2827 5628 3196 5697 ordinatione;
3228 5630 3317 5701 qui
3366 5630 3567 5686 ideirco
3608 5632 3753 5687 senis
3805 5647 3897 5700 ap-

2323 5719 2611 5788 pellatione
2647 5721 2911 5790 designari
2943 5722 3181 5788 solebat;
3215 5722 3349 5779 adeo
3380 5732 3438 5778 ut
3478 5724 3780 5793 promiscue
3810 5732 3899 5775 aut

2322 5826 2488 5865 scncx
2512 5854 2525 5879 ,
2558 5822 2648 5868 aut
2675 5827 2783 5868 sine
2818 5813 3107 5882 provincia:
3139 5816 3336 5883 primas
3357 5855 3370 5880 ,
3409 5823 3501 5869 aut
3541 5815 3729 5882 prima:
3755 5812 3897 5867 sedis

2326 5901 2607 5973 episcopus
2648 5914 3063 5976 nuncuparetur.
3107 5904 3222 5961 lam
3253 5905 3330 5962 sic
3361 5905 3665 5963 ratiocinor.
3699 5904 3891 5961 Notitia
