4086 6328
237 380 323 437 155

234 491 476 561 Byzacena
505 491 611 538 tres
640 481 858 535 omnino
890 479 1131 536 Victores
1170 481 1452 549 episcopos
1480 495 1779 550 repraesen-
1805 484 1861 543 Α

233 590 296 638 tat
322 597 332 630 :
356 575 624 631 Narensem
658 576 816 631 tertio
840 574 1053 631 decimo
1082 575 1224 642 loco,
1258 574 1518 630 Vitensem
1542 585 1694 629 sexto
1723 584 1778 631 et

228 668 644 744 quadragesimo,
692 664 868 737 primo
910 676 963 722 et
1002 666 1298 722 centesimo
1348 665 1773 721 Gauvaritanum.

228 764 406 821 Christi
434 750 571 817 anno
594 746 723 826 48?,
746 776 851 839 quo
878 759 1149 815 scribebat
1175 759 1357 814 Victor
1388 759 1620 815 Vitensis
1641 801 1656 825 ,
1685 759 1780 817 de-

226 874 327 913 cem
348 857 454 925 jain
488 838 680 908 sublati
712 863 864 909 erant
892 868 958 907 ex
982 851 1250 921 episcopis
1278 852 1600 922 Bysacenis,
1634 851 1780 922 iique

224 942 243 1022 “(
263 960 311 1005 ιιι
338 944 722 1015 verosimilius)
754 944 994 1000 seniores
1023 953 1183 1014 atque
1213 942 1536 999 inﬁrmiores
1567 961 1579 996 :
1611 944 1702 1015 qui
1732 943 1778 998 si

223 1041 363 1113 primi
392 1038 574 1094 decem
618 1036 866 1103 fuerunt,
912 1051 1049 1106 quos
1078 1045 1325 1091 recenset
1365 1034 1591 1100 Notitia;
1622 1050 1685 1089 ex
1715 1049 1780 1089 eo

223 1130 386 1186 Victor
405 1124 658 1184 Narensis
681 1128 732 1183 in
760 1128 961 1197 reliqua
983 1126 1359 1197 episcoporum
1389 1128 1530 1182 serie
1564 1126 1779 1181 tertium

217 1228 403 1292 locum,
449 1220 684 1277 Vitensis
732 1221 1060 1291 trigesimum
1094 1230 1339 1295 sextum,
1390 1216 1782 1274 Guuvaritanus

219 1324 428 1391 primum
477 1329 530 1376 et
579 1317 983 1388 nonagesimum
1016 1315 1266 1370 obtinuit.
1293 1306 1410 1370 lam
1443 1328 1606 1379 vero,
1653 1313 1783 1368 satis

214 1419 427 1477 constat,
458 1406 689 1463 Victoris
718 1405 961 1477 primatis
989 1405 1245 1477 Byzaceni
1276 1403 1528 1458 mandato
1551 1402 1784 1474 Fulgen-

215 1507 329 1559 tiuin
354 1503 723 1572 Ruspensihus
748 1500 1053 1555 ordinatum
1082 1498 1389 1568 episcopum
1418 1513 1562 1551 anno
1584 1496 1781 1551 Christi

212 1597 326 1661 507,
372 1594 630 1650 vicesimo
670 1609 812 1647 anno
853 1600 972 1661 post
993 1590 1115 1646 487.
1155 1587 1255 1644 Per
1284 1588 1381 1643 hos
1410 1572 1569 1660 igitur
1598 1589 1786 1658 viginti

210 1702 366 1742 annos
397 1687 558 1756 longe
588 1694 671 1740 est
709 1683 1035 1755 probabilius
1062 1681 1260 1736 obiisse
1289 1698 1352 1737 ex
1380 1681 1645 1751 epise0pis
1677 1680 1783 1750 By-

1561 365 2060 426 PROLEGOMENA
2071 406 2085 422 .

2522 280 2547 289 ο...

3360 380 3457 437 154

2499 486 2727 542 CAPUT
2773 487 2853 544 XI.

1883 572 1937 628 Η
1942 576 2135 631 unerici
2172 579 2532 655 persecutionis
2561 589 2788 649 tempus,
2820 585 3029 655 ejusque
3058 586 3335 642 edictorum
3361 589 3457 644 ad-

1950 662 2121 731 versus
2148 647 2459 731 catholicos;
2507 652 2639 705 inter
2663 647 2779 719 qua:
2807 647 3037 711 ominosa
3073 657 3197 712 solis
3243 660 3459 731 defectio

1950 718 2120 772 media
2142 718 2441 773 intercessit.

1957 850 2278 908 IIunericum
2331 864 2607 911 cruentam
2640 857 2862 915 bestiam
2915 860 3075 919 docet
3128 880 3227 921 nos
3281 866 3459 923 Victor

1884 937 2020 996 libro
2053 958 2089 997 ιι
2114 944 2353 1000 saeviis-se
2386 960 2487 1016 qua
2511 946 2567 1001 in
2590 948 2932 1017 Maulcbteoe,
2956 967 3059 1019 qua
3084 955 3135 1008 in
3160 968 3285 1010 suos
3308 958 3457 1011 Aria.

1887 1046 1985 1085 nos
2014 1049 2105 1101 per
2144 1034 2363 1104 quinque
2406 1053 2564 1091 annos
2594 1040 2670 1093 vel
2691 1038 2911 1110 amplius
2940 1056 2959 1096 :
2988 1041 3110 1098 inde
3138 1060 3296 1114 porro
3327 1064 3459 1104 cou—

1887 1139 2102 1180 versum
2144 1128 2261 1196 ejus
2309 1128 2545 1185 furorem
2576 1134 2627 1186 in
2658 1133 3007 1190 orthodoxos.
3054 1136 3196 1193 Idem
3248 1138 3385 1196 libro
3428 1157 3461 1195 τ

1885 1217 2065 1273 multis
2109 1217 2369 1276 describit
2398 1224 2590 1278 famem
2621 1238 2683 1279 ac
2714 1224 2853 1281 luem
2882 1242 3002 1297 quae
3039 1228 3273 1284 Africam
3297 1229 3463 1300 depo-

1886 1307 2079 1375 pulatae
2106 1318 2247 1375 sunt,
2283 1311 2474 1367 saltem
2500 1313 2568 1367 ab
2593 1321 2780 1370 testate
2809 1317 2934 1370 anni
2966 1319 3139 1372 octavi
3185 1318 3459 1387 Iluuerici,

1886 1400 2086 1481 Christi
2118 1402 2241 1457 484.
2276 1404 2390 1471 Qua
2421 1406 2678 1463 saeviente
2704 1408 2877 1477 clade,
2909 1410 3140 1465 cessavit
3164 1412 3465 1481 persecutio

1885 1472 2280 1551 citholicorum
2325 1497 2393 1552 ab
2446 1497 2687 1567 Arianis,
2741 1517 2875 1571 quos
2924 1501 3127 1558 fecerat
3167 1498 3467 1561 communis

1886 1589 2166 1644 calamitas
2187 1590 2253 1644 de
2275 1606 2369 1646 sua
2400 1592 2637 1661 ipsorum
2660 1593 2834 1650 salute
2859 1595 3150 1662 sollicitos;
3174 1608 3299 1652 tunc
3319 1598 3467 1653 enim

1890 1694 1985 1735 rex
2015 1681 2130 1751 ipse
2160 1681 2459 1739 Ilunericus
2487 1685 2507 1755 (
2532 1694 2588 1740 ut
2618 1687 2692 1740 ait
2720 1686 2960 1758 Victor),
2995 1690 3099 1743 suis
3120 1691 3391 1759 provinciis
3418 1696 3469 1746 et

210 1778 405 1835 zacenis
434 1779 679 1849 quinque
698 1784 754 1831 et
779 1774 994 1845 triginta
1024 1774 1111 1842 qui
1138 1773 1340 1829 Victori
1369 1772 1594 1838 Vitensi,
1623 1768 1784 1837 quam
1844 1842 1847 1845 Δ
1890 1772 2121 1825 domibus
2153 1773 2380 1844 singulos
2409 1776 2635 1829 revocari
2655 1778 2836 1847 jussit.
2865 1780 2997 1833 Cum
3048 1778 3210 1851 igitur
3239 1781 3461 1837 Huneri-

207 1872 331 1928 duos
358 1882 567 1927 tantum
600 1870 689 1941 qui
720 1868 945 1923 Narensi
987 1877 1078 1921 aut
1123 1866 1345 1923 omnino
1376 1865 1662 1935 nonaginta
1693 1863 1785 1933 qui
1816 1852 1863 1914 B
1890 1877 1985 1919 cus
2030 1876 2219 1919 octavo
2250 1867 2398 1935 regni
2437 1868 2519 1923 sui
2562 1883 2705 1924 anno
2732 1869 2800 1925 ad
2831 1870 2988 1926 linem
3017 1883 3270 1943 vergente
3297 1873 3469 1929 inter-

210 1964 396 2020 Victori
425 1962 796 2019 Gauvaritano
821 1960 1084 2015 decedere
1126 1958 1445 2029 potuissent.
1478 1958 1591 2026 Qua
1621 1957 1785 2011 ratio-

207 2056 462 2112 cinatione
494 2055 758 2126 conjieio,
789 2054 1039 2109 eumdem
1078 2066 1198 2107 esse
1221 2051 1485 2107 Victorem
1515 2050 1786 2106 Vitensem

206 2150 505 2222 episcopum
551 2164 584 2203 a
633 2144 741 2219 quo
774 2145 1162 2217 persecutionis
1208 2143 1473 2199 African-.c
1518 2142 1787 2211 descripta

205 2251 279 2296 est
313 2241 552 2297 Historia
576 2282 593 2308 ,
640 2239 729 2311 qui
774 2246 830 2295 et
875 2237 1059 2309 viginti
1106 2245 1225 2308 post
1260 2236 1416 2293 annis
1452 2235 1550 2291 fuit
1590 2235 1789 2305 primas

204 2333 529 2407 Byzacenus.

832 2412 1055 2479 CAPUT
1095 2414 1161 2477 Χ.

199 2558 579 2632 Chronologica
612 2557 857 2614 Geiserici
882 2567 929 2613 et
956 2556 1201 2612 Hunerici
1229 2570 1497 2629 regnorum
1525 2553 1785 2625 periodus.

260 2697 597 2767 Carthagine
634 2695 837 2766 potitur
864 2693 1199 2761 Geisericus,
1231 2690 1537 2747 Theodosio
1565 2688 1705 2745 XVII
1735 2697 1791 2745 et

190 2787 345 2843 Festo
391 2802 555 2843 coss.
583 2800 649 2841 ex
683 2784 949 2855 Prospero
975 2794 1027 2841 ct
1054 2782 1363 2839 Marcellino
1395 2782 1445 2837 in
1476 2781 1752 2837 Chronicis
1773 2820 1788 2847 ,

197 2879 294 2937 hoc
325 2892 445 2948 est,
479 2895 633 2935 anno
663 2878 860 2934 Christi
888 2872 1011 2933 459.
1042 2872 1186 2933 Idem
1221 2875 1385 2932 refert
1426 2874 1623 2930 ldatins
1651 2889 1792 2929 anno

192 2972 414 3028 Placidii
451 2971 847 3037 Valentiniani,
880 2986 975 3025 seu
999 2970 1289 3025 Theodosii
1320 2969 1557 3023 iunioris
1579 2984 1793 3022 monar-

194 3062 322 3118 chia:
357 3065 450 3120 15.
486 3063 601 3118 Nec
627 3062 840 3117 aberrat
872 3061 1226 3131 fragmentum
1255 3063 1621 3131 Augustauum
1649 3059 1795 3129 quod

190 3156 358 3213 edidit
411 3158 689 3212 Henricus
728 3155 974 3211 Canisius
1023 3167 1143 3228 post
1188 3156 1490 3211 Chronicon
1543 3155 1787 3222 Tironis,

1894 1956 2034 2016 ierit.
2070 1957 2151 2012 vel
2179 1958 2305 2013 hinc
2335 1959 2460 2014 licet
2487 1959 2764 2030 colligere,
2798 1960 2913 2031 ejus
2943 1963 2997 2016 in
3028 1963 3322 2020 catholicos
3349 1979 3469 2033 per-

1891 2050 2223 2105 secutionem
2254 2049 2392 2105 haud
2422 2052 2645 2106 multum
2675 2066 2834 2122 supra
2878 2052 3014 2109 duos
3049 2066 3227 2109 annos
3272 2054 3473 2111 solidos

1896 2142 2162 2209 tenuisse;
2195 2158 2390 2213 nempe
2422 2152 2533 2199 toto
2560 2159 2701 2199 anno
2725 2145 2873 2215 regni
2899 2147 3151 2215 septimo,
3172 2161 3294 2202 cum
3320 2157 3477 2217 parte

1891 2233 2014 2286 anni
2059 2234 2219 2300 sexti,
2250 2243 2303 2289 et
2329 2243 2480 2304 parte
2507 2233 2705 2289 octavi.
2732 2235 2884 2291 Nunc
2914 2235 3186 2292 reddenda
3212 2246 3338 2291 sunt
3360 2239 3473 2293 suis

1892 2327 2220 2396 temporibus
2259 2330 2366 2383 duo
2408 2328 2525 2397 ejus
2565 2327 2773 2392 edicta,
2824 2343 3052 2400 quorum
3094 2331 3242 2398 prius
3269 2329 3369 2385 iuit
3403 2330 3481 2386 de

1891 2421 2143 2475 omnibus
2169 2420 2364 2476 Africa:
2394 2412 2660 2491 episcOpis
2693 2419 3072 2492 Carthaginem
3118 2422 3473 2477 convocandis

1892 2511 1959 2565 ad
1982 2511 2234 2568 ealcudas
2258 2511 2578 2567 Februarias
2598 2512 2723 2567 anni
2746 2513 2779 2568 8
2807 2512 3056 2567 Hunerici
3086 2513 3248 2583 regis,
3274 2512 3473 2568 Christi

1896 2602 2022 2659 484.
2058 2602 2328 2659 Posterius
2358 2605 2425 2660 de
2461 2604 2775 2661 claudendis
2814 2606 3092 2672 ecclesiis,
3141 2606 3323 2661 datum
3370 2606 3471 2662 Fe-

1894 2694 2113 2750 bruario
2139 2696 2263 2751 anni
2293 2696 2533 2766 ejusdem
2565 2697 2695 2754 484.
2726 2696 2881 2754 Prius
2908 2698 3123 2769 quidem
3151 2712 3294 2753 anno
3320 2697 3472 2769 regni

1895 2785 2147 2842 Ilunerici
2192 2787 2225 2841 8
2246 2828 2261 2852 ,
2307 2788 2506 2844 Christi
2546 2789 2678 2857 485,
2705 2788 2794 2846 die
2822 2790 3165 2847 Ascensionis
3189 2790 3473 2846 dominicas

1897 2879 2290 2949 promulgatum
2324 2889 2438 2944 est.
2482 2896 2551 2936 ex
2597 2881 2735 2937 libro
2781 2882 3038 2938 secundo.
3074 2883 3152 2937 Ex
3182 2882 3269 2939 die
3293 2892 3472 2939 autem

1896 2974 2339 3044 promulgationis
2368 2974 2701 3030 emendanda
2721 2986 2803 3032 est
2820 2976 2937 3031 dies
2953 2976 3132 3032 edicto
3146 2977 3470 3046 subscripta,

1898 3084 1990 3124 sin
2021 3068 2277 3124 calendas
2317 3067 2533 3134 lunias,
2566 3067 2666 3124 hoc
2696 3077 2809 3136 est,
2840 3068 2961 3123 Maii
2993 3068 3194 3125 mensis
3217 3067 3307 3123 20.
3340 3068 3472 3124 Nam

1896 3174 1964 3216 eo
1992 3174 2135 3214 anno
2163 3159 2351 3216 incidit
2379 3158 2582 3216 Pascha
2613 3160 2665 3215 in
2691 3160 2758 3215 10
2787 3159 3015 3231 Aprilis.
3042 3160 3299 3217 Ascensio
3323 3160 3376 3216 in
3406 3161 3473 3216 19

191 3256 338 3303 tonio
377 3248 418 3300 V
452 3248 611 3303 Lect.
636 3246 888 3318 antiqute,
914 3225 1037 3318 pag.
1062 3248 1185 3313 161,
1212 3256 1525 3317 occupatam
1549 3262 1577 3301 a
1608 3246 1791 3303 Ceise—
1816 3225 1863 3291 ο
1895 3253 2036 3309 Maii.
2069 3251 2348 3321 Quomodo
2385 3266 2515 3322 ergo
2564 3251 2776 3322 publice
2821 3225 2877 3306 in
2917 3250 3146 3307 ecclesia
3172 3250 3363 3306 lectum
3391 3260 3473 3307 est

184 3340 295 3397 rico
326 3339 729 3411 Carthaginem
778 3350 996 3407 notans,
1032 3340 1087 3393 P.
1118 3339 1179 3394 C.
1217 3338 1501 3395 Theodosii
1546 3340 1688 3396 XVII
1736 3351 1792 3398 et

184 3432 329 3488 Festi
386 3449 401 3485 :
459 3446 590 3487 cum
640 3432 755 3487 haec
809 3430 1035 3487 formula
1088 3431 1396 3487 enuntiandi
1450 3434 1789 3503 consulatus,

181 3530 448 3585 eumdem
500 3542 719 3583 sensum
768 3527 963 3582 habeat
1009 3542 1129 3582 cum
1174 3527 1263 3581 illa
1313 3527 1522 3597 vulgata
1561 3543 1663 3598 qua
1709 3529 1794 3583 usi

179 3629 308 3675 sunt
339 3619 603 3686 Prosper
631 3626 687 3671 et
710 3616 1081 3680 Marcellinus,
1109 3617 1182 3669 uti
1212 3614 1541 3672 ostendimus
1573 3620 1622 3671 in
1647 3617 1796 3673 Notis

176 3711 394 3768 nostris
458 3706 535 3759 ail
587 3708 747 3765 vitam
781 3706 839 3763 S.
887 3705 1181 3776 Fulgentii,
1230 3712 1449 3765 auctore
1502 3707 1794 3763 Ferrando.

175 3804 335 3869 Quod
388 3813 541 3870 ergo
565 3798 704 3869 apud
741 3792 1005 3853 Victorem
1038 3798 1251 3868 legitur,
1275 3798 1367 3855 lib.
1403 3814 1415 3852 ι
1447 3798 1513 3854 de
1540 3798 1798 3855 Persecu-

175 3895 327 3950 tione
354 3890 669 3954 Africana,
715 3898 927 3959 captam
973 3903 1001 3942 a
1048 3884 1319 3944 Geiserico
1346 3889 1598 3956 Romam,
1648 3891 1797 3960 regni

174 3986 298 4054 ejus
344 3995 514 4038 anno
548 3979 648 4044 15,
675 3978 743 4035 de
771 3979 928 4033 annis
970 3979 1250 4047 coinpletis
1280 3979 1644 4048 accipiendum
1689 3991 1790 4037 est.

175 4077 425 4133 Romam
464 4075 618 4130 enim
647 4072 924 4142 occupavit
951 4070 1258 4127 Geisericus
1288 4072 1655 4128 Valentiniano
1686 4072 1797 4131 VIII

178 4178 232 4223 et
278 4160 606 4223 Anthemio
635 4177 811 4231 eoss.,
858 4162 960 4219 hoc
1002 4172 1116 4228 est,
1158 4179 1299 4218 anno
1329 4164 1527 4219 Christi
1556 4164 1689 4231 455,
1730 4180 1795 4220 ex

178 4260 503 4330 Prospero,
538 4255 849 4312 Marcellino
875 4264 928 4310 et
953 4254 1071 4309 aliis
1098 4253 1518 4325 chronographis
1543 4271 1558 4308 :
1581 4265 1636 4311 et
1676 4256 1795 4326 qni-

178 4354 306 4410 dem
340 4350 505 4406 haud
543 4348 712 4404 multo
737 4356 859 4419 post
886 4347 1170 4403 Maximum
1216 4349 1385 4417 pridie
1411 4349 1528 4404 idus
1552 4349 1738 4405 Iunias
1765 4366 1803 4413 a,

179 4445 297 4500 suis
330 4441 619 4499 occisum.
652 4440 748 4495 Hic
776 4447 893 4495 erat
919 4454 1091 4494 annus
1120 4440 1267 4509 regni
1295 4441 1551 4496 Geiserici
1580 4442 1797 4512 quintus

179 4538 445 4594 decimus
477 4541 735 4594 exactus.
787 4542 841 4587 et
884 4532 1069 4588 labens
1115 4532 1353 4588 decimus
1397 4543 1602 4589 sextus.
1644 4534 1796 4589 Diem

1897 3345 2130 3402 edictum
2164 3343 2229 3400 19
2249 3384 2265 3410 ,
2298 3343 2342 3399 si
2369 3352 2574 3397 tantum
2602 3342 2859 3412 postridie
2879 3380 2896 3408 ,
2922 3357 3115 3412 nempe
3142 3342 3228 3396 die
3259 3341 3378 3396 Maii
3403 3342 3475 3397 20

1896 3436 2074 3490 datum
2102 3434 2514 3504 confectumque
2535 3433 2653 3488 est?
2677 3433 2929 3487 Putamus
2959 3432 3120 3502 igitur
3145 3430 3326 3487 datum
3358 3431 3472 3502 ipsa
3524 3420 3529 3425 ’

1896 3527 1985 3581 die
2010 3526 2375 3595 Ascensionis,
2405 3541 2493 3580 inv
2513 3524 2764 3581 calendas
2787 3523 2999 3593 Iunias,
3028 3524 3112 3578 vel
3136 3532 3282 3579 certe
3311 3524 3473 3580 biduo

1897 3624 2062 3680 ante,
2103 3616 2204 3670 hoc
2246 3624 2331 3671 est
2374 3630 2471 3670 xvi
2500 3615 2786 3678 calendas;
2838 3623 2896 3668 ut
2944 3604 3201 3669 numerus
3241 3630 3333 3669 sui
3374 3630 3473 3684 p'o

1901 3721 1987 3759 xiv
2019 3704 2104 3760 vel
2142 3720 2227 3759 ινι
2273 3705 2577 3773 irrepserit,
2613 3702 2755 3757 facili
2798 3710 2937 3757 uota:
2971 3716 3002 3756 v
3042 3701 3096 3758 in
3138 3718 3175 3757 ιι
3209 3710 3475 3757 trausmu~

1903 3797 2124 3853 tatione.
2153 3796 2235 3851 Ab
2258 3811 2324 3851 eo
2352 3810 2477 3850 vero
2509 3803 2748 3864 tempore
2776 3793 2841 3849 ad
2870 3794 3120 3850 calendas
3152 3794 3472 3850 Februarias

1900 3892 2025 3946 anni
2064 3892 2171 3946 484
2199 3890 2465 3944 ﬂuxerunt
2504 3898 2696 3943 novem
2730 3884 2844 3943 fere
2874 3887 3033 3943 solidi
3062 3902 3293 3943 menses.
3323 3887 3474 3943 Unde

1900 3996 2002 4036 vox
2034 3988 2209 4036 novent
2248 3994 2311 4034 ex
2342 3978 2579 4035 editione
2598 3976 2930 4045 Coloniensi,
2958 3989 3013 4036 et
3041 3995 3104 4035 ex
3132 3979 3316 4036 codice
3345 3978 3474 4035 Por-

1903 4081 2073 4127 tarutn
2120 4087 2149 4125 a
2191 4071 2345 4126 nobis
2375 4069 2512 4125 haud
2545 4071 2729 4126 timide
2776 4073 3024 4127 restituta
3070 4082 3154 4127 est
3199 4072 3252 4127 in
3298 4072 3473 4128 locum

1900 4163 2060 4219 edicti
2094 4163 2440 4232 posterioris,
2486 4161 2742 4217 hactenus
2773 4163 2825 4216 in
2867 4164 3094 4233 vulgatis
3131 4173 3471 4234 corruptum,

1902 4253 1992 4323 qui
2018 4253 2093 4308 sic
2121 4268 2177 4307 se
2202 4253 2362 4308 habet
2392 4274 2401 4305 :
2440 4251 2779 4307 Postmodum
2809 4255 3068 4309 universos
3095 4265 3292 4309 constat
3318 4258 3476 4327 [nisse

1902 4345 2231 4398 commonitos
2250 4384 2265 4408 ,
2314 4346 2481 4411 spatio
2523 4346 2762 4414 temporis
2787 4355 3076 4418 pi'ierogato
3107 4350 3351 4403 mensium
3381 4366 3475 4402 no-

1901 4452 2008 4491 vem
2039 4452 2275 4506 novaeque
2298 4436 2635 4491 contentionis
2675 4437 2747 4507 (si
2779 4437 2902 4508 quid
2923 4438 2991 4491 ad
3015 4455 3188 4493 eorum
3210 4451 3473 4511 propesita

1903 4538 2067 4598 posset
2099 4528 2317 4599 aptari),
2352 4539 2405 4581 nt
2434 4528 2503 4582 ad
2540 4529 2782 4583 calendas
2814 4527 3124 4587 Februarias
3164 4534 3287 4587 anni
3316 4535 3477 4587 octavi

180 4634 342 4687 etiam
378 4634 576 4700 capta:
602 4624 936 4697 Carthaginis
964 4628 1270 4695 exprimunt
1299 4627 1493 4695 iidem,
1543 4627 1793 4699 Prosper,
1824 4594 1881 4669 ι)
1903 4623 2043 4693 regni
2065 4624 2223 4676 nostri
2243 4666 2257 4689 ,
2297 4624 2408 4676 sine
2446 4634 2579 4676 metu
2608 4624 2781 4691 aliquo
2810 4626 3149 4679 convenirent.
3178 4625 3362 4680 Datum
3395 4637 3479 4679 est

176 4724 427 4787 lelatius,
456 4727 522 4775 et
549 4727 738 4774 auctor
759 4717 1040 4789 fragmenti
1072 4720 1397 4789 Augustani,
1429 4735 1520 4774 xw
1547 4720 1800 4777 calendas

174 4814 563 4879 Novembris;
597 4821 657 4867 ut
679 4812 855 4866 mendi
886 4812 1120 4879 suspicio
1141 4811 1207 4865 sit
1236 4812 1374 4879 apud
1407 4810 1795 4878 Marcellinum,

175 4914 265 4968 ubi
319 4910 554 4983 legitur
580 4923 616 4964 ι
646 4906 919 4964 calendas.
947 4906 1023 4960 Ex
1053 4918 1115 4960 ea
1146 4905 1235 4961 die
1264 4902 1445 4975 Victor
1478 4905 1708 4959 Vitensis
1732 4904 1800 4958 ad

175 5006 348 5060 linem
402 5002 557 5059 libri
605 5016 621 5056 t
670 5006 918 5055 numerat
960 4998 1107 5067 regni
1148 4997 1405 5053 Geiserici
1449 5011 1618 5051 annos
1650 4997 1717 5051 '57
1748 5006 1803 5052 et

174 5112 412 5153 menses
449 5105 606 5159 tres;
631 5092 823 5162 quibus
850 5091 903 5146 in
931 5088 1231 5161 fragmento
1259 5082 1569 5161 Augustano
1597 5086 1801 5145 addun-

177 5197 266 5243 tur
299 5188 435 5243 dies
483 5198 610 5240 sex.
635 5182 692 5240 Si
722 5197 752 5238 a
779 5182 846 5239 19
870 5181 1116 5239 Octobris
1143 5183 1267 5237 anui
1299 5181 1404 5238 459
1434 5195 1685 5237 numeres
1709 5198 1803 5236 an-

173 5294 303 5347 nos,
323 5280 406 5334 '57
435 5282 671 5333 menses
688 5284 801 5330 tres
823 5274 1161 5337 tricenarios,
1191 5283 1245 5329 et
1266 5274 1379 5329 dies
1406 5286 1524 5342 Sex,
1549 5274 1801 5344 conjicies

177 5367 470 5425 Geiserici
509 5364 717 5421 obitum
745 5364 798 5420 in
827 5379 1024 5419 annum
1055 5363 1181 5428 477,
1211 5364 1353 5420 diem
1386 5364 1586 5421 mensis
1606 5365 1801 5421 Janua-

174 5463 245 5517 rii
276 5465 379 5518 15.
413 5459 577 5517 Hinc
619 5473 780 5527 porro
808 5456 943 5512 adde
976 5472 1096 5512 cum
1137 5456 1351 5513 VictOre
1380 5458 1581 5515 Vitensi
1604 5500 1618 5523 .
1652 5460 1800 5529 regni

178 5551 468 5607 Iluuerici
501 5561 680 5604 annos
704 5550 756 5614 7,
790 5561 1002 5603 menses
1037 5548 1106 5602 10
1136 5546 1478 5616 tricenarios,
1507 5558 1559 5605 et
1589 5552 1804 5620 insuper

175 5659 247 5699 ex
290 5643 633 5713 fragmento
671 5641 981 5710 Augustauo
1008 5638 1122 5695 dies
1150 5639 1249 5705 '18;
1281 5638 1488 5694 videbis
1533 5640 1683 5695 illum
1724 5641 1802 5695 in-

180 5740 416 5793 teriisse
451 5748 610 5789 anno
628 5734 875 5803 regnisui
901 5739 1088 5788 octavo
1114 5746 1248 5803 pene
1277 5735 1544 5801 completo
1599 5731 1800 5789 Cliristi

177 5832 319 5904 ΔΜ,
353 5831 462 5889 die
496 5827 540 5884 6
561 5827 883 5885 Decembris.

1904 4723 2079 4768 autem
2135 4714 2365 4767 edictum
2423 4710 2525 4765 hoc
2575 4713 2841 4780 posterius
2897 4713 3038 4780 quod
3104 4713 3239 4767 libro
3289 4726 3479 4783 quarto

1904 4801 2229 4870 continetur,
2262 4817 2311 4856 VI
2346 4800 2599 4855 calendas
2627 4800 2864 4864 Martias,
2897 4799 3136 4870 adeoque
3165 4803 3279 4871 ipso
3312 4804 3477 4855 inter-

1906 4892 2069 4947 calari
2109 4890 2196 4947 die
2238 4888 2362 4946 anni
2403 4893 2507 4947 484
2559 4890 2889 4956 hissextilis;
2936 4892 3088 4961 cujus
3140 4891 3243 4946 dici
3296 4893 3476 4947 infelix

1908 5000 2027 5041 esse
2056 4972 2211 5041 omen
2255 4986 2515 5056 majorum
2554 4985 2736 5056 opinio
2777 4984 2904 5051 fuit,
2958 4988 3039 5041 vel
3075 4995 3210 5041 teste
3245 4986 3478 5041 Valenti-

1906 5078 2094 5145 niano,
2144 5077 2228 5146 qui
2274 5091 2414 5132 anno
2452 5076 2558 5133 564
2604 5078 2847 5147 proximo
2879 5086 2996 5147 post
3036 5076 3361 5132 biSreXlliCtll
3392 5080 3477 5136 die

1904 5172 2043 5244 apud
2091 5172 2321 5228 Nicaeam
2372 5172 2663 5242 imperator
2701 5172 3053 5239 levatus‘est,
3085 5187 3204 5227 cum
3234 5172 3478 5229 bissexti-

1907 5267 2010 5323 lem
2064 5267 2237 5336 ipsum
2283 5267 2433 5335 quasi
2474 5266 2775 5322 ominosum
2807 5266 3165 5337 declinasset,
3199 5276 3254 5321 ut
3293 5270 3478 5323 seiihit

1906 5360 2219 5417 Ammianus
2247 5358 2382 5413 libro
2413 5368 2538 5413 xui

1976 5453 2081 5509 Sed
2113 5464 2161 5508 et
2193 5468 2287 5523 per
2324 5468 2385 5508 ea
2420 5464 2658 5522 tempora
2705 5451 3003 5506 ominosum
3036 5454 3165 5509 solis
3188 5456 3476 5527 deliquium

1908 5554 2173 5601 memorat
2221 5541 2511 5614 Gregorius
2550 5542 2885 5597 Turonensis
2916 5542 3009 5601 lib.
3043 5560 3079 5599 II
3121 5546 3256 5601 Ilist.
3286 5546 3477 5602 Frauc.

1907 5652 2026 5707 cap.
2060 5638 2094 5691 5
2128 5654 2139 5689 :
2169 5632 2331 5701 Tunc,
2360 5635 2548 5703 inquit,
2576 5643 2623 5688 et
2650 5634 2729 5687 sol
2759 5642 2882 5688 teter
2911 5638 3173 5703 apparuit,
3206 5636 3275 5690 ita
3308 5646 3364 5689 ut
3395 5638 3477 5692 vix

1909 5732 1975 5786 ab
2014 5746 2080 5785 eo
2132 5728 2255 5799 pars
2299 5730 2380 5782 vel
2412 5728 2565 5783 tertia
2612 5727 2868 5783 eluccrct.
2902 5730 3073 5785 Credo
3125 5746 3297 5797 uaniqe
3323 5744 3351 5781 e
3385 5746 3416 5796 ιι
3450 5745 3479 5779 ιι

1912 5822 2072 5877 tantis
2112 5819 2402 5876 sceleribus
2447 5830 2499 5875 et
2549 5817 2808 5877 en‘usione
2854 5823 3122 5892 sanguinis
3154 5818 3478 5875 innocentis.
