4086 6328
644 306 751 367 1'55
1976 297 2221 355 VICTOR
2267 298 2597 359 VITENSIS.
3797 313 3871 374 εδδ

640 423 793 495 Quod
823 422 1152 481 noviluuium
1198 416 1502 486 eclipticum
1537 414 1676 470 inter
1705 412 1984 468 barbarica
2016 412 2121 467 duo
2146 414 2233 467 illa
2264 416 2316 474 Α
2346 413 2433 467 diu
2466 390 2789 484 Carthagine
2819 416 3148 473 restitisset?
3179 417 3358 475 Placet
3386 433 3511 491 ergo
3540 420 3689 479 lectio
3709 424 3872 486 codicis

641 523 814 576 edicta
847 518 1080 573 medium
1106 513 1363 577 fuit,cum
1386 508 1739 564 eveneritdie
1766 508 1965 561 mensis
1994 506 2253 561 Januarii
2337 506 2648 573 Portarum,
2695 517 2749 562 et
2800 509 3052 565 editionis
3105 512 3446 567 Coloniensis
3502 525 3735 585 vetustae,
3780 538 3872 590 qua

646 614 740 679 II,
773 622 825 667 et
853 606 1271 681 potuitspectat‘i
1306 603 1652 673 Carthagine,
1678 601 1826 655 horis
1849 598 2227 655 attlctueridia-
2312 601 2477 657 hunc
2530 601 2703 687 habet.
2740 604 3053 673 episcopum
3102 604 3577 676 Carthaginensem
3600 651 3613 676 ,
3663 611 3872 684 episcopo

642 712 744 773 nis,
775 716 831 760 ut
861 703 1053 759 tabulae
1082 699 1461 755 astronomicae
1489 712 1588 752 nos
1612 696 1830 750 docent.

1237 815 1464 872 CAPUT
1504 796 1655 868 xu.’

637 916 752 968 Duo
779 914 933 985 legati
970 910 1199 974 Zenonis,
1210 909 1542 985 imperatoris
1574 904 1994 985 adjlunericum
2016 947 2029 971 ,
2064 903 2224 985 Regi-

705 975 975 1039 nus'anno
1018 984 1155 1046 485,
1200 975 1443 1035 Hunerici
1496 980 1568 1044 7;
1621 975 1845 1031 Urunius
1899 992 2038 1031 anno
2095 975 2226 1043 484,

706 1061 933 1129 ejusdem
963 1056 1094 1126 regis
1121 1062 1314 1107 octavo.

708 1173 783 1227 De
814 1171 1012 1227 Urania
1040 1169 1183 1224 nulla
1210 1177 1293 1223 est
1319 1166 1583 1222 dubitatio
1608 1183 1619 1219 :
1642 1165 1742 1240 .hic
1766 1164 1913 1220 enim
1942 1165 2027 1236 (ut
2062 1163 2228 1219 refert

636 1267 818 1321 Victor
859 1266 996 1320 libro
1050 1266 1113 1327 v)
1155 1278 1276 1318 eum
1337 1263 1403 1316 ad
1444 1260 1811 1315 defensionem
1865 1260 2225 1315 Eeelesiarum

633 1358 1017 1414 catholicarum
1047 1371 1107 1411 se
1135 1357 1351 1411 venisse
1377 1356 1664 1424 jactasset,
1717 1353 2020 1407 IIunericus
2041 1392 2056 1418 ,
2088 1360 2148 1421 ut
2166 1349 2226 1406 'ei

633 1454 884 1509 illuderet
913 1451 1391 1519 contumaciusque
1431 1447 1745 1516 insultaret,
1800 1448 1852 1500 in
1899 1446 2004 1500 illis
2048 1445 2226 1519 plateis

631 1545 706 1599 vel
730 1546 850 1613 vicis
873 1544 1046 1615 plures
1071 1551 1284 1595 tortores
1306 1552 1352 1594 et
1380 1540 1691 1593 crudeliores
1713 1540 1928 1601 statuit,
1960 1538 2015 1590 in
2043 1537 2225 1605 quibus

635 1639 820 1709 legatis
840 1638 996 1690 moris
1012 1644 1087 1690 est
1108 1634 1430 1688 ascendendo
1451 1634 1519 1686 ad
1540 1633 1786 1704 palatium
1812 1640 1857 1684 et
1879 1630 2225 1684 descendendo

631 1733 864 1785 transire.
909 1732 977 1783 At
1012 1728 1080 1782 de
1124 1726 1329 1796 Regina
1372 1726 1511 1781 haud
1562 1726 1630 1779 ita
1682 1725 2027 1780 consentiunt
2070 1724 2223 1778 codi-

2336 697 2644 766 I)eogratias
2669 698 2913 767 proxime
2941 698 3192 775 defuncto
3222 701 3585 772 subrogatum.
3609 692 3745 772 Quod
3771 722 3872 763 vero

2312 805 2455 845 mox
2501 791 2650 846 addit
2677 792 2861 848 Victor
2894 810 2907 846 :
2950 792 3100 849 Unde
3141 795 3335 862 factum
3377 804 3450 850 est
3491 804 3544 849 ut
3576 806 3679 866 p‘ast
3718 800 3871 854 abitum

2316 885 2555 971 'Vepiswpi
2588 884 2941 956 Carthaginis.
2968 892 3103 951 etc.,‘
3132 887 3201 941 de
3231 887 3398 957 ipsius
3423 887 3637 943 Thomte
3661 891 3791 945 obitu
3811 891 3874 945 in-

2333 976 2680 1047 telligendum
2722 988 3000 1046 putamus;
3033 980 3148 1033 sive
3192 978 3280 1033 ille
3324 977 3377 1032 in
3426 980 3617 1034 catomi
3654 981 3872 1051 supplicio

2332 1071 2567 1126 animam
2598 1071 2901 1137 exhalarit,
2941 1071 3055 1126 sive
3096 1071 3143 1124 ei
3186 1071 3343 1126 fuerit
3392 1072 3758 1141 aliquantulum
3799 1090 3872 1129 su-

2318 1170 2560 1237 perstes.
2606 1165 2742 1222 Hinc
2780 1167 2906 1221 licet
2951 1166 3282 1235 distinguere
3321 1167 3463 1237 apud
3498 1168 3746 1224 Victorem
3780 1173 3871 1238 epi-

2328 1258 2523 1328 scopos
2549 1254 3022 1329 Carthaginienses
3051 1258 3270 1315 omnino
3299 1269 3548 1329 quatuor.
3580 1259 3768 1315 I‘rimus
3799 1261 3873 1316 fuit

2328 1353 2732 1422 Quodvuldeus,
2768 1342 3046 1421 Neapolim
3095 1354 3364 1423 relegatus
3410 1368 3553 1408 anno
3581 1355 3699 1420 459,
3728 1356 3872 1408 statim

2318 1454 2452 1517 ‘post
2492 1456 2702 1517 captam
2735 1460 2764 1500 a
2806 1446 3082 1501 Geiserico
3124 1445 3530 1516 Carthaginem.
3578 1447 3665 1502 Illo
3702 1457 3874 1501 mortuo

2330 1540 2384 1593 in
2416 1540 2627 1605 exsilio,
2667 1553 2810 1593 anno
2842 1540 2921 1610 (ut
2959 1537 3195 1609 videtur)
3239 1538 3375 1601 452,
3409 1539 3496 1593 die
3538 1539 3608 1593 26
3646 1539 3872 1604 Octobris,

2328 1632 2437 1702 egit
2478 1631 2886 1687 Valentinianus
2932 1630 3061 1701 imp.
3102 1630 3242 1701 apud
3282 1630 3647 1698 Geisericum,
3685 1642 3736 1685 ut
3781 1641 3874 1701 post

2326 1730 2449 1780 eum
2495 1723 2835 1777 ordinaretur
2875 1721 3332 1791 Carthaginiensis
3371 1721 3654 1791 episcopus
3695 1723 3873 1777 nomine

632 1839 741 1881 ces.
783 1822 1024 1877 Rbenani
1068 1820 1234 1877 editio
1288 1819 1608 1875 Parisiensis
1653 1821 1775 1871 anni
1820 1817 1950 1872 15H
1974 1860 1989 1884 ,
2020 1825 2076 1871 et
2113 1817 2222 1871 fere
2253 1812 2300 1872 B
2327 1817 2657 1887 Deogratias.
2685 1818 2734 1871 Is
2763 1816 3003 1886 captivos
3031 1832 3059 1870 a
3092 1816 3367 1872 Geiserico
3393 1831 3459 1870 ex
3499 1817 3647 1872 Italia
3689 1816 3735 1871 in
3761 1815 3873 1871 Afri-

631 1916 960 1971 receutiores
1007 1914 1126 1968 alia:
1169 1912 1247 1968 sic
1301 1914 1500 1967 habent
1538 1931 1547 1965 :
1584 1912 1729 1966 Nam
1775 1912 1856 1965 die
1897 1910 2221 1965 Ascensiorns

632 2012 872 2075 Domini.
924 2013 1118 2082 legatus
1172 2009 1391 2064 Zenonis
1444 2007 1796 2075 imperatoris,
1851 2006 2028 2076 regina
2084 2019 2222 2074 prat-

630 2116 764 2160 sente
821 2103 1091 2175 legendum
1156 2103 1207 2155 in
1262 2101 1429 2154 media
1486 2099 1692 2153 ecclesia
1751 2097 1985 2167 episc0pa
2043 2095 2219 2167 Euge?

629 2201 715 2255 nia
758 2199 930 2268 dirigit
977 2206 1318 2267 pra'ceptum,
1354 2204 1460 2248 etc.
1494 2193 1598 2248 Sed
1650 2208 1746 2261 age
1780 2209 1792 2243 :
1826 2191 2096 2261 quomodo
2140 2188 2223 2244 sui

630 2290 868 2346 muneris
900 2288 1104 2358 putavit
1143 2301 1265 2340 esse
1304 2283 1650 2354 imperatoris
1679 2283 1910 2351 legatus,
1959 2292 2016 2335 ut
2045 2281 2223 2335 IIune-

632 2382 729 2436 rici
762 2379 973 2450 tyranni
1006 2379 1107 2431 hoc
1134 2378 1369 2431 edictum
1404 2376 1645 2445 Eugenio
1671 2375 1928 2444 episcopo
1963 2376 2015 2428 in
2048 2375 2221 2429 media

633 2473 856 2529 ecclesia
913 2471 1195 2541 legendum
1246 2469 1536 2539 dirigeret,
1582 2468 1723 2535 quod
1775 2469 1840 2521 ad
1892 2467 2092 2521 domini
2143 2467 2224 2522 sui

632 2582 745 2623 rem
808 2565 936 2620 nihil
998 2564 1228 2631 faceret,
1280 2562 1521 2632 quiuimo
1574 2562 1689 2631 ejus
1747 2561 1941 2615 studiis
1991 2559 2224 2615 maxime

633 2656 1049 2714 adversaretur?
1075 2655 1218 2723 Ergo
1255 2656 1394 2708 hunc
1426 2653 1600 2707 locum
1630 2652 1707 2706 sic
1738 2651 1905 2706 refert
1934 2651 2097 2705 editio
2124 2651 2225 2705 Co-

634 2751 894 2807 Ioniensis
929 2749 1056 2803 anni
1094 2746 1273 2803 1555:
1311 2745 1449 2799 Nam
1494 2746 1575 2798 die
1625 2744 1950 2798 Ascensianis
1984 2743 2225 2811 Domini,

634 2848 801 2918 legato
827 2845 1048 2899 Zenonis
1070 2841 1393 2914 imperatoris
1418 2856 1533 2910 rege
1559 2856 1658 2893 non
1684 2847 1931 2910 pra’sente
1954 2838 2225 2908 legendum

634 2941 802 2995 media
825 2936 1036 2994 ecclesia
1064 2938 1298 3007 episcopo
1317 2934 1545 3003 Eugenio
1568 2932 1752 2986 direxit
1770 2939 2096 3003 prceceptum,
2115 2939 2221 2987 etc.

635 3032 797 3087 Nutat
826 3043 1038 3100 quoque
1080 3029 1195 3082 haec
1249 3027 1430 3091 lectio,
1485 3040 1604 3096 quae
1653 3024 1888 3078 edictum
1945 3032 2000 3077 et
2050 3016 2229 3093 legato

634 3126 869 3179 Zenonis
916 3133 968 3177 et
1010 3123 1270 3193 episcopo
1316 3121 1553 3189 Eugenio
1605 3118 1867 3172 directum
1921 3114 2227 3187 significat,

2277 1919 2283 1926 '
2324 1928 2441 1967 eam
2474 1911 2754 1976 abductos,
2801 1904 3023 1981 paterno
3067 1913 3384 1981 complexus
3432 1910 3647 1976 affectu,
3700 1910 3871 1965 tandem

2325 2008 2479 2060 senio
2506 2014 2559 2059 et
2604 2002 2879 2058 laboribus
2915 2002 3223 2071 confectus,
3268 2003 3403 2057 obiit
3433 2004 3488 2057 in
3521 2004 3773 2071 obsequiis
3803 2017 3873 2057 ca-

2325 2097 2593 2168 ptivorum
2649 2090 3043 2164 Romanorum,
3076 2095 3147 2150 22
3190 2096 3392 2163 Martii,
3428 2111 3571 2151 anno
3613 2097 3737 2158 456.
3777 2110 3870 2150 cum

2327 2192 2484 2245 annis
2531 2190 2702 2245 tribus
2732 2190 3073 2260 praefuisset.
3120 2190 3242 2243 Mox
3291 2199 3413 2260 post
3467 2205 3587 2245 eum
3637 2189 3872 2244 ordinatus

2327 2282 2592 2348 Thomas,
2626 2283 2743 2352 ipso
2791 2282 2874 2337 sui
2905 2282 3246 2353 episcopatus
3291 2282 3546 2347 exordio,
3594 2285 3867 2337 Arianorum

2330 2379 2566 2448 nequitia
2615 2378 2901 2433 tormentis
2945 2387 3198 2433 enecatus
3227 2387 3329 2432 est.
3365 2377 3574 2432 Exinde
3613 2392 3701 2446 per
3740 2389 3875 2429 annos

2328 2470 2399 2524 24
2421 2469 2686 2538 Carthago
2712 2469 2829 2523 sine
2849 2448 3103 2537 episcopo
3129 2468 3225 2521 fuit
3243 2508 3257 2532 ,
3280 2458 3462 2522 donec
3493 2467 3697 2521 Zenone
3719 2475 3766 2520 et
3786 2465 3876 2518 Pla-

2329 2563 2466 2619 cidia
2495 2563 2699 2634 Olybrii
2730 2562 2911 2618 relicta
2940 2563 3196 2631 Augustis
3227 2560 3595 2629 poscentibus,
3626 2573 3790 2629 passus
3813 2566 3877 2611 est

2329 2657 2629 2713 Hunericus
2656 2656 2955 2726 Eugenium
2977 2653 3300 2724 Carthagine
3322 2653 3565 2708 ordinari
3593 2654 3875 2723 episcopum,

2329 2766 2472 2806 anno
2501 2753 2584 2822 (ut
2609 2749 2841 2820 videtur)
2862 2750 2999 2813 480;
3030 2749 3118 2818 qui
3143 2748 3281 2801 haud
3304 2742 3478 2801 multo
3509 2756 3644 2816 post,
3670 2741 3879 2799 IIunerici

2330 2843 2724 2915 persecutionis
2767 2841 2975 2911 pondus
3011 2840 3297 2905 sustinuit,
3343 2839 3553 2907 fuitque
3600 2838 3671 2893 illi
3698 2837 3775 2892 diu
3812 2849 3878 2889 su-

2332 2948 2559 3009 perstes.
2954 3008 2959 3009 7
3022 2962 3101 3009 7-”
3124 2982 3147 3009 γέ
3197 2928 3221 3009 ς

2928 3007 3151 3063 CAPUT
3195 3007 3333 3061 XIV.

2332 3104 2555 3160 Thomas
2583 3118 2735 3158 senex
2764 3101 3081 3167 venerabilis,
3114 3111 3314 3155 calamo
3357 3116 3447 3153 seu
3493 3098 3696 3153 catamis
3732 3106 3879 3148 casus.

635 3217 886 3281 obscure,
917 3230 982 3269 ne
1019 3216 1191 3268 dicam
1234 3204 1430 3281 inepte.
1472 3211 1561 3266 Sic
1600 3226 1727 3279 ergo
1762 3212 1901 3264 hunc
1940 3211 2116 3264 locum
2145 3199 2301 3264 υἱέα
2402 3217 2612 3286 Vulgati
2662 3218 2990 3271 recentiores
3040 3215 3133 3268 lib.
3166 3231 3180 3269 I
3215 3231 3228 3268 :
3274 3214 3632 3268 Venerabilem
3667 3223 3814 3264 senem
3842 3206 3880 3257 in

636 3309 746 3363 tide
781 3307 1056 3362 reddimus
1095 3320 1162 3359 ex
1206 3303 1392 3358 codice
1434 3302 1683 3356 cartusize
1731 3301 2051 3355 I’ortarum:
2087 3300 2227 3353 Nam
2278 3296 2283 3302 ’

638 3403 721 3454 die
759 3400 1084 3453 Ascensionis
1134 3397 1375 3464 Domini,
1424 3395 1588 3466 legato
1632 3395 1855 3449 Zenonis
1908 3395 2227 3465 imperatoris

640 3495 839 3567 Regina
864 3502 1135 3564 pra’sente,
1171 3491 1461 3563 legendum,
1491 3499 1597 3544 etc.
1629 3490 1712 3544 An
1753 3488 1839 3544 hic
1868 3489 1981 3558 ipse
2021 3490 2089 3542 sit
2119 3488 2239 3543 Re?

638 3590 794 3661 ginus
822 3601 1005 3642 comes
1038 3584 1102 3640 ad
1134 3599 1293 3654 quem
1335 3592 1417 3639 est
1452 3581 1708 3637 Ferrandi
1738 3581 1946 3636 diaconi
1996 3580 2131 3635 liber
2160 3576 2227 3636 de

636 3692 843 3754 septem
869 3680 1089 3751 Ilegulis
1119 3678 1460 3743 innocentim,
1504 3679 1558 3732 in
1600 3677 1777 3732 medio
1808 3676 2072 3748 relinquo,
2104 3690 2224 3730 eum

636 3779 688 3835 id
713 3793 885 3849 neque
911 3792 1108 3849 negare
1131 3778 1306 3832 ausim
1326 3817 1340 3840 ,
1371 3790 1545 3846 neque
1573 3775 1861 3829 affirmare.

1229 3889 1455 3946 CAPUT
1496 3889 1634 3943 XIII.

637 3982 1307 4055 Carthaginensesepiscapi
1328 3999 1358 4034 a
1387 3980 1588 4055 V_ic_tore
1618 3982 1904 4055 memorati,
1940 3980 2227 4048 Quodvult-

883 4061 1029 4119 deus,
1065 4053 1380 4123 Deogratias,
1410 4051 1653 4115 Thomas,
1684 4051 1963 4121 Eugenius.

708 4147 788 4203 Ex
820 4146 921 4201 hoc
951 4161 1175 4201 numero
1202 4145 1464 4199 Thomam
1496 4145 1725 4199 exclusit
1753 4146 2038 4211 Ilaronius,
2073 4160 2228 4201 secu-

637 4250 723 4298 tus
753 4241 1085 4295 recentiores
1114 4239 1346 4292 Victoris
1377 4239 1663 4305 editiones,
1695 4254 1815 4308 qua:
1853 4239 1946 4293 lib.
1974 4256 1986 4293 I
2020 4240 2097 4295 sic
2134 4241 2228 4294 ba-

635 4334 765 4389 ltent
792 4333 1059 4403 pleraeque
1088 4349 1100 4383 :
1138 4330 1420 4385 Ordinatur
1445 4330 1705 4400 quondam
1745 4334 2013 4385 memorati
2049 4348 2224 4386 sacer-

636 4424 772 4478 dotis
812 4424 1029 4492 (nempe
1068 4422 1305 4491 episeopi
1353 4422 1697 4494 Deogratias)
1743 4425 1945 4477 nomine
1975 4423 2219 4491 Thomas,

634 4516 758 4569 dum
786 4515 939 4567 rariis
981 4514 1044 4566 ab
1075 4514 1147 4568 eis
1173 4514 1375 4567 insidiis
1424 4515 1611 4583 saepius
1653 4525 1962 4579 arctaretur,
2003 4516 2223 4586 quodam

634 4624 857 4683 tempore
892 4610 1225 4665 venerabilem
1274 4627 1442 4664 senent
1485 4611 1536 4663 in
1585 4609 1792 4680 publica
1838 4612 1971 4676 [acie
2013 4614 2227 4666 calamis

631 4705 939 4760 ceciderunt.
977 4705 1044 4760 At
1086 4705 1136 4758 in
1176 4702 1364 4758 codice
1410 4703 1687 4757 Portarum
1729 4702 1835 4772 (cui
1883 4704 2226 4759 consentiens

630 4808 712 4854 est
736 4798 909 4868 quoad
946 4797 1045 4851 hoc
1072 4796 1234 4852 editio
1257 4796 1596 4852 Coloniensis
1619 4797 1745 4852 anni
1782 4798 1947 4863 1555)
1977 4798 2057 4854 sic
2085 4798 2220 4868 legi:

633 4892 917 4945 Ordinatur
938 4891 1146 4960 quidam
1173 4891 1224 4943 in
1251 4892 1595 4944 sacerdotium
1616 4892 1821 4945 nomine
1846 4890 2092 4946 Thomas.
2123 4892 2225 4957 Qui

630 4986 753 5038 dum
783 4987 964 5049 rariis,
1010 4993 1114 5038 etc.
1147 4984 1310 5038 Vides
1348 4985 1433 5038 hic
1473 4989 1679 5040 censeri
1722 4987 2221 5055 Carthaginiensem

630 5084 940 5152 episcopum
974 5081 1271 5148 Thomam,
1319 5096 1416 5135 nec
1457 5083 1749 5138 immerito.
1795 5084 2001 5139 Amabo
2037 5087 2215 5150 enim,

631 5172 675 5224 si
710 5170 1017 5241 Deogratias
1044 5172 1355 5241 episcopum
1377 5172 1642 5226 ordinavit
1667 5175 1922 5239 Thomas,
1951 5176 2064 5245 ipse
2086 5191 2216 5246 ergo

631 5263 913 5332 cpiscopus
941 5264 1056 5318 luit.
1094 5264 1149 5339 Si
1185 5264 1277 5318 fuit
1321 5264 1627 5334 episcopus,
1658 5266 1928 5333 quomodo
1968 5282 2071 5321 non
2103 5267 2219 5335 ejus

632 5355 817 5408 sedem
863 5356 1152 5423 appellavit
1188 5356 1396 5421 Victor,
1433 5365 1488 5408 ut
1536 5356 1585 5408 in
1617 5356 1739 5409 aliis
1778 5357 1950 5410 solet?
1980 5360 2055 5412 Ad
2080 5360 2213 5424 hac,

630 5445 675 5499 si
705 5444 939 5498 Thomas
969 5460 1087 5499 CIIIII
1114 5448 1232 5501 aliis
1262 5448 1471 5502 duobus
1498 5450 1763 5516 episcopis
1794 5450 2086 5505 secundum
2116 5468 2212 5505 an-

630 5537 806 5605 tiquos
849 5549 1087 5591 canones
1126 5540 1432 5610 episcopum
1486 5540 1795 5609 lteogratias
1843 5545 2210 5607 consecravit,

629 5628 899 5698 quomodo
946 5630 1181 5684 solitario
1230 5633 1345 5699 ejus
1391 5633 1666 5687 ordinatur
1708 5636 2014 5689 dii-eretur?
2058 5636 2213 5689 Deni-

629 5738 749 5792 que,
793 5722 1040 5775 ordinato
1070 5731 1191 5775 ante
1236 5727 1525 5779 triennium
1574 5730 1827 5796 episcopo
1878 5728 2210 5796 Ilcogratias,

630 5816 896 5877 uttoutodo
925 5827 1072 5871 extra
1102 5818 1367 5888 propriam
1398 5819 1577 5875 scdcttt
1614 5832 1799 5877 contra
1829 5836 2063 5877 canones
2097 5832 2212 5879 tan-

2332 3309 2534 3377 publica
2581 3309 2711 3378 facie
2755 3308 2968 3361 calamis
3018 3306 3328 3360 ceciderunt.
3380 3306 3564 3360 Codex
3614 3304 3879 3357 I’ortarum.

2331 3404 2571 3455 calamo:
2605 3400 2768 3454 editio
2790 3400 2977 3456 Colon.
3010 3400 3169 3466 I535,
3207 3400 3493 3451 cat/tomos
3516 3396 3772 3453 mendose.
3800 3392 3881 3446 Ca-

2333 3504 2480 3549 tomo
2521 3505 2574 3548 et
2603 3495 2827 3547 calamis
2865 3492 3248 3547 adverbialiter
3294 3493 3573 3561 usurpari,
3616 3490 3744 3545 ultro
3777 3497 3859 3539 con

2331 3590 2584 3645 cesserim
2619 3588 2921 3658 Rosweydo
2950 3588 3000 3640 in
3031 3584 3472 3656 Martyrologium
3494 3585 3708 3644 Adonis,
3738 3577 3878 3633 Iblu-

2330 3682 2438 3751 nii,
2468 3692 2520 3737 et
2552 3681 2806 3737 Lacerdac
2850 3682 2902 3735 in
2939 3679 3276 3735 Adversariis
3305 3680 3492 3734 sacris.
3532 3679 3599 3735 At
3639 3689 3747 3730 cum
3788 3671 3880 3738 lego

2329 3776 2385 3831 in
2422 3775 2555 3830 actis
2593 3775 2809 3846 Babylzc
2856 3775 3136 3844 martyris,
3169 3773 3240 3827 24
3284 3772 3563 3828 Januarii:
3597 3769 3761 3825 Iratus
3788 3778 3881 3818 vero

2331 3866 2687 3922 Numerianus
2720 3866 2878 3937 jussit
2911 3875 3012 3919 tres
3055 3868 3278 3935 infantes
3318 3867 3477 3918 levari
3520 3866 3571 3918 in
3608 3862 3879 3917 catamo:el

2331 3959 2495 4026 priori
2525 3958 2640 4010 dari
2678 3956 2943 4010 duodecim
2986 3958 3189 4028 plagas,
3232 3957 3461 4010 secundo
3500 3964 3669 4010 autem
3709 3964 3880 4009 novem,

2333 4050 2479 4104 tertio
2514 4065 2630 4102 vero
2660 4058 2887 4120 septem;
2920 4049 3160 4119 intelligo
3184 4057 3454 4103 catomum
3495 4063 3561 4104 eo
3600 4047 3713 4101 loco
3740 4039 3880 4097 uomi-

2333 4142 2528 4196 naliter
2556 4143 2758 4211 accipi;
2792 4156 2891 4196 nec
2927 4142 2994 4196 de
3026 4141 3142 4210 ipso
3172 4140 3420 4211 supplicii
3462 4154 3679 4210 genere,
3709 4136 3793 4190 sel
3828 4130 3881 4183 de

2332 4235 2471 4300 Ioco,
2501 4235 2581 4289 vel
2620 4237 2793 4306 potius
2814 4235 2883 4290 de
2913 4237 3156 4290 machina
3188 4236 3301 4291 sive
3335 4236 3689 4290 instrumento
3713 4226 3881 4299 suppli-

2328 4328 2425 4391 cii;
2456 4336 2610 4396 puta,
2644 4329 2917 4393 columna,
2960 4327 3220 4395 patibulo,
3263 4343 3355 4381 seu
3403 4329 3580 4395 trabe,
3616 4316 3882 4396 Iignovead

2328 4419 2469 4490 quod
2501 4421 2819 4476 verberandi
2851 4422 3023 4476 attolli
3052 4422 3133 4476 vel
3165 4420 3422 4491 suspendi
3455 4422 3693 4476 solerent
3715 4414 3776 4470 ad
3804 4425 3882 4466 cx-

2327 4515 2571 4585 cipienda
2601 4516 2838 4571 humeris
2870 4516 3111 4572 verbera.
3142 4516 3406 4571 Catomari
3427 4515 3579 4584 jussa
3605 4521 3685 4568 est
3719 4512 3771 4564 S.
3800 4506 3883 4560 Eu—

2255 4587 2305 4647 D
2331 4610 2454 4665 Ialia
2490 4608 2876 4687 .Enieritcusis;
2908 4618 2961 4663 ct
2990 4610 3041 4663 in
3080 4611 3289 4663 theatro
3315 4606 3643 4661 catomidiari
3669 4603 3883 4657 decoclc-

2332 4715 2421 4755 res
2465 4700 2641 4755 sanxit
2686 4700 2951 4755 Adrianus
3001 4716 3064 4753 ex
3105 4699 3248 4755 [Elia
3293 4699 3597 4767 Spartiano.
3638 4694 3885 4750 Catomarc

2330 4807 2479 4862 ergo,
2514 4808 2606 4847 seu
2656 4792 3002 4845 catotnidiare
3030 4802 3141 4856 est,
3177 4793 3307 4846 κατὰ
3350 4798 3447 4845 τῶν
3494 4787 3642 4859 (Lucra
3683 4787 3883 4839 τύπτειν,

2331 4884 2396 4938 ad
2433 4884 2679 4953 scapulas
2714 4884 3019 4937 verberare.
3053 4882 3166 4936 Hoc
3195 4897 3258 4935 ex
3304 4891 3482 4952 etymo
3529 4875 3883 4934 indubitatum.

2329 4978 2422 5033 sed
2455 4977 2519 5031 de
2561 4977 2718 5031 modo
2749 4992 2809 5030 ac
2841 4978 2907 5031 de
2954 4991 3011 5030 re
3043 4976 3154 5043 ipsa
3188 4976 3493 5045 ambiguum
3536 4982 3637 5029 est.
3669 4971 3789 5025 Nam
3826 4962 3886 5015 Ci-

2330 5072 2424 5125 tati
2458 5070 2792 5140 Itosweydus
2824 5079 2875 5121 et
2903 5068 3137 5123 Lacerda
3169 5078 3380 5122 calamo
3410 5082 3506 5121 seu
3537 5061 3754 5120 catomis
3776 5050 3887 5113 credi

2329 5163 2413 5217 vel
2444 5161 2695 5229 suspendi
2726 5168 2914 5231 putant
2942 5176 3083 5227 esse,
3116 5161 3289 5229 capite
3318 5160 3570 5215 deorsum
3601 5157 3666 5210 de
3693 5149 3887 5214 alicujus

2331 5255 2567 5310 humeris
2599 5269 2916 5324 suspensum
2951 5254 3245 5309 verberari.
3274 5252 3629 5307 Cousenliunt
3660 5240 3888 5303 Barouius

2330 5350 2381 5402 in
2427 5348 2565 5402 notis
2595 5349 2659 5402 ad
2693 5349 2989 5403 Romanum
3030 5346 3497 5417 Martyrologium,
3536 5346 3601 5400 15
3639 5339 3807 5401 Junii,
3836 5334 3885 5387 B-

2328 5454 2382 5497 et
2413 5450 2529 5510 post
2551 5457 2672 5498 eum
2704 5443 2993 5497 Bollandus
3018 5444 3132 5496 sive
3176 5440 3535 5504 Enschenius,
3569 5440 3633 5493 I2
3674 5434 3818 5492 Febr.
3846 5427 3887 5481 ιιι

2326 5539 2468 5593 notis
2491 5537 2556 5591 ad
2576 5547 2692 5592 acta
2711 5538 2766 5592 S.
2792 5537 3012 5592 Eulalia;
3039 5552 3090 5591 ν.
3120 5552 3194 5591 m.
3228 5535 3664 5596 Bareinoueusis,
3690 5528 3780 5589 C.;
3804 5520 3887 5579 nisi

2327 5634 2548 5703 quodin
2600 5649 2664 5689 co
2713 5616 2885 5703 prima:
2931 5647 3128 5703 genere
3178 5643 3382 5685 reetum
3426 5628 3669 5697 corporis
3714 5626 3886 5676 statum

2325 5738 2650 5799 agnoscunt;
2683 5729 2818 5783 adeo
2846 5737 2902 5782 ut
2932 5729 3157 5781 cateruis
3187 5726 3419 5795 aliquem
3447 5723 3657 5778 medere
3688 5720 3781 5773 hoc
3809 5710 3883 5768 sit.

2327 5824 2464 5892 quod
2516 5825 2864 5894 Indimagistri
2909 5826 3116 5887 solent,
3149 5824 3213 5877 ad
3257 5822 3479 5888 alienjus
3535 5818 3781 5873 Innucros
3809 5816 3883 5878 Pe‘
