4086 6328
247 337 331 396 157

1582 317 2114 384 PROLEGOMENA.

3396 327 3495 389 158

248 451 443 515 brachia
479 447 725 521 appensis
761 447 970 520 pueris,
1022 446 1075 504 in
1121 459 1307 505 eorum
1350 450 1501 502 nates
1553 442 1799 514 inﬂigere
1825 440 2013 504 Atius
2038 454 2199 512 quam
2230 453 2462 512 unquam
2496 451 2650 499 antea
2680 444 2825 515 quod
2858 444 3056 502 vellent
3084 446 3485 520 eloquerentur.

248 549 468 605 verbera.
498 542 692 601 Nititur
721 542 837 600 haec
863 539 1128 599 sententia
1160 538 1370 596 duobus
1395 536 1804 609 Martyrologiu-

248 655 355 697 rum
380 637 532 706 locis,
560 649 751 706 nempe
781 635 846 690 ts
872 632 1007 705 junii
1032 640 1087 688 et
1123 631 1189 687 18
1228 628 1566 694 Novembris,
1597 628 1688 684 ubi
1714 625 1807 698 qui

249 743 442 791 catomo
461 730 540 788 vel
569 729 792 787 calamis
834 729 959 785 caesi
999 742 1096 784 seu
1124 726 1370 798 suspensi
1414 732 1807 793 memorantur,

250 826 388 881 Vitas
426 832 478 879 et
502 821 723 890 Barula,
751 820 903 892 pueri
942 829 1087 876 sunt.
1134 818 1398 889 Numquid
1443 828 1499 874 et
1544 817 1595 872 in
1627 815 1809 886 pueris

247 914 533 974 censebitur
557 913 792 969 Thomas
820 911 911 967 ille
941 912 1225 982 episcopus
1261 909 1372 980 jam
1418 908 1571 965 senio
1609 906 1808 979 gravis,

246 1018 296 1066 et
330 1004 523 1062 Eulalia
563 1003 916 1060 Emeritensis
944 1012 1175 1075 martyr,
1224 1002 1347 1073 quia
1388 999 1671 1064 catomati,
1718 1011 1812 1053 seu

246 1109 439 1158 ealomo
468 1096 592 1154 caesi
638 1097 919 1167 leguntur?
950 1094 1255 1161 Cravioris,
1297 1093 1537 1165 inquies,
1582 1088 1811 1161 ignomi-

245 1192 337 1249 niae
368 1190 463 1246 hoc
490 1189 619 1255 fuit,
654 1202 813 1244 senes
849 1186 1115 1244 interdum
1136 1227 1152 1252 ,
1182 1198 1272 1241 aut
1302 1186 1356 1240 in
1386 1182 1646 1256 dignitate
1680 1196 1812 1237 eon-

242 1286 444 1341 stitutos
489 1281 669 1347 viros,
714 1291 806 1335 aut
854 1280 1017 1337 etiam
1063 1279 1287 1335 feminas
1330 1291 1619 1351 puerorum
1666 1289 1817 1331 more

243 1373 516 1431 verberari.
549 1372 689 1441 Quid
718 1387 878 1439 porro
908 1371 1177 1428 Adrianus
1216 1369 1549 1442 imperatori
1587 1379 1714 1426 tune
1756 1366 1819 1423 il-

237 1466 338 1523 lum
386 1464 641 1522 sanxisse
688 1465 920 1533 dixeris,
967 1473 1026 1521 ut
1062 1464 1433 1527 decoctoribus
1474 1464 1542 1520 de
1591 1462 1818 1519 aliorum

233 1559 458 1617 humeris
490 1574 599 1630 per
640 1572 835 1614 manus
879 1557 1108 1628 pedesve
1148 1557 1447 1629 suspensis,
1488 1556 1543 1611 in
1587 1556 1819 1621 theatro,

230 1653 280 1710 in
322 1652 573 1707 omnium
625 1651 796 1706 oculis
839 1649 1062 1706 verbera
1103 1649 1172 1705 ad
1221 1660 1374 1707 nates
1418 1644 1822 1719 inlligerentur?

232 1743 350 1800 litae
376 1756 474 1815 ego
500 1741 709 1798 adduci
739 1756 846 1797 non
875 1756 1092 1813 possum
1124 1750 1184 1796 ut
1222 1741 1440 1797 credam
1459 1780 1473 1805 ,
1505 1741 1708 1810 absque
1736 1751 1825 1793 so-

1912 532 2023 604 Ego
2052 548 2194 599 vero,
2228 532 2430 603 inquit,
2489 535 2733 605 putabam
2756 536 2871 606 ﬁeri
2904 553 3008 593 non
3036 555 3182 611 posse
3220 551 3274 595 ut
3305 542 3492 601 tibicen

1909 643 2085 682 carens
2111 627 2246 683 tibiis
2287 630 2411 683 artis
2454 644 2561 683 sua:
2592 630 2844 701 specimen
2873 633 3041 689 ullum
3067 635 3247 702 daret;
3274 637 3493 710 itemque

1910 718 2216 776 citharoedus
2278 720 2547 775 destitutus
2613 721 2814 776 cithara
2874 726 3121 781 musicam
3172 736 3335 782 artem
3381 745 3495 784 eam

1910 821 2181 869 exerceret.
2213 814 2278 869 At
2307 830 2493 869 nouum
2511 814 2609 870 hoc
2633 818 2979 886 spectaculum
3008 820 3143 892 cegit
3186 838 3267 876 me
3296 834 3499 877 senten-

1913 909 2035 963 tiam
2066 910 2209 963 illant
2238 917 2436 963 mutare
2454 949 2468 973 ,
2499 918 2606 965 etc.
2639 907 2760 983 Ipse
2789 927 2882 982 ego
2912 928 3000 967 vos
3020 914 3156 969 viros
3183 915 3318 981 vidi,
3348 926 3395 970 et
3422 919 3499 972 lo-

1913 1010 2118 1071 quentes
2140 1001 2340 1068 audivi;
2361 1010 2410 1056 et
2430 1018 2601 1056 uocem
2618 1003 2745 1058 adeo
2759 1004 3085 1059 articulatam
3104 1022 3211 1062 esse
3230 1025 3375 1078 posse
3400 1012 3502 1065 mi-

1913 1101 2056 1147 ratus
2082 1109 2215 1147 sum.
2247 1091 2655 1150 Instrumentum
2694 1096 2830 1150 vocis
2855 1096 3193 1166 inquirebant,
3222 1108 3268 1154 et
3291 1102 3505 1158 auribus

1916 1199 2019 1238 non
2042 1187 2271 1253 credens,
2300 1185 2461 1240 oculis
2492 1187 2765 1257 iudicandi
2790 1205 2977 1244 munus
3005 1191 3207 1258 remisi;
3235 1203 3389 1265 atque
3419 1212 3506 1250 ore

1918 1289 2096 1348 aperto
2114 1319 2129 1346 ,
2162 1279 2391 1350 linguam
2430 1290 2587 1337 totam
2614 1283 2865 1337 radicitus
2894 1283 3094 1340 pulsam
3121 1288 3246 1342 vidi.
3273 1286 3509 1347 Eosdem

1920 1384 1952 1424 a
1971 1386 2030 1426 se
2056 1372 2202 1427 visos
2225 1372 2464 1443 Byzantii
2490 1414 2506 1441 ,
2539 1383 2699 1445 atque
2719 1375 2931 1434 auditos
2959 1385 3188 1435 testatur
3216 1380 3511 1454 Procopius

1921 1461 2014 1518 lib.
2034 1478 2052 1517 ι
2073 1462 2142 1520 de
2163 1463 2309 1519 Bello
2329 1462 2641 1522 Vandalico.
2665 1465 3008 1527 Marcellinus
3024 1486 3235 1545 quoque
3258 1474 3314 1530 in
3336 1472 3510 1531 Chro-

1924 1558 2045 1615 nico
2076 1602 2092 1628 ,
2123 1559 2460 1618 Theoderico
2506 1570 2564 1618 et
2595 1561 2860 1620 Venantio
2903 1579 3047 1621 coss.
3086 1566 3213 1640 (hoc
3259 1577 3343 1625 est
3369 1584 3512 1626 anno

1924 1666 2048 1707 atra:
2075 1650 2393 1709 Christianae
2422 1652 2549 1725 48b)
2582 1671 2595 1708 :
2628 1653 2880 1725 Denique,
2911 1657 3019 1727 ait,
3046 1673 3110 1713 ea:
3137 1659 3233 1714 hoc
3277 1661 3509 1732 ﬁdelium

1926 1744 2252 1800 contubernio
2282 1745 2572 1817 aliquantos
2618 1763 2709 1816 ego
2749 1749 3158 1822 religiosissimos
3181 1753 3316 1808 uiros
3336 1793 3352 1822 ,
3382 1771 3516 1825 prte-

230 1835 330 1892 Iido
373 1846 428 1891 et
472 1833 774 1890 manifesto
817 1833 1149 1905 antiquitatis
1203 1833 1541 1899 testimonio,
1595 1848 1717 1888 cum
1757 1832 1824 1888 ad
1855 1831 1904 1894 Β
1931 1834 2290 1906 cisislinguis,
2329 1837 2565 1892 manibus
2592 1840 2870 1908 truncatis,
2903 1843 3044 1911 apud
3066 1841 3372 1914 Byzantium
3396 1847 3519 1901 ξηιε.

232 1946 437 1987 manum
465 1930 544 1986 sit
589 1930 779 1985 harum
804 1943 996 1985 vocum
1026 1942 1185 1998 quem
1224 1943 1385 1998 supra
1429 1926 1584 1998 posui
1624 1927 1816 1997 planis-

229 2025 389 2081 simus
416 2038 645 2092 sensus,
675 2034 787 2078 tum
816 2038 883 2077 ex
919 2032 1119 2094 etymo,
1160 2031 1272 2077 tum
1308 2037 1374 2078 ex
1420 2020 1655 2076 omnium
1696 2036 1829 2091 gen-

230 2121 353 2176 tium
386 2135 521 2187 usu;
577 2128 636 2175 ut
680 2116 932 2174 nimirum
980 2117 1084 2173 hoc
1128 2117 1200 2172 sit
1248 2116 1474 2173 catomis
1521 2114 1683 2182 cmdi,
1731 2129 1826 2171 seu

226 2213 519 2278 catomari,
559 2219 656 2267 aut
689 2209 1057 2277 eatomidiari,
1098 2208 1240 2281 quod
1285 2208 1527 2264 humeris
1569 2223 1664 2264 seu
1709 2222 1828 2263 sca-

228 2305 361 2378 pulis
386 2306 628 2363 verbera
652 2303 925 2374 excipere.
956 2301 1059 2371 Qui
1090 2316 1254 2373 porro
1279 2301 1358 2357 sic
1380 2300 1623 2358 caedendi
1652 2310 1825 2365 erant,

224 2413 341 2454 cum
388 2396 645 2469 alligati,
693 2395 858 2452 levati
907 2404 1000 2451 aut
1045 2394 1293 2467 suspensi
1344 2395 1508 2451 fuisse
1556 2394 1828 2465 leguntur,

224 2501 358 2546 cave
389 2490 483 2546 hic
519 2488 756 2558 alicujus
786 2488 1039 2544 humeros
1064 2490 1272 2559 cogites
1298 2487 1366 2543 ad
1390 2503 1527 2559 quos
1557 2486 1636 2542 illi
1663 2485 1833 2541 mani-

222 2579 320 2637 bus
351 2590 449 2639 aut
478 2580 715 2655 pedibus
759 2579 1197 2653 appenderentur
1226 2580 1393 2653 (quod
1423 2579 1740 2651 quibusdam
1779 2579 1834 2634 in

225 2672 358 2730 locis
405 2674 479 2729 ad
534 2688 828 2746 puerorum
876 2672 1282 2746 castigationem
1338 2672 1454 2728 ﬁeri
1498 2670 1691 2743 solet);
1739 2670 1836 2727 sed

220 2766 548 2824 columnam
579 2765 777 2837 cogita,
806 2773 862 2821 ut
891 2766 943 2821 in
973 2765 1176 2821 Christi
1205 2764 1604 2837 ﬂagellatione:
1633 2772 1725 2820 aut
1754 2778 1839 2835 pa-

224 2858 459 2916 tibulutn
498 2873 604 2915 seu
646 2859 851 2914 trabem
897 2857 1158 2930 ligneam,
1202 2866 1262 2912 ut
1308 2858 1366 2913 in
1406 2857 1695 2914 Antoninte
1726 2855 1840 2911 vir-

218 2951 365 3022 ginis
416 2951 714 3022 martyrio,
766 2964 923 3021 quam
962 2948 1136 3021 (apud
1194 2947 1652 3021 Metaphrastem)
1683 2949 1843 3018 jussit

222 3042 421 3101 Festus
449 3044 706 3116 suspendi
732 3052 781 3099 et
811 3043 1085 3099 verberari.
1118 3041 1344 3113 Cumque
1371 3060 1398 3098 e
1427 3044 1569 3115 ligno
1600 3052 1727 3099 esset
1757 3043 1849 3098 de-

218 3138 422 3209 posita,
459 3147 577 3193 ete.
607 3136 861 3192 Miramur
883 3143 1062 3192 autem
1088 3150 1285 3207 pueros
1315 3136 1610 3205 castigandi
1636 3150 1844 3191 morem

218 3243 366 3299 pene
412 3236 901 3297 momentaneum,
937 3228 1228 3299 paucisque
1276 3227 1330 3283 in
1370 3226 1503 3283 locis
1551 3243 1649 3284 usu
1688 3242 1843 3284 rece-

213 3329 415 3393 ptum,
451 3337 489 3377 a
524 3320 656 3377 viris
681 3320 908 3378 eruditis
939 3320 994 3376 in
1021 3321 1169 3377 orbis
1211 3319 1439 3376 Romani
1479 3320 1727 3390 praetoria
1765 3321 1845 3375 itt-

213 3416 381 3483 duci;
411 3417 517 3471 ubi
547 3427 830 3487 martyres,
862 3424 1213 3486 tyrannorum
1242 3423 1298 3470 et
1323 3412 1636 3470 carniﬁcum
1666 3414 1847 3470 furore

214 3510 425 3567 tandiu
486 3518 710 3579 tamque
750 3509 1002 3565 atrociter
1046 3507 1213 3579 virgis
1258 3524 1322 3564 ac
1375 3507 1555 3578 ﬂagris
1597 3507 1847 3563 concide-

207 3606 479 3675 bantur,
539 3615 598 3660 ut
645 3619 1025 3675 nonnunquam
1070 3604 1235 3674 (licet
1275 3603 1535 3659 adversus
1581 3601 1851 3655 Romanas

201 3699 406 3773 leges)
440 3696 695 3752 animam
725 3710 846 3752 cum
877 3696 1139 3769 sanguine
1171 3695 1227 3751 in
1248 3709 1315 3751 eo
1338 3701 1603 3750 tormento
1632 3690 1853 3763 profun-

200 3796 459 3855 dercnt.

870 3881 1096 3942 CAPUT
1132 3880 1249 3940 XV.

212 4009 300 4068 De
332 4004 745 4078 confessoribus
781 4004 964 4078 quibus
1012 4001 1268 4078 Hunerici
1312 4004 1460 4078 iussu
1505 4016 1623 4078 cum
1667 4000 1857 4078 lingua:

292 4071 583 4137 radicitus
607 4071 804 4133 exciste’
812 4077 1046 4147 fuissent,
1069 4073 1302 4147 expedite
1322 4071 1657 4128 nihilominus
1684 4072 1858 4141 loque-

291 4156 549 4209 bantur.

296 4269 524 4326 Vietor
556 4264 694 4321 libro
737 4279 786 4319 tv
816 4281 831 4321 :
863 4262 979 4321 Rex
1017 4261 1337 4329 iiunericus,
1373 4261 1579 4332 inquit,
1608 4258 1859 4315 Comitem

217 4361 540 4436 quemdam
567 4372 683 4413 cum
707 4355 978 4411 iracundia
1004 4355 1262 4426 dirigens,
1294 4354 1536 4427 praecepit
1578 4360 1633 4407 ut
1671 4352 1726 4406 in
1756 4366 1864 4404 me-

220 4455 316 4512 dio
359 4456 529 4527 foro,
566 4458 871 4522 congregata
909 4447 1036 4503 illuc
1065 4448 1202 4503 omni
1246 4447 1528 4519 provincia,
1562 4446 1761 4515 linguas
1790 4442 1862 4498 eis

218 4557 271 4605 et
330 4560 553 4602 manus
607 4543 814 4597 dextras
858 4541 1107 4597 radicitus
1159 4539 1479 4596 abscidisset.
1543 4537 1695 4606 Quod
1746 4551 1860 4591 cum

219 4638 447 4712 factum
481 4636 699 4708 fuisset,
724 4634 930 4706 Spiritu
954 4642 1128 4690 sancto
1152 4640 1448 4707 prtestante,
1472 4633 1547 4686 ita
1565 4631 1722 4686 locuti
1747 4641 1867 4685 sunt

221 4745 274 4791 et
308 4734 654 4806 loquuntur,
683 4729 935 4797 quomodo
963 4736 1114 4785 antea
1142 4729 1501 4799 loquebantur.
1535 4724 1642 4782 Sed
1670 4726 1715 4780 si
1754 4725 1869 4795 quis

224 4826 569 4885 incredulus
608 4836 715 4879 esse
748 4822 995 4890 voluerit,
1044 4837 1223 4894 pergat
1268 4837 1402 4877 nunc
1433 4820 1869 4891 Constantinam-

224 4922 353 4991 lim,
386 4929 446 4976 et
495 4917 573 4972 ibi
603 4916 819 4989 reperiet
856 4930 1015 4971 unum
1043 4914 1106 4970 de
1142 4915 1271 4981 illis,
1300 4912 1670 4967 subdiaconem
1702 4911 1875 4981 Repa-

227 5024 455 5079 ratum,
490 5025 759 5067 sermones
783 5009 969 5081 politos
988 5009 1098 5063 sine
1122 5007 1231 5063 ulla
1251 5005 1532 5074 olfensione
1556 5006 1875 5075 loquentem;

226 5111 296 5166 ob
331 5121 527 5180 quam
558 5120 768 5159 causam
790 5101 1094 5158 venerabilis
1122 5102 1340 5156 nimiunt
1363 5101 1418 5156 in
1436 5100 1634 5173 palatio
1656 5099 1877 5155 Zenonis

228 5202 608 5277 imperatoris
638 5199 876 5267 habetur,
898 5206 944 5254 et
968 5198 1225 5272 praecipue
1254 5197 1434 5273 regina
1455 5197 1586 5251 mira
1614 5211 1728 5252 eum
1749 5210 1881 5251 reveo

226 5298 428 5354 rentia
458 5304 765 5349 veneratur.
795 5292 904 5349 Hos
927 5292 1268 5352 confessores
1290 5291 1454 5348 fuisse
1480 5304 1708 5348 numero
1729 5305 1881 5347 sexa-

232 5388 405 5461 ginta
448 5385 657 5459 Graaci
680 5381 923 5442 referunt
945 5385 999 5440 in
1028 5400 1126 5442 suo
1154 5383 1454 5454 Menologio
1478 5391 1533 5439 et
1561 5381 1614 5438 in
1642 5382 1881 5439 Menmis.

228 5492 370 5549 Non
400 5489 597 5544 fuisse
636 5493 817 5543 autem
847 5500 1037 5541 omnes
1071 5484 1355 5555 episcOpos
1384 5482 1621 5538 ostendit
1647 5480 1832 5536 Victor
1858 5520 1878 5547 ,

233 5582 620 5654 Reparatum
663 5579 1054 5635 subdiaconum
1099 5578 1151 5631 in
1183 5590 1371 5632 eorum
1408 5574 1547 5630 serie
1588 5586 1880 5643 reponens.

234 5675 486 5732 Encas
540 5671 763 5727 Caeneus
794 5671 850 5727 in
884 5670 1262 5741 Theophrasto
1286 5708 1302 5735 ,
1335 5667 1493 5722 tertia
1524 5673 1646 5736 post
1673 5664 1883 5736 suppli-

236 5769 411 5822 cium
439 5763 550 5819 die
579 5763 631 5818 id
659 5762 765 5818 illis
791 5762 1040 5819 beneficii
1069 5760 1325 5817 divinitus
1349 5758 1608 5815 collatum
1636 5756 1745 5825 ait,
1777 5771 1884 5811 non

235 5874 303 5921 ut
344 5860 595 5929 linguas
624 5856 948 5925 reciperent,
971 5854 1068 5911 sed
1087 5863 1148 5910 ut
1172 5854 1371 5926 absque
1397 5850 1610 5923 linguis,
1637 5849 1891 5911 articula-
1945 5879 2003 5933 ._-_

665 5955 934 6024 PATROL.
979 5950 1201 6019 LVIII.

1929 1946 2023 2001 gra
2043 1945 2163 1984 voce
2188 1932 2426 2001 conspexi
2440 1930 2718 2002 loquentes.
2733 1932 3066 2013 Justinianus
3090 1936 3205 2007 ipse
3228 1938 3519 2011 imperator

1931 2027 1986 2083 in
2026 2027 2411 2083 constitutione
2454 2028 2522 2084 de
2551 2030 2727 2086 oflieio
2759 2029 2997 2099 praefecti
3036 2034 3288 2101 praetorio
3329 2034 3521 2090 Africa:

1931 2118 2052 2187 (lib.
2074 2134 2092 2173 ι
2114 2118 2271 2187 Cod.,
2294 2120 2376 2175 tit.
2399 2117 2492 2190 27)
2513 2137 2527 2172 :
2552 2118 2805 2189 Vidimus,
2834 2122 3025 2193 inquit,
3040 2125 3349 2179 venerabiles
3363 2128 3521 2193 viros,

1930 2211 2021 2282 qui
2048 2210 2283 2265 abscissis
2316 2212 2567 2265 radicitus
2589 2210 2779 2283 linguis
2810 2228 2986 2282 paruas
3021 2231 3143 2269 suas
3168 2216 3526 2271 miserabiliter

1932 2302 2292 2374 loquebantur.
2317 2303 2374 2360 S.
2400 2302 2696 2373 Gregorius
2718 2302 2942 2375 Magnus
2963 2306 3056 2363 lib.
3079 2322 3134 2363 Ill
3156 2308 3522 2379 Dialogorum,

1932 2408 2053 2466 cap.
2085 2395 2176 2462 32,
2209 2395 2332 2452 illos
2361 2410 2426 2451 ex
2450 2395 2627 2451 Africa
2657 2395 2932 2467 profugos,
2957 2396 3025 2452 ad
3056 2397 3527 2469 Constantinopoli-

1941 2494 2115 2542 tanam
2135 2488 2309 2543 urbem
2330 2488 2543 2544 venisse
2565 2489 2777 2555 asserit,
2808 2496 2864 2544 et
2880 2489 2949 2545 de
2969 2490 3232 2545 miraculo
3253 2490 3529 2561 accepisse

1937 2582 2007 2639 ab
2035 2582 2260 2639 oeulatis
2290 2582 2422 2652 ipsis
2453 2582 2679 2638 testibus
2708 2596 2832 2637 cum
2862 2581 2917 2637 in
2956 2596 3075 2638 eam
3104 2582 3392 2638 Orientalis
3424 2582 3529 2638 im-

1940 2676 2076 2748 perii
2116 2675 2458 2747 ntetropolim
2498 2675 2697 2731 missus
2744 2682 2892 2730 esset
2923 2674 3306 2744 apocrisiarius
3329 2714 3343 2739 ,
3389 2673 3532 2744 quod

1940 2769 2007 2826 ad
2035 2784 2232 2825 annum
2261 2767 2367 2823 585
2395 2765 2562 2823 refert
2587 2766 2849 2822 Baronius
2871 2780 3097 2822 numero
3118 2764 3206 2820 12.
3226 2764 3407 2822 Victor
3427 2764 3534 2820 Tu-

1944 2868 2204 2923 nunensis
2241 2864 2295 2920 in
2336 2862 2637 2929 Chronico,
2670 2861 2893 2918 Zenone
2915 2861 3052 2931 Aug.
3083 2860 3308 2916 consule
3336 2859 3536 2930 (alieno

1946 2960 2072 3016 licet
2093 2958 2230 3029 loco)
2262 2974 2274 3011 :
2313 2956 2452 3025 Quos
2473 2956 2810 3026 canfessores,
2849 2953 3045 3023 inquit,
3074 2954 3214 3023 quod
3239 2952 3429 3024 linguis
3448 2952 3539 3005 ab-

1946 3051 2117 3107 scissis
2144 3052 2365 3122 perfecte
2407 3047 2474 3101 ad
2504 3046 2658 3117 ﬁnem
2687 3061 2845 3116 usque
2864 3044 3023 3099 locuti
3065 3052 3213 3109 sunt,
3244 3043 3363 3098 urbs
3396 3043 3542 3113 regia

1950 3149 2218 3200 attestatur
2241 3182 2257 3211 ,
2287 3141 2373 3196 ubi
2409 3155 2584 3195 eorum
2629 3152 2846 3209 corpora
2864 3138 3060 3208 jacent.
3095 3135 3230 3190 Tum
3266 3134 3333 3189 ad
3378 3133 3540 3189 ﬁnem

1951 3234 2228 3303 Chronici,
2258 3248 2400 3290 anno
2428 3232 2500 3287 40
2527 3230 2734 3301 imperii
2758 3227 3084 3286 Justiniani:
3116 3225 3419 3281 Theodorus
3448 3216 3545 3280 Ce-

1949 3332 2301 3388 barsusitanus
2347 3327 2612 3400 episcopus
2637 3365 2653 3392 ,
2693 3326 2935 3395 defensor
2969 3325 3123 3377 trium
3160 3320 3541 3392 capitulorum,

1950 3426 2130 3483 exsilio
2142 3424 2210 3478 ad
2220 3425 2394 3479 urbem
2406 3419 2621 3492 regiam,
2636 3435 2696 3472 eo
2715 3434 2886 3472 mense
2906 3425 2953 3471 et
2973 3417 3056 3471 die
3077 3431 3180 3486 quo
3209 3412 3544 3493 Justinianus

1951 3514 2204 3582 moritur;
2235 3526 2279 3570 et
2299 3520 2456 3587 juxta
2478 3513 2793 3581 confessores
2820 3509 3000 3570 quibus
3026 3508 3308 3579 Ugnericus
3334 3506 3546 3561 Vanda-

1955 3611 2123 3665 lorum
2151 3623 2245 3663 rea:
2283 3608 2487 3677 linguas
2532 3602 3129 3672 absciderat,sepelitur.
3151 3600 3307 3667 Quod
3332 3614 3460 3670 ergo
3488 3600 3547 3656 in

1954 3700 2174 3757 Menaeis
2208 3706 2261 3754 et
2289 3698 2343 3752 in
2384 3694 2684 3765 Menologio
2714 3694 2770 3747 hi
2802 3694 3053 3763 leguntur
3078 3731 3093 3759 ,
3122 3706 3219 3763 per
3244 3705 3433 3747 omnes
3467 3691 3551 3746 di-

1960 3793 2123 3851 tionis
2167 3792 2425 3847 Romantc
2464 3802 2587 3845 oras
2634 3785 2799 3842 fuisse
2843 3784 3109 3855 dispersi,
3139 3781 3226 3839 vel
3259 3781 3442 3853 accipe
3481 3781 3553 3838 de

1959 3888 2210 3955 transitu,
2232 3900 2356 3943 cum
2386 3893 2568 3941 essent
2598 3883 2651 3938 in
2681 3881 2876 3938 itinere
2904 3894 2999 3936 seu
3018 3878 3284 3943 terrestri,
3305 3892 3401 3935 seu
3430 3891 3550 3933 ma-

1958 3981 2142 4039 ritimo
2170 3979 2480 4051 priusquam
2514 3973 3035 4043 Constantinopolim
3066 3972 3432 4043 pervenirent;
3464 3970 3554 4027 vel

1959 4074 2193 4131 fortasse
2216 4071 2284 4128 de
2300 4085 2488 4127 eorum
2510 4066 2783 4125 nonnullis
2810 4068 2900 4137 qui
2930 4064 3249 4121 miraculum
3269 4077 3427 4121 suum
3448 4063 3553 4119 cir-

1963 4166 2328 4226 cumtulerint.
2368 4162 2503 4219 Nam
2546 4176 2613 4219 ex
2650 4161 2716 4217 iis
2764 4159 3050 4231 plerosque
3089 4156 3555 4228 Constantinopoli

1963 4262 2176 4335 degisse
2200 4301 2216 4329 ,
2247 4260 2522 4329 vitamque
2557 4254 2758 4312 ibidem
2807 4253 3052 4326 exegisse
3070 4293 3087 4322 ,
3115 4266 3226 4309 non
3248 4252 3432 4310 sinunt
3451 4249 3555 4307 du-

1964 4356 2138 4413 bitare
2164 4361 2413 4410 auctores
2440 4349 2610 4406 citati.

2037 4446 2124 4502 Ex
2178 4445 2263 4501 his
2308 4443 2587 4515 sexaginta
2642 4437 3043 4497 confessoribus
3087 4435 3258 4493 fuisse
3305 4434 3562 4507 Vigilium

1970 4539 2303 4610 Tapsensetu
2348 4550 2446 4593 seu
2487 4534 2836 4605 Tapsitanum
2888 4530 3199 4602 episcopum
3248 4527 3561 4598 conjectura

1972 4640 2087 4700 est,
2114 4630 2258 4704 quod
2286 4638 2342 4685 et
2387 4637 2717 4685 memoretur
2745 4625 2936 4679 ultimo
2961 4625 3083 4679 loco
3112 4621 3256 4677 inter
3277 4620 3563 4691 episcOpos

1975 4726 2269 4804 provincia:
2305 4724 2630 4796 Byzacenzn,
2656 4719 2744 4789 qui
2774 4715 3154 4785 Carthaginem
3188 4713 3257 4769 ab
3296 4710 3565 4767 Hunerico

1978 4802 2185 4878 evocati
2207 4821 2609 4879 convenerunt;
2633 4822 2688 4868 et
2708 4802 3487 4879 scripseritConstantinopoli,
3505 4812 3568 4859 ut

1981 4932 2014 4973 a
2033 4914 2190 4972 nobis
2228 4910 2514 4984 probatum
2543 4915 2657 4973 est;
2693 4912 2873 4975 totque
2893 4910 2951 4961 et
2977 4900 3114 4957 tales
3142 4898 3308 4955 libros
3331 4896 3568 4967 scripse-

1981 5010 2076 5082 rit,
2100 5022 2195 5066 seu
2213 5002 2515 5071 dictaverit,
2538 5009 2665 5074 quot
2678 5007 2734 5056 et
2749 4997 2933 5070 quales
2955 5009 3113 5053 nemo
3129 4990 3296 5065 (quod
3308 4988 3564 5059 sciamus)

1984 5119 2051 5161 ex
2081 5099 2228 5158 omni
2255 5097 2372 5171 ejus
2400 5094 2731 5167 collegarum
2761 5105 3009 5148 numero.
3058 5085 3216 5145 Unde
3252 5083 3450 5157 oppido
3475 5099 3571 5141 ve-

1985 5194 2211 5255 risimile
2234 5201 2317 5249 est
2345 5189 2513 5246 fuisse
2539 5188 2690 5245 illum
2714 5190 2769 5243 ἐκ
2786 5193 2887 5242 τῶν
2910 5182 3236 5257 λογιωτάτων
3263 5179 3347 5252 (ut
3374 5177 3574 5235 habent

1986 5286 2211 5358 Menam)
2241 5283 2335 5356 qui
2361 5282 2426 5338 ad
2454 5280 2507 5338 id
2531 5278 2784 5351 supplicii
2804 5282 2933 5333 sunt
2956 5273 3151 5331 delecti
3168 5317 3183 5344 ,
3208 5282 3267 5329 ut
3287 5271 3485 5343 linguis
3512 5284 3577 5325 ac

1989 5379 2196 5439 dextris
2216 5376 2597 5441 multarentur,
2630 5385 2699 5427 ne
2718 5369 2890 5426 verbo
2909 5366 3180 5439 scriptove
3207 5364 3459 5423 hmresim
3480 5378 3579 5434 op-

1990 5482 2311 5550 pugnarent.
2344 5470 2542 5527 Verum
2571 5468 2707 5533 haec,
2739 5472 2795 5520 ut
2819 5463 2951 5530 dixi,
2980 5462 3287 5533 conjectura
3318 5467 3423 5525 est,
3454 5472 3578 5515 cunt

1993 5575 2050 5629 in
2078 5580 2227 5626 tanto
2262 5568 2586 5636 scriptorum
2609 5559 2823 5617 silentio
2860 5559 2950 5629 qui
2998 5558 3216 5615 nomina
3246 5552 3581 5625 singulorum

1995 5681 2103 5721 non
2150 5665 2575 5734 expresserunt,
2629 5666 2789 5720 supra
2844 5650 3210 5721 conjecturam
3257 5645 3391 5704 nihil
3450 5643 3583 5701 mihi

2197 5763 2270 5809 at.

2197 5763 2270 5809 at.

1997 5756 2259 5918 fugitis
2288 5843 2565 5920 sexnginta
2590 5838 2988 5900 confessoribus
3010 5854 3144 5895 unus
3162 5835 3259 5888 fuit
3285 5835 3365 5906 (ut
3384 5829 3590 5889 habent

3149 5926 3195 5993 ὅ
