4086 6328
536 381 643 438 139

1866 370 2111 429 VlCTOR
2153 368 2477 427 VITENSIS.

3711 361 3812 419 MO

539 519 662 560 cum
695 500 991 571 Menologio
1032 499 1213 555 Menea
1236 544 1249 568 ,
1280 505 1333 553 et
1380 498 1667 568 Gregorius
1709 495 1929 566 Magnus
1959 495 2122 549 citato
2149 486 2203 555 Α
2229 492 2432 545 ritanic
2469 487 2687 544 civitatis
2727 486 2989 558 episcopus
3028 486 3234 557 scripsit
3283 485 3553 540 adversum
3598 482 3812 537 Arianae

537 595 684 665 loco)
719 594 808 664 qui
842 594 1121 663 prolapsus
1156 593 1205 646 in
1228 592 1405 647 carnis
1434 592 1711 662 ﬂagitium,
1741 590 1974 645 divinam
2007 602 2032 640 a
2066 600 2125 642 se

472 668 506 681 ﬁ
540 688 763 759 gratiam
788 686 1074 756 repulit,ut
1100 700 1205 740 non
1229 693 1408 754 posset
1429 685 1622 740 exinde
1642 683 1928 754 quidquam
1956 680 2123 750 loqui.

541 784 621 838 De
660 782 865 837 duobus
905 780 1136 849 idipsum
1182 788 1364 835 narrat
1404 779 1730 849 ProcOpius,
1760 776 1897 831 haud
1924 776 2126 846 absque

541 876 741 930 erroris
776 880 870 927 aut
904 871 1172 928 mendacii
1219 872 1542 941 suspicione.
1586 871 1852 925 Cancrum
1885 867 1971 924 vel
2002 860 2127 923 hinc

542 966 809 1020 aestimare
838 964 966 1020 licet
1003 979 1163 1035 quam
1195 965 1357 1018 ardua
1387 964 1645 1018 sitvirtus
1668 962 1924 1027 castitas;
1955 968 2009 1015 et
2035 960 2126 1014 illa

541 1056 819 1127 Cypriani,
845 1057 961 1111 sive
983 1057 1230 1126 Origenis
1259 1057 1419 1111 verba
1448 1056 1706 1125 replicare
1738 1054 1872 1107 libro
1906 1052 1973 1107 de
1999 1050 2123 1107 Sino

540 1149 826 1218 guluritale
846 1149 1189 1215 clericorum,
1211 1148 1349 1202 haud
1376 1149 1529 1219 longe
1561 1147 1628 1202 ab
1657 1146 1805 1202 initio
1832 1165 1842 1198 :
1872 1145 2013 1199 Mors
2040 1160 2129 1215 per

544 1246 790 1313 feminam
816 1244 982 1299 adhuc
1011 1262 1166 1315 usque
1189 1256 1474 1314 grassatur.
1511 1242 1733 1297 Mentior
1752 1285 1767 1311 ,
1800 1243 1845 1296 si
1867 1258 1967 1295 non
1992 1242 2131 1295 vide-

544 1351 657 1390 mus
688 1338 870 1391 exinde
883 1339 1119 1392 interitus
1136 1337 1495 1406 plurimorum.
1520 1338 1715 1403 Quanti
1746 1347 1789 1391 et
1812 1338 1987 1406 quales
2016 1337 2128 1406 epi-

544 1428 710 1496 scopi,
742 1437 786 1482 et
811 1429 983 1483 clerici
1002 1429 1155 1483 simul
1177 1438 1225 1483 et
1253 1430 1371 1483 laici
1382 1474 1392 1487 .
1422 1438 1533 1498 post
1563 1429 1943 1499 confessionum
1971 1430 2133 1482 victo-

544 1521 837 1589 riarumque
888 1520 1085 1574 calcata
1113 1521 1389 1574 certamina
1414 1561 1427 1585 ,
1464 1529 1574 1588 post
1620 1518 1874 1589 magnalia
1913 1527 1958 1572 et
1988 1518 2134 1588 signa

546 1612 626 1666 vel
653 1612 907 1666 mirabilia
948 1616 1302 1683 usquequaque
1339 1620 1652 1677 monstrata,
1701 1619 1980 1664 noscuntur
2018 1624 2133 1662 cum

550 1702 630 1758 Itis
678 1705 908 1759 omnibus
955 1706 1317 1775 naufragasse,
1368 1714 1484 1758 cum
1512 1703 1687 1757 volunt
1724 1703 1776 1756 in
1814 1703 1931 1755 navi
1963 1700 2135 1773 fragili

550 1798 795 1869 navigare
810 1800 828 1849 .'
861 1799 1093 1861 Quantos
1137 1799 1305 1852 leones
1336 1798 1531 1851 domuit
1564 1813 1669 1850 una
1695 1796 1953 1849 muliebris
1984 1793 2136 1863 inﬁr-

2229 583 2413 639 librum
2442 596 2600 636 unum
2633 589 2680 635 et
2722 580 2930 652 longum
2949 622 2964 647 ,
2993 595 3142 649 quem
3167 576 3437 633 Genserico
3460 576 3568 648 regi
3603 573 3812 629 Vanda-

2231 677 2397 731 lorum
2446 691 2533 747 per
2581 692 2698 730 suos
2732 674 3047 729 audiendum
3095 672 3298 739 obtulit,
3322 672 3452 726 sicut
3483 678 3546 724 ea:
3574 670 3814 740 procemio

2228 769 2343 823 libri
2375 769 2534 841 ipsius
2578 768 2753 822 didici.
2805 766 3025 836 Scripsit
3072 774 3119 820 et
3166 766 3228 819 de
3275 765 3568 834 poenitentia
3614 763 3818 833 publica

2229 864 2438 930 librum,
2480 864 2533 916 in
2576 878 2675 933 quo
2701 871 2749 915 et
2788 863 3019 931 regulam
3047 861 3246 916 vivendi
3284 860 3635 932 paenitentibus
3675 860 3818 923 iuxta

2233 957 2622 1028 Scripturarum
2669 956 3025 1011 auctoritatem
3073 956 3251 1010 statuit
3299 970 3318 1008 :

2231 1054 2498 1119 quemdam
2520 1065 2673 1118 super
2698 1059 2905 1103 mortem
2933 1049 3027 1117 filii
3041 1047 3435 1102 consolatoriam
3456 1044 3711 1111 libellum,
3736 1059 3820 1114 spe

2233 1144 2615 1199 resurrectionis
2636 1141 2860 1214 perfecta
2896 1142 3228 1196 instructione
3258 1141 3531 1195 munitum.
3564 1136 3822 1194 Homilies

2234 1238 2385 1292 etiam
2405 1237 2687 1308 composuit
2705 1236 2913 1303 multas,
2944 1252 3114 1306 quasa
3136 1234 3379 1305 fratribus
3397 1233 3579 1288 salutis
3604 1233 3824 1303 propria

2233 1332 2487 1398 sollicitis,
2502 1332 2553 1386 in
2576 1330 2718 1385 libris
2738 1330 2959 1401 digestas
2982 1330 3169 1383 servari
3200 1329 3429 1399 cognovi.
3462 1328 3586 1383 Haac
3610 1327 3824 1383 Genna-

3362 960 3409 1007 et
3456 955 3524 1007 ad
3570 950 3819 1006 Basiliam

2236 1425 2373 1479 dius.
2403 1423 2555 1493 Quod
2571 1439 2699 1477 vero
2714 1423 2901 1477 Petrus
2917 1420 3195 1492 Equilinus
3217 1421 3281 1475 ad
3298 1438 3371 1476 xu
3392 1420 3646 1476 calendas
3666 1420 3826 1475 Maias

2237 1516 2569 1587 ejusobitum
2590 1516 2887 1582 adnotavit,
2914 1515 3090 1569 hausit
3120 1514 3347 1570 fortasse
3371 1531 3437 1570 ex
3464 1514 3660 1571 tabulis
3673 1512 3828 1568 Cala-

2238 1612 2445 1681 ritanis,
2465 1627 2580 1682 qua:
2599 1625 2661 1665 ea
2690 1611 2800 1680 ipsa
2824 1609 2910 1664 die
2928 1607 3198 1663 Victorem
3217 1607 3501 1678 quemdam
3525 1615 3829 1663 memorant

2239 1702 2313 1757 ibi
2344 1703 2663 1773 depositum.
2714 1702 2792 1757 Ex
2818 1702 2921 1757 hoc
2956 1701 3102 1756 fonte
3126 1700 3338 1757 turbido
3364 1699 3556 1771 (Petri,
3584 1699 3826 1770 inquam,

2239 1795 2470 1866 Equilini
2505 1793 2834 1865 testimonio)
2869 1794 3147 1863 multiplex
3177 1791 3229 1847 in
3273 1792 3607 1849 recentiores
3645 1807 3829 1847 mana-

552 1892 703 1947 mitas
732 1891 988 1958 delicata;
1026 1908 1141 1963 qua:
1170 1908 1289 1946 cum
1309 1893 1372 1947 sit
1392 1892 1506 1946 vilis
1540 1901 1589 1945 et
1614 1892 1818 1957 misera,
1845 1890 1907 1943 de
1934 1887 2133 1960 magnis
2163 1888 2213 1950 B
2239 1888 2316 1945 vit
2342 1888 2672 1943 allucinatio.
2709 1886 2918 1941 Etenim
2953 1885 3276 1940 Maurolicus
3306 1883 3475 1940 abbas
3505 1883 3720 1940 Siculus
3752 1898 3831 1939 ea-

553 1984 701 2054 efﬁcit
724 1983 987 2056 prcedam!

1139 2077 1365 2132 CAPUT
1406 2076 1543 2132 XVI.

662 2167 838 2223 Victor
861 2170 1123 2238 episcopus
1150 2167 1374 2223 Vitensis
1403 2185 1470 2221 an
1498 2178 1703 2221 sanctus
1745 2167 2048 2220 vindicatus.

625 2260 817 2315 Restat
843 2260 1070 2328 quiestio
1102 2261 1241 2314 haud
1293 2261 1429 2314 levis
1459 2261 1749 2327 momenti,
1801 2259 1870 2314 de
1916 2258 2146 2315 Victoris

556 2354 728 2409 nostri
751 2353 1067 2422 apotheosi;
1098 2353 1167 2408 de
1192 2368 1294 2421 qua
1326 2354 1429 2407 hoc
1458 2360 1661 2407 tantum
1696 2353 1815 2409 dico
1845 2394 1859 2418 ,
1885 2352 2031 2407 nullo
2062 2368 2147 2408 me

556 2454 644 2502 sat
678 2445 832 2501 ﬁrmo
873 2445 1206 2514 antiquitatis
1235 2445 1541 2500 testimonio
1573 2445 1765 2501 fulcire
1792 2446 1935 2500 illam
1966 2460 2144 2516 posse.

555 2536 686 2596 Scio
711 2538 762 2591 in
792 2538 1022 2607 antiquis
1050 2538 1256 2607 aliquot
1283 2537 1560 2593 codicibus
1590 2538 1753 2593 tribui
1784 2551 1917 2607 opus
1943 2538 2009 2592 de
2038 2553 2150 2608 per-

556 2631 835 2687 secutione
874 2630 1125 2686 Africana
1171 2638 1358 2697 sancto
1387 2630 1587 2685 Victori
1623 2632 1910 2701 episcopo;
1937 2629 2033 2685 sed
2063 2630 2148 2685 hic

556 2724 749 2780 titulus
773 2741 798 2778 a
821 2724 1054 2779 librariis
1067 2732 1167 2791 est,
1201 2738 1362 2791 penes
1391 2737 1524 2794 quos
1552 2724 1694 2777 nulla
1718 2731 1801 2778 est
1830 2722 2143 2790 auctoritas,

557 2827 868 2871 sanctorum
909 2818 1099 2871 cauoni
1141 2831 1460 2887 quemquam
1492 2815 1838 2871 inscribendi.
1879 2815 1994 2870 Mea
2032 2816 2149 2885 qui-

557 2908 684 2963 dem
731 2910 1036 2978 conjectura
1078 2917 1194 2972 est,
1226 2908 1372 2962 illum
1401 2908 1565 2962 vitam
1596 2917 1779 2964 sancte
1825 2908 2069 2978 exegisse
2096 2907 2147 2961 iu

556 3001 829 3065 Sardinia,
854 3016 977 3056 cum
997 3008 1143 3056 esset
1163 3001 1363 3070 primas
1392 3002 1737 3072 Byzacenus;
1764 3009 1926 3070 atque
1951 2999 2147 3054 ibidem

556 3094 826 3165 sepultum
848 3109 968 3151 esse
990 3095 1128 3151 inter
1150 3104 1231 3150 tot
1251 3095 1382 3149 alios
1416 3095 1632 3160 heroes,
1658 3095 1739 3149 vel
1771 3095 2035 3160 advenas,
2064 3095 2149 3150 vel

557 3186 857 3256 indigenas,
909 3186 975 3240 de
1007 3186 1199 3255 quibus
1236 3188 1404 3240 multa
1434 3187 1653 3255 collegit
1696 3185 1933 3241 Iacobus
1963 3185 2152 3240 Pintus

2248 1980 2369 2036 dem
2401 1980 2487 2036 die
2518 1979 2717 2049 Aprilis
2742 1977 2997 2049 vigesima
3019 1977 3097 2032 sic
3121 1976 3281 2032 habet
3308 1976 3359 2031 in
3388 1991 3487 2032 suo
3518 1974 3833 2047 martyrolo-

2248 2077 2333 2148 gio
2365 2094 2377 2131 :
2403 2074 2535 2131 Item
2566 2074 2783 2129 Victoris
2810 2073 3224 2145 Carthaginensis
3252 2074 3500 2143 cpiscOpi,
3524 2074 3622 2128 viri
3645 2074 3834 2128 doctis-

2246 2169 2384 2229 simi.
2414 2178 2637 2238 tempore
2660 2168 2917 2222 Anastasii
2947 2167 3284 2236 imperatoris.
3312 2165 3502 2221 Petrus
3532 2163 3836 2220 Galesiuius

2247 2257 2518 2316 Victorem
2549 2260 2689 2316 hunc
2723 2277 2784 2315 ex
2819 2259 3222 2328 Carthaginensi
3260 2258 3565 2314 Uticensem
3600 2257 3704 2313 sibi
3736 2258 3836 2312 liu-

2247 2353 2359 2419 xit;
2389 2353 2463 2407 sic
2490 2353 2630 2407 cnim
2667 2353 2732 2407 ait
2754 2352 2818 2406 ad
2843 2348 3088 2406 eamdem
3115 2351 3256 2405 diem
3288 2350 3487 2420 Aprilis
3512 2350 3583 2407 20
3613 2368 3628 2404 :
3683 2350 3838 2405 Utica!

2248 2444 2301 2497 in
2333 2444 2529 2514 Africa,
2566 2445 2624 2500 S.
2670 2444 2889 2499 Victoris
2922 2445 3145 2515 episcopi
3173 2456 3219 2499 et
3251 2445 3579 2516 confessoris.
3615 2444 3838 2500 Dubita-

2250 2535 2327 2589 vit
2354 2535 2628 2606 Philippus
2663 2536 2942 2591 Ferrarius
2971 2550 3129 2605 quam
3157 2550 3217 2590 se
3258 2535 3311 2590 in
3341 2545 3547 2605 partem
3571 2544 3839 2601 verteret;

2251 2635 2537 2697 utrumque
2565 2629 2704 2682 enim
2736 2627 2877 2682 hunc
2899 2635 3170 2682 auctorem
3203 2626 3376 2682 citans
3398 2628 3450 2681 in
3482 2626 3733 2697 catalogo
3757 2641 3835 2697 ge

2253 2719 2421 2775 nerali
2462 2729 2769 2776 sanctorum
2803 2720 2889 2791 qui
2933 2736 3039 2775 non
3064 2728 3187 2775 sunt
3230 2720 3282 2774 in
3327 2719 3714 2792 Martyrologio
3742 2719 3841 2774 Ro-

2252 2827 2435 2881 mano,
2468 2812 2736 2869 Victorem
2775 2828 2950 2881 neque
2980 2813 3457 2882 Carthaginensem
3480 2827 3601 2867 cum
3635 2811 3842 2866 Mauro-

2253 2903 2360 2961 lico
2380 2948 2393 2973 ,
2438 2919 2608 2974 neque
2636 2919 2757 2958 cum
2799 2904 3071 2959 Galesinio
3101 2902 3431 2970 Uticensem,
3466 2904 3565 2959 sed
3589 2904 3642 2959 in
3667 2903 3843 2963 Africa

2254 2997 2565 3069 episcopum
2594 2997 2761 3063 dixit;
2792 2997 3003 3066 utrique
3028 3012 3256 3053 concors
3278 3038 3293 3063 ,
3316 3006 3369 3052 et
3402 2996 3647 3053 neutrius
3672 2996 3841 3053 errori

2256 3092 2619 3147 subscribens.
2646 3089 2710 3145 In
2734 3092 2911 3163 Africa
2940 3092 3135 3162 (inquit
3168 3091 3255 3146 die
3282 3091 3351 3147 20
3372 3090 3594 3162 Aprilis)
3621 3092 3688 3147 S.
3731 3091 3832 3146 Vic

2258 3185 2381 3237 toris
2428 3184 2674 3255 episcopi.
2707 3184 2777 3238 At
2824 3184 3089 3239 Barouius
3134 3183 3271 3239 hanc
3304 3182 3538 3255 Scyllam
3569 3183 3845 3240 declinare

559 3276 616 3332 in
646 3292 807 3346 opere
832 3277 900 3332 de
922 3276 1134 3332 Christo
1166 3278 1445 3345 cruciﬁxo,
1470 3278 1565 3331 lib.
1596 3294 1679 3355 ut,
1711 3280 1793 3332 tit.
1818 3278 1852 3332 4
1872 3318 1887 3343 ,
1909 3278 2030 3332 loco
2063 3279 2147 3332 l2.
2179 3265 2223 3326 C
2257 3278 2429 3344 nisus,
2450 3276 2593 3331 haud
2622 3277 2751 3330 satis
2779 3277 2965 3331 vitavit
2990 3273 3349 3348 Charybdim;
3378 3276 3442 3331 ad
3473 3276 3617 3331 diem
3647 3276 3844 3332 mensis

565 3366 765 3424 Verum
806 3383 900 3437 per
941 3368 1088 3422 initia
1134 3370 1310 3423 octavi
1355 3378 1478 3437 post
1516 3369 1790 3422 Christum
1837 3369 2056 3434 saeculi,
2104 3378 2158 3425 et

562 3474 706 3516 anno
747 3460 945 3515 Christi
994 3459 1097 3516 720
1135 3460 1216 3533 (ut
1267 3462 1539 3515 existimat
1579 3460 1812 3531 Pintus),
1854 3462 2155 3517 Sardiniam

561 3552 966 3608 det-astantibus
994 3553 1331 3619 Sarracenis,
1363 3552 1436 3608 ita
1470 3554 1664 3609 turbati
1687 3563 1811 3609 sunt
1842 3565 1917 3610 tot
1944 3564 2156 3610 sancto-

556 3658 679 3701 rum
706 3646 927 3713 tumuli,
958 3655 1018 3702 ut
1044 3646 1293 3701 maxima:
1321 3646 1534 3701 illorum
1588 3647 1754 3715 partis
1788 3648 1929 3702 nulla
1954 3656 2154 3704 restent

558 3748 704 3795 certa
737 3739 958 3810 vestigia
981 3778 999 3808 ,
1033 3739 1274 3810 adeoque
1325 3755 1426 3795 nec
1466 3740 1700 3796 Victoris
1734 3742 2004 3809 Vitensis;
2057 3759 2155 3799 nec

556 3832 666 3888 ulla
716 3843 842 3886 sunt
895 3833 1060 3903 (quod
1109 3832 1299 3901 sciam)
1342 3844 1584 3889 veterum
1632 3836 2032 3906 Martyrologia,
2065 3848 2156 3892 aut

559 3914 926 3979 Ecclesiarum
967 3917 1201 3994 antiquae
1243 3927 1437 3981 tabula:
1464 3943 1584 3997 quas
1610 3928 1678 3982 de
1727 3928 1818 3982 illo
1846 3938 2151 3984 sanctorum

556 4014 713 4071 fastis
740 4020 972 4086 ascripto
1010 4016 1170 4072 [idem
1200 4018 1415 4073 faciant.
1450 4020 1642 4075 Petrus
1670 4020 1957 4091 episcOpus
1990 4023 2155 4091 Equi-

558 4106 704 4162 linus
737 4108 788 4162 iu
819 4108 1065 4178 catalogo
1086 4120 1393 4177 sanctorum
1426 4111 1519 4166 lib.
1551 4127 1601 4166 IV
1621 4153 1634 4177 ,
1660 4126 1779 4180 cap.
1815 4115 1911 4179 70,
1948 4113 2150 4183 Victor,

557 4200 772 4269 inquit,
830 4200 1304 4273 Carthaginensium
1369 4203 1634 4272 episcopus
1698 4206 1876 4275 ﬂoruit
1935 4216 2158 4277 tempore

560 4290 824 4345 Anastasii
874 4293 1195 4362 imperatoris
1243 4310 1262 4347 :
1314 4294 1402 4363 qui
1449 4294 1729 4362 praeclarus
1779 4295 2053 4349 virtutibus
2106 4306 2154 4350 et

560 4384 793 4438 doctrina
815 4386 931 4453 fuit.
957 4384 1210 4438 Adversus
1225 4386 1445 4438 Arianos
1468 4388 1751 4455 composuit
1766 4387 1953 4441 librum
1971 4403 2148 4441 unum.

559 4473 639 4528 De
676 4474 966 4543 paznitentia
1013 4477 1198 4529 librum
1236 4493 1394 4529 unum
1416 4518 1430 4543 ,
1480 4479 1532 4530 in
1560 4493 1663 4547 quo
1703 4479 1901 4533 vivendi
1925 4480 2152 4549 regulam

562 4568 927 4638 paenitentibus
938 4570 1095 4638 juxta
1119 4566 1504 4638 Scripturarum
1524 4572 1884 4624 auctoritatem
1904 4572 2148 4625 instituit.

2262 3370 2482 3439 Augusti
2525 3366 2595 3423 25
2624 3387 2635 3421 :
2677 3367 2841 3423 Utica:
2870 3368 2921 3422 in
2955 3367 3131 3438 Africa
3156 3408 3171 3433 ,
3204 3369 3406 3437 inquit,
3465 3368 3595 3422 beati
3628 3367 3844 3422 Victoris

2259 3463 2516 3531 episwpi;
2544 3478 2572 3516 a
2612 3478 2718 3532 quo
2748 3472 2802 3517 et
2837 3462 3194 3532 conscriptam
3228 3462 3513 3518 Historiam
3540 3462 3845 3519 Vandalicas

2258 3554 2313 3609 in
2370 3554 2546 3609 Africa
2604 3554 2996 3625 persecutionis
3050 3553 3282 3607 afﬁrmat
3320 3554 3371 3608 in
3423 3555 3594 3619 notis;
3636 3554 3703 3609 dc
3741 3568 3845 3626 quo

2260 3656 2435 3703 tamen
2470 3648 2688 3703 Victore
2721 3649 2916 3702 mirum
2956 3657 3039 3703 est
3082 3662 3182 3703 nec
3222 3646 3444 3703 verbum
3485 3646 3603 3702 ﬁeri
3636 3648 3843 3718 uspiam

2257 3744 2398 3814 apud
2431 3744 2626 3799 Bedam
2656 3788 2668 3811 ,
2701 3741 3007 3798 Usuardum
3037 3783 3051 3807 ,
3080 3741 3321 3797 Adonem
3350 3782 3365 3805 ,
3398 3741 3680 3796 Rabanum
3705 3742 3844 3797 Mane

2258 3852 2401 3903 rum,
2450 3836 2689 3905 aliosque
2721 3835 2986 3904 antiquos.
3037 3834 3266 3889 Tantum
3312 3834 3365 3889 in
3408 3834 3657 3890 Usuardo
3705 3836 3844 3891 edito

2257 3925 2495 3982 Coloniae
2521 3926 2586 3980 ad
2611 3941 2808 3980 annum
2826 3924 2985 3991 152i,
3005 3939 3071 3981 ea
3100 3925 3187 3982 die
3212 3926 3431 3996 Augusti
3463 3926 3561 3993 23,
3588 3928 3668 3981 sic
3691 3928 3841 3998 lego:

2258 4018 2563 4074 Cenomanis
2603 4018 2814 4073 Victoris
2830 4020 3053 4091 episcopi
3075 4028 3120 4073 et
3149 4020 3493 4091 confessoris;
3514 4035 3640 4076 cum
3664 4029 3841 4076 tamen

2257 4110 2489 4165 Victoris
2540 4124 2634 4166 seu
2663 4109 2887 4166 Victorii
2914 4109 3333 4167 Cenomanensis
3364 4112 3712 4168 meminerint
3746 4113 3844 4169 alia

2257 4205 2636 4277 Martyrologia
2677 4206 2741 4259 ad
2791 4205 3042 4262 calendas
3083 4207 3438 4278 Septembris.
3471 4206 3526 4261 ln
3556 4207 3661 4263 hoc
3689 4208 3845 4279 igitur

2258 4300 2419 4355 totius
2450 4300 2781 4369 antiquitatis
2829 4300 3046 4355 silentio
3072 4343 3086 4369 ,
3121 4314 3289 4356 sacrae
3311 4299 3528 4356 Rituum
3554 4315 3846 4371 congrega-

2256 4390 2389 4445 tioni
2446 4390 2856 4460 expendendum
2901 4391 3283 4460 relinquimus,
3335 4408 3461 4447 num
3512 4392 3698 4449 Victor
3754 4409 3845 4449 seu

2256 4481 2521 4547 Vitensis,
2554 4483 2671 4538 sive
2712 4481 2977 4539 Uticensis
3004 4486 3285 4555 episcopus
3307 4526 3321 4550 ,
3359 4496 3545 4541 auctor
3572 4486 3753 4556 operis
3783 4484 3849 4540 de

2255 4571 2635 4629 Persecutione
2658 4573 2905 4629 Africana
2921 4575 3019 4630 sub
3040 4574 3312 4632 Geiserico
3333 4586 3386 4632 et
3411 4575 3683 4634 Hunerico
3703 4577 3865 4639 Van-,

560 4660 645 4714 Ad
674 4660 928 4715 Basiliam
971 4662 1241 4731 quemdam
1289 4677 1441 4733 super
1492 4672 1704 4732 mortem
1750 4664 2151 4719 consolatoriunt
2177 4645 2231 4707 D
2258 4664 2499 4721 dalorum
2525 4666 2759 4737 regibus,
2786 4666 3228 4739 ritevindicatus,
3260 4677 3314 4727 et
3341 4670 3394 4727 in
3423 4676 3735 4727 sanctorum
3756 4682 3843 4724 ca-

560 4753 751 4809 librum
773 4770 931 4807 unum
954 4794 967 4818 ,
998 4770 1087 4823 spe
1114 4755 1500 4808 resurrectionis
1528 4754 1829 4826 perfectum,
1855 4766 1901 4811 et
1928 4757 2150 4812 instruc-

554 4846 696 4900 tione
740 4845 1011 4900 munitum.
1041 4844 1302 4900 Homilias
1332 4846 1484 4900 etiam
1505 4862 1619 4913 qua:
1641 4866 1673 4902 a
1695 4849 1938 4919 fratribus
1966 4851 2148 4907 salutis

554 4943 780 5011 prapria:
808 4940 1066 5007 sollicitis,
1095 4940 1149 4994 in
1175 4940 1316 4993 libris
1340 4941 1547 5011 digest
1572 4953 1860 4999 servantur.
1886 4946 1988 5011 Qui
2007 4956 2055 5001 et
2072 4962 2145 5001 xu

556 5030 799 5083 calendas
814 5029 947 5085 Maii
971 5030 1137 5083 carnis
1161 5029 1385 5083 debitum
1402 5033 1569 5086 solvit.
1597 5034 1793 5089 Retulit
1820 5036 1919 5090 ista
1952 5038 2142 5093 Petrus

558 5136 622 5176 ex
651 5122 947 5193 Gennadio,
1001 5138 1120 5193 cap.
1178 5124 1244 5177 77
1275 5162 1291 5188 ,
1350 5125 1446 5179 sed
1498 5140 1683 5194 parum
1734 5129 1974 5194 sincere;
2020 5146 2140 5185 nam

556 5212 830 5270 Victorem
886 5233 982 5285 pro
1034 5215 1384 5273 Cartennensi
1434 5219 1763 5276 Mauritaniae
1799 5221 2142 5279 Cmsariensis

556 5305 812 5374 episcopo
842 5307 1056 5376 scripsit
1085 5308 1566 5379 Carthagineusem
1592 5329 1606 5378 ;
1651 5322 1702 5368 et
1732 5312 1980 5372 ﬂoruisse
2013 5317 2146 5372 divit

542 5403 801 5465 tempore
854 5398 1119 5456 Anastasii
1164 5402 1543 5472 imperatoris,
1591 5419 1712 5459 cum
1757 5407 1823 5461 ad
1864 5410 2144 5477 superiora

556 5490 822 5548 Geiserici
839 5491 1195 5550 Vandalorum
1225 5500 1367 5565 regis
1386 5508 1626 5569 tempora
1640 5510 1784 5557 esset
1806 5503 2138 5561 referendus.

558 5581 891 5642 Gennadium
920 5582 1091 5657 ipsum
1120 5587 1242 5644 audi
1276 5607 1289 5643 :
1323 5589 1512 5659 Victor,
1546 5594 1649 5661 ait,
1693 5592 1961 5650 Cartenna:
1985 5596 2141 5653 Mau-

2257 4774 2454 4817 nonem
2482 4760 2678 4817 relatus
2708 4762 2917 4818 censeri
2947 4763 3134 4833 possit.

2827 4918 3053 4976 CAPUT
3090 4916 3255 4975 XVll.

2260 5051 2532 5108 Variantes
2555 5052 2753 5123 aliquot
2766 5051 3003 5108 lectiones
3023 5070 3086 5108 ea;
3107 5054 3281 5109 codice
3303 5069 3401 5109 ms.
3420 5054 3697 5112 carthusia:
3712 5054 3845 5111 Por-

2325 5134 2526 5197 tarum,
2557 5124 2626 5177 ad
2660 5124 2881 5197 Victoris
2912 5124 3133 5181 Vitensis
3157 5126 3380 5197 episcOpi
3409 5141 3537 5194 opus
3566 5129 3630 5182 de
3660 5125 3844 5181 Perse-

2326 5196 2525 5251 cutione
2554 5196 2819 5266 Africana.

2318 5330 2487 5392 (Hanc
2505 5333 2768 5398 variantum
2783 5334 3047 5398 lectionum
3063 5334 3445 5398 descriptionem
3462 5335 3686 5385 consulto
3702 5336 3843 5384 omit-

2251 5394 2400 5459 t_imus
2440 5400 2609 5459 utpote
2655 5394 2829 5459 lectori
2868 5397 3070 5446 minimc
3114 5394 3510 5459 desiderabilem,
3550 5398 3628 5448 cui
3651 5402 3843 5459 textum

2250 5452 2579 5506 Ruinartia’nae
2622 5458 2863 5509 editionis
2892 5460 3337 5511 emendatissimum
3359 5461 3409 5511 in
3437 5452 3527 5512 hac
3550 5464 3716 5511 nostra
3735 5457 3821 5507 edi

2248 5520 2385 5569 tione
2408 5519 2766 5571 exhibebimus.
2804 5521 2942 5572 Enrr.
2962 5522 2982 5585 )

1252 5776 3134 5833 WE,
