4086 6328
239 321 328 379 Hi
1572 306 2072 366 PROLEGOMENA
2083 348 2096 362 .

3382 311 3486 371 142

253 443 3482 474 ww

1191 552 1803 640 PRIEFATIO
1879 556 2462 641 SIRMONDI

1122 721 1203 784 In
1253 720 1580 784 historiam
1648 717 2006 783 Vandalica
2054 721 2534 800 persecutionis.

287 977 322 1032 l.
374 975 510 1031 Inter
538 975 847 1031 innumeras
893 975 1006 1032 fere
1056 977 1310 1031 barbaras
1364 979 1614 1032 nationes
1666 991 1785 1046 qum
1814 976 1864 1036 A
1896 983 1980 1029 est
2009 989 2108 1044 pro
2132 974 2224 1029 Dei
2272 990 2433 1031 causa
2464 979 2763 1048 decertare,
2797 990 2888 1036 aut
2921 997 3018 1052 pro
3045 999 3185 1042 veras
3223 988 3346 1045 fidei
3388 991 3483 1048 de-

217 1070 413 1127 labente
438 1071 636 1125 saeculo
664 1077 857 1142 quarto
883 1077 976 1125 aut
1003 1072 1196 1141 quinto
1223 1072 1464 1137 ineunte,
1498 1071 1551 1126 in
1589 1071 1786 1126 Roma-

218 1177 331 1218 num
369 1161 576 1231 orbem,
611 1176 675 1217 ac
705 1163 1043 1232 potissimum
1075 1165 1127 1218 in
1158 1163 1372 1234 imperii
1423 1163 1784 1220 Occidentalis

213 1255 501 1326 provincias
525 1254 879 1324 inundarunt,
917 1257 1058 1312 nulla
1101 1271 1230 1312 sane
1261 1257 1628 1313 Vandalorum
1657 1272 1785 1328 gen-

212 1354 310 1403 tem
340 1349 540 1402 saevitia
563 1357 621 1403 et
649 1348 1044 1406 inhumanitate
1066 1351 1354 1422 superavit.
1395 1350 1448 1406 Id
1490 1351 1787 1423 praedicant

207 1454 374 1501 vetera
413 1461 648 1517 quaeque
703 1447 924 1503 istorum
977 1458 1275 1518 temporum
1330 1464 1448 1519 quac
1499 1458 1787 1518 supersunt

204 1551 570 1606 monumenta,
613 1551 796 1612 atque,
829 1552 887 1598 ut
930 1543 997 1598 de
1044 1543 1204 1599 rebus
1235 1545 1574 1615 potissimum
1621 1542 1785 1597 eccle-

195 1634 414 1689 siasticis
443 1635 669 1705 loquar,
719 1635 861 1691 Fasti
893 1638 1053 1703 sacri,
1080 1637 1169 1706 qui
1209 1653 1329 1693 cum
1362 1638 1445 1692 vix
1492 1652 1656 1692 unum
1693 1647 1784 1691 aut

196 1727 408 1783 alterum
441 1738 745 1801 martyrem
777 1731 879 1786 sub
926 1731 1043 1787 aliis
1072 1732 1324 1786 Barbaris
1365 1745 1582 1801 passum
1637 1745 1785 1786 com-

196 1831 506 1888 memorent,
549 1822 862 1893 complures
890 1824 1068 1888 simul,
1104 1833 1157 1878 et
1205 1823 1419 1892 quidem
1451 1823 1781 1892 frequenter,

196 1911 293 1966 sub
323 1911 693 1969 Vandalorum
737 1915 1072 1985 gravissimis
1115 1914 1577 1985 persecutionibus
1623 1929 1783 1968 occu-

194 2009 367 2069 buisse
393 2016 609 2084 passim
642 2025 925 2070 testantur.
975 2016 1029 2069 ln
1075 2015 1332 2072 Vandalis
1359 2015 1556 2085 quippe
1603 2013 1780 2067 nativa

198 2100 394 2172 feritas,
425 2107 709 2163 haereseos
741 2107 963 2178 perfidia
991 2108 1269 2177 gentilium
1310 2105 1781 2177 superstitionibus

188 2200 457 2267 permista,
514 2202 847 2257 insatiabilis
899 2201 1206 2272 rapacitas,
1253 2202 1463 2271 aliaque
1516 2199 1779 2269 ejusmodi

191 2291 311 2345 vitia
344 2294 414 2347 ita
447 2294 874 2360 concurrebant,
907 2303 965 2348 ut
1010 2294 1152 2349 nulla
1180 2293 1319 2363 apud
1368 2307 1461 2348 eos
1506 2300 1649 2346 esset
1689 2299 1780 2344 aut

1893 1065 2142 1123 fensione
2179 1082 2505 1140 pugnantem
2532 1071 2746 1128 fortiter
2770 1077 3092 1133 occumbere
3125 1096 3141 1146 ;
3172 1096 3271 1136 nec
3300 1083 3480 1140 feren-

1890 1157 2016 1212 dum
2057 1169 2139 1215 est
2181 1171 2238 1216 ut
2267 1163 2460 1219 minori
2497 1165 2617 1221 loco
2664 1167 2804 1237 apud
2842 1167 3198 1239 Christianos,
3251 1175 3342 1244 qui
3384 1192 3482 1245 pro

1889 1251 2085 1309 Christi
2134 1254 2237 1312 fide
2300 1259 2686 1329 propugnanda
2741 1262 3088 1319 decertarunt
3135 1267 3240 1320 hab
3281 1284 3306 1318 a
3354 1276 3479 1334 tur,

1891 1361 2050 1415 quam
2089 1349 2178 1418 qui
2209 1364 2308 1420 pro
2339 1361 2551 1407 terreno
2579 1369 2766 1424 regno,
2813 1366 2933 1436 aut.
2969 1358 3339 1429 adipiscendo,
3391 1369 3484 1415 aut

1889 1441 2112 1507 tuendo,
2154 1458 2308 1498 curas
2350 1460 2476 1500 suas
2507 1461 2693 1502 omnes
2723 1452 3016 1518 posuerint.

1961 1532 2023 1588 ll.
2050 1534 2211 1592 Nobis
2237 1537 2413 1608 itaque
2446 1540 2496 1593 in
2523 1539 2625 1596 hoc
2652 1542 2910 1612 opusculo
2942 1547 3272 1615 propositum
3306 1556 3387 1602 est
3411 1549 3478 1603 de

1885 1627 2162 1696 prmclaris
2189 1629 2296 1683 illis
2314 1631 2442 1685 viris
2469 1633 2809 1701 potissimum
2830 1651 2989 1706 agere
3020 1637 3111 1708 qui
3141 1640 3191 1693 in
3212 1639 3481 1696 Vandalo-

1887 1733 2028 1786 rum,
2047 1723 2220 1789 gentis
2238 1722 2559 1778 Arianorum
2573 1727 2846 1781 erroribus
2869 1729 3272 1798 addictissimre,
3301 1748 3481 1802 perse-

1888 1811 2197 1867 cutionibus
2226 1816 2504 1886 exagitati,
2538 1818 2812 1876 auteffuso
2835 1823 3092 1892 sanguine
3124 1825 3360 1896 martyrii
3386 1842 3477 1881 co-

1887 1917 2076 1960 ronam
2107 1906 2286 1978 adepti
2315 1917 2462 1979 sunt,
2490 1921 2582 1966 aut
2607 1912 2796 1970 saltem
2817 1915 2986 1984 gloria
3003 1918 3359 1976 confessionis
3386 1937 3481 1992 pro

1887 1997 2083 2050 tuenda
2115 1997 2316 2054 Christi
2361 2000 2574 2056 Domini
2613 2003 2891 2062 divinitate
2921 2008 3249 2064 claruerunt.
3283 2012 3478 2066 Verum

1885 2101 2005 2142 cum
2039 2090 2209 2145 civilis
2241 2101 2294 2147 et
2325 2093 2689 2151 ecclesiastica
2730 2096 2955 2153 historia
2984 2099 3055 2154 ita
3105 2116 3225 2156 sese
3256 2103 3480 2160 invicem

1885 2182 2157 2250 adjuvent,
2190 2194 2249 2240 ut
2273 2186 2361 2240 vix
2386 2187 2452 2242 de
2494 2203 2598 2245 una
2628 2190 2827 2261 aliquid
2853 2194 2972 2250 sine
2993 2194 3216 2251 alterius
3243 2198 3481 2252 subsidio

1883 2274 1988 2330 dici
2019 2277 2206 2346 possit,
2243 2279 2400 2334 nobis
2429 2280 2660 2338 subinde
2685 2285 2980 2340 necessitas
3005 2287 3267 2344 incumbit
3286 2290 3351 2344 de
3381 2292 3481 2345 lm-

185 2394 339 2439 sexus
366 2385 716 2452 infirmioris,
749 2396 841 2442 aut
879 2385 1247 2441 imbecillioris
1291 2387 1465 2440 relatis
1496 2382 1780 2439 commise-

1888 2369 2022 2438 perii
2063 2370 2521 2430 vicissitudinibus
2550 2389 2611 2431 ac
2638 2376 2705 2432 de
2740 2377 2843 2434 illis
2869 2380 3202 2452 principibus
3233 2385 3322 2454 qui
3355 2394 3478 2440 tunc

190 2477 344 2543 ratio,
399 2478 555 2533 nulla
611 2494 738 2548 erga
771 2494 857 2534 res
912 2488 1005 2533 aut
1044 2494 1305 2548 personas
1358 2492 1539 2532 sacras
1569 2476 1778 2544 religio.

184 2565 376 2624 Verum
421 2570 750 2626 barbaricus
799 2572 899 2625 iste
935 2570 1104 2637 furor,
1137 2572 1228 2641 qui
1273 2571 1470 2624 multos
1517 2579 1783 2640 martyres

181 2663 312 2719 cosio
339 2665 554 2731 intulit,
590 2665 729 2719 idem
763 2665 878 2733 ipse
910 2665 962 2719 in
992 2680 1150 2720 causa
1194 2676 1277 2719 est
1299 2680 1394 2719 cur
1426 2664 1555 2718 nihil
1589 2663 1782 2719 ferede

177 2750 364 2808 iisdem
393 2755 735 2826 martyribus
781 2767 989 2810 certum
1043 2756 1376 2821 habeamus;
1420 2757 1614 2825 quippe
1660 2770 1780 2809 cum

177 2843 339 2914 ferro,
373 2848 604 2902 ï¬‚amma
634 2858 796 2917 atque
817 2848 1019 2918 rapinis
1047 2849 1224 2902 omnia
1255 2856 1547 2912 vastarent,
1581 2847 1780 2902 nullam

175 2938 240 2995 de
270 2942 438 2997 rebus
479 2945 600 2997 suis
639 2943 931 3008 scribendi,
965 2944 1072 2997 imo
1113 2959 1180 2998 ne
1228 2943 1524 3014 respirandi
1568 2943 1779 3013 quidem

173 3031 493 3090 facultatem
527 3036 904 3105 relinquebant
928 3037 992 3090 iis
1022 3036 1114 3106 qui
1147 3051 1211 3092 ex
1269 3036 1374 3090 illis
1401 3035 1652 3106 procellis
1698 3050 1780 3090 re-

170 3122 296 3194 liqui
327 3135 522 3181 erant.
561 3125 666 3182 Sed
697 3127 799 3181 etsi
822 3129 913 3196 qui
934 3125 1070 3181 forte
1099 3127 1273 3198 aliqua
1313 3129 1364 3181 in
1396 3127 1601 3182 litteras
1632 3135 1777 3182 retu-

167 3213 350 3287 lerint,
383 3221 512 3274 btec
535 3218 714 3273 omnia
743 3219 796 3274 in
825 3219 942 3274 istis
972 3220 1308 3288 tumultibus,
1341 3229 1394 3275 et
1423 3220 1635 3275 urbium
1659 3235 1777 3290 pro-

166 3307 594 3379 vinciarumque
634 3310 1004 3382 frequentibus
1051 3313 1278 3368 excidiis
1342 3315 1636 3383 perierunt.
1677 3314 1777 3381 Qui

160 3409 292 3455 vero
322 3411 533 3470 postea
561 3402 627 3458 de
658 3403 820 3458 rebus
858 3404 976 3458 istis
1011 3407 1429 3460 commentarios
1472 3406 1775 3473 ediderunt,

157 3495 383 3564 negotia
441 3494 632 3549 civilia
683 3502 941 3561 tractare,
992 3505 1083 3551 aut
1111 3498 1478 3566 expeditiones
1520 3499 1780 3552 militares

154 3584 598 3650 commendare,
664 3601 824 3654 quam
861 3586 928 3640 de
980 3587 1270 3656 Martyrum
1318 3589 1603 3658 triumphis
1657 3590 1779 3643 data

152 3691 328 3749 opera
363 3679 663 3731 disserere
694 3680 1020 3742 maluerunt,
1053 3681 1130 3733 uti
1169 3680 1236 3734 de
1258 3680 1518 3751 ProcOpio
1558 3681 1782 3751 aliisque

1886 2464 2144 2532 temporis
2175 2467 2528 2538 imperarunt,
2563 2469 2650 2525 vel
2674 2461 2910 2529 breviter
2943 2489 3141 2544 agere:
3172 2485 3358 2531 tumut
3381 2493 3481 2533 una

1885 2570 2113 2626 quaaque
2134 2574 2223 2614 res
2258 2574 2356 2616 suo
2384 2561 2507 2618 loco
2553 2577 2616 2618 ac
2661 2573 2906 2637 tempore
2951 2567 3180 2638 dicatur,
3218 2581 3324 2625 tum
3358 2575 3481 2642 quia

1885 2648 2072 2704 civiles
2101 2650 2364 2719 ejusmodi
2390 2653 2809 2725 vicissitudines,
2854 2676 2975 2730 quze
3007 2663 3368 2719 Vandalorum
3411 2667 3483 2722 ir-

1885 2743 2226 2811 ruptionibus
2253 2747 2596 2804 occasionem
2624 2753 2929 2820 praebuere,
2970 2755 3147 2810 locum
3180 2758 3344 2811 etiam
3388 2758 3481 2814 de-

1887 2833 2064 2889 derint
2090 2836 2390 2892 excitandis
2419 2840 2539 2895 istis
2578 2846 3046 2911 persecutiouibus
3071 2889 3085 2912 ,
3125 2865 3256 2920 quas
3282 2851 3481 2907 descri-

1887 2926 2089 2982 bendas
2119 2938 2174 2984 et
2200 2945 2296 3000 pro
2319 2931 2535 2988 modulo
2552 2935 2894 2993 illustrandas
2911 2942 3273 3010 aggredimur.
3316 2945 3481 2999 Com-

1885 3019 2141 3088 plectitur
2191 3031 2368 3077 autem
2427 3023 2543 3078 hzcc
2602 3027 2830 3083 llistoria
2879 3040 3049 3085 totum
3097 3032 3227 3087 illud
3273 3045 3481 3106 tempus

1883 3111 2030 3180 quod
2054 3127 2083 3165 a
2109 3113 2282 3182 prima
2299 3113 2665 3172 Vandalorum
2697 3119 2750 3174 in
2782 3120 2983 3177 Gallias
3014 3124 3372 3193 impressione
3403 3127 3482 3183 ef-

1884 3204 2059 3273 ï¬‚uxit,
2095 3222 2261 3278 usque
2307 3209 2372 3263 ad
2407 3211 2734 3268 exstinctum
2760 3229 2946 3270 eorum
2992 3216 3047 3271 in
3087 3216 3266 3273 Africa
3313 3221 3482 3290 impe-

1885 3299 2046 3368 rium,
2078 3301 2128 3354 id
2160 3312 2241 3357 est
2279 3318 2451 3359 annos
2481 3304 2696 3362 circiter
2739 3318 2953 3363 centum
2988 3309 3175 3381 viginti
3225 3321 3279 3367 et
3317 3322 3477 3378 octo;

1884 3391 2152 3462 siquidem
2183 3411 2324 3451 anno
2351 3397 2454 3451 406
2476 3397 2700 3454 Vandali
2730 3415 2798 3455 ex
2833 3403 3002 3471 patria
3034 3417 3128 3458 sua
3157 3403 3328 3470 effusi,
3363 3416 3482 3476 post

1886 3489 2063 3542 varias
2090 3488 2332 3544 fortunas
2368 3506 2540 3561 usque
2569 3493 2635 3546 ad
2667 3509 2868 3548 annum
2897 3496 3094 3551 Christi
3114 3498 3218 3552 554
3248 3498 3481 3555 Africam

1887 3582 2191 3648 obtinuere,
2223 3599 2330 3652 quo
2363 3585 2578 3638 tandem
2618 3601 2758 3640 anno
2785 3588 2884 3641 sub
2913 3587 3216 3642 Justiniano
3246 3589 3483 3660 Augusto

1891 3671 2150 3726 Belisario
2180 3674 2316 3728 duce
2361 3677 2497 3744 pulsi
2532 3686 2674 3729 sunt.
2712 3678 2857 3731 Duas
2889 3689 3067 3734 autem
3104 3681 3158 3733 in
3194 3692 3369 3749 partes
3407 3695 3485 3737 to-

147 3745 456 3825 á¿ƒÎ´Î·Î¹Î¹Ï…Î¹Î¹á½¶Îµ
491 3769 804 3823 auctoribus
837 3778 1001 3838 pater,
1033 3784 1260 3838 quorum
1291 3745 1450 3839 open;
1477 3771 1542 3824 ad
1571 3786 1669 3825 nos
1695 3745 1782 3826 us-
1813 3745 1861 3809 (á¼¶
1895 3772 2004 3818 tum
2033 3764 2174 3820 hunc
2205 3766 2445 3820 libellum
2476 3767 2783 3822 tribuimus.
2815 3767 2970 3824 Prior
3001 3770 3229 3825 Violoris
3253 3771 3486 3830 Vitensis

150 3875 254 3932 que
289 3869 714 3932 pervenerunt.
739 3861 911 3917 Unum
936 3861 1194 3917 habemus
1232 3862 1333 3917 hoc
1363 3863 1430 3918 de
1467 3874 1783 3935 argumento

148 3953 400 4012 Victoris
457 3953 704 4008 Vitensis
732 3969 953 4010 aureum
979 3955 1135 4025 plane
1163 3957 1476 4026 opusculum
1508 3958 1572 4011 de
1601 3973 1781 4027 perse-

153 4050 383 4104 cutione
405 4045 700 4110 Africana,
725 4049 826 4102 sub
847 4047 1140 4104 Genser'tco
1167 4058 1219 4103 et
1246 4047 1508 4102 Hunerico
1526 4050 1776 4105 excitata:

153 4156 491 4210 quanquam
529 4148 583 4194 et
612 4140 725 4208 ipse
754 4156 919 4210 pauca
953 4157 1016 4196 ex
1066 4141 1271 4205 multis,
1304 4157 1476 4212 neque
1523 4143 1638 4212 ipse
1672 4143 1777 4197 dis-

156 4234 412 4302 simulat,
443 4232 643 4301 refert,
679 4245 862 4302 utpotc
891 4236 981 4304 qui
1012 4237 1374 4292 narrationem
1403 4252 1550 4292 suam
1580 4239 1645 4292 ad
1691 4253 1778 4294 so-

154 4328 258 4383 lam
290 4331 564 4404 Africam
606 4339 866 4396 coarctat,
900 4334 1142 4400 quamvis
1172 4333 1235 4386 ad
1269 4334 1421 4402 longe
1446 4333 1624 4402 plures
1657 4349 1779 4403 pro-

157 4421 396 4485 vincias,
435 4432 497 4476 et
555 4421 810 4477 tredecim
856 4423 1075 4477 omnino
1102 4434 1395 4492 computat,
1451 4427 1778 4493 persecutio-

155 4530 279 4571 nem
322 4515 637 4572 Censerici
663 4516 966 4582 pervasisse
998 4517 1245 4571 fateatur.
1275 4519 1371 4572 Vix
1415 4528 1589 4574 tamen
1621 4520 1777 4589 quid-

159 4619 318 4674 quam
351 4604 521 4660 aliud
547 4620 613 4660 ex
638 4604 700 4659 iis
721 4605 903 4674 rebus,
926 4617 1121 4676 praeter
1140 4624 1201 4662 ea
1217 4625 1335 4678 qua:
1352 4610 1420 4663 ab
1436 4611 1536 4663 isto
1560 4623 1778 4665 auctore

157 4699 526 4763 referuntur,
561 4699 766 4753 rescire
797 4700 949 4753 nobis
990 4701 1131 4756 licet.
1164 4701 1363 4757 Verum
1405 4712 1459 4758 et
1507 4704 1558 4758 id
1603 4706 1776 4771 ipsum

163 4794 353 4860 operis
389 4794 530 4862 ejus
571 4793 801 4861 pretium
831 4803 1010 4864 auget,
1047 4805 1394 4865 nostramque
1423 4799 1660 4852 excitare
1701 4799 1779 4852 di-

158 4881 464 4954 ligentiam
516 4884 683 4940 debet
709 4885 775 4938 ad
808 4900 987 4941 sacras
1014 4886 1134 4941 illas
1169 4888 1455 4943 sanctioris
1497 4889 1780 4957 antiquita-

159 4979 225 5032 tis
253 4981 543 5049 reliquias
575 4978 924 5049 colligendas,
960 4995 1078 5049 quae
1115 4995 1222 5050 quo
1253 4981 1517 5046 rariores,
1564 4997 1629 5035 eo
1659 4996 1781 5051 pre-

155 5072 421 5129 tiosiores
471 5073 697 5127 censeri
736 5072 957 5129 debent.
989 5073 1302 5144 Quanquam
1335 5073 1507 5144 pudor
1545 5084 1628 5130 est
1657 5089 1782 5145 pro-

1891 3873 2026 3929 opus
2056 3860 2328 3930 egregium
2357 3876 2478 3917 cum
2519 3863 2685 3918 variis
2715 3864 2990 3919 codicibus
3029 3877 3276 3922 accurate
3324 3870 3486 3924 colla-

1891 3965 2044 4024 tum,
2097 3955 2310 4024 aliaque
2366 3958 2622 4012 nonnulla
2679 3969 3026 4014 monumenta
3077 3961 3481 4030 complectitur,

1888 4062 2011 4118 quae
2067 4049 2516 4119 subsequentibus
2568 4052 2710 4104 notis
2753 4062 2807 4106 et
2853 4052 3319 4109 observationibus
3360 4056 3482 4111 illu-

1888 4148 2064 4195 strare
2089 4141 2266 4195 conati
2291 4157 2498 4197 sumus.
2528 4143 2710 4198 Altera
2760 4157 2890 4198 vero
2921 4159 3045 4214 pars
3089 4148 3366 4202 historiam
3405 4151 3483 4204 Î¹Ïƒ-

1888 4239 1997 4286 tam
2056 4233 2213 4302 hujus
2266 4237 2660 4304 persecutionis
2707 4235 2777 4290 ita
2836 4240 3178 4293 continenter
3227 4242 3482 4310 scriptam

1887 4327 2133 4392 exhibet,
2165 4336 2222 4383 ut
2263 4329 2530 4383 interdum
2566 4331 2821 4384 nonnulla
2856 4331 3253 4387 interserantur
3303 4345 3482 4389 vetera

1888 4419 2228 4489 scripta,scd
2283 4436 2404 4490 qua:
2445 4421 2681 4476 historia
2729 4420 2874 4476 filum
2925 4423 3145 4479 minime
3194 4424 3483 4481 interrum-

1889 4519 2037 4578 punL

1961 4600 2048 4654 Ill.
2084 4600 2321 4656 Primum
2353 4603 2534 4673 itaque
2566 4607 2617 4658 in
2667 4607 2832 4672 priori
2874 4618 3025 4676 parte
3072 4608 3246 4659 locum
3281 4607 3485 4662 obtinet

1890 4693 2123 4748 Victoris
2155 4694 2386 4748 Vitensis
2415 4697 2655 4764 episcopi
2680 4696 2746 4750 de
2767 4697 3155 4752 Persecutione
3197 4697 3484 4752 Vandalica

1887 4788 2229 4856 opusculum,
2259 4803 2366 4856 quo
2397 4788 2602 4842 nullum
2635 4789 2748 4842 fere
2785 4791 3050 4843 illustrius
3095 4791 3145 4842 in
3198 4798 3306 4842 tota
3347 4791 3485 4843 anti-

1889 4882 2092 4948 quitate
2125 4889 2553 4948 monumentum,
2594 4881 2846 4939 utiliusve
2901 4891 2992 4937 aut
3022 4881 3315 4951 efï¬cacius,
3373 4891 3483 4936 tum

1889 4972 1960 5026 ad
1985 4971 2424 5027 inflammandam
2462 4974 2512 5029 in
2566 4973 2806 5030 fidelium
2859 4975 3165 5045 pectoribus
3203 4982 3257 5028 et
3295 4974 3487 5030 animis

1889 5065 2215 5121 Christianae
2242 5065 2522 5138 religionis
2551 5068 2790 5125 studium
2836 5085 2899 5125 ac
2945 5068 3244 5132 fervorem,
3281 5074 3388 5122 tum
3421 5067 3486 5124 ad

155 5164 312 5220 fauos
346 5174 626 5220 auctores
655 5164 791 5220 adeo
817 5166 1075 5222 sollicitos
1100 5183 1162 5223 ac
1177 5167 1461 5237 diligentes
1488 5169 1542 5224 in
1571 5168 1780 5225 bellicis
1805 5133 1865 5198 Î’
1891 5161 2262 5218 conï¬rmanda
2301 5175 2472 5217 sacrae
2503 5163 2764 5219 dOClIâ€˜imB
2796 5164 3049 5234 dogmata
3070 5205 3084 5229 Î¹
3120 5169 3231 5216 tum
3260 5162 3489 5233 denique

152 5256 341 5324 rebus,
369 5257 774 5328 praeclarisque
802 5257 1022 5314 heroum
1051 5275 1269 5315 suorum
1292 5259 1618 5317 facinoribus
1632 5278 1780 5319 com-

154 5351 563 5406 memorandis
586 5349 783 5418 fuisse;
804 5361 1019 5408 nostros
1045 5368 1174 5409 vero
1196 5354 1330 5410 adeo
1356 5355 1592 5412 incurios
1609 5371 1671 5411 ac
1685 5372 1777 5412 ne-

151 5443 437 5516 gligentes
452 5445 518 5500 in
535 5454 842 5501 sanctorum
861 5447 1130 5516 praeclaris
1158 5464 1253 5517 pro
1277 5448 1382 5506 ï¬de
1395 5450 1782 5506 certaminibus

154 5539 487 5604 posteritati
526 5537 874 5594 mandandis:
917 5539 1109 5610 quibus
1150 5550 1329 5596 tamen
1353 5543 1483 5597 nihil
1507 5541 1781 5598 efficacius

154 5639 238 5686 est
270 5631 344 5686 ad
376 5631 805 5688 accendendum
832 5631 887 5687 in
910 5630 1065 5686 nobis
1082 5631 1252 5686 divini
1273 5633 1473 5689 amoris
1488 5633 1780 5690 fervorem.

155 5718 229 5775 Et
257 5725 511 5794 quidem
545 5723 587 5778 si
616 5723 772 5780 dulce
808 5732 865 5780 et
913 5724 1169 5781 decorum
1197 5734 1280 5780 est
1307 5740 1404 5794 pro
1449 5724 1637 5794 patriae
1691 5737 1786 5781 aut

154 5813 510 5886 reipublicae
556 5830 716 5876 causa
756 5819 914 5885 mori,
955 5818 1112 5888 longe
1136 5817 1327 5888 majori
1353 5816 1513 5874 laude
1564 5817 1788 5888 dignum

1891 5254 1961 5312 ad
1994 5255 2349 5310 revincendos
2381 5255 2689 5322 haereticos,
2719 5264 2833 5312 tam
2864 5264 3077 5311 veteres
3126 5269 3282 5325 quam
3303 5269 3490 5310 recen-

1897 5350 2086 5403 tiores.
2111 5347 2247 5402 liinc
2268 5358 2352 5403 est
2379 5347 2522 5418 quod
2542 5349 2630 5403 ubi
2660 5349 2895 5416 primum
2923 5347 3103 5401 lucem
3129 5349 3359 5418 aspexit,
3392 5361 3490 5416 op-

1897 5452 2186 5513 portunum
2222 5441 2487 5510 imprimis
2511 5442 2682 5496 visum
2718 5449 2804 5496 est
2828 5440 2898 5495 ad
2926 5439 3292 5496 retundendas
3331 5453 3491 5494 nova-

1895 5544 2078 5590 torum
2104 5533 2428 5601 calumnias,
2455 5533 2547 5604 qui
2585 5532 2873 5588 catholica),
2909 5533 3166 5589 Ecclesia:
3196 5531 3494 5588 doctrinam

1901 5628 2160 5684 novitatis
2191 5627 2412 5682 noine
2441 5626 2897 5682 criminabantur.
2947 5626 3005 5680 in
3033 5626 3138 5683 hoc
3163 5626 3306 5683 enim
3335 5637 3496 5694 opere

1899 5721 2189 5776 laudantur
2210 5719 2481 5775 incruenti
2505 5719 2759 5775 sacrificii
2782 5720 2967 5777 divina
2996 5722 3251 5792 mysteria
3281 5727 3336 5774 et
3363 5716 3498 5771 sacri

1903 5815 2042 5874 ritus
2065 5829 2086 5883 Ï‚
2113 5813 2203 5871 hic
2231 5812 2476 5871 invenire
2500 5812 2638 5874 licet.
2648 5815 2896 5886 corporis
2916 5825 2980 5876 et
3003 5812 3280 5884 sanguinis
3302 5806 3503 5865 Christi
