4086 6328
646 324 750 385 N3

1982 307 2232 370 1⁷10Τοιί
2268 305 2597 367 VITENSIS.

3834 296 3926 364 tu

647 445 1063 503 sacramentum,
1094 430 1421 507 poenitentia:
1468 443 1671 487 munus
1701 436 1757 486 et
1783 423 2241 486 reconciliationis
2266 423 2326 489 Α
2346 421 2519 492 Quam
2546 419 2763 494 quidem
2789 420 2892 477 viri
2922 418 3118 478 eruditi
3139 416 3489 489 sententiam,
3515 433 3624 475 non
3643 418 3808 475 modo
3826 403 3930 478 aii]-

646 527 1030 605 indulgentiam
1067 528 1408 586 sacerdotum
1436 524 1741 581 ministerio
1783 534 2123 588 concessam,
2169 516 2238 573 ad

645 640 782 698 quos
805 633 1021 697 peccata
1049 621 1259 679 solvere
1280 633 1349 677 ex
1377 618 1576 676 Christi
1609 616 1947 674 institutione
1968 613 2235 686 pertinet:
2264 610 2267 611 ⁷

644 719 736 776 hic
773 714 1107 787 baptismatis
1151 713 1330 769 unitas
1370 710 1614 767 maxime
1658 707 2092 773 commendatur,
2152 704 2241 761 hic

639 811 806 871 fontis
832 807 1169 879 baptismalis
1199 821 1370 864 sacrm
1400 804 1814 863 benedictiones
1852 800 2103 871 laudatae,
2152 814 2241 855 so-

643 902 855 960 lemnes
877 901 1014 958 ritus
1037 899 1092 955 in
1124 900 1503 957 defunctorum
1532 897 1771 953 fidelium
1802 893 2078 966 exsequiis
2134 890 2245 946 usi-

642 998 740 1055 tati
778 1004 1163 1053 memorantur.
1223 992 1467 1049 Basilicte
1519 992 1575 1047 in
1622 999 1935 1048 sanctorum
1978 987 2243 1043 honorem

637 1092 757 1148 Deo
788 1096 1139 1154 consecratis,
1165 1094 1478 1144 sanctorum
1508 1085 1565 1141 in
1600 1084 1753 1140 cmlis
1784 1078 2129 1152 regnantium
2159 1078 2245 1134 in-

638 1181 1163 1252 vocatio,Romanaa
1195 1178 1456 1235 Ecclesiae
1503 1176 1788 1248 primatus,
1842 1172 2079 1244 virgines
2132 1170 2247 1226 Deo

644 1290 839 1345 sacrae,
871 1275 1083 1344 aliaque
1109 1271 1375 1343 ejusmodi
1416 1270 1559 1327 bene
1602 1268 1773 1324 multa
1816 1266 2021 1338 passim
2053 1277 2248 1320 occur-

646 1378 811 1437 runt;
839 1383 959 1439 qua:
989 1382 1056 1424 eo
1084 1367 1319 1423 certiora
1347 1374 1475 1420 sunt
1507 1360 1817 1420 traditionis
1842 1362 2077 1431 antiquae
2104 1356 2251 1413 indi-

649 1464 754 1528 cia,
781 1460 924 1533 quod
957 1461 1025 1517 ab
1057 1459 1159 1516 isto
1188 1465 1409 1514 auctore
1433 1456 1583 1511 nulla
1612 1455 1734 1513 data
1756 1468 1940 1525 opera,
1974 1462 2029 1508 et
2048 1450 2253 1521 absque

638 1556 759 1631 ~ulla
788 1551 1145 1610 all‘ectatiohis
1178 1551 1360 1622 specie
1402 1548 1611 1621 prolata
1661 1548 1880 1604 fuerint.
1934 1543 2124 1600 Visum
2171 1549 2255 1598 est

654 1650 816 1708 etiam
840 1647 984 1705 idem
1011 1660 1148 1718 opus
1171 1645 1350 1717 magni
1379 1640 1643 1700 momenti
1683 1642 1751 1697 ad
1798 1636 2252 1710 compescendum

640 1756 953 1823 eorumque
974 1739 1351 1796 hmreticorum
1376 1736 1646 1801 furorem;
1681 1734 1963 1807 proposito
2000 1731 2252 1799 exemplo

2342 515 2650 587 plectimur,
2684 514 2781 572 sed
2812 513 2948 572 adeo
2975 514 3139 571 certis
3179 522 3235 570 et
3261 512 3575 569 indubitatis
3605 514 3931 585 argumentis

2344 608 2672 683 propugnari
2700 622 2863 681 posse
2891 622 3200 679 censemus,
3234 616 3291 665 ιιι
3323 607 3594 664 neminem
3621 608 3674 664 ei
3707 624 3933 678 unquam

2344 704 2400 761 in
2430 712 2705 774 posterum
2733 717 2855 760 esse
2876 700 3271 774 relragaturum
3299 700 3646 758 arbitremur.
3691 700 3752 755 id
3800 702 3932 758 enim

2345 797 2515 868 exigit
2537 811 2569 852 a
2598 796 2755 853 nobis
2782 794 3027 852 omnium
3057 795 3306 851 codicum
3338 808 3470 850 mss.
3505 793 3783 851 unanimis
3814 810 3935 851 con-

2347 904 2560 960 sensus,
2590 904 2822 961 quorum
2856 904 2926 946 ne
2954 903 3095 945 unus
3124 888 3362 960 quidem,
3414 904 3481 945 ex
3511 888 3579 943 iis
3626 888 3825 945 saltem
3854 891 3936 961 qui

2350 983 2612 1041 hactenus
2640 984 2740 1039 visi
2762 992 2911 1051 sunt,
2953 982 3229 1040 Victorem
3280 982 3588 1039 Uticensem
3619 982 3784 1039 istius
3822 999 3939 1055 ope-

2348 1079 2425 1134 ris
2447 1086 2722 1134 auctorem
2747 1077 2983 1148 przel‘ert.
3014 1075 3124 1132 Nos
3148 1084 3377 1147 quatuor
3393 1078 3614 1134 omnino
3644 1077 3937 1134 invenimus

2350 1169 2405 1226 in
2431 1170 2627 1241 quibus
2658 1169 2775 1225 hmo
2803 1169 3039 1226 Historia
3073 1168 3304 1226 habetur
3340 1169 3577 1242 integra;
3620 1186 3688 1227 ex
3727 1171 3798 1225 iis
3843 1180 3937 1227 tres

2353 1263 2589 1321 Victoris
2615 1266 2798 1336 patriae
2854 1261 3076 1318 Vitensis
3122 1261 3363 1334 episcopi
3400 1277 3599 1318 nomen
3648 1261 3855 1318 diserte
3893 1271 3938 1319 ct

2352 1372 2463 1415 non
2511 1356 2682 1413 semel
2736 1363 3152 1427 rcprzesentant,
3210 1354 3265 1410 in
3315 1363 3507 1426 quarto
3535 1362 3715 1412 autem
3769 1353 3939 1410 Victor

2353 1452 2641 1523 episcopus
2669 1449 2990 1521 simpliciter
3012 1449 3234 1517 dicitur,
3261 1448 3407 1505 nulla
3428 1448 3573 1505 sedis
3616 1448 3789 1520 ipsius
3819 1448 3939 1503 facta

2355 1546 2648 1602 mentione.
2681 1543 2778 1600 His
2800 1544 3071 1601 consentit
3096 1541 3271 1600 codex
3311 1557 3414 1599 ms.
3441 1541 3736 1599 carthusizc
3767 1541 3941 1599 Porta-

2354 1655 2498 1708 rum,
2531 1639 2780 1710 antiquus
2810 1646 2867 1696 et
2886 1638 3108 1709 optimae
3141 1646 3306 1704 notae,
3338 1636 3451 1708 qui,
3483 1645 3720 1694 testante
3738 1637 3940 1693 Chime-

2356 1733 2454 1800 tio,
2490 1731 2629 1788 hunc
2661 1731 2872 1786 titulum
2914 1730 3169 1802 praefert:
3197 1729 3454 1801 Prologus
3483 1730 3537 1785 in
3560 1731 3802 1786 Historia
3843 1746 3941 1801 per.

641 1808 1048 1917 ,Vandalorum,
1081 1848 1151 1889 ne
1180 1833 1327 1903 ipsos
1357 1831 1520 1886 rebus
1551 1830 1723 1886 sacris
1754 1826 2022 1884 violandis
2054 1823 2255 1880 imitari
2284 1808 2333 1870 Β
2358 1826 2633 1882 secuticnis
2675 1824 2959 1897 Africanae.
3010 1825 3147 1879 edita
3196 1840 3227 1879 a
3279 1832 3458 1879 sancto
3517 1823 3727 1879 Victore
3777 1823 3941 1894 patria

657 1930 993 1986 viderentur.
1029 1925 1189 1983 Certe
1218 1939 1284 1981 ea
1312 1923 1411 1979 fuit
1437 1937 1593 1980 mens
1621 1922 1761 1979 beati
1794 1919 2065 1986 Rbenani,
2106 1918 2259 1989 cujus

640 2001 830 2111 :opera
857 2020 1031 2092 primo
1054 2020 1108 2075 in
1140 2021 1314 2074 lucem
1362 2015 1943 2086 prodiitzAfricanam,
1986 2013 2157 2082 inquit
2205 2012 2259 2066 in

660 2114 1032 2172 admonitione
1086 2111 1309 2183 praevia,
1357 2106 1577 2163 Victoris
1624 2106 1915 2161 Historiam
1952 2104 2028 2159 uel
2062 2104 2115 2159 in
2163 2103 2262 2158 hoc

640 2192 929 2283 perlegisse
949 2207 1202 2279 proderit,
1252 2204 1391 2276 quod
1436 2205 1519 2258 vix
1549 2202 1697 2255 aliud
1721 2201 2012 2271 exemplum
2054 2200 2121 2253 ad
2172 2200 2261 2253 de-

658 2303 954 2358 terrendum
975 2318 1007 2354 a
1034 2298 1296 2371 religionis
1320 2298 1468 2351 sectis
1504 2296 1570 2350 sit
1596 2296 1871 2366 efﬁcacius,
1904 2293 2039 2361 quod
2069 2292 2140 2346 ibi
2167 2292 2262 2348 sub

662 2395 842 2450 oculos
888 2402 1134 2467 ponatur,
1191 2408 1346 2461 quam
1390 2391 1505 2445 dira
1545 2397 1698 2457 atque
1736 2388 1955 2460 infanda
1976 2386 2262 2444 Christiani

660 2491 716 2545 in
749 2488 1069 2544 Christianos
1099 2487 1516 2559 perpetrauerint,
1569 2486 1693 2540 dum
1716 2485 1932 2540 Barbari
1963 2500 2054 2539 suo
2078 2485 2129 2537 in
2156 2484 2263 2539 R0-

660 2599 842 2637 manos
859 2581 978 2637 odio
1008 2597 1203 2636 morem
1235 2590 1484 2652 gerentes,
1507 2578 1774 2652 religionis
1800 2586 2048 2650 praztextu
2069 2579 2121 2632 in
2144 2576 2263 2632 illos

660 2676 898 2732 saeuiunt.
950 2674 1087 2731 ilinc
1125 2682 1234 2729 tam
1276 2673 1581 2743 frequentes
1626 2671 1887 2744 deinceps
1944 2671 2097 2729 fuere
2144 2670 2262 2741 ejus

662 2768 949 2836 editiones,
997 2774 1112 2822 tum
1140 2767 1194 2823 in
1236 2766 1549 2835 Germania,
1584 2774 1697 2821 tum
1730 2766 1785 2820 in
1814 2763 2007 2834 Gallia,
2051 2765 2104 2820 in
2143 2763 2265 2835 qui-

661 2861 765 2918 bus
815 2858 1108 2932 provinciis
1163 2858 1539 2916 haereticorum
1582 2857 1734 2915 furor
1771 2858 2008 2915 maxime
2051 2871 2265 2929 grassa-

661 2955 840 3011 batur.

649 3053 655 3088 ί
734 3046 827 3103 1V.
856 3047 1027 3104 Porro
1058 3046 1218 3118 hujus
1246 3045 1499 3103 Historiae
1537 3056 1818 3103 auctorem
1850 3044 2017 3102 fuisse
2063 3045 2265 3115 episco-

662 3155 791 3211 pum
813 3139 1101 3211 quemdam
1125 3139 1464 3208 Al'ricanum,
1504 3139 1724 3197 nomine
1753 3139 2052 3205 Victorem,
2084 3138 2264 3194 nullus

663 3248 903 3304 unquam
949 3234 1006 3289 in
1037 3234 1259 3289 dubium
1295 3234 1602 3302 revocavit;
1635 3244 1691 3290 at
1728 3235 1797 3291 de
1846 3235 1965 3304 ejus
2001 3233 2132 3290 sede
2158 3247 2267 3290 non

648 3314 770 3382 ‘una
802 3326 902 3383 fuit
930 3328 1173 3385 omnium
1210 3329 1498 3385 sententia.
1549 3328 1698 3384 Libri
1742 3328 1941 3400 quippe
1989 3328 2141 3395 editi,
2175 3328 2267 3384 alii

648 3408 941 3487 ,VictOrem
969 3419 1304 3489 Uticensem,
1334 3421 1426 3477 alii
1455 3420 1733 3479 Vitensem
1769 3422 2093 3492 praeferunt;
2131 3438 2269 3493 prae-

667 3511 898 3570 valuisse
925 3521 1105 3568 tamen
1128 3513 1433 3580 videbatur,
1466 3514 1630 3569 etiam
1657 3514 1799 3586 apud
1828 3514 1973 3571 viros
2001 3515 2265 3585 eruditos,

667 3618 857 3661 eorum
886 3605 1071 3675 opinio
1098 3605 1192 3677 qui
1224 3605 1535 3664 Uticensem
1564 3607 1930 3678 appellabant,
1959 3623 2082 3665 cum
2116 3609 2266 3666 Utica

667 3698 857 3755 civitas
880 3700 1131 3755 omnibus
1162 3699 1341 3756 notior
1353 3710 1496 3756 esset
1520 3715 1680 3771 quam
1705 3700 1962 3770 Vitensis,
1988 3700 2267 3773 quamne-

665 3810 757 3851 mo
812 3794 928 3852 fere
976 3807 1220 3853 noverat.
1282 3794 1481 3852 Verum
1532 3807 1718 3867 postea
1771 3813 1933 3867 quam
1969 3812 2037 3853 ex
2074 3798 2263 3854 notitia

646 3877 920 3943 'Africana
942 3896 1281 3956 compertum
1308 3887 1409 3942 fuit
1434 3887 1703 3943 Victorem
1736 3889 2049 3959 episcopum
2081 3890 2267 3946 Viten-

666 3993 785 4037 sem
809 3978 1121 4034 Vandalicas
1174 3979 1571 4049 persecutionis
1613 3981 1948 4051 temporibus
1979 3983 2033 4037 in
2083 3981 2265 4039 Africa

668 4068 941 4137 ﬂoruisse,
981 4087 1083 4141 qua
1131 4080 1452 4142 tempestate
1495 4071 1766 4130 Uticensis
1796 4076 2083 4146 episcopus
2108 4118 2123 4144 ,
2157 4092 2265 4134 non

667 4162 880 4231 Victor,
910 4163 1003 4220 sed
1033 4164 1377 4221 Florentinus
1419 4164 1730 4235 dicebatur,
1765 4176 1823 4222 ut
1851 4183 1916 4224 ex
1944 4167 2133 4225 eadem
2169 4185 2266 4226 no-

667 4255 787 4312 titia
826 4265 991 4327 patet,
1026 4268 1152 4313 tunc
1196 4273 1356 4314 nemo
1402 4274 1511 4315 non
1540 4274 1798 4316 assensus
1838 4270 1922 4318 est
1972 4261 2264 4333 Victorem,

668 4352 916 4422 praeclari
950 4354 1106 4425 hujus
1129 4366 1405 4413 auctorem
1443 4358 1647 4429 operis,
1696 4357 1969 4415 Vitensem
1998 4360 2134 4431 ;esse
2171 4376 2266 4429 ap-

670 4444 1002 4515 pellandum.
1025 4447 1210 4520 Neque
1237 4450 1439 4506 dixeris
1456 4450 1774 4507 Florentino
1801 4452 2038 4510 Uticensi
2070 4454 2147 4509 in
2172 4469 2268 4510 ex-

2374 1920 2596 1977 l'iteusis
2624 1920 2886 1991 episcopo.
2921 1918 3180 1976 Eumdem
3211 1930 3488 1975 auctorem
3519 1919 3818 1992 episc0pum
3865 1917 3942 1973 Vi-

2364 2023 2578 2080 tensem,
2612 2028 2713 2067 non
2749 2010 3037 2067 Uticensem
3068 2013 3256 2068 diserte
3276 2012 3536 2085 appellari
3555 2014 3609 2069 in
3639 2012 3830 2069 codice
3852 2027 3940 2068 ms.

2362 2110 2707 2167 bibliotheca:
2756 2110 3032 2166 Vaticana:
3084 2117 3270 2166 monet
3325 2109 3503 2166 Lucas
3546 2108 3856 2165 Holstenius
3899 2108 3942 2164 in

2364 2202 2752 2259 animadversis
2770 2201 2839 2258 ad
2865 2201 3305 2274 Martyrologium
3332 2199 3640 2257 Romanum
3677 2199 3747 2256 ad
3769 2199 3903 2256 diem
3919 2215 3943 2255 ι

2364 2298 2617 2355 calendas
2647 2296 3010 2369 Septembris.
3040 2296 3281 2367 Denique
3305 2294 3496 2353 beatus
3526 2293 3846 2361 Rhenanus,
3867 2291 3945 2363 qui

2366 2392 2572 2463 primus
2600 2405 2744 2447 anno
2768 2391 2907 2447 1555
2951 2390 3093 2447 hanc
3129 2388 3413 2445 historiam
3473 2388 3615 2460 typis
3657 2386 3944 2456 mandavit,

2320 2552 2323 2555 λ
2366 2487 2510 2557 quod
2558 2488 2625 2543 ex
2646 2501 2753 2542 uno
2780 2486 2972 2543 saltem
3003 2501 3107 2543 ms.
3137 2484 3324 2542 codice
3351 2484 3549 2541 factum
3587 2483 3759 2539 fuisse
3792 2481 3945 2537 faten-

2367 2578 2495 2635 dum
2525 2588 2631 2647 est,
2663 2578 2868 2635 Victori
2899 2593 3019 2635 eam
3066 2577 3269 2633 Vitensi
3304 2576 3529 2642 tribuit;
3568 2575 3714 2647 quod
3746 2590 3873 2630 sane
3906 2573 3945 2628 ci

2369 2688 2476 2729 non
2505 2673 2822 2740 accidisset,
2852 2674 2897 2730 si
2920 2673 3068 2730 illius
3094 2673 3265 2730 codex
3293 2671 3562 2730 Uticensis
3586 2671 3879 2727 notissima:
3902 2670 3945 2725 in

2367 2766 2549 2821 Africa
2576 2765 2729 2821 urbis
2770 2766 2925 2822 titulo
2974 2764 3163 2821 inisset
3202 2764 3513 2836 insignitus.
3566 2763 3726 2819 Unde
3768 2763 3946 2818 inferre

2367 2857 2513 2925 licet,
2542 2858 2760 2914 codices
2802 2872 2872 2915 ex
2924 2857 3095 2925 Italia,
3130 2853 3421 2914 Germania
3454 2864 3511 2912 et
3551 2854 3727 2912 Gallia
3761 2856 3812 2910 in
3860 2854 3946 2908 hoc

2370 2966 2536 3007 unum
2563 2950 2899 3021 consentire,
2930 2959 2989 3009 ιιι
3022 2950 3209 3008 Victor
3258 2950 3362 3007 iste
3389 2949 3643 3017 Vitensis,
3696 2962 3804 3005 non
3850 2944 3946 3003 Uti-

2368 3042 2548 3101 censis
2574 3043 2806 3100 dicatur.

2441 3140 2505 3194 V.
2549 3140 2760 3197 Primus
2798 3139 3036 3196 omnium
3057 3139 3149 3211 qui
3177 3138 3448 3195 sincerum
3496 3137 3659 3209 hujus
3687 3136 3866 3207 operis
3893 3134 3947 3189 ti-

2374 3233 2543 3289 tulum
2561 3233 2823 3304 corrupit,
2848 3231 3065 3289 videtur
3093 3231 3260 3288 fuisse
3292 3229 3633 3287 Reinhardus
3663 3229 3948 3287 Lorichius.

2371 3325 2471 3382 Hic
2500 3325 2698 3396 Quippe
2736 3334 2880 3381 anno
2928 3324 3069 3382 1557
3099 3322 3341 3381 Coloniae
3378 3323 3627 3381 eamdem
3679 3322 3948 3378 Historiam

2368 3419 2470 3477 sub
2518 3419 2736 3475 Victoris
2781 3420 2963 3490 patria:
3017 3418 3271 3476 Uticensis
3319 3406 3538 3475 nomine
3593 3417 3949 3490 evulgavit,a

2371 3516 2623 3571 tinearum
2656 3515 2876 3586 injuria,
2908 3513 3095 3585 quibus
3125 3512 3305 3567 arrodi
3343 3512 3628 3575 videbatur,
3662 3522 3719 3565 ut
3750 3510 3861 3581 ipse
3884 3508 3950 3563 lo-

2369 3609 2569 3681 quitur,
2599 3608 2944 3664 vindicatam.
2997 3606 3067 3662 Et
3096 3606 3341 3677 quamvis
3379 3621 3521 3661 anno
3556 3604 3687 3660 1541
3720 3599 3949 3659 Bhenani

2368 3704 2535 3760 editio
2561 3702 2782 3759 Parisiis
2802 3700 2943 3773 apud
2968 3698 3249 3757 Galeotum
3279 3700 3616 3768 Pratensem,
3647 3699 3839 3754 iterum
3863 3694 3950 3752 snb

2369 3795 2605 3853 Victoris
2636 3795 2875 3852 Vitensis
2910 3795 3130 3851 nomine
3168 3808 3357 3850 recusa
3401 3793 3596 3859 fuerit;
3630 3808 3752 3848 cum
3790 3803 3948 3848 tamen

2370 3888 2615 3958 ejusdem
2656 3882 2758 3943 hoc
2795 3888 2915 3957 ipso
2961 3902 3103 3943 anno
3140 3887 3310 3944 altera
3354 3886 3590 3942 Loricbii
3631 3886 3819 3956 editio,
3863 3883 3949 3939 sub

2370 3981 2605 4037 Victoris
2639 3980 2906 4037 Uticensis
2934 3979 3173 4049 nomine,
3209 3981 3412 4053 pariter
3439 3982 3577 4037 facta
3609 3981 3799 4037 fuisset
3820 3978 3950 4035 Basi-

2371 4074 2471 4131 lea:
2512 4074 2653 4146 apud
2679 4074 3136 4143 Wcsthemerum,
3186 4075 3529 4147 placeretque
3572 4074 3785 4131 cunctis
3827 4070 3949 4128 bella

2370 4148 2485 4236 illa,
2515 4179 2574 4224 ut
2597 4164 2728 4239 ipsis
2757 4168 3061 4235 videbatur,
3094 4166 3396 4234 restitutio;
3428 4166 3554 4223 inde
3576 4166 3775 4221 factum
3806 4174 3881 4222 est
3902 4173 3950 4218 nt

2369 4262 2762 4333 subsequentes
2783 4262 3047 4319 editiones
3077 4276 3285 4328 omnes,
3314 4261 3428 4318 sive
3474 4261 3526 4315 in
3554 4259 3745 4327 Gallia,
3779 4260 3883 4314 sive
3904 4256 3949 4310 in

2372 4357 2683 4423 Germania,
2709 4366 2802 4412 aut
2826 4356 2879 4411 in
2911 4356 3030 4412 aliis
3075 4356 3407 4427 regionibus,
3439 4354 3670 4411 Victoris
3703 4350 3950 4409 L‘ticcnsis

2373 4463 2569 4506 nomen
2602 4447 2957 4519 praetulerint.
3002 4448 3088 4505 An
3119 4461 3248 4504 vero
3285 4447 3336 4503 id
3382 4446 3603 4518 proprio
3641 4455 3836 4515 marte,
3872 4450 3950 4498 aut

670 4536 797 4643 silio
820 4538 961 4640 apud
987 4538 1264 4597 Corsicam
1294 4542 1550 4599 defuncto
1594 4543 1868 4601 Victorem
1914 4546 2055 4602 forte
2101 4546 2439 4643 fuisseDex
2482 4543 2686 4601 codicis
2727 4542 2955 4613 alicujus
2999 4543 3127 4597 vitio
3171 4541 3225 4598 id
3281 4539 3612 4597 commiserit
3662 4537 3949 4601 Lorichius,

668 4629 1051 4698 substitutum,
1084 4633 1177 4700 qui
1229 4632 1370 4690 hanc
1409 4635 1694 4693 historiam
1744 4636 2112 4707 descripserit.
2147 4640 2270 4696 ista:
2293 4629 2344 4643 ”
2376 4638 2510 4695 mihi
2540 4652 2673 4695 sane
2700 4638 2966 4695 incertum
2992 4645 3108 4694 est:
3134 4635 3381 4708 quamvis
3420 4634 3699 4707 probabile
3727 4634 3953 4690 videatur

669 4722 818 4778 enim
846 4738 1013 4780 mera:
1056 4726 1539 4798 sunt’conjecturae
1569 4744 1691 4800 quae
1720 4730 1967 4787 codicum
2014 4746 2143 4787 mss.
2177 4746 2270 4789 au-

668 4818 911 4874 ctoritati
956 4820 1251 4887 praevalere
1296 4837 1635 4895 nequaquam
1693 4833 1940 4896 possunt,
1973 4827 2271 4897 praisertim

668 4926 793 4967 cum
822 4909 1096 4983 episcOpis
1130 4922 1258 4971 tunc
1284 4915 1553 4973 defunctis
1583 4918 1761 4975 nullos
1799 4919 1937 4976 alios
1970 4920 2022 4977 in
2063 4920 2147 4977 his
2184 4928 2271 4976 tu-

669 5005 928 5060 multibus
974 5006 1141 5062 fuisse
1165 5008 1489 5066 substitutos
1513 5022 1767 5069 constare
1797 5014 2065 5071 videatur.
2100 5014 2270 5071 Porro

670 5098 763 5167 qui
797 5099 1065 5156 Victorem
1108 5100 1420 5159 Uticensem
1440 5118 1541 5175 pro
1570 5104 1783 5162 Vitensi
1812 5108 2169 5177 intruserunt,
2214 5110 2269 5165 id

671 5194 1062 5251 commiserunt
1116 5209 1182 5251 ex
1209 5196 1555 5267 ignoratione
1608 5200 1755 5256 sedis
1794 5199 2057 5271 Vitensis,
2116 5203 2269 5274 cujus

670 5282 793 5338 loco
821 5284 1128 5345 Uticensem
1159 5289 1264 5347 sibi
1308 5298 1495 5348 notam
1537 5290 1955 5361 substituerunt,
2013 5296 2268 5353 mendum

670 5376 727 5431 in
762 5378 999 5448 antiquis
1045 5384 1448 5456 exemplaribus
1500 5384 1791 5458 irrepsisse
1843 5391 2136 5461 suspicati;
2169 5393 2266 5449 sed

670 5470 865 5526 eadem
894 5486 1086 5531 vocum
1108 5477 1369 5536 afﬁnitate
1395 5494 1502 5550 qua
1554 5480 1692 5537 alios
1729 5481 1949 5539 delusos
1972 5483 2139 5542 fuisse
2158 5485 2272 5542 exi-

666 5564 985 5634 stimabant,
1034 5582 1155 5625 sese
1202 5574 1305 5643 ipsi
1362 5574 1700 5633 deluserunt.
1756 5574 1951 5633 Merito
2004 5580 2185 5648 itaque
2239 5593 2270 5635 a

665 5654 831 5716 Petro
860 5658 1147 5719 Francisco
1173 5665 1443 5723 Chiflletio
1481 5668 1539 5726 S.
1572 5669 1625 5726 ι.
1674 5669 2016 5742 presbytero,
2061 5671 2269 5728 Victori

669 5746 881 5809 Vitensi
911 5754 1186 5828 episcopo,
1216 5766 1472 5830 tanquam
1502 5776 1603 5818 suo
1629 5775 1763 5818 vero
1800 5776 1864 5818 ac
1892 5761 2135 5834 legitimo
2170 5778 2268 5820 au-

669 5844 833 5918 ctori.
876 5846 1111 5911 Historia
1150 5849 1419 5933 Africana;
1450 5855 1844 5927 persecutionis
1873 5855 2121 5921 restituta
2157 5865 2267 5921 est.

1016 5984 1090 6006 ,νζ
1174 5996 1210 6023 .1

2376 4733 2618 4790 codicem
2661 4732 2829 4804 ipsius
2876 4731 3087 4789 caeteris
3128 4730 3359 4787 similem
3401 4730 3591 4798 fuisse,
3648 4728 3810 4800 idque
3846 4723 3954 4783 inde

2375 4827 2629 4897 conjicio,
2657 4826 2800 4897 quod
2842 4827 2987 4882 hunc
3031 4833 3308 4882 auctorem
3346 4823 3599 4878 Victorem
3641 4824 3826 4894 patria:
3852 4817 3954 4876 Uti-

2373 4924 2536 4987 censis
2573 4922 2871 4991 episcopum
2905 4919 3161 4991 appellet,
3192 4927 3250 4974 ut
3289 4916 3474 4975 caeteri
3513 4925 3761 4973 nostrum
3795 4914 3955 4970 Victo—

2328 5040 2333 5045 -
2378 5030 2494 5072 rem
2541 5015 2725 5084 patria:
2773 5013 3011 5069 Vitensis.
3044 5014 3112 5069 Et
3132 5012 3348 5084 quidem
3394 5012 3576 5082 patria:
3603 5026 3707 5067 vox
3751 5006 3953 5066 dimccsi

2379 5110 2539 5165 alicui
2563 5111 2784 5180 integra:
2820 5107 3012 5165 melius
3041 5122 3200 5179 quam
3232 5106 3351 5164 urbi
3388 5105 3759 5173 nobilissimae,
3796 5100 3954 5175 qualis

2378 5212 2496 5260 erat
2525 5202 2699 5271 Utica,
2722 5212 3029 5274 competere
3060 5202 3288 5259 videtur.
3317 5200 3589 5258 Victorem
3616 5200 3759 5256 cnim
3788 5196 3955 5269 patria:

2381 5294 2612 5351 Vitensis
2638 5295 2952 5368 episcopum
2979 5296 3182 5352 dictum
3237 5294 3403 5352 fuisse
3438 5294 3593 5351 facile
3622 5291 3953 5353 crediderim,

2380 5390 2523 5461 quod
2564 5405 2687 5446 cum
2726 5391 2778 5445 in
2828 5389 2971 5445 illius
2999 5390 3220 5447 dioecesi
3254 5389 3399 5446 nulla
3438 5398 3583 5445 esset
3625 5387 3774 5450 urbs,
3808 5384 3955 5441 totius

2378 5483 2603 5554 alicujus
2644 5498 2823 5553 parva:
2855 5484 3090 5555 regionis
3119 5484 3407 5556 episcopus
3445 5481 3745 5539 dicebatur.
3783 5480 3867 5537 Sic
3907 5478 3955 5530 in

2376 5577 2690 5634 Marmarico
2722 5577 2818 5633 toti
2841 5580 3131 5647 provincia:
3153 5594 3294 5635 unus
3321 5581 3605 5650 cpiscopus
3634 5585 3871 5650 prmcrat,
3906 5575 3955 5627 in

2375 5687 2477 5743 qua
2508 5687 2629 5727 cum
2678 5688 2785 5729 non
2814 5682 2957 5730 esset
2998 5673 3185 5729 civitas
3224 5672 3511 5729 admodum
3557 5672 3807 5735 celebris,
3843 5683 3954 5736 quin

2374 5773 2693 5820 camerarum
2716 5775 2876 5836 caput
2893 5779 3013 5822 esse
3034 5779 3356 5837 mereretur,
3383 5766 3670 5837 episcopus
3698 5776 3831 5820 nunc
3850 5760 3953 5826 hic,

2376 5875 2521 5924 nunc
2548 5860 2655 5922 illic
2698 5860 2885 5922 sedem
2922 5860 3151 5935 habens,
3183 5863 3349 5925 totius
3396 5862 3632 5937 regionis
3685 5860 3953 5937 cpiscopus
