  <div class='ocr_page' id='page_1' title='image "/cluster/home/n/w/nwhite01/storage/ocr_20150623/58/hvd.32044015706401/078.png"; bbox 0 0 4086 6328; ppageno 0'>
   <div class='ocr_carea' id='block_1_1' title="bbox 191 395 289 457">
    <p class='ocr_par' dir='ltr' id='par_1_1' title="bbox 191 395 289 457">
     <span class='ocr_line' id='line_1_1' title="bbox 191 395 289 457; baseline -0.082 0"><span class='ocrx_word' id='word_1_1' title='bbox 191 395 289 457; x_wconf 74' lang='grc'><strong>115</strong></span> 
     </span>
    </p>
   </div>
   <div class='ocr_carea' id='block_1_2' title="bbox 1521 373 2049 435">
    <p class='ocr_par' dir='ltr' id='par_1_2' title="bbox 1521 373 2049 435">
     <span class='ocr_line' id='line_1_2' title="bbox 1521 373 2049 435; baseline 0.006 -3"><span class='ocrx_word' id='word_1_2' title='bbox 1521 373 2049 435; x_wconf 80' lang='lat' dir='ltr'><strong>PROLEGOMENA.</strong></span> 
     </span>
    </p>
   </div>
   <div class='ocr_carea' id='block_1_3' title="bbox 3332 391 3435 450">
    <p class='ocr_par' dir='ltr' id='par_1_3' title="bbox 3332 391 3435 450">
     <span class='ocr_line' id='line_1_3' title="bbox 3332 391 3435 450; baseline 0.01 -2"><span class='ocrx_word' id='word_1_3' title='bbox 3332 391 3435 450; x_wconf 73' lang='lat' dir='ltr'><strong>N6</strong></span> 
     </span>
    </p>
   </div>
   <div class='ocr_carea' id='block_1_4' title="bbox 193 494 3434 581">
    <p class='ocr_par' dir='ltr' id='par_1_4' title="bbox 193 494 3434 581">
     <span class='ocr_line' id='line_1_4' title="bbox 193 494 3434 581; baseline 0.001 -21"><span class='ocrx_word' id='word_1_4' title='bbox 193 504 546 581; x_wconf 75' lang='lat' dir='ltr'><strong>appellabatur.</strong></span> <span class='ocrx_word' id='word_1_5' title='bbox 577 498 685 557; x_wconf 87' lang='lat' dir='ltr'><strong>Sed</strong></span> <span class='ocrx_word' id='word_1_6' title='bbox 708 512 843 570; x_wconf 88' lang='lat' dir='ltr'><strong>opus</strong></span> <span class='ocrx_word' id='word_1_7' title='bbox 861 510 969 554; x_wconf 90' lang='lat' dir='ltr'><strong>non</strong></span> <span class='ocrx_word' id='word_1_8' title='bbox 991 505 1074 554; x_wconf 88' lang='lat' dir='ltr'><strong>est</strong></span> <span class='ocrx_word' id='word_1_9' title='bbox 1094 495 1252 567; x_wconf 77' lang='lat' dir='ltr'><strong>huius</strong></span> <span class='ocrx_word' id='word_1_10' title='bbox 1278 494 1358 551; x_wconf 90' lang='lat' dir='ltr'><strong>rei</strong></span> <span class='ocrx_word' id='word_1_11' title='bbox 1382 496 1626 566; x_wconf 80' lang='lat' dir='ltr'><strong>exempla</strong></span> <span class='ocrx_word' id='word_1_12' title='bbox 1649 510 1746 551; x_wconf 76' lang='grc' dir='ltr'><strong>ει·</strong></span> <span class='ocrx_word' id='word_1_13' title='bbox 1772 498 1825 557; x_wconf 82' lang='grc' dir='ltr'><strong>Α</strong></span> <span class='ocrx_word' id='word_1_14' title='bbox 1852 496 2029 566; x_wconf 88' lang='lat' dir='ltr'><strong>perire</strong></span> <span class='ocrx_word' id='word_1_15' title='bbox 2074 496 2221 553; x_wconf 86' lang='lat' dir='ltr'><strong>licet.</strong></span> <span class='ocrx_word' id='word_1_16' title='bbox 2276 496 2510 567; x_wconf 84' lang='lat' dir='ltr'><strong>Primus,</strong></span> <span class='ocrx_word' id='word_1_17' title='bbox 2552 502 2643 572; x_wconf 91' lang='lat' dir='ltr'><strong>qui</strong></span> <span class='ocrx_word' id='word_1_18' title='bbox 2676 500 2901 560; x_wconf 88' lang='lat' dir='ltr'><strong>Victoris</strong></span> <span class='ocrx_word' id='word_1_19' title='bbox 2948 501 3101 561; x_wconf 85' lang='lat' dir='ltr'><strong>istius</strong></span> <span class='ocrx_word' id='word_1_20' title='bbox 3142 515 3340 562; x_wconf 79' lang='lat' dir='ltr'><strong>nomen</strong></span> <span class='ocrx_word' id='word_1_21' title='bbox 3374 504 3434 563; x_wconf 86' lang='lat' dir='ltr'><strong>in</strong></span> 
     </span>
    </p>
   </div>
   <div class='ocr_carea' id='block_1_5' title="bbox 190 588 1740 659">
    <p class='ocr_par' dir='ltr' id='par_1_5' title="bbox 190 588 1740 659">
     <span class='ocr_line' id='line_1_5' title="bbox 190 588 1740 659; baseline -0.01 0"><span class='ocrx_word' id='word_1_22' title='bbox 190 613 260 659; x_wconf 88' lang='lat' dir='ltr'><strong>tra</strong></span> <span class='ocrx_word' id='word_1_23' title='bbox 285 598 463 656; x_wconf 68' lang='lat' dir='ltr'><strong>Africa:</strong></span> <span class='ocrx_word' id='word_1_24' title='bbox 492 593 687 649; x_wconf 77' lang='lat' dir='ltr'><strong>limites</strong></span> <span class='ocrx_word' id='word_1_25' title='bbox 728 590 985 658; x_wconf 86' lang='lat' dir='ltr'><strong>mutuari,</strong></span> <span class='ocrx_word' id='word_1_26' title='bbox 1007 604 1129 646; x_wconf 90' lang='lat' dir='ltr'><strong>cum</strong></span> <span class='ocrx_word' id='word_1_27' title='bbox 1169 590 1221 644; x_wconf 90' lang='lat' dir='ltr'><strong>in</strong></span> <span class='ocrx_word' id='word_1_28' title='bbox 1251 588 1479 645; x_wconf 91' lang='lat' dir='ltr'><strong>concilio</strong></span> <span class='ocrx_word' id='word_1_29' title='bbox 1518 588 1740 643; x_wconf 85' lang='lat' dir='ltr'><strong>Latera-</strong></span> 
     </span>
    </p>
   </div>
   <div class='ocr_carea' id='block_1_6' title="bbox 188 685 1742 754">
    <p class='ocr_par' dir='ltr' id='par_1_6' title="bbox 188 685 1742 754">
     <span class='ocr_line' id='line_1_6' title="bbox 188 685 1742 754; baseline -0.007 -3"><span class='ocrx_word' id='word_1_30' title='bbox 188 694 319 752; x_wconf 89' lang='lat' dir='ltr'><strong>uensi</strong></span> <span class='ocrx_word' id='word_1_31' title='bbox 350 690 445 746; x_wconf 90' lang='lat' dir='ltr'><strong>sub</strong></span> <span class='ocrx_word' id='word_1_32' title='bbox 468 695 652 744; x_wconf 89' lang='lat' dir='ltr'><strong>sancto</strong></span> <span class='ocrx_word' id='word_1_33' title='bbox 698 687 946 754; x_wconf 79' lang='lat' dir='ltr'><strong>Martino,</strong></span> <span class='ocrx_word' id='word_1_34' title='bbox 990 685 1206 740; x_wconf 91' lang='lat' dir='ltr'><strong>actione</strong></span> <span class='ocrx_word' id='word_1_35' title='bbox 1246 685 1304 749; x_wconf 72' lang='lat'><strong>2,</strong></span> <span class='ocrx_word' id='word_1_36' title='bbox 1353 685 1490 739; x_wconf 90' lang='lat' dir='ltr'><strong>inter</strong></span> <span class='ocrx_word' id='word_1_37' title='bbox 1515 692 1742 741; x_wconf 65' lang='lat' dir='ltr'><strong>caeteros</strong></span> 
     </span>
    </p>
   </div>
   <div class='ocr_carea' id='block_1_7' title="bbox 187 776 1742 853">
    <p class='ocr_par' dir='ltr' id='par_1_7' title="bbox 187 776 1742 853">
     <span class='ocr_line' id='line_1_7' title="bbox 187 776 1742 853; baseline -0.006 -11"><span class='ocrx_word' id='word_1_38' title='bbox 187 786 348 843; x_wconf 77' lang='lat' dir='ltr'><strong>Patres</strong></span> <span class='ocrx_word' id='word_1_39' title='bbox 382 783 680 853; x_wconf 82' lang='lat' dir='ltr'><strong>Byzacenos</strong></span> <span class='ocrx_word' id='word_1_40' title='bbox 713 777 1094 849; x_wconf 79' lang='lat' dir='ltr'><strong>subscripserit</strong></span> <span class='ocrx_word' id='word_1_41' title='bbox 1124 776 1394 833; x_wconf 90' lang='lat' dir='ltr'><strong>Candidus</strong></span> <span class='ocrx_word' id='word_1_42' title='bbox 1434 776 1601 848; x_wconf 89' lang='lat' dir='ltr'><strong>gratia</strong></span> <span class='ocrx_word' id='word_1_43' title='bbox 1645 777 1742 833; x_wconf 90' lang='lat' dir='ltr'><strong>Dei</strong></span> 
     </span>
    </p>
   </div>
   <div class='ocr_carea' id='block_1_8' title="bbox 189 866 1740 949">
    <p class='ocr_par' dir='ltr' id='par_1_8' title="bbox 189 866 1740 949">
     <span class='ocr_line' id='line_1_8' title="bbox 189 866 1740 949; baseline -0.008 -14"><span class='ocrx_word' id='word_1_44' title='bbox 189 866 439 949; x_wconf 80' lang='lat' dir='ltr'><strong>episcopus</strong></span> <span class='ocrx_word' id='word_1_45' title='bbox 462 876 646 941; x_wconf 77' lang='lat' dir='ltr'><strong>patria:</strong></span> <span class='ocrx_word' id='word_1_46' title='bbox 681 870 942 926; x_wconf 88' lang='lat' dir='ltr'><strong>Diceusis.</strong></span> <span class='ocrx_word' id='word_1_47' title='bbox 972 868 1082 925; x_wconf 84' lang='lat' dir='ltr'><strong>Nec</strong></span> <span class='ocrx_word' id='word_1_48' title='bbox 1109 868 1303 924; x_wconf 90' lang='lat' dir='ltr'><strong>mirum</strong></span> <span class='ocrx_word' id='word_1_49' title='bbox 1331 868 1500 924; x_wconf 90' lang='lat' dir='ltr'><strong>videri</strong></span> <span class='ocrx_word' id='word_1_50' title='bbox 1530 869 1740 939; x_wconf 87' lang='lat' dir='ltr'><strong>episco-</strong></span> 
     </span>
    </p>
   </div>
   <div class='ocr_carea' id='block_1_9' title="bbox 182 960 1739 1041">
    <p class='ocr_par' dir='ltr' id='par_1_9' title="bbox 182 960 1739 1041">
     <span class='ocr_line' id='line_1_9' title="bbox 182 960 1739 1041; baseline -0.005 -17"><span class='ocrx_word' id='word_1_51' title='bbox 182 980 268 1041; x_wconf 88' lang='lat' dir='ltr'><strong>pos</strong></span> <span class='ocrx_word' id='word_1_52' title='bbox 292 966 399 1021; x_wconf 86' lang='lat' dir='ltr'><strong>sine</strong></span> <span class='ocrx_word' id='word_1_53' title='bbox 426 962 641 1019; x_wconf 79' lang='lat' dir='ltr'><strong>civitate</strong></span> <span class='ocrx_word' id='word_1_54' title='bbox 672 961 856 1028; x_wconf 88' lang='lat' dir='ltr'><strong>fuisse,</strong></span> <span class='ocrx_word' id='word_1_55' title='bbox 888 975 1009 1017; x_wconf 91' lang='lat' dir='ltr'><strong>cum</strong></span> <span class='ocrx_word' id='word_1_56' title='bbox 1036 972 1243 1016; x_wconf 91' lang='lat' dir='ltr'><strong>certum</strong></span> <span class='ocrx_word' id='word_1_57' title='bbox 1272 962 1342 1015; x_wconf 89' lang='lat' dir='ltr'><strong>sit</strong></span> <span class='ocrx_word' id='word_1_58' title='bbox 1371 961 1425 1015; x_wconf 89' lang='lat' dir='ltr'><strong>in</strong></span> <span class='ocrx_word' id='word_1_59' title='bbox 1446 960 1624 1016; x_wconf 89' lang='lat' dir='ltr'><strong>Africa</strong></span> <span class='ocrx_word' id='word_1_60' title='bbox 1646 976 1739 1016; x_wconf 83' lang='lat' dir='ltr'><strong>eo-</strong></span> 
     </span>
    </p>
   </div>
   <div class='ocr_carea' id='block_1_10' title="bbox 180 1056 1734 1131">
    <p class='ocr_par' dir='ltr' id='par_1_10' title="bbox 180 1056 1734 1131">
     <span class='ocr_line' id='line_1_10' title="bbox 180 1056 1734 1131; baseline -0.006 -11"><span class='ocrx_word' id='word_1_61' title='bbox 180 1078 287 1121; x_wconf 88' lang='lat' dir='ltr'><strong>rum</strong></span> <span class='ocrx_word' id='word_1_62' title='bbox 306 1058 595 1131; x_wconf 83' lang='lat' dir='ltr'><strong>complures</strong></span> <span class='ocrx_word' id='word_1_63' title='bbox 626 1058 679 1114; x_wconf 90' lang='lat' dir='ltr'><strong>in</strong></span> <span class='ocrx_word' id='word_1_64' title='bbox 700 1058 842 1114; x_wconf 81' lang='lat' dir='ltr'><strong>villis</strong></span> <span class='ocrx_word' id='word_1_65' title='bbox 868 1066 923 1113; x_wconf 92' lang='lat' dir='ltr'><strong>et</strong></span> <span class='ocrx_word' id='word_1_66' title='bbox 965 1056 1142 1113; x_wconf 90' lang='lat' dir='ltr'><strong>fundis</strong></span> <span class='ocrx_word' id='word_1_67' title='bbox 1170 1066 1225 1113; x_wconf 92' lang='lat' dir='ltr'><strong>et</strong></span> <span class='ocrx_word' id='word_1_68' title='bbox 1253 1071 1352 1127; x_wconf 91' lang='lat' dir='ltr'><strong>per</strong></span> <span class='ocrx_word' id='word_1_69' title='bbox 1380 1070 1537 1127; x_wconf 91' lang='lat' dir='ltr'><strong>agros</strong></span> <span class='ocrx_word' id='word_1_70' title='bbox 1577 1056 1734 1112; x_wconf 85' lang='lat' dir='ltr'><strong>insti-</strong></span> 
     </span>
    </p>
   </div>
   <div class='ocr_carea' id='block_1_11' title="bbox 183 1148 1737 1220">
    <p class='ocr_par' dir='ltr' id='par_1_11' title="bbox 183 1148 1737 1220">
     <span class='ocr_line' id='line_1_11' title="bbox 183 1148 1737 1220; baseline -0.004 -8"><span class='ocrx_word' id='word_1_71' title='bbox 183 1164 305 1213; x_wconf 89' lang='lat' dir='ltr'><strong>tutos</strong></span> <span class='ocrx_word' id='word_1_72' title='bbox 340 1153 520 1219; x_wconf 85' lang='lat' dir='ltr'><strong>fuisse,</strong></span> <span class='ocrx_word' id='word_1_73' title='bbox 548 1160 607 1207; x_wconf 93' lang='lat' dir='ltr'><strong>ut</strong></span> <span class='ocrx_word' id='word_1_74' title='bbox 634 1150 734 1206; x_wconf 87' lang='lat' dir='ltr'><strong>sibi</strong></span> <span class='ocrx_word' id='word_1_75' title='bbox 783 1149 1009 1206; x_wconf 83' lang='lat' dir='ltr'><strong>invicem</strong></span> <span class='ocrx_word' id='word_1_76' title='bbox 1052 1149 1451 1220; x_wconf 78' lang='lat' dir='ltr'><strong>exprobravere</strong></span> <span class='ocrx_word' id='word_1_77' title='bbox 1490 1148 1737 1206; x_wconf 80' lang='lat' dir='ltr'><strong>Aurelius</strong></span> 
     </span>
    </p>
   </div>
   <div class='ocr_carea' id='block_1_12' title="bbox 181 1243 1734 1316">
    <p class='ocr_par' dir='ltr' id='par_1_12' title="bbox 181 1243 1734 1316">
     <span class='ocr_line' id='line_1_12' title="bbox 181 1243 1734 1316; baseline -0.003 -11"><span class='ocrx_word' id='word_1_78' title='bbox 181 1247 463 1316; x_wconf 87' lang='lat' dir='ltr'><strong>catholicus,</strong></span> <span class='ocrx_word' id='word_1_79' title='bbox 494 1253 555 1301; x_wconf 91' lang='lat' dir='ltr'><strong>et</strong></span> <span class='ocrx_word' id='word_1_80' title='bbox 594 1243 895 1300; x_wconf 86' lang='lat' dir='ltr'><strong>Primianus</strong></span> <span class='ocrx_word' id='word_1_81' title='bbox 941 1243 1239 1312; x_wconf 84' lang='lat' dir='ltr'><strong>Donatista,</strong></span> <span class='ocrx_word' id='word_1_82' title='bbox 1286 1243 1734 1308; x_wconf 78' lang='lat' dir='ltr'><strong>Carthaginenses</strong></span> 
     </span>
    </p>
   </div>
   <div class='ocr_carea' id='block_1_13' title="bbox 180 1335 1736 1413">
    <p class='ocr_par' dir='ltr' id='par_1_13' title="bbox 180 1335 1736 1413">
     <span class='ocr_line' id='line_1_13' title="bbox 180 1335 1736 1413; baseline -0.006 -13"><span class='ocrx_word' id='word_1_83' title='bbox 180 1339 409 1413; x_wconf 79' lang='lat' dir='ltr'><strong>episcOpi,</strong></span> <span class='ocrx_word' id='word_1_84' title='bbox 444 1338 498 1394; x_wconf 91' lang='lat' dir='ltr'><strong>in</strong></span> <span class='ocrx_word' id='word_1_85' title='bbox 521 1336 822 1394; x_wconf 88' lang='lat' dir='ltr'><strong>Collatione</strong></span> <span class='ocrx_word' id='word_1_86' title='bbox 841 1336 1093 1407; x_wconf 87' lang='lat' dir='ltr'><strong>Carthag.</strong></span> <span class='ocrx_word' id='word_1_87' title='bbox 1126 1350 1246 1406; x_wconf 90' lang='lat' dir='ltr'><strong>cap.</strong></span> <span class='ocrx_word' id='word_1_88' title='bbox 1281 1335 1376 1392; x_wconf 83' lang='grc'><strong>181</strong></span> <span class='ocrx_word' id='word_1_89' title='bbox 1409 1336 1610 1405; x_wconf 69' lang='lat' dir='ltr'><strong>et182,</strong></span> <span class='ocrx_word' id='word_1_90' title='bbox 1642 1350 1736 1392; x_wconf 82' lang='lat' dir='ltr'><strong>co-</strong></span> 
     </span>
    </p>
   </div>
   <div class='ocr_carea' id='block_1_14' title="bbox 178 1438 368 1510">
    <p class='ocr_par' dir='ltr' id='par_1_14' title="bbox 178 1438 368 1510">
     <span class='ocr_line' id='line_1_14' title="bbox 178 1438 368 1510; baseline 0.005 -18"><span class='ocrx_word' id='word_1_91' title='bbox 178 1438 290 1510; x_wconf 87' lang='lat' dir='ltr'><strong>gnit.</strong></span> <span class='ocrx_word' id='word_1_92' title='bbox 320 1438 368 1493; x_wconf 88' lang='grc'><strong>1.</strong></span> 
     </span>
    </p>
   </div>
   <div class='ocr_carea' id='block_1_15' title="bbox 238 1524 1731 1584">
    <p class='ocr_par' dir='ltr' id='par_1_15' title="bbox 238 1524 1731 1584">
     <span class='ocr_line' id='line_1_15' title="bbox 238 1524 1731 1584; baseline -0.001 -1"><span class='ocrx_word' id='word_1_93' title='bbox 238 1528 313 1583; x_wconf 92' lang='lat' dir='ltr'><strong>Vl.</strong></span> <span class='ocrx_word' id='word_1_94' title='bbox 344 1527 541 1584; x_wconf 88' lang='lat' dir='ltr'><strong>Verum</strong></span> <span class='ocrx_word' id='word_1_95' title='bbox 569 1526 805 1583; x_wconf 85' lang='lat' dir='ltr'><strong>Vitensis</strong></span> <span class='ocrx_word' id='word_1_96' title='bbox 846 1525 991 1583; x_wconf 88' lang='lat' dir='ltr'><strong>sedis</strong></span> <span class='ocrx_word' id='word_1_97' title='bbox 1028 1524 1408 1582; x_wconf 82' lang='lat' dir='ltr'><strong>obscuritatem</strong></span> <span class='ocrx_word' id='word_1_98' title='bbox 1448 1527 1504 1582; x_wconf 90' lang='lat' dir='ltr'><strong>in</strong></span> <span class='ocrx_word' id='word_1_99' title='bbox 1547 1534 1731 1582; x_wconf 91' lang='lat' dir='ltr'><strong>nostro</strong></span> 
     </span>
    </p>
   </div>
   <div class='ocr_carea' id='block_1_16' title="bbox 178 1618 1730 1691">
    <p class='ocr_par' dir='ltr' id='par_1_16' title="bbox 178 1618 1730 1691">
     <span class='ocr_line' id='line_1_16' title="bbox 178 1618 1730 1691; baseline -0.002 -14"><span class='ocrx_word' id='word_1_100' title='bbox 178 1621 363 1677; x_wconf 81' lang='lat' dir='ltr'><strong>Victore</strong></span> <span class='ocrx_word' id='word_1_101' title='bbox 388 1621 653 1690; x_wconf 83' lang='lat' dir='ltr'><strong>primatus</strong></span> <span class='ocrx_word' id='word_1_102' title='bbox 692 1619 950 1691; x_wconf 81' lang='lat' dir='ltr'><strong>dignitate</strong></span> <span class='ocrx_word' id='word_1_103' title='bbox 975 1628 1379 1691; x_wconf 86' lang='lat' dir='ltr'><strong>compensatam</strong></span> <span class='ocrx_word' id='word_1_104' title='bbox 1409 1618 1570 1675; x_wconf 88' lang='lat' dir='ltr'><strong>fuisse</strong></span> <span class='ocrx_word' id='word_1_105' title='bbox 1596 1633 1730 1676; x_wconf 86' lang='lat' dir='ltr'><strong>con-</strong></span> 
     </span>
    </p>
   </div>
   <div class='ocr_carea' id='block_1_17' title="bbox 175 1712 1732 1785">
    <p class='ocr_par' dir='ltr' id='par_1_17' title="bbox 175 1712 1732 1785">
     <span class='ocr_line' id='line_1_17' title="bbox 175 1712 1732 1785; baseline -0.001 -15"><span class='ocrx_word' id='word_1_106' title='bbox 175 1714 320 1770; x_wconf 86' lang='lat' dir='ltr'><strong>tendit</strong></span> <span class='ocrx_word' id='word_1_107' title='bbox 339 1712 657 1781; x_wconf 84' lang='lat' dir='ltr'><strong>Chifﬂetius,</strong></span> <span class='ocrx_word' id='word_1_108' title='bbox 688 1714 777 1784; x_wconf 90' lang='lat' dir='ltr'><strong>qui</strong></span> <span class='ocrx_word' id='word_1_109' title='bbox 804 1728 925 1785; x_wconf 89' lang='lat' dir='ltr'><strong>cap.</strong></span> <span class='ocrx_word' id='word_1_110' title='bbox 949 1713 983 1769; x_wconf 84' lang='lat'><strong>9</strong></span> <span class='ocrx_word' id='word_1_111' title='bbox 1003 1712 1246 1783; x_wconf 88' lang='lat' dir='ltr'><strong>opusculi</strong></span> <span class='ocrx_word' id='word_1_112' title='bbox 1276 1713 1331 1769; x_wconf 92' lang='lat' dir='ltr'><strong>in</strong></span> <span class='ocrx_word' id='word_1_113' title='bbox 1362 1714 1609 1770; x_wconf 91' lang='lat' dir='ltr'><strong>eumdem</strong></span> <span class='ocrx_word' id='word_1_114' title='bbox 1636 1728 1732 1768; x_wconf 84' lang='lat' dir='ltr'><strong>au-</strong></span> 
     </span>
    </p>
   </div>
   <div class='ocr_carea' id='block_1_18' title="bbox 174 1804 1728 1875">
    <p class='ocr_par' dir='ltr' id='par_1_18' title="bbox 174 1804 1728 1875">
     <span class='ocr_line' id='line_1_18' title="bbox 174 1804 1728 1875; baseline -0.001 -14"><span class='ocrx_word' id='word_1_115' title='bbox 174 1813 347 1861; x_wconf 89' lang='lat' dir='ltr'><strong>ctorem</strong></span> <span class='ocrx_word' id='word_1_116' title='bbox 374 1820 491 1861; x_wconf 90' lang='lat' dir='ltr'><strong>eum</strong></span> <span class='ocrx_word' id='word_1_117' title='bbox 537 1805 711 1874; x_wconf 91' lang='lat' dir='ltr'><strong>ipsum</strong></span> <span class='ocrx_word' id='word_1_118' title='bbox 751 1819 873 1861; x_wconf 89' lang='lat' dir='ltr'><strong>esse</strong></span> <span class='ocrx_word' id='word_1_119' title='bbox 909 1812 1094 1861; x_wconf 86' lang='lat' dir='ltr'><strong>censet</strong></span> <span class='ocrx_word' id='word_1_120' title='bbox 1124 1804 1394 1860; x_wconf 82' lang='lat' dir='ltr'><strong>Victorem</strong></span> <span class='ocrx_word' id='word_1_121' title='bbox 1439 1806 1728 1875; x_wconf 71' lang='lat' dir='ltr'><strong>provinciae</strong></span> 
     </span>
    </p>
   </div>
   <div class='ocr_carea' id='block_1_19' title="bbox 1845 587 3433 668">
    <p class='ocr_par' dir='ltr' id='par_1_19' title="bbox 1845 587 3433 668">
     <span class='ocr_line' id='line_1_19' title="bbox 1845 587 3433 668; baseline 0.008 -28"><span class='ocrx_word' id='word_1_122' title='bbox 1845 587 2019 643; x_wconf 84' lang='lat' dir='ltr'><strong>Fastis</strong></span> <span class='ocrx_word' id='word_1_123' title='bbox 2039 589 2207 645; x_wconf 87' lang='lat' dir='ltr'><strong>sacris</strong></span> <span class='ocrx_word' id='word_1_124' title='bbox 2236 591 2541 648; x_wconf 71' lang='lat' dir='ltr'><strong>ascribendi</strong></span> <span class='ocrx_word' id='word_1_125' title='bbox 2564 595 2902 652; x_wconf 86' lang='lat' dir='ltr'><strong>occasionem</strong></span> <span class='ocrx_word' id='word_1_126' title='bbox 2938 596 3189 668; x_wconf 64' lang='lat' dir='ltr'><strong>praebuit,</strong></span> <span class='ocrx_word' id='word_1_127' title='bbox 3216 596 3433 653; x_wconf 88' lang='lat' dir='ltr'><strong>videtur</strong></span> 
     </span>
    </p>
   </div>
   <div class='ocr_carea' id='block_1_20' title="bbox 1845 681 3432 761">
    <p class='ocr_par' dir='ltr' id='par_1_20' title="bbox 1845 681 3432 761">
     <span class='ocr_line' id='line_1_20' title="bbox 1845 681 3432 761; baseline 0.008 -25"><span class='ocrx_word' id='word_1_128' title='bbox 1845 681 2008 739; x_wconf 90' lang='lat' dir='ltr'><strong>fuisse</strong></span> <span class='ocrx_word' id='word_1_129' title='bbox 2028 684 2220 739; x_wconf 90' lang='lat' dir='ltr'><strong>Petrus</strong></span> <span class='ocrx_word' id='word_1_130' title='bbox 2245 686 2310 741; x_wconf 85' lang='lat' dir='ltr'><strong>de</strong></span> <span class='ocrx_word' id='word_1_131' title='bbox 2335 685 2631 755; x_wconf 84' lang='lat' dir='ltr'><strong>Natalibus,</strong></span> <span class='ocrx_word' id='word_1_132' title='bbox 2665 697 2724 743; x_wconf 92' lang='lat' dir='ltr'><strong>ut</strong></span> <span class='ocrx_word' id='word_1_133' title='bbox 2745 691 2963 761; x_wconf 83' lang='lat' dir='ltr'><strong>conjicit</strong></span> <span class='ocrx_word' id='word_1_134' title='bbox 2988 682 3432 748; x_wconf 22' lang='lat' dir='ltr'><strong>Chiflletius.‘Hic</strong></span> 
     </span>
    </p>
   </div>
   <div class='ocr_carea' id='block_1_21' title="bbox 1792 780 3431 861">
    <p class='ocr_par' dir='ltr' id='par_1_21' title="bbox 1792 780 3431 861">
     <span class='ocr_line' id='line_1_21' title="bbox 1792 780 3431 861; baseline 0.005 -24"><span class='ocrx_word' id='word_1_135' title='bbox 1792 840 1798 847; x_wconf 35' lang='grc' dir='ltr'>ι</span> <span class='ocrx_word' id='word_1_136' title='bbox 1841 781 1983 837; x_wconf 91' lang='lat' dir='ltr'><strong>enim</strong></span> <span class='ocrx_word' id='word_1_137' title='bbox 2015 780 2102 837; x_wconf 91' lang='lat' dir='ltr'><strong>die</strong></span> <span class='ocrx_word' id='word_1_138' title='bbox 2135 781 2206 838; x_wconf 71' lang='lat'><strong>20</strong></span> <span class='ocrx_word' id='word_1_139' title='bbox 2251 784 2451 852; x_wconf 84' lang='lat' dir='ltr'><strong>Aprilis</strong></span> <span class='ocrx_word' id='word_1_140' title='bbox 2491 784 2760 840; x_wconf 88' lang='lat' dir='ltr'><strong>Victorem</strong></span> <span class='ocrx_word' id='word_1_141' title='bbox 2804 788 3113 858; x_wconf 87' lang='lat' dir='ltr'><strong>episcopum</strong></span> <span class='ocrx_word' id='word_1_142' title='bbox 3150 788 3431 861; x_wconf 87' lang='lat' dir='ltr'><strong>Carthagi-</strong></span> 
     </span>
    </p>
   </div>
   <div class='ocr_carea' id='block_1_22' title="bbox 1840 874 3431 945">
    <p class='ocr_par' dir='ltr' id='par_1_22' title="bbox 1840 874 3431 945">
     <span class='ocr_line' id='line_1_22' title="bbox 1840 874 3431 945; baseline 0.006 -18"><span class='ocrx_word' id='word_1_143' title='bbox 1840 887 2062 928; x_wconf 89' lang='lat' dir='ltr'><strong>uensem</strong></span> <span class='ocrx_word' id='word_1_144' title='bbox 2098 874 2296 943; x_wconf 83' lang='lat' dir='ltr'><strong>laudat,</strong></span> <span class='ocrx_word' id='word_1_145' title='bbox 2325 890 2483 945; x_wconf 87' lang='lat' dir='ltr'><strong>quem</strong></span> <span class='ocrx_word' id='word_1_146' title='bbox 2521 876 2595 930; x_wconf 87' lang='lat' dir='ltr'><strong>ait</strong></span> <span class='ocrx_word' id='word_1_147' title='bbox 2643 878 2925 934; x_wconf 86' lang='lat' dir='ltr'><strong>sanctitate</strong></span> <span class='ocrx_word' id='word_1_148' title='bbox 2963 890 3017 933; x_wconf 91' lang='lat' dir='ltr'><strong>et</strong></span> <span class='ocrx_word' id='word_1_149' title='bbox 3055 881 3297 937; x_wconf 85' lang='lat' dir='ltr'><strong>doctrina</strong></span> <span class='ocrx_word' id='word_1_150' title='bbox 3330 881 3431 937; x_wconf 89' lang='lat' dir='ltr'><strong>sub</strong></span> 
     </span>
    </p>
   </div>
   <div class='ocr_carea' id='block_1_23' title="bbox 1840 966 3429 1042">
    <p class='ocr_par' dir='ltr' id='par_1_23' title="bbox 1840 966 3429 1042">
     <span class='ocr_line' id='line_1_23' title="bbox 1840 966 3429 1042; baseline 0.005 -22"><span class='ocrx_word' id='word_1_151' title='bbox 1840 966 2125 1021; x_wconf 83' lang='lat' dir='ltr'><strong>Anastasio</strong></span> <span class='ocrx_word' id='word_1_152' title='bbox 2153 967 2479 1037; x_wconf 90' lang='lat' dir='ltr'><strong>imperatore</strong></span> <span class='ocrx_word' id='word_1_153' title='bbox 2503 968 2766 1036; x_wconf 78' lang='lat' dir='ltr'><strong>floruisse,</strong></span> <span class='ocrx_word' id='word_1_154' title='bbox 2791 972 2947 1041; x_wconf 91' lang='lat' dir='ltr'><strong>eique</strong></span> <span class='ocrx_word' id='word_1_155' title='bbox 2967 972 3148 1026; x_wconf 89' lang='lat' dir='ltr'><strong>omnia</strong></span> <span class='ocrx_word' id='word_1_156' title='bbox 3170 973 3429 1042; x_wconf 85' lang='lat' dir='ltr'><strong>opuscula</strong></span> 
     </span>
    </p>
   </div>
   <div class='ocr_carea' id='block_1_24' title="bbox 1839 1058 3430 1132">
    <p class='ocr_par' dir='ltr' id='par_1_24' title="bbox 1839 1058 3430 1132">
     <span class='ocr_line' id='line_1_24' title="bbox 1839 1058 3430 1132; baseline 0.004 -21"><span class='ocrx_word' id='word_1_157' title='bbox 1839 1058 2077 1114; x_wconf 88' lang='lat' dir='ltr'><strong>attribuit</strong></span> <span class='ocrx_word' id='word_1_158' title='bbox 2097 1074 2216 1129; x_wconf 68' lang='lat' dir='ltr'><strong>qua:</strong></span> <span class='ocrx_word' id='word_1_159' title='bbox 2245 1059 2553 1116; x_wconf 84' lang='lat' dir='ltr'><strong>Gennadius</strong></span> <span class='ocrx_word' id='word_1_160' title='bbox 2594 1062 2647 1116; x_wconf 90' lang='lat' dir='ltr'><strong>in</strong></span> <span class='ocrx_word' id='word_1_161' title='bbox 2687 1062 2951 1132; x_wconf 88' lang='lat' dir='ltr'><strong>catalogo,</strong></span> <span class='ocrx_word' id='word_1_162' title='bbox 2992 1077 3111 1131; x_wconf 86' lang='lat' dir='ltr'><strong>cap.</strong></span> <span class='ocrx_word' id='word_1_163' title='bbox 3140 1064 3229 1129; x_wconf 83' lang='lat'><strong>77,</strong></span> <span class='ocrx_word' id='word_1_164' title='bbox 3269 1078 3300 1118; x_wconf 89' lang='lat' dir='ltr'><strong>a</strong></span> <span class='ocrx_word' id='word_1_165' title='bbox 3330 1062 3430 1119; x_wconf 83' lang='lat' dir='ltr'><strong>Vi-</strong></span> 
     </span>
    </p>
   </div>
   <div class='ocr_carea' id='block_1_25' title="bbox 1836 1150 3429 1231">
    <p class='ocr_par' dir='ltr' id='par_1_25' title="bbox 1836 1150 3429 1231">
     <span class='ocr_line' id='line_1_25' title="bbox 1836 1150 3429 1231; baseline 0.004 -26"><span class='ocrx_word' id='word_1_166' title='bbox 1836 1159 1987 1206; x_wconf 91' lang='lat' dir='ltr'><strong>ctore</strong></span> <span class='ocrx_word' id='word_1_167' title='bbox 2010 1150 2368 1207; x_wconf 89' lang='lat' dir='ltr'><strong>Cartenneusi</strong></span> <span class='ocrx_word' id='word_1_168' title='bbox 2394 1154 2649 1225; x_wconf 91' lang='lat' dir='ltr'><strong>episcopo</strong></span> <span class='ocrx_word' id='word_1_169' title='bbox 2671 1155 2813 1231; x_wconf 74' lang='lat' dir='ltr'><strong>edita</strong></span> <span class='ocrx_word' id='word_1_170' title='bbox 2841 1164 3251 1213; x_wconf 85' lang='lat' dir='ltr'><strong>commemorat.</strong></span> <span class='ocrx_word' id='word_1_171' title='bbox 3282 1155 3429 1212; x_wconf 81' lang='lat' dir='ltr'><strong>Mau-</strong></span> 
     </span>
    </p>
   </div>
   <div class='ocr_carea' id='block_1_26' title="bbox 1834 1245 3483 1321">
    <p class='ocr_par' dir='ltr' id='par_1_26' title="bbox 1834 1245 3483 1321">
     <span class='ocr_line' id='line_1_26' title="bbox 1834 1245 3483 1321; baseline 0.004 -22"><span class='ocrx_word' id='word_1_172' title='bbox 1834 1245 2033 1300; x_wconf 89' lang='lat' dir='ltr'><strong>rolicus</strong></span> <span class='ocrx_word' id='word_1_173' title='bbox 2075 1246 2239 1302; x_wconf 84' lang='lat' dir='ltr'><strong>abbas</strong></span> <span class='ocrx_word' id='word_1_174' title='bbox 2270 1247 2485 1303; x_wconf 88' lang='lat' dir='ltr'><strong>Petrum</strong></span> <span class='ocrx_word' id='word_1_175' title='bbox 2525 1257 2763 1319; x_wconf 88' lang='lat' dir='ltr'><strong>secutus,</strong></span> <span class='ocrx_word' id='word_1_176' title='bbox 2796 1250 2985 1305; x_wconf 83' lang='lat' dir='ltr'><strong>eadem</strong></span> <span class='ocrx_word' id='word_1_177' title='bbox 3020 1250 3110 1306; x_wconf 92' lang='lat' dir='ltr'><strong>die</strong></span> <span class='ocrx_word' id='word_1_178' title='bbox 3156 1250 3426 1306; x_wconf 83' lang='lat' dir='ltr'><strong>Victorem</strong></span> <span class='ocrx_word' id='word_1_179' title='bbox 3480 1320 3483 1321; x_wconf 17' lang='grc' dir='ltr'><em>ν</em></span> 
     </span>
    </p>
   </div>
   <div class='ocr_carea' id='block_1_27' title="bbox 1833 1334 3493 1411">
    <p class='ocr_par' dir='ltr' id='par_1_27' title="bbox 1833 1334 3493 1411">
     <span class='ocr_line' id='line_1_27' title="bbox 1833 1334 3493 1411; baseline 0.002 -19"><span class='ocrx_word' id='word_1_180' title='bbox 1833 1334 2311 1408; x_wconf 88' lang='lat' dir='ltr'><strong>Carthaginenscm</strong></span> <span class='ocrx_word' id='word_1_181' title='bbox 2341 1340 2675 1411; x_wconf 90' lang='lat' dir='ltr'><strong>episcopum,</strong></span> <span class='ocrx_word' id='word_1_182' title='bbox 2706 1341 2881 1397; x_wconf 85' lang='lat' dir='ltr'><strong>virum</strong></span> <span class='ocrx_word' id='word_1_183' title='bbox 2911 1340 3307 1405; x_wconf 87' lang='lat' dir='ltr'><strong>doctissimum,</strong></span> <span class='ocrx_word' id='word_1_184' title='bbox 3332 1340 3426 1410; x_wconf 86' lang='lat' dir='ltr'><strong>qui</strong></span> <span class='ocrx_word' id='word_1_185' title='bbox 3485 1359 3493 1366; x_wconf 53' lang='grc' dir='ltr'><strong><em>θ</em></strong></span> 
     </span>
    </p>
   </div>
   <div class='ocr_carea' id='block_1_28' title="bbox 1833 1427 3426 1502">
    <p class='ocr_par' dir='ltr' id='par_1_28' title="bbox 1833 1427 3426 1502">
     <span class='ocr_line' id='line_1_28' title="bbox 1833 1427 3426 1502; baseline 0.003 -19"><span class='ocrx_word' id='word_1_186' title='bbox 1833 1427 1934 1483; x_wconf 89' lang='lat' dir='ltr'><strong>sub</strong></span> <span class='ocrx_word' id='word_1_187' title='bbox 1976 1427 2262 1485; x_wconf 85' lang='lat' dir='ltr'><strong>Anastasio</strong></span> <span class='ocrx_word' id='word_1_188' title='bbox 2297 1431 2622 1501; x_wconf 84' lang='lat' dir='ltr'><strong>imperatore</strong></span> <span class='ocrx_word' id='word_1_189' title='bbox 2664 1433 2878 1501; x_wconf 89' lang='lat' dir='ltr'><strong>claruit,</strong></span> <span class='ocrx_word' id='word_1_190' title='bbox 2920 1433 3177 1502; x_wconf 89' lang='lat' dir='ltr'><strong>celebrat,</strong></span> <span class='ocrx_word' id='word_1_191' title='bbox 3225 1433 3426 1489; x_wconf 88' lang='lat' dir='ltr'><strong>omisso</strong></span> 
     </span>
    </p>
   </div>
   <div class='ocr_carea' id='block_1_29' title="bbox 1832 1523 3425 1597">
    <p class='ocr_par' dir='ltr' id='par_1_29' title="bbox 1832 1523 3425 1597">
     <span class='ocr_line' id='line_1_29' title="bbox 1832 1523 3425 1597; baseline 0.002 -20"><span class='ocrx_word' id='word_1_192' title='bbox 1832 1535 2053 1591; x_wconf 90' lang='lat' dir='ltr'><strong>operum</strong></span> <span class='ocrx_word' id='word_1_193' title='bbox 2075 1523 2336 1594; x_wconf 75' lang='lat' dir='ltr'><strong>catalogo.</strong></span> <span class='ocrx_word' id='word_1_194' title='bbox 2358 1524 2548 1581; x_wconf 88' lang='lat' dir='ltr'><strong>Petrus</strong></span> <span class='ocrx_word' id='word_1_195' title='bbox 2563 1526 2868 1582; x_wconf 88' lang='lat' dir='ltr'><strong>Galesinius</strong></span> <span class='ocrx_word' id='word_1_196' title='bbox 2892 1527 3051 1597; x_wconf 89' lang='lat' dir='ltr'><strong>paulo</strong></span> <span class='ocrx_word' id='word_1_197' title='bbox 3069 1527 3224 1583; x_wconf 89' lang='lat' dir='ltr'><strong>aliter</strong></span> <span class='ocrx_word' id='word_1_198' title='bbox 3240 1526 3425 1592; x_wconf 88' lang='lat' dir='ltr'><strong>habet,</strong></span> 
     </span>
    </p>
   </div>
   <div class='ocr_carea' id='block_1_30' title="bbox 1832 1616 3424 1692">
    <p class='ocr_par' dir='ltr' id='par_1_30' title="bbox 1832 1616 3424 1692">
     <span class='ocr_line' id='line_1_30' title="bbox 1832 1616 3424 1692; baseline 0.002 -22"><span class='ocrx_word' id='word_1_199' title='bbox 1832 1629 2028 1686; x_wconf 87' lang='lat' dir='ltr'><strong>nempe</strong></span> <span class='ocrx_word' id='word_1_200' title='bbox 2056 1616 2217 1672; x_wconf 69' lang='lat' dir='ltr'><strong>Utica</strong></span> <span class='ocrx_word' id='word_1_201' title='bbox 2243 1619 2296 1671; x_wconf 85' lang='lat' dir='ltr'><strong>in</strong></span> <span class='ocrx_word' id='word_1_202' title='bbox 2321 1618 2500 1688; x_wconf 75' lang='lat' dir='ltr'><strong>Africa</strong></span> <span class='ocrx_word' id='word_1_203' title='bbox 2527 1620 2687 1674; x_wconf 79' lang='lat' dir='ltr'><strong>sancti</strong></span> <span class='ocrx_word' id='word_1_204' title='bbox 2728 1619 2953 1675; x_wconf 81' lang='lat' dir='ltr'><strong>Victoris</strong></span> <span class='ocrx_word' id='word_1_205' title='bbox 2981 1621 3205 1692; x_wconf 80' lang='lat' dir='ltr'><strong>cpircOpi</strong></span> <span class='ocrx_word' id='word_1_206' title='bbox 3225 1630 3273 1674; x_wconf 86' lang='lat' dir='ltr'><strong>et</strong></span> <span class='ocrx_word' id='word_1_207' title='bbox 3302 1635 3424 1673; x_wconf 78' lang='lat' dir='ltr'><strong>con-</strong></span> 
     </span>
    </p>
   </div>
   <div class='ocr_carea' id='block_1_31' title="bbox 1832 1710 3425 1784">
    <p class='ocr_par' dir='ltr' id='par_1_31' title="bbox 1832 1710 3425 1784">
     <span class='ocr_line' id='line_1_31' title="bbox 1832 1710 3425 1784; baseline 0.003 -21"><span class='ocrx_word' id='word_1_208' title='bbox 1832 1710 2061 1779; x_wconf 66' lang='lat' dir='ltr'><strong>factoris,</strong></span> <span class='ocrx_word' id='word_1_209' title='bbox 2100 1720 2261 1781; x_wconf 89' lang='lat' dir='ltr'><strong>atque</strong></span> <span class='ocrx_word' id='word_1_210' title='bbox 2303 1713 2357 1766; x_wconf 93' lang='lat' dir='ltr'><strong>in</strong></span> <span class='ocrx_word' id='word_1_211' title='bbox 2407 1712 2846 1769; x_wconf 87' lang='lat' dir='ltr'><strong>annotationibus</strong></span> <span class='ocrx_word' id='word_1_212' title='bbox 2887 1713 3193 1784; x_wconf 91' lang='lat' dir='ltr'><strong>complures</strong></span> <span class='ocrx_word' id='word_1_213' title='bbox 3242 1712 3425 1769; x_wconf 83' lang='lat' dir='ltr'><strong>laudat</strong></span> 
     </span>
    </p>
   </div>
   <div class='ocr_carea' id='block_1_32' title="bbox 1834 1801 3425 1875">
    <p class='ocr_par' dir='ltr' id='par_1_32' title="bbox 1834 1801 3425 1875">
     <span class='ocr_line' id='line_1_32' title="bbox 1834 1801 3425 1875; baseline 0.003 -19"><span class='ocrx_word' id='word_1_214' title='bbox 1834 1801 2075 1858; x_wconf 90' lang='lat' dir='ltr'><strong>Victores</strong></span> <span class='ocrx_word' id='word_1_215' title='bbox 2131 1803 2433 1871; x_wconf 84' lang='lat' dir='ltr'><strong>Africanos,</strong></span> <span class='ocrx_word' id='word_1_216' title='bbox 2483 1806 2676 1874; x_wconf 88' lang='lat' dir='ltr'><strong>quibus</strong></span> <span class='ocrx_word' id='word_1_217' title='bbox 2729 1804 2783 1860; x_wconf 92' lang='lat' dir='ltr'><strong>id</strong></span> <span class='ocrx_word' id='word_1_218' title='bbox 2832 1806 3064 1875; x_wconf 88' lang='lat' dir='ltr'><strong>elogium</strong></span> <span class='ocrx_word' id='word_1_219' title='bbox 3115 1813 3425 1875; x_wconf 81' lang='lat' dir='ltr'><strong>competere</strong></span> 
     </span>
    </p>
   </div>
   <div class='ocr_carea' id='block_1_33' title="bbox 172 1886 3421 1971">
    <p class='ocr_par' dir='ltr' id='par_1_33' title="bbox 172 1886 3421 1971">
     <span class='ocr_line' id='line_1_33' title="bbox 172 1886 3421 1971; baseline -0.001 -17"><span class='ocrx_word' id='word_1_220' title='bbox 172 1900 430 1971; x_wconf 71' lang='lat' dir='ltr'><strong>Byzacenaa</strong></span> <span class='ocrx_word' id='word_1_221' title='bbox 475 1899 791 1971; x_wconf 88' lang='lat' dir='ltr'><strong>primatem,</strong></span> <span class='ocrx_word' id='word_1_222' title='bbox 822 1912 931 1970; x_wconf 90' lang='lat' dir='ltr'><strong>quo</strong></span> <span class='ocrx_word' id='word_1_223' title='bbox 962 1896 1293 1956; x_wconf 88' lang='lat' dir='ltr'><strong>concedente</strong></span> <span class='ocrx_word' id='word_1_224' title='bbox 1325 1898 1635 1969; x_wconf 83' lang='lat' dir='ltr'><strong>Fulgentius</strong></span> <span class='ocrx_word' id='word_1_225' title='bbox 1674 1898 1726 1954; x_wconf 92' lang='lat' dir='ltr'><strong>in</strong></span> <span class='ocrx_word' id='word_1_226' title='bbox 1756 1886 1804 1949; x_wconf 87' lang='lat' dir='ltr'><strong>B</strong></span> <span class='ocrx_word' id='word_1_227' title='bbox 1834 1897 2020 1966; x_wconf 89' lang='lat' dir='ltr'><strong>possit.</strong></span> <span class='ocrx_word' id='word_1_228' title='bbox 2055 1898 2124 1950; x_wconf 87' lang='lat' dir='ltr'><strong>At</strong></span> <span class='ocrx_word' id='word_1_229' title='bbox 2162 1896 2443 1953; x_wconf 87' lang='lat' dir='ltr'><strong>Ferrarius</strong></span> <span class='ocrx_word' id='word_1_230' title='bbox 2472 1897 2526 1952; x_wconf 93' lang='lat' dir='ltr'><strong>in</strong></span> <span class='ocrx_word' id='word_1_231' title='bbox 2553 1897 2796 1968; x_wconf 84' lang='lat' dir='ltr'><strong>catalogo</strong></span> <span class='ocrx_word' id='word_1_232' title='bbox 2823 1898 3061 1967; x_wconf 87' lang='lat' dir='ltr'><strong>generali</strong></span> <span class='ocrx_word' id='word_1_233' title='bbox 3085 1906 3421 1965; x_wconf 88' lang='lat' dir='ltr'><strong>sanctorum,</strong></span> 
     </span>
    </p>
   </div>
   <div class='ocr_carea' id='block_1_34' title="bbox 171 1989 1730 2060">
    <p class='ocr_par' dir='ltr' id='par_1_34' title="bbox 171 1989 1730 2060">
     <span class='ocr_line' id='line_1_34' title="bbox 171 1989 1730 2060; baseline -0.001 -15"><span class='ocrx_word' id='word_1_234' title='bbox 171 1990 435 2060; x_wconf 79' lang='lat' dir='ltr'><strong>Ruspensis</strong></span> <span class='ocrx_word' id='word_1_235' title='bbox 471 1989 1010 2059; x_wconf 14' lang='lat' dir='ltr'><strong>Ecclesizegthronum</strong></span> <span class='ocrx_word' id='word_1_236' title='bbox 1054 1998 1274 2045; x_wconf 86' lang='lat' dir='ltr'><strong>evectus</strong></span> <span class='ocrx_word' id='word_1_237' title='bbox 1310 1996 1414 2059; x_wconf 90' lang='lat' dir='ltr'><strong>est,</strong></span> <span class='ocrx_word' id='word_1_238' title='bbox 1448 1998 1507 2044; x_wconf 91' lang='lat' dir='ltr'><strong>ut</strong></span> <span class='ocrx_word' id='word_1_239' title='bbox 1548 1997 1730 2045; x_wconf 88' lang='lat' dir='ltr'><strong>narrat</strong></span> 
     </span>
    </p>
   </div>
   <div class='ocr_carea' id='block_1_35' title="bbox 170 2081 1728 2154">
    <p class='ocr_par' dir='ltr' id='par_1_35' title="bbox 170 2081 1728 2154">
     <span class='ocr_line' id='line_1_35' title="bbox 170 2081 1728 2154; baseline 0.002 -19"><span class='ocrx_word' id='word_1_240' title='bbox 170 2081 311 2153; x_wconf 85' lang='lat' dir='ltr'><strong>ipsius</strong></span> <span class='ocrx_word' id='word_1_241' title='bbox 337 2082 602 2154; x_wconf 86' lang='lat' dir='ltr'><strong>Fulgentii</strong></span> <span class='ocrx_word' id='word_1_242' title='bbox 633 2082 769 2139; x_wconf 67' lang='lat' dir='ltr'><strong>Vita:</strong></span> <span class='ocrx_word' id='word_1_243' title='bbox 805 2083 1038 2153; x_wconf 88' lang='lat' dir='ltr'><strong>scriptor</strong></span> <span class='ocrx_word' id='word_1_244' title='bbox 1057 2097 1175 2153; x_wconf 90' lang='lat' dir='ltr'><strong>cap.</strong></span> <span class='ocrx_word' id='word_1_245' title='bbox 1209 2082 1295 2139; x_wconf 89' lang='grc'><strong>16.</strong></span> <span class='ocrx_word' id='word_1_246' title='bbox 1336 2082 1394 2137; x_wconf 93' lang='lat' dir='ltr'><strong>ld</strong></span> <span class='ocrx_word' id='word_1_247' title='bbox 1439 2092 1498 2138; x_wconf 91' lang='lat' dir='ltr'><strong>ut</strong></span> <span class='ocrx_word' id='word_1_248' title='bbox 1539 2082 1728 2153; x_wconf 91' lang='lat' dir='ltr'><strong>probet</strong></span> 
     </span>
    </p>
   </div>
   <div class='ocr_carea' id='block_1_36' title="bbox 168 2174 1724 2244">
    <p class='ocr_par' dir='ltr' id='par_1_36' title="bbox 168 2174 1724 2244">
     <span class='ocr_line' id='line_1_36' title="bbox 168 2174 1724 2244; baseline 0.002 -16"><span class='ocrx_word' id='word_1_249' title='bbox 168 2174 235 2229; x_wconf 90' lang='lat' dir='ltr'><strong>vir</strong></span> <span class='ocrx_word' id='word_1_250' title='bbox 248 2174 495 2244; x_wconf 90' lang='lat' dir='ltr'><strong>eruditus,</strong></span> <span class='ocrx_word' id='word_1_251' title='bbox 521 2175 779 2232; x_wconf 85' lang='lat' dir='ltr'><strong>observat</strong></span> <span class='ocrx_word' id='word_1_252' title='bbox 807 2176 859 2231; x_wconf 90' lang='lat' dir='ltr'><strong>in</strong></span> <span class='ocrx_word' id='word_1_253' title='bbox 882 2176 1078 2231; x_wconf 84' lang='lat' dir='ltr'><strong>Notitia</strong></span> <span class='ocrx_word' id='word_1_254' title='bbox 1107 2176 1354 2232; x_wconf 86' lang='lat' dir='ltr'><strong>Africana</strong></span> <span class='ocrx_word' id='word_1_255' title='bbox 1382 2184 1490 2232; x_wconf 87' lang='lat' dir='ltr'><strong>tres</strong></span> <span class='ocrx_word' id='word_1_256' title='bbox 1518 2177 1724 2232; x_wconf 88' lang='lat' dir='ltr'><strong>solum-</strong></span> 
     </span>
    </p>
   </div>
   <div class='ocr_carea' id='block_1_37' title="bbox 166 2267 1728 2339">
    <p class='ocr_par' dir='ltr' id='par_1_37' title="bbox 166 2267 1728 2339">
     <span class='ocr_line' id='line_1_37' title="bbox 166 2267 1728 2339; baseline 0.001 -18"><span class='ocrx_word' id='word_1_257' title='bbox 166 2267 303 2323; x_wconf 87' lang='lat' dir='ltr'><strong>modo</strong></span> <span class='ocrx_word' id='word_1_258' title='bbox 331 2268 578 2325; x_wconf 88' lang='lat' dir='ltr'><strong>Victores</strong></span> <span class='ocrx_word' id='word_1_259' title='bbox 618 2269 756 2324; x_wconf 90' lang='lat' dir='ltr'><strong>inter</strong></span> <span class='ocrx_word' id='word_1_260' title='bbox 786 2268 977 2325; x_wconf 89' lang='lat' dir='ltr'><strong>Patres</strong></span> <span class='ocrx_word' id='word_1_261' title='bbox 1011 2269 1318 2339; x_wconf 82' lang='lat' dir='ltr'><strong>Byzacenos</strong></span> <span class='ocrx_word' id='word_1_262' title='bbox 1347 2267 1556 2335; x_wconf 91' lang='lat' dir='ltr'><strong>haberi,</strong></span> <span class='ocrx_word' id='word_1_263' title='bbox 1594 2282 1728 2338; x_wconf 85' lang='lat' dir='ltr'><strong>quo-</strong></span> 
     </span>
    </p>
   </div>
   <div class='ocr_carea' id='block_1_38' title="bbox 164 2359 1726 2431">
    <p class='ocr_par' dir='ltr' id='par_1_38' title="bbox 164 2359 1726 2431">
     <span class='ocr_line' id='line_1_38' title="bbox 164 2359 1726 2431; baseline 0 -17"><span class='ocrx_word' id='word_1_264' title='bbox 164 2374 262 2414; x_wconf 89' lang='lat' dir='ltr'><strong>rum</strong></span> <span class='ocrx_word' id='word_1_265' title='bbox 283 2359 443 2430; x_wconf 91' lang='lat' dir='ltr'><strong>prior,</strong></span> <span class='ocrx_word' id='word_1_266' title='bbox 466 2360 657 2416; x_wconf 87' lang='lat' dir='ltr'><strong>Victor</strong></span> <span class='ocrx_word' id='word_1_267' title='bbox 679 2360 890 2417; x_wconf 87' lang='lat' dir='ltr'><strong>scilicet</strong></span> <span class='ocrx_word' id='word_1_268' title='bbox 918 2361 1170 2417; x_wconf 84' lang='lat' dir='ltr'><strong>Narensis</strong></span> <span class='ocrx_word' id='word_1_269' title='bbox 1186 2362 1490 2431; x_wconf 84' lang='lat' dir='ltr'><strong>episcopus,</strong></span> <span class='ocrx_word' id='word_1_270' title='bbox 1515 2359 1726 2417; x_wconf 89' lang='lat' dir='ltr'><strong>decimo</strong></span> 
     </span>
    </p>
   </div>
   <div class='ocr_carea' id='block_1_39' title="bbox 160 2452 1725 2520">
    <p class='ocr_par' dir='ltr' id='par_1_39' title="bbox 160 2452 1725 2520">
     <span class='ocr_line' id='line_1_39' title="bbox 160 2452 1725 2520; baseline 0.001 -14"><span class='ocrx_word' id='word_1_271' title='bbox 160 2452 296 2507; x_wconf 84' lang='lat' dir='ltr'><strong>tertio</strong></span> <span class='ocrx_word' id='word_1_272' title='bbox 318 2453 432 2508; x_wconf 87' lang='lat' dir='ltr'><strong>loco</strong></span> <span class='ocrx_word' id='word_1_273' title='bbox 459 2461 817 2520; x_wconf 87' lang='lat' dir='ltr'><strong>recensetur;</strong></span> <span class='ocrx_word' id='word_1_274' title='bbox 852 2452 1039 2509; x_wconf 88' lang='lat' dir='ltr'><strong>Victor</strong></span> <span class='ocrx_word' id='word_1_275' title='bbox 1068 2452 1460 2509; x_wconf 86' lang='lat' dir='ltr'><strong>Gauvaritanus</strong></span> <span class='ocrx_word' id='word_1_276' title='bbox 1497 2466 1725 2520; x_wconf 80' lang='lat' dir='ltr'><strong>nonage-</strong></span> 
     </span>
    </p>
   </div>
   <div class='ocr_carea' id='block_1_40' title="bbox 154 2542 1724 2616">
    <p class='ocr_par' dir='ltr' id='par_1_40' title="bbox 154 2542 1724 2616">
     <span class='ocr_line' id='line_1_40' title="bbox 154 2542 1724 2616; baseline -0.001 -18"><span class='ocrx_word' id='word_1_277' title='bbox 154 2545 270 2600; x_wconf 76' lang='lat' dir='ltr'><strong>simo</strong></span> <span class='ocrx_word' id='word_1_278' title='bbox 296 2546 501 2615; x_wconf 67' lang='lat' dir='ltr'><strong>primo,</strong></span> <span class='ocrx_word' id='word_1_279' title='bbox 532 2560 596 2602; x_wconf 91' lang='lat' dir='ltr'><strong>ac</strong></span> <span class='ocrx_word' id='word_1_280' title='bbox 625 2544 859 2616; x_wconf 90' lang='lat' dir='ltr'><strong>denique</strong></span> <span class='ocrx_word' id='word_1_281' title='bbox 907 2553 1089 2601; x_wconf 90' lang='lat' dir='ltr'><strong>noster</strong></span> <span class='ocrx_word' id='word_1_282' title='bbox 1128 2544 1386 2610; x_wconf 86' lang='lat' dir='ltr'><strong>Vitensis,</strong></span> <span class='ocrx_word' id='word_1_283' title='bbox 1423 2543 1514 2614; x_wconf 92' lang='lat' dir='ltr'><strong>qui</strong></span> <span class='ocrx_word' id='word_1_284' title='bbox 1548 2542 1724 2598; x_wconf 88' lang='lat' dir='ltr'><strong>locum</strong></span> 
     </span>
    </p>
   </div>
   <div class='ocr_carea' id='block_1_41' title="bbox 154 2636 1726 2709">
    <p class='ocr_par' dir='ltr' id='par_1_41' title="bbox 154 2636 1726 2709">
     <span class='ocr_line' id='line_1_41' title="bbox 154 2636 1726 2709; baseline -0.001 -17"><span class='ocrx_word' id='word_1_285' title='bbox 154 2638 459 2709; x_wconf 84' lang='lat' dir='ltr'><strong>trigesimum</strong></span> <span class='ocrx_word' id='word_1_286' title='bbox 508 2648 719 2697; x_wconf 81' lang='lat' dir='ltr'><strong>sextum</strong></span> <span class='ocrx_word' id='word_1_287' title='bbox 756 2640 811 2695; x_wconf 94' lang='lat' dir='ltr'><strong>iu</strong></span> <span class='ocrx_word' id='word_1_288' title='bbox 841 2654 902 2695; x_wconf 88' lang='lat' dir='ltr'><strong>ea</strong></span> <span class='ocrx_word' id='word_1_289' title='bbox 936 2639 1162 2695; x_wconf 87' lang='lat' dir='ltr'><strong>obtinet.</strong></span> <span class='ocrx_word' id='word_1_290' title='bbox 1194 2638 1265 2693; x_wconf 86' lang='lat' dir='ltr'><strong>At</strong></span> <span class='ocrx_word' id='word_1_291' title='bbox 1304 2652 1456 2709; x_wconf 86' lang='lat' dir='ltr'><strong>aeque</strong></span> <span class='ocrx_word' id='word_1_292' title='bbox 1486 2636 1726 2693; x_wconf 88' lang='lat' dir='ltr'><strong>insolens</strong></span> 
     </span>
    </p>
   </div>
   <div class='ocr_carea' id='block_1_42' title="bbox 150 2730 1726 2803">
    <p class='ocr_par' dir='ltr' id='par_1_42' title="bbox 150 2730 1726 2803">
     <span class='ocr_line' id='line_1_42' title="bbox 150 2730 1726 2803; baseline -0.001 -18"><span class='ocrx_word' id='word_1_293' title='bbox 150 2730 337 2788; x_wconf 86' lang='lat' dir='ltr'><strong>videtur</strong></span> <span class='ocrx_word' id='word_1_294' title='bbox 361 2731 644 2790; x_wconf 80' lang='lat' dir='ltr'><strong>Chiflletio</strong></span> <span class='ocrx_word' id='word_1_295' title='bbox 670 2732 940 2788; x_wconf 84' lang='lat' dir='ltr'><strong>afﬁrmare</strong></span> <span class='ocrx_word' id='word_1_296' title='bbox 982 2732 1263 2803; x_wconf 87' lang='lat' dir='ltr'><strong>episcopos</strong></span> <span class='ocrx_word' id='word_1_297' title='bbox 1293 2732 1603 2801; x_wconf 86' lang='lat' dir='ltr'><strong>nonaginta,</strong></span> <span class='ocrx_word' id='word_1_298' title='bbox 1631 2736 1726 2785; x_wconf 91' lang='lat' dir='ltr'><strong>aut</strong></span> 
     </span>
    </p>
   </div>
   <div class='ocr_carea' id='block_1_43' title="bbox 151 2825 1724 2898">
    <p class='ocr_par' dir='ltr' id='par_1_43' title="bbox 151 2825 1724 2898">
     <span class='ocr_line' id='line_1_43' title="bbox 151 2825 1724 2898; baseline 0.001 -19"><span class='ocrx_word' id='word_1_299' title='bbox 151 2826 464 2883; x_wconf 81' lang='lat' dir='ltr'><strong>solummodo</strong></span> <span class='ocrx_word' id='word_1_300' title='bbox 498 2826 806 2894; x_wconf 88' lang='lat' dir='ltr'><strong>duodecim,</strong></span> <span class='ocrx_word' id='word_1_301' title='bbox 837 2827 1021 2898; x_wconf 80' lang='lat' dir='ltr'><strong>viginti</strong></span> <span class='ocrx_word' id='word_1_302' title='bbox 1062 2840 1325 2881; x_wconf 87' lang='lat' dir='ltr'><strong>annorum</strong></span> <span class='ocrx_word' id='word_1_303' title='bbox 1353 2825 1527 2897; x_wconf 85' lang='lat' dir='ltr'><strong>spatio</strong></span> <span class='ocrx_word' id='word_1_304' title='bbox 1556 2825 1724 2880; x_wconf 89' lang='lat' dir='ltr'><strong>inter-</strong></span> 
     </span>
    </p>
   </div>
   <div class='ocr_carea' id='block_1_44' title="bbox 154 2917 1720 2991">
    <p class='ocr_par' dir='ltr' id='par_1_44' title="bbox 154 2917 1720 2991">
     <span class='ocr_line' id='line_1_44' title="bbox 154 2917 1720 2991; baseline 0.001 -19"><span class='ocrx_word' id='word_1_305' title='bbox 154 2917 282 2989; x_wconf 87' lang='lat' dir='ltr'><strong>iisse,</strong></span> <span class='ocrx_word' id='word_1_306' title='bbox 314 2917 550 2991; x_wconf 84' lang='lat' dir='ltr'><strong>hincque</strong></span> <span class='ocrx_word' id='word_1_307' title='bbox 579 2935 696 2977; x_wconf 91' lang='lat' dir='ltr'><strong>rem</strong></span> <span class='ocrx_word' id='word_1_308' title='bbox 731 2920 844 2975; x_wconf 93' lang='lat' dir='ltr'><strong>veri</strong></span> <span class='ocrx_word' id='word_1_309' title='bbox 887 2920 1108 2975; x_wconf 90' lang='lat' dir='ltr'><strong>omnino</strong></span> <span class='ocrx_word' id='word_1_310' title='bbox 1136 2919 1365 2974; x_wconf 91' lang='lat' dir='ltr'><strong>similem</strong></span> <span class='ocrx_word' id='word_1_311' title='bbox 1401 2932 1523 2974; x_wconf 90' lang='lat' dir='ltr'><strong>esse</strong></span> <span class='ocrx_word' id='word_1_312' title='bbox 1550 2925 1720 2990; x_wconf 91' lang='lat' dir='ltr'><strong>putat,</strong></span> 
     </span>
    </p>
   </div>
   <div class='ocr_carea' id='block_1_45' title="bbox 152 3008 1725 3086">
    <p class='ocr_par' dir='ltr' id='par_1_45' title="bbox 152 3008 1725 3086">
     <span class='ocr_line' id='line_1_45' title="bbox 152 3008 1725 3086; baseline 0 -21"><span class='ocrx_word' id='word_1_313' title='bbox 152 3008 398 3069; x_wconf 88' lang='lat' dir='ltr'><strong>Victorem</strong></span> <span class='ocrx_word' id='word_1_314' title='bbox 434 3014 730 3086; x_wconf 73' lang='lat' dir='ltr'><strong>Byzacenze</strong></span> <span class='ocrx_word' id='word_1_315' title='bbox 763 3026 875 3068; x_wconf 68' lang='lat' dir='ltr'><strong>sua:</strong></span> <span class='ocrx_word' id='word_1_316' title='bbox 919 3011 1209 3083; x_wconf 65' lang='lat' dir='ltr'><strong>provincia:</strong></span> <span class='ocrx_word' id='word_1_317' title='bbox 1253 3012 1540 3081; x_wconf 87' lang='lat' dir='ltr'><strong>primatum</strong></span> <span class='ocrx_word' id='word_1_318' title='bbox 1581 3009 1725 3065; x_wconf 82' lang='lat' dir='ltr'><strong>obti-</strong></span> 
     </span>
    </p>
   </div>
   <div class='ocr_carea' id='block_1_46' title="bbox 151 3105 1722 3173">
    <p class='ocr_par' dir='ltr' id='par_1_46' title="bbox 151 3105 1722 3173">
     <span class='ocr_line' id='line_1_46' title="bbox 151 3105 1722 3173; baseline 0 -15"><span class='ocrx_word' id='word_1_319' title='bbox 151 3106 329 3163; x_wconf 87' lang='lat' dir='ltr'><strong>nuisse.</strong></span> <span class='ocrx_word' id='word_1_320' title='bbox 377 3107 433 3163; x_wconf 91' lang='lat' dir='ltr'><strong>ld</strong></span> <span class='ocrx_word' id='word_1_321' title='bbox 470 3123 603 3164; x_wconf 87' lang='lat' dir='ltr'><strong>vero</strong></span> <span class='ocrx_word' id='word_1_322' title='bbox 643 3107 689 3162; x_wconf 91' lang='lat' dir='ltr'><strong>si</strong></span> <span class='ocrx_word' id='word_1_323' title='bbox 725 3106 1055 3173; x_wconf 87' lang='lat' dir='ltr'><strong>admittatur,</strong></span> <span class='ocrx_word' id='word_1_324' title='bbox 1093 3105 1462 3163; x_wconf 88' lang='lat' dir='ltr'><strong>Coufessionis</strong></span> <span class='ocrx_word' id='word_1_325' title='bbox 1514 3105 1722 3160; x_wconf 88' lang='lat' dir='ltr'><strong>titulum</strong></span> 
     </span>
    </p>
   </div>
   <div class='ocr_carea' id='block_1_47' title="bbox 146 3197 1720 3269">
    <p class='ocr_par' dir='ltr' id='par_1_47' title="bbox 146 3197 1720 3269">
     <span class='ocr_line' id='line_1_47' title="bbox 146 3197 1720 3269; baseline 0.001 -18"><span class='ocrx_word' id='word_1_326' title='bbox 146 3197 232 3268; x_wconf 87' lang='lat' dir='ltr'><strong>ipsi</strong></span> <span class='ocrx_word' id='word_1_327' title='bbox 255 3199 439 3257; x_wconf 89' lang='lat' dir='ltr'><strong>deberi</strong></span> <span class='ocrx_word' id='word_1_328' title='bbox 474 3200 748 3257; x_wconf 88' lang='lat' dir='ltr'><strong>fatendum</strong></span> <span class='ocrx_word' id='word_1_329' title='bbox 769 3208 871 3267; x_wconf 88' lang='lat' dir='ltr'><strong>est,</strong></span> <span class='ocrx_word' id='word_1_330' title='bbox 897 3215 1002 3256; x_wconf 90' lang='lat' dir='ltr'><strong>non</strong></span> <span class='ocrx_word' id='word_1_331' title='bbox 1033 3200 1206 3256; x_wconf 89' lang='lat' dir='ltr'><strong>solum</strong></span> <span class='ocrx_word' id='word_1_332' title='bbox 1234 3198 1375 3269; x_wconf 90' lang='lat' dir='ltr'><strong>quod</strong></span> <span class='ocrx_word' id='word_1_333' title='bbox 1406 3198 1506 3254; x_wconf 88' lang='lat' dir='ltr'><strong>sub</strong></span> <span class='ocrx_word' id='word_1_334' title='bbox 1534 3198 1720 3253; x_wconf 84' lang='lat' dir='ltr'><strong>Hune-</strong></span> 
     </span>
    </p>
   </div>
   <div class='ocr_carea' id='block_1_48' title="bbox 1833 1987 3424 2061">
    <p class='ocr_par' dir='ltr' id='par_1_48' title="bbox 1833 1987 3424 2061">
     <span class='ocr_line' id='line_1_48' title="bbox 1833 1987 3424 2061; baseline 0.001 -18"><span class='ocrx_word' id='word_1_335' title='bbox 1833 1988 1926 2060; x_wconf 89' lang='lat' dir='ltr'><strong>qui</strong></span> <span class='ocrx_word' id='word_1_336' title='bbox 1974 1989 2026 2043; x_wconf 88' lang='lat' dir='ltr'><strong>in</strong></span> <span class='ocrx_word' id='word_1_337' title='bbox 2078 1989 2460 2061; x_wconf 82' lang='lat' dir='ltr'><strong>Martyrologio</strong></span> <span class='ocrx_word' id='word_1_338' title='bbox 2497 1990 2740 2045; x_wconf 80' lang='lat' dir='ltr'><strong>Romano</strong></span> <span class='ocrx_word' id='word_1_339' title='bbox 2772 2004 2879 2045; x_wconf 90' lang='lat' dir='ltr'><strong>non</strong></span> <span class='ocrx_word' id='word_1_340' title='bbox 2926 1989 3213 2055; x_wconf 86' lang='lat' dir='ltr'><strong>habentur,</strong></span> <span class='ocrx_word' id='word_1_341' title='bbox 3264 1987 3424 2044; x_wconf 84' lang='lat' dir='ltr'><strong>habet</strong></span> 
     </span>
    </p>
   </div>
   <div class='ocr_carea' id='block_1_49' title="bbox 1830 2080 3424 2153">
    <p class='ocr_par' dir='ltr' id='par_1_49' title="bbox 1830 2080 3424 2153">
     <span class='ocr_line' id='line_1_49' title="bbox 1830 2080 3424 2153; baseline -0.003 -16"><span class='ocrx_word' id='word_1_342' title='bbox 1830 2082 2186 2150; x_wconf 88' lang='lat' dir='ltr'><strong>solummodo,</strong></span> <span class='ocrx_word' id='word_1_343' title='bbox 2220 2080 2287 2136; x_wconf 82' lang='lat' dir='ltr'><strong>In</strong></span> <span class='ocrx_word' id='word_1_344' title='bbox 2322 2083 2497 2153; x_wconf 79' lang='lat' dir='ltr'><strong>Africa</strong></span> <span class='ocrx_word' id='word_1_345' title='bbox 2524 2084 2687 2137; x_wconf 77' lang='lat' dir='ltr'><strong>sancti</strong></span> <span class='ocrx_word' id='word_1_346' title='bbox 2735 2082 2954 2138; x_wconf 80' lang='lat' dir='ltr'><strong>Victoris</strong></span> <span class='ocrx_word' id='word_1_347' title='bbox 2981 2082 3225 2152; x_wconf 79' lang='lat' dir='ltr'><strong>episcopi,</strong></span> <span class='ocrx_word' id='word_1_348' title='bbox 3262 2092 3424 2148; x_wconf 90' lang='lat' dir='ltr'><strong>quem</strong></span> 
     </span>
    </p>
   </div>
   <div class='ocr_carea' id='block_1_50' title="bbox 1832 2171 3424 2232">
    <p class='ocr_par' dir='ltr' id='par_1_50' title="bbox 1832 2171 3424 2232">
     <span class='ocr_line' id='line_1_50' title="bbox 1832 2171 3424 2232; baseline -0.003 -1"><span class='ocrx_word' id='word_1_349' title='bbox 1832 2184 2009 2232; x_wconf 91' lang='lat' dir='ltr'><strong>tamen</strong></span> <span class='ocrx_word' id='word_1_350' title='bbox 2043 2177 2097 2231; x_wconf 93' lang='lat' dir='ltr'><strong>in</strong></span> <span class='ocrx_word' id='word_1_351' title='bbox 2127 2176 2268 2230; x_wconf 89' lang='lat' dir='ltr'><strong>notis</strong></span> <span class='ocrx_word' id='word_1_352' title='bbox 2288 2184 2474 2230; x_wconf 88' lang='lat' dir='ltr'><strong>monet</strong></span> <span class='ocrx_word' id='word_1_353' title='bbox 2500 2175 2659 2230; x_wconf 90' lang='lat' dir='ltr'><strong>alium</strong></span> <span class='ocrx_word' id='word_1_354' title='bbox 2703 2189 2810 2231; x_wconf 91' lang='lat' dir='ltr'><strong>non</strong></span> <span class='ocrx_word' id='word_1_355' title='bbox 2850 2190 2971 2231; x_wconf 90' lang='lat' dir='ltr'><strong>esse</strong></span> <span class='ocrx_word' id='word_1_356' title='bbox 3000 2189 3030 2229; x_wconf 90' lang='lat' dir='ltr'><strong>a</strong></span> <span class='ocrx_word' id='word_1_357' title='bbox 3060 2173 3277 2230; x_wconf 89' lang='lat' dir='ltr'><strong>Victore</strong></span> <span class='ocrx_word' id='word_1_358' title='bbox 3307 2171 3424 2228; x_wconf 86' lang='lat' dir='ltr'><strong>Uti-</strong></span> 
     </span>
    </p>
   </div>
   <div class='ocr_carea' id='block_1_51' title="bbox 1827 2267 3422 2339">
    <p class='ocr_par' dir='ltr' id='par_1_51' title="bbox 1827 2267 3422 2339">
     <span class='ocr_line' id='line_1_51' title="bbox 1827 2267 3422 2339; baseline -0.001 -13"><span class='ocrx_word' id='word_1_359' title='bbox 1827 2269 1996 2336; x_wconf 87' lang='lat' dir='ltr'><strong>censi,</strong></span> <span class='ocrx_word' id='word_1_360' title='bbox 2027 2272 2116 2339; x_wconf 90' lang='lat' dir='ltr'><strong>qui</strong></span> <span class='ocrx_word' id='word_1_361' title='bbox 2136 2269 2414 2325; x_wconf 90' lang='lat' dir='ltr'><strong>historiam</strong></span> <span class='ocrx_word' id='word_1_362' title='bbox 2438 2270 2833 2339; x_wconf 86' lang='lat' dir='ltr'><strong>persecutionis</strong></span> <span class='ocrx_word' id='word_1_363' title='bbox 2856 2268 3163 2325; x_wconf 59' lang='lat' dir='ltr'><strong>Vandalicas</strong></span> <span class='ocrx_word' id='word_1_364' title='bbox 3184 2267 3422 2325; x_wconf 90' lang='lat' dir='ltr'><strong>conscri-</strong></span> 
     </span>
    </p>
   </div>
   <div class='ocr_carea' id='block_1_52' title="bbox 1828 2361 3421 2433">
    <p class='ocr_par' dir='ltr' id='par_1_52' title="bbox 1828 2361 3421 2433">
     <span class='ocr_line' id='line_1_52' title="bbox 1828 2361 3421 2433; baseline -0.001 -16"><span class='ocrx_word' id='word_1_365' title='bbox 1828 2363 1954 2433; x_wconf 89' lang='lat' dir='ltr'><strong>psit.</strong></span> <span class='ocrx_word' id='word_1_366' title='bbox 1988 2362 2067 2417; x_wconf 78' lang='lat' dir='ltr'><strong>Ex</strong></span> <span class='ocrx_word' id='word_1_367' title='bbox 2088 2362 2282 2432; x_wconf 88' lang='lat' dir='ltr'><strong>quibus</strong></span> <span class='ocrx_word' id='word_1_368' title='bbox 2311 2363 2562 2418; x_wconf 90' lang='lat' dir='ltr'><strong>omnibus</strong></span> <span class='ocrx_word' id='word_1_369' title='bbox 2599 2370 2747 2432; x_wconf 90' lang='lat' dir='ltr'><strong>patet</strong></span> <span class='ocrx_word' id='word_1_370' title='bbox 2783 2363 3066 2419; x_wconf 90' lang='lat' dir='ltr'><strong>obscuram</strong></span> <span class='ocrx_word' id='word_1_371' title='bbox 3098 2361 3240 2432; x_wconf 89' lang='lat' dir='ltr'><strong>apud</strong></span> <span class='ocrx_word' id='word_1_372' title='bbox 3284 2361 3421 2416; x_wconf 49' lang='lat' dir='ltr'><strong>anti.</strong></span> 
     </span>
    </p>
   </div>
   <div class='ocr_carea' id='block_1_53' title="bbox 1827 2453 3422 2527">
    <p class='ocr_par' dir='ltr' id='par_1_53' title="bbox 1827 2453 3422 2527">
     <span class='ocr_line' id='line_1_53' title="bbox 1827 2453 3422 2527; baseline 0.003 -20"><span class='ocrx_word' id='word_1_373' title='bbox 1827 2468 1962 2525; x_wconf 88' lang='lat' dir='ltr'><strong>quos</strong></span> <span class='ocrx_word' id='word_1_374' title='bbox 1991 2453 2157 2509; x_wconf 89' lang='lat' dir='ltr'><strong>fuisse</strong></span> <span class='ocrx_word' id='word_1_375' title='bbox 2188 2454 2419 2510; x_wconf 89' lang='lat' dir='ltr'><strong>Victoris</strong></span> <span class='ocrx_word' id='word_1_376' title='bbox 2448 2455 2617 2511; x_wconf 87' lang='lat' dir='ltr'><strong>nostri</strong></span> <span class='ocrx_word' id='word_1_377' title='bbox 2657 2454 2999 2521; x_wconf 90' lang='lat' dir='ltr'><strong>memoriam,</strong></span> <span class='ocrx_word' id='word_1_378' title='bbox 3043 2469 3144 2512; x_wconf 90' lang='lat' dir='ltr'><strong>nec</strong></span> <span class='ocrx_word' id='word_1_379' title='bbox 3183 2470 3422 2527; x_wconf 89' lang='lat' dir='ltr'><strong>unquam</strong></span> 
     </span>
    </p>
   </div>
   <div class='ocr_carea' id='block_1_54' title="bbox 1828 2545 3420 2618">
    <p class='ocr_par' dir='ltr' id='par_1_54' title="bbox 1828 2545 3420 2618">
     <span class='ocr_line' id='line_1_54' title="bbox 1828 2545 3420 2618; baseline 0.001 -17"><span class='ocrx_word' id='word_1_380' title='bbox 1828 2560 2024 2601; x_wconf 91' lang='lat' dir='ltr'><strong>nomen</strong></span> <span class='ocrx_word' id='word_1_381' title='bbox 2076 2545 2245 2615; x_wconf 81' lang='lat' dir='ltr'><strong>ipsius</strong></span> <span class='ocrx_word' id='word_1_382' title='bbox 2274 2546 2325 2602; x_wconf 90' lang='lat' dir='ltr'><strong>in</strong></span> <span class='ocrx_word' id='word_1_383' title='bbox 2351 2546 2526 2603; x_wconf 81' lang='lat' dir='ltr'><strong>Fastis</strong></span> <span class='ocrx_word' id='word_1_384' title='bbox 2554 2549 2722 2603; x_wconf 87' lang='lat' dir='ltr'><strong>sacris</strong></span> <span class='ocrx_word' id='word_1_385' title='bbox 2763 2549 2938 2604; x_wconf 91' lang='lat' dir='ltr'><strong>locum</strong></span> <span class='ocrx_word' id='word_1_386' title='bbox 2969 2547 3243 2614; x_wconf 89' lang='lat' dir='ltr'><strong>habuisse,</strong></span> <span class='ocrx_word' id='word_1_387' title='bbox 3275 2547 3420 2618; x_wconf 90' lang='lat' dir='ltr'><strong>quod</strong></span> 
     </span>
    </p>
   </div>
   <div class='ocr_carea' id='block_1_55' title="bbox 1825 2636 3420 2708">
    <p class='ocr_par' dir='ltr' id='par_1_55' title="bbox 1825 2636 3420 2708">
     <span class='ocr_line' id='line_1_55' title="bbox 1825 2636 3420 2708; baseline 0.003 -18"><span class='ocrx_word' id='word_1_388' title='bbox 1825 2636 1875 2690; x_wconf 89' lang='lat' dir='ltr'><strong>ei</strong></span> <span class='ocrx_word' id='word_1_389' title='bbox 1907 2652 2027 2692; x_wconf 91' lang='lat' dir='ltr'><strong>cum</strong></span> <span class='ocrx_word' id='word_1_390' title='bbox 2057 2637 2175 2693; x_wconf 89' lang='lat' dir='ltr'><strong>aliis</strong></span> <span class='ocrx_word' id='word_1_391' title='bbox 2202 2638 2566 2708; x_wconf 91' lang='lat' dir='ltr'><strong>compluribus</strong></span> <span class='ocrx_word' id='word_1_392' title='bbox 2603 2639 2733 2695; x_wconf 86' lang='lat' dir='ltr'><strong>viris</strong></span> <span class='ocrx_word' id='word_1_393' title='bbox 2776 2641 3062 2696; x_wconf 88' lang='lat' dir='ltr'><strong>sanctitate</strong></span> <span class='ocrx_word' id='word_1_394' title='bbox 3089 2647 3145 2694; x_wconf 92' lang='lat' dir='ltr'><strong>et</strong></span> <span class='ocrx_word' id='word_1_395' title='bbox 3171 2638 3420 2696; x_wconf 87' lang='lat' dir='ltr'><strong>doctrina</strong></span> 
     </span>
    </p>
   </div>
   <div class='ocr_carea' id='block_1_56' title="bbox 1827 2727 3418 2789">
    <p class='ocr_par' dir='ltr' id='par_1_56' title="bbox 1827 2727 3418 2789">
     <span class='ocr_line' id='line_1_56' title="bbox 1827 2727 3418 2789; baseline 0.003 -6"><span class='ocrx_word' id='word_1_396' title='bbox 1827 2727 2197 2785; x_wconf 89' lang='lat' dir='ltr'><strong>celeberrimis</strong></span> <span class='ocrx_word' id='word_1_397' title='bbox 2222 2745 2511 2787; x_wconf 90' lang='lat' dir='ltr'><strong>commune</strong></span> <span class='ocrx_word' id='word_1_398' title='bbox 2532 2739 2636 2786; x_wconf 88' lang='lat' dir='ltr'><strong>est.</strong></span> <span class='ocrx_word' id='word_1_399' title='bbox 2661 2730 2770 2787; x_wconf 86' lang='lat' dir='ltr'><strong>Nec</strong></span> <span class='ocrx_word' id='word_1_400' title='bbox 2800 2733 2927 2788; x_wconf 90' lang='lat' dir='ltr'><strong>licet</strong></span> <span class='ocrx_word' id='word_1_401' title='bbox 2956 2732 3113 2789; x_wconf 90' lang='lat' dir='ltr'><strong>nobis</strong></span> <span class='ocrx_word' id='word_1_402' title='bbox 3140 2746 3210 2788; x_wconf 84' lang='lat' dir='ltr'><strong>ex</strong></span> <span class='ocrx_word' id='word_1_403' title='bbox 3239 2732 3418 2788; x_wconf 84' lang='lat' dir='ltr'><strong>incer-</strong></span> 
     </span>
    </p>
   </div>
   <div class='ocr_carea' id='block_1_57' title="bbox 1828 2820 3417 2890">
    <p class='ocr_par' dir='ltr' id='par_1_57' title="bbox 1828 2820 3417 2890">
     <span class='ocr_line' id='line_1_57' title="bbox 1828 2820 3417 2890; baseline 0.004 -16"><span class='ocrx_word' id='word_1_404' title='bbox 1828 2820 1895 2876; x_wconf 89' lang='lat' dir='ltr'><strong>tis</strong></span> <span class='ocrx_word' id='word_1_405' title='bbox 1920 2834 2142 2890; x_wconf 82' lang='lat' dir='ltr'><strong>prorsus</strong></span> <span class='ocrx_word' id='word_1_406' title='bbox 2169 2830 2222 2877; x_wconf 92' lang='lat' dir='ltr'><strong>et</strong></span> <span class='ocrx_word' id='word_1_407' title='bbox 2248 2821 2425 2877; x_wconf 89' lang='lat' dir='ltr'><strong>dubiis</strong></span> <span class='ocrx_word' id='word_1_408' title='bbox 2464 2824 2827 2880; x_wconf 88' lang='lat' dir='ltr'><strong>monumentis</strong></span> <span class='ocrx_word' id='word_1_409' title='bbox 2858 2824 3060 2881; x_wconf 89' lang='lat' dir='ltr'><strong>Victori</strong></span> <span class='ocrx_word' id='word_1_410' title='bbox 3104 2834 3291 2881; x_wconf 88' lang='lat' dir='ltr'><strong>nostro</strong></span> <span class='ocrx_word' id='word_1_411' title='bbox 3320 2839 3417 2880; x_wconf 91' lang='lat' dir='ltr'><strong>no-</strong></span> 
     </span>
    </p>
   </div>
   <div class='ocr_carea' id='block_1_58' title="bbox 1827 2914 3415 2988">
    <p class='ocr_par' dir='ltr' id='par_1_58' title="bbox 1827 2914 3415 2988">
     <span class='ocr_line' id='line_1_58' title="bbox 1827 2914 3415 2988; baseline 0.004 -21"><span class='ocrx_word' id='word_1_412' title='bbox 1827 2928 1950 2969; x_wconf 89' lang='lat' dir='ltr'><strong>men</strong></span> <span class='ocrx_word' id='word_1_413' title='bbox 1976 2914 2288 2982; x_wconf 89' lang='lat' dir='ltr'><strong>conciliare,</strong></span> <span class='ocrx_word' id='word_1_414' title='bbox 2313 2915 2403 2985; x_wconf 91' lang='lat' dir='ltr'><strong>qui</strong></span> <span class='ocrx_word' id='word_1_415' title='bbox 2438 2916 2640 2974; x_wconf 86' lang='lat' dir='ltr'><strong>solidas</strong></span> <span class='ocrx_word' id='word_1_416' title='bbox 2670 2931 2936 2988; x_wconf 84' lang='lat' dir='ltr'><strong>verasque</strong></span> <span class='ocrx_word' id='word_1_417' title='bbox 2974 2917 3164 2973; x_wconf 89' lang='lat' dir='ltr'><strong>laudes</strong></span> <span class='ocrx_word' id='word_1_418' title='bbox 3190 2919 3260 2974; x_wconf 92' lang='lat' dir='ltr'><strong>ob</strong></span> <span class='ocrx_word' id='word_1_419' title='bbox 3307 2927 3415 2974; x_wconf 89' lang='lat' dir='ltr'><strong>tam</strong></span> 
     </span>
    </p>
   </div>
   <div class='ocr_carea' id='block_1_59' title="bbox 1830 3010 3417 3082">
    <p class='ocr_par' dir='ltr' id='par_1_59' title="bbox 1830 3010 3417 3082">
     <span class='ocr_line' id='line_1_59' title="bbox 1830 3010 3417 3082; baseline 0.001 -16"><span class='ocrx_word' id='word_1_420' title='bbox 1830 3010 2104 3081; x_wconf 88' lang='lat' dir='ltr'><strong>egregium</strong></span> <span class='ocrx_word' id='word_1_421' title='bbox 2130 3026 2265 3081; x_wconf 91' lang='lat' dir='ltr'><strong>opus</strong></span> <span class='ocrx_word' id='word_1_422' title='bbox 2285 3025 2314 3065; x_wconf 90' lang='lat' dir='ltr'><strong>a</strong></span> <span class='ocrx_word' id='word_1_423' title='bbox 2341 3025 2401 3066; x_wconf 90' lang='lat' dir='ltr'><strong>se</strong></span> <span class='ocrx_word' id='word_1_424' title='bbox 2425 3010 2628 3067; x_wconf 90' lang='lat' dir='ltr'><strong>editum</strong></span> <span class='ocrx_word' id='word_1_425' title='bbox 2659 3019 2919 3080; x_wconf 88' lang='lat' dir='ltr'><strong>meretur,</strong></span> <span class='ocrx_word' id='word_1_426' title='bbox 2952 3013 3104 3082; x_wconf 85' lang='lat' dir='ltr'><strong>cujus</strong></span> <span class='ocrx_word' id='word_1_427' title='bbox 3130 3014 3417 3082; x_wconf 74' lang='lat' dir='ltr'><strong>prmclaras</strong></span> 
     </span>
    </p>
   </div>
   <div class='ocr_carea' id='block_1_60' title="bbox 1826 3104 3415 3176">
    <p class='ocr_par' dir='ltr' id='par_1_60' title="bbox 1826 3104 3415 3176">
     <span class='ocr_line' id='line_1_60' title="bbox 1826 3104 3415 3176; baseline 0.003 -18"><span class='ocrx_word' id='word_1_428' title='bbox 1826 3104 2070 3170; x_wconf 87' lang='lat' dir='ltr'><strong>virtutes,</strong></span> <span class='ocrx_word' id='word_1_429' title='bbox 2103 3113 2161 3159; x_wconf 88' lang='lat' dir='ltr'><strong>ut</strong></span> <span class='ocrx_word' id='word_1_430' title='bbox 2190 3104 2479 3175; x_wconf 85' lang='lat' dir='ltr'><strong>loquuntur</strong></span> <span class='ocrx_word' id='word_1_431' title='bbox 2513 3105 2765 3162; x_wconf 89' lang='lat' dir='ltr'><strong>doctores</strong></span> <span class='ocrx_word' id='word_1_432' title='bbox 2805 3104 3159 3163; x_wconf 90' lang='lat' dir='ltr'><strong>Colonienses</strong></span> <span class='ocrx_word' id='word_1_433' title='bbox 3199 3106 3289 3176; x_wconf 90' lang='lat' dir='ltr'><strong>qui</strong></span> <span class='ocrx_word' id='word_1_434' title='bbox 3327 3106 3415 3162; x_wconf 87' lang='lat' dir='ltr'><strong>Bi-</strong></span> 
     </span>
    </p>
   </div>
   <div class='ocr_carea' id='block_1_61' title="bbox 1825 3198 3408 3273">
    <p class='ocr_par' dir='ltr' id='par_1_61' title="bbox 1825 3198 3408 3273">
     <span class='ocr_line' id='line_1_61' title="bbox 1825 3198 3408 3273; baseline 0.001 -18"><span class='ocrx_word' id='word_1_435' title='bbox 1825 3198 2105 3257; x_wconf 64' lang='lat' dir='ltr'><strong>bliotheca:</strong></span> <span class='ocrx_word' id='word_1_436' title='bbox 2141 3200 2356 3257; x_wconf 88' lang='lat' dir='ltr'><strong>Patrum</strong></span> <span class='ocrx_word' id='word_1_437' title='bbox 2395 3201 2685 3258; x_wconf 87' lang='lat' dir='ltr'><strong>editionem</strong></span> <span class='ocrx_word' id='word_1_438' title='bbox 2731 3211 3106 3273; x_wconf 87' lang='lat' dir='ltr'><strong>procurarunt,</strong></span> <span class='ocrx_word' id='word_1_439' title='bbox 3132 3201 3408 3271; x_wconf 90' lang='lat' dir='ltr'><strong>pietatem,</strong></span> 
     </span>
    </p>
   </div>
   <div class='ocr_carea' id='block_1_62' title="bbox 144 3273 3412 3369">
    <p class='ocr_par' dir='ltr' id='par_1_62' title="bbox 144 3273 3412 3369">
     <span class='ocr_line' id='line_1_62' title="bbox 144 3273 3412 3369; baseline 0.002 -24"><span class='ocrx_word' id='word_1_440' title='bbox 144 3290 243 3347; x_wconf 88' lang='lat' dir='ltr'><strong>rico</strong></span> <span class='ocrx_word' id='word_1_441' title='bbox 270 3306 390 3348; x_wconf 90' lang='lat' dir='ltr'><strong>cum</strong></span> <span class='ocrx_word' id='word_1_442' title='bbox 440 3295 654 3349; x_wconf 63' lang='lat' dir='ltr'><strong>caeteris</strong></span> <span class='ocrx_word' id='word_1_443' title='bbox 698 3292 859 3350; x_wconf 91' lang='lat' dir='ltr'><strong>fuerit</strong></span> <span class='ocrx_word' id='word_1_444' title='bbox 891 3293 1213 3365; x_wconf 82' lang='lat' dir='ltr'><strong>exagitatus,</strong></span> <span class='ocrx_word' id='word_1_445' title='bbox 1248 3300 1338 3349; x_wconf 91' lang='lat' dir='ltr'><strong>aut</strong></span> <span class='ocrx_word' id='word_1_446' title='bbox 1384 3301 1531 3348; x_wconf 88' lang='lat' dir='ltr'><strong>certe</strong></span> <span class='ocrx_word' id='word_1_447' title='bbox 1575 3290 1720 3363; x_wconf 87' lang='lat' dir='ltr'><strong>quod</strong></span> <span class='ocrx_word' id='word_1_448' title='bbox 1745 3273 1794 3340; x_wconf 72' lang='grc' dir='ltr'>Ο</span> <span class='ocrx_word' id='word_1_449' title='bbox 1824 3295 2204 3362; x_wconf 90' lang='lat' dir='ltr'><strong>eruditionem,</strong></span> <span class='ocrx_word' id='word_1_450' title='bbox 2246 3296 2523 3369; x_wconf 89' lang='lat' dir='ltr'><strong>religionis</strong></span> <span class='ocrx_word' id='word_1_451' title='bbox 2573 3297 2746 3353; x_wconf 88' lang='lat' dir='ltr'><strong>zelum</strong></span> <span class='ocrx_word' id='word_1_452' title='bbox 2789 3297 2857 3352; x_wconf 91' lang='lat' dir='ltr'><strong>ad</strong></span> <span class='ocrx_word' id='word_1_453' title='bbox 2908 3296 3085 3352; x_wconf 85' lang='lat' dir='ltr'><strong>vivum</strong></span> <span class='ocrx_word' id='word_1_454' title='bbox 3125 3310 3412 3366; x_wconf 80' lang='lat' dir='ltr'><strong>expressas</strong></span> 
     </span>
    </p>
   </div>
   <div class='ocr_carea' id='block_1_63' title="bbox 137 3381 1720 3451">
    <p class='ocr_par' dir='ltr' id='par_1_63' title="bbox 137 3381 1720 3451">
     <span class='ocr_line' id='line_1_63' title="bbox 137 3381 1720 3451; baseline 0.002 -14"><span class='ocrx_word' id='word_1_455' title='bbox 137 3381 486 3441; x_wconf 84' lang='lat' dir='ltr'><strong>Trasamundi</strong></span> <span class='ocrx_word' id='word_1_456' title='bbox 532 3386 783 3443; x_wconf 88' lang='lat' dir='ltr'><strong>violentia</strong></span> <span class='ocrx_word' id='word_1_457' title='bbox 826 3402 859 3442; x_wconf 92' lang='lat' dir='ltr'><strong>e</strong></span> <span class='ocrx_word' id='word_1_458' title='bbox 908 3386 1038 3443; x_wconf 88' lang='lat' dir='ltr'><strong>sede</strong></span> <span class='ocrx_word' id='word_1_459' title='bbox 1096 3385 1256 3441; x_wconf 91' lang='lat' dir='ltr'><strong>fuerit</strong></span> <span class='ocrx_word' id='word_1_460' title='bbox 1299 3385 1574 3451; x_wconf 84' lang='lat' dir='ltr'><strong>abreptus,</strong></span> <span class='ocrx_word' id='word_1_461' title='bbox 1623 3384 1720 3440; x_wconf 90' lang='lat' dir='ltr'><strong>sed</strong></span> 
     </span>
    </p>
   </div>
   <div class='ocr_carea' id='block_1_64' title="bbox 138 3477 1717 3551">
    <p class='ocr_par' dir='ltr' id='par_1_64' title="bbox 138 3477 1717 3551">
     <span class='ocr_line' id='line_1_64' title="bbox 138 3477 1717 3551; baseline 0.001 -19"><span class='ocrx_word' id='word_1_462' title='bbox 138 3478 282 3533; x_wconf 89' lang='lat' dir='ltr'><strong>etiam</strong></span> <span class='ocrx_word' id='word_1_463' title='bbox 310 3479 459 3551; x_wconf 91' lang='lat' dir='ltr'><strong>quod</strong></span> <span class='ocrx_word' id='word_1_464' title='bbox 486 3480 640 3537; x_wconf 80' lang='lat' dir='ltr'><strong>exsul</strong></span> <span class='ocrx_word' id='word_1_465' title='bbox 683 3495 782 3551; x_wconf 91' lang='lat' dir='ltr'><strong>pro</strong></span> <span class='ocrx_word' id='word_1_466' title='bbox 811 3480 1011 3537; x_wconf 89' lang='lat' dir='ltr'><strong>Christi</strong></span> <span class='ocrx_word' id='word_1_467' title='bbox 1044 3480 1148 3534; x_wconf 85' lang='lat' dir='ltr'><strong>fide</strong></span> <span class='ocrx_word' id='word_1_468' title='bbox 1174 3494 1206 3535; x_wconf 92' lang='lat' dir='ltr'><strong>e</strong></span> <span class='ocrx_word' id='word_1_469' title='bbox 1232 3479 1367 3534; x_wconf 88' lang='lat' dir='ltr'><strong>vivis</strong></span> <span class='ocrx_word' id='word_1_470' title='bbox 1404 3477 1717 3534; x_wconf 77' lang='lat' dir='ltr'><strong>excesserit.</strong></span> 
     </span>
    </p>
   </div>
   <div class='ocr_carea' id='block_1_65' title="bbox 134 3568 1721 3644">
    <p class='ocr_par' dir='ltr' id='par_1_65' title="bbox 134 3568 1721 3644">
     <span class='ocr_line' id='line_1_65' title="bbox 134 3568 1721 3644; baseline -0.001 -18"><span class='ocrx_word' id='word_1_471' title='bbox 134 3568 392 3628; x_wconf 85' lang='lat' dir='ltr'><strong>Victorem</strong></span> <span class='ocrx_word' id='word_1_472' title='bbox 423 3572 572 3628; x_wconf 88' lang='lat' dir='ltr'><strong>enim</strong></span> <span class='ocrx_word' id='word_1_473' title='bbox 600 3572 889 3644; x_wconf 77' lang='lat' dir='ltr'><strong>Byzacenaa</strong></span> <span class='ocrx_word' id='word_1_474' title='bbox 909 3573 1194 3641; x_wconf 88' lang='lat' dir='ltr'><strong>primatem</strong></span> <span class='ocrx_word' id='word_1_475' title='bbox 1224 3571 1275 3625; x_wconf 92' lang='lat' dir='ltr'><strong>in</strong></span> <span class='ocrx_word' id='word_1_476' title='bbox 1313 3572 1578 3641; x_wconf 91' lang='lat' dir='ltr'><strong>Fulgentii</strong></span> <span class='ocrx_word' id='word_1_477' title='bbox 1602 3569 1721 3625; x_wconf 90' lang='lat' dir='ltr'><strong>Vita</strong></span> 
     </span>
    </p>
   </div>
   <div class='ocr_carea' id='block_1_66' title="bbox 132 3661 1723 3733">
    <p class='ocr_par' dir='ltr' id='par_1_66' title="bbox 132 3661 1723 3733">
     <span class='ocr_line' id='line_1_66' title="bbox 132 3661 1723 3733; baseline -0.001 -15"><span class='ocrx_word' id='word_1_478' title='bbox 132 3662 426 3731; x_wconf 87' lang='lat' dir='ltr'><strong>laudatum,</strong></span> <span class='ocrx_word' id='word_1_479' title='bbox 461 3665 704 3733; x_wconf 86' lang='lat' dir='ltr'><strong>quisquis</strong></span> <span class='ocrx_word' id='word_1_480' title='bbox 742 3664 957 3719; x_wconf 90' lang='lat' dir='ltr'><strong>demum</strong></span> <span class='ocrx_word' id='word_1_481' title='bbox 1004 3662 1185 3728; x_wconf 89' lang='lat' dir='ltr'><strong>fuerit,</strong></span> <span class='ocrx_word' id='word_1_482' title='bbox 1235 3663 1471 3717; x_wconf 79' lang='lat' dir='ltr'><strong>exsulem</strong></span> <span class='ocrx_word' id='word_1_483' title='bbox 1521 3661 1723 3717; x_wconf 86' lang='lat' dir='ltr'><strong>obiisse</strong></span> 
     </span>
    </p>
   </div>
   <div class='ocr_carea' id='block_1_67' title="bbox 130 3752 1723 3829">
    <p class='ocr_par' dir='ltr' id='par_1_67' title="bbox 130 3752 1723 3829">
     <span class='ocr_line' id='line_1_67' title="bbox 130 3752 1723 3829; baseline -0.004 -15"><span class='ocrx_word' id='word_1_484' title='bbox 130 3759 411 3829; x_wconf 77' lang='lat' dir='ltr'><strong>colligitur,</strong></span> <span class='ocrx_word' id='word_1_485' title='bbox 442 3756 589 3826; x_wconf 90' lang='lat' dir='ltr'><strong>quod</strong></span> <span class='ocrx_word' id='word_1_486' title='bbox 614 3770 679 3812; x_wconf 90' lang='lat' dir='ltr'><strong>eo</strong></span> <span class='ocrx_word' id='word_1_487' title='bbox 705 3765 946 3827; x_wconf 90' lang='lat' dir='ltr'><strong>tempore</strong></span> <span class='ocrx_word' id='word_1_488' title='bbox 967 3769 1095 3826; x_wconf 90' lang='lat' dir='ltr'><strong>quo,</strong></span> <span class='ocrx_word' id='word_1_489' title='bbox 1118 3768 1250 3824; x_wconf 90' lang='lat' dir='ltr'><strong>pace</strong></span> <span class='ocrx_word' id='word_1_490' title='bbox 1281 3754 1537 3810; x_wconf 74' lang='lat' dir='ltr'><strong>Ecclesim</strong></span> <span class='ocrx_word' id='word_1_491' title='bbox 1567 3752 1723 3808; x_wconf 87' lang='lat' dir='ltr'><strong>resti-</strong></span> 
     </span>
    </p>
   </div>
   <div class='ocr_carea' id='block_1_68' title="bbox 132 3848 1717 3924">
    <p class='ocr_par' dir='ltr' id='par_1_68' title="bbox 132 3848 1717 3924">
     <span class='ocr_line' id='line_1_68' title="bbox 132 3848 1717 3924; baseline -0.003 -18"><span class='ocrx_word' id='word_1_492' title='bbox 132 3860 248 3922; x_wconf 89' lang='lat' dir='ltr'><strong>tuta,</strong></span> <span class='ocrx_word' id='word_1_493' title='bbox 268 3850 556 3924; x_wconf 82' lang='lat' dir='ltr'><strong>episcopis</strong></span> <span class='ocrx_word' id='word_1_494' title='bbox 573 3853 624 3906; x_wconf 90' lang='lat' dir='ltr'><strong>in</strong></span> <span class='ocrx_word' id='word_1_495' title='bbox 652 3850 810 3906; x_wconf 84' lang='lat' dir='ltr'><strong>sedes</strong></span> <span class='ocrx_word' id='word_1_496' title='bbox 831 3864 955 3906; x_wconf 90' lang='lat' dir='ltr'><strong>suas</strong></span> <span class='ocrx_word' id='word_1_497' title='bbox 984 3849 1163 3905; x_wconf 91' lang='lat' dir='ltr'><strong>redire</strong></span> <span class='ocrx_word' id='word_1_498' title='bbox 1184 3848 1358 3915; x_wconf 90' lang='lat' dir='ltr'><strong>licuit,</strong></span> <span class='ocrx_word' id='word_1_499' title='bbox 1385 3862 1490 3903; x_wconf 92' lang='lat' dir='ltr'><strong>non</strong></span> <span class='ocrx_word' id='word_1_500' title='bbox 1517 3848 1717 3917; x_wconf 87' lang='lat' dir='ltr'><strong>Victor,</strong></span> 
     </span>
    </p>
   </div>
   <div class='ocr_carea' id='block_1_69' title="bbox 130 3939 1721 4015">
    <p class='ocr_par' dir='ltr' id='par_1_69' title="bbox 130 3939 1721 4015">
     <span class='ocr_line' id='line_1_69' title="bbox 130 3939 1721 4015; baseline -0.003 -16"><span class='ocrx_word' id='word_1_501' title='bbox 130 3945 211 3999; x_wconf 85' lang='lat' dir='ltr'><strong>sed</strong></span> <span class='ocrx_word' id='word_1_502' title='bbox 255 3943 557 4002; x_wconf 86' lang='lat' dir='ltr'><strong>Liberatus</strong></span> <span class='ocrx_word' id='word_1_503' title='bbox 594 3942 884 4015; x_wconf 73' lang='lat' dir='ltr'><strong>Byzacente</strong></span> <span class='ocrx_word' id='word_1_504' title='bbox 929 3941 1217 4013; x_wconf 68' lang='lat' dir='ltr'><strong>provincia:</strong></span> <span class='ocrx_word' id='word_1_505' title='bbox 1259 3942 1542 4012; x_wconf 90' lang='lat' dir='ltr'><strong>primatum</strong></span> <span class='ocrx_word' id='word_1_506' title='bbox 1580 3939 1721 3995; x_wconf 89' lang='lat' dir='ltr'><strong>obti-</strong></span> 
     </span>
    </p>
   </div>
   <div class='ocr_carea' id='block_1_70' title="bbox 133 4048 289 4096">
    <p class='ocr_par' dir='ltr' id='par_1_70' title="bbox 133 4048 289 4096">
     <span class='ocr_line' id='line_1_70' title="bbox 133 4048 289 4096; baseline 0.019 -3"><span class='ocrx_word' id='word_1_507' title='bbox 133 4048 289 4096; x_wconf 86' lang='lat' dir='ltr'><strong>nerct.</strong></span> 
     </span>
    </p>
   </div>
   <div class='ocr_carea' id='block_1_71' title="bbox 189 4125 1720 4205">
    <p class='ocr_par' dir='ltr' id='par_1_71' title="bbox 189 4125 1720 4205">
     <span class='ocr_line' id='line_1_71' title="bbox 189 4125 1720 4205; baseline -0.008 -14"><span class='ocrx_word' id='word_1_508' title='bbox 189 4135 301 4191; x_wconf 80' lang='lat' dir='ltr'><strong>Vll.</strong></span> <span class='ocrx_word' id='word_1_509' title='bbox 336 4132 565 4205; x_wconf 83' lang='lat' dir='ltr'><strong>Majoris</strong></span> <span class='ocrx_word' id='word_1_510' title='bbox 588 4132 817 4187; x_wconf 82' lang='lat' dir='ltr'><strong>fortasse</strong></span> <span class='ocrx_word' id='word_1_511' title='bbox 841 4128 1100 4185; x_wconf 89' lang='lat' dir='ltr'><strong>momenti</strong></span> <span class='ocrx_word' id='word_1_512' title='bbox 1131 4142 1251 4184; x_wconf 87' lang='lat' dir='ltr'><strong>esse</strong></span> <span class='ocrx_word' id='word_1_513' title='bbox 1272 4126 1542 4181; x_wconf 88' lang='lat' dir='ltr'><strong>nonnullis</strong></span> <span class='ocrx_word' id='word_1_514' title='bbox 1575 4125 1720 4180; x_wconf 75' lang='lat' dir='ltr'><strong>vide~</strong></span> 
     </span>
    </p>
   </div>
   <div class='ocr_carea' id='block_1_72' title="bbox 134 4220 1715 4298">
    <p class='ocr_par' dir='ltr' id='par_1_72' title="bbox 134 4220 1715 4298">
     <span class='ocr_line' id='line_1_72' title="bbox 134 4220 1715 4298; baseline -0.004 -17"><span class='ocrx_word' id='word_1_515' title='bbox 134 4227 259 4284; x_wconf 87' lang='lat' dir='ltr'><strong>bitur</strong></span> <span class='ocrx_word' id='word_1_516' title='bbox 295 4228 402 4284; x_wconf 88' lang='lat' dir='ltr'><strong>alia</strong></span> <span class='ocrx_word' id='word_1_517' title='bbox 455 4226 685 4298; x_wconf 71' lang='lat' dir='ltr'><strong>qumstio</strong></span> <span class='ocrx_word' id='word_1_518' title='bbox 737 4239 896 4295; x_wconf 90' lang='lat' dir='ltr'><strong>quam</strong></span> <span class='ocrx_word' id='word_1_519' title='bbox 952 4223 1095 4278; x_wconf 88' lang='lat' dir='ltr'><strong>idem</strong></span> <span class='ocrx_word' id='word_1_520' title='bbox 1145 4220 1446 4276; x_wconf 88' lang='lat' dir='ltr'><strong>Chiflletius</strong></span> <span class='ocrx_word' id='word_1_521' title='bbox 1494 4230 1715 4285; x_wconf 87' lang='lat' dir='ltr'><strong>movet,</strong></span> 
     </span>
    </p>
   </div>
   <div class='ocr_carea' id='block_1_73' title="bbox 136 4314 1717 4387">
    <p class='ocr_par' dir='ltr' id='par_1_73' title="bbox 136 4314 1717 4387">
     <span class='ocr_line' id='line_1_73' title="bbox 136 4314 1717 4387; baseline -0.005 -13"><span class='ocrx_word' id='word_1_522' title='bbox 136 4331 294 4378; x_wconf 86' lang='lat' dir='ltr'><strong>utrum</strong></span> <span class='ocrx_word' id='word_1_523' title='bbox 340 4321 556 4378; x_wconf 91' lang='lat' dir='ltr'><strong>scilicet</strong></span> <span class='ocrx_word' id='word_1_524' title='bbox 582 4320 767 4374; x_wconf 74' lang='lat' dir='ltr'><strong>Victor</strong></span> <span class='ocrx_word' id='word_1_525' title='bbox 810 4317 969 4387; x_wconf 88' lang='lat' dir='ltr'><strong>hujus</strong></span> <span class='ocrx_word' id='word_1_526' title='bbox 1010 4316 1259 4371; x_wconf 72' lang='lat' dir='ltr'><strong>Historia:</strong></span> <span class='ocrx_word' id='word_1_527' title='bbox 1306 4315 1534 4383; x_wconf 88' lang='lat' dir='ltr'><strong>scriptor</strong></span> <span class='ocrx_word' id='word_1_528' title='bbox 1579 4314 1717 4369; x_wconf 91' lang='lat' dir='ltr'><strong>inter</strong></span> 
     </span>
    </p>
   </div>
   <div class='ocr_carea' id='block_1_74' title="bbox 138 4405 1717 4482">
    <p class='ocr_par' dir='ltr' id='par_1_74' title="bbox 138 4405 1717 4482">
     <span class='ocr_line' id='line_1_74' title="bbox 138 4405 1717 4482; baseline -0.003 -19"><span class='ocrx_word' id='word_1_529' title='bbox 138 4422 334 4468; x_wconf 86' lang='lat' dir='ltr'><strong>sanctos</strong></span> <span class='ocrx_word' id='word_1_530' title='bbox 361 4410 657 4482; x_wconf 88' lang='lat' dir='ltr'><strong>aliquando</strong></span> <span class='ocrx_word' id='word_1_531' title='bbox 703 4408 906 4465; x_wconf 90' lang='lat' dir='ltr'><strong>relatus</strong></span> <span class='ocrx_word' id='word_1_532' title='bbox 946 4408 1127 4475; x_wconf 87' lang='lat' dir='ltr'><strong>fuerit,</strong></span> <span class='ocrx_word' id='word_1_533' title='bbox 1168 4414 1259 4461; x_wconf 91' lang='lat' dir='ltr'><strong>aut</strong></span> <span class='ocrx_word' id='word_1_534' title='bbox 1295 4405 1505 4477; x_wconf 89' lang='lat' dir='ltr'><strong>publico</strong></span> <span class='ocrx_word' id='word_1_535' title='bbox 1541 4405 1717 4475; x_wconf 90' lang='lat' dir='ltr'><strong>aliquo</strong></span> 
     </span>
    </p>
   </div>
   <div class='ocr_carea' id='block_1_75' title="bbox 138 4496 1717 4571">
    <p class='ocr_par' dir='ltr' id='par_1_75' title="bbox 138 4496 1717 4571">
     <span class='ocr_line' id='line_1_75' title="bbox 138 4496 1717 4571; baseline -0.003 -16"><span class='ocrx_word' id='word_1_536' title='bbox 138 4503 265 4558; x_wconf 90' lang='lat' dir='ltr'><strong>cultu</strong></span> <span class='ocrx_word' id='word_1_537' title='bbox 294 4504 557 4559; x_wconf 89' lang='lat' dir='ltr'><strong>donatus.</strong></span> <span class='ocrx_word' id='word_1_538' title='bbox 588 4501 767 4571; x_wconf 88' lang='lat' dir='ltr'><strong>Ipsum</strong></span> <span class='ocrx_word' id='word_1_539' title='bbox 799 4509 945 4556; x_wconf 89' lang='lat' dir='ltr'><strong>certe</strong></span> <span class='ocrx_word' id='word_1_540' title='bbox 972 4499 1038 4554; x_wconf 86' lang='lat' dir='ltr'><strong>iis</strong></span> <span class='ocrx_word' id='word_1_541' title='bbox 1074 4500 1274 4554; x_wconf 86' lang='lat' dir='ltr'><strong>sanctis</strong></span> <span class='ocrx_word' id='word_1_542' title='bbox 1317 4496 1717 4553; x_wconf 89' lang='lat' dir='ltr'><strong>confessoribus</strong></span> 
     </span>
    </p>
   </div>
   <div class='ocr_carea' id='block_1_76' title="bbox 139 4588 1714 4665">
    <p class='ocr_par' dir='ltr' id='par_1_76' title="bbox 139 4588 1714 4665">
     <span class='ocr_line' id='line_1_76' title="bbox 139 4588 1714 4665; baseline -0.002 -19"><span class='ocrx_word' id='word_1_543' title='bbox 139 4596 210 4661; x_wconf 91' lang='lat' dir='ltr'><strong>qui</strong></span> <span class='ocrx_word' id='word_1_544' title='bbox 236 4596 335 4652; x_wconf 88' lang='lat' dir='ltr'><strong>sub</strong></span> <span class='ocrx_word' id='word_1_545' title='bbox 365 4594 626 4651; x_wconf 82' lang='lat' dir='ltr'><strong>Hunerici</strong></span> <span class='ocrx_word' id='word_1_546' title='bbox 673 4592 885 4665; x_wconf 84' lang='lat' dir='ltr'><strong>tyranni</strong></span> <span class='ocrx_word' id='word_1_547' title='bbox 930 4592 1303 4661; x_wconf 87' lang='lat' dir='ltr'><strong>persecutione</strong></span> <span class='ocrx_word' id='word_1_548' title='bbox 1333 4605 1428 4661; x_wconf 88' lang='lat' dir='ltr'><strong>pro</strong></span> <span class='ocrx_word' id='word_1_549' title='bbox 1472 4588 1714 4657; x_wconf 70' lang='lat' dir='ltr'><strong>fideica-</strong></span> 
     </span>
    </p>
   </div>
   <div class='ocr_carea' id='block_1_77' title="bbox 1823 3386 2749 3459">
    <p class='ocr_par' dir='ltr' id='par_1_77' title="bbox 1823 3386 2749 3459">
     <span class='ocr_line' id='line_1_77' title="bbox 1823 3386 2749 3459; baseline 0.005 -18"><span class='ocrx_word' id='word_1_550' title='bbox 1823 3386 1926 3443; x_wconf 91' lang='lat' dir='ltr'><strong>hoc</strong></span> <span class='ocrx_word' id='word_1_551' title='bbox 1953 3388 2005 3443; x_wconf 89' lang='lat' dir='ltr'><strong>in</strong></span> <span class='ocrx_word' id='word_1_552' title='bbox 2026 3389 2141 3456; x_wconf 86' lang='lat' dir='ltr'><strong>ejus</strong></span> <span class='ocrx_word' id='word_1_553' title='bbox 2165 3402 2332 3459; x_wconf 90' lang='lat' dir='ltr'><strong>opere</strong></span> <span class='ocrx_word' id='word_1_554' title='bbox 2359 3404 2584 3447; x_wconf 90' lang='lat' dir='ltr'><strong>cernere</strong></span> <span class='ocrx_word' id='word_1_555' title='bbox 2605 3390 2749 3446; x_wconf 90' lang='lat' dir='ltr'><strong>licet.</strong></span> 
     </span>
    </p>
   </div>
   <div class='ocr_carea' id='block_1_78' title="bbox 1894 3479 3414 3559">
    <p class='ocr_par' dir='ltr' id='par_1_78' title="bbox 1894 3479 3414 3559">
     <span class='ocr_line' id='line_1_78' title="bbox 1894 3479 3414 3559; baseline 0.002 -26"><span class='ocrx_word' id='word_1_556' title='bbox 1894 3479 2028 3559; x_wconf 72' lang='lat' dir='ltr'><strong>Vlll.</strong></span> <span class='ocrx_word' id='word_1_557' title='bbox 2057 3481 2316 3548; x_wconf 70' lang='lat' dir='ltr'><strong>Quaerunt</strong></span> <span class='ocrx_word' id='word_1_558' title='bbox 2336 3481 2464 3538; x_wconf 92' lang='lat' dir='ltr'><strong>item</strong></span> <span class='ocrx_word' id='word_1_559' title='bbox 2490 3483 2737 3538; x_wconf 89' lang='lat' dir='ltr'><strong>nonnulli</strong></span> <span class='ocrx_word' id='word_1_560' title='bbox 2766 3497 2874 3554; x_wconf 89' lang='lat' dir='ltr'><strong>quo</strong></span> <span class='ocrx_word' id='word_1_561' title='bbox 2904 3493 3148 3554; x_wconf 91' lang='lat' dir='ltr'><strong>tempore</strong></span> <span class='ocrx_word' id='word_1_562' title='bbox 3175 3481 3257 3537; x_wconf 88' lang='lat' dir='ltr'><strong>vel</strong></span> <span class='ocrx_word' id='word_1_563' title='bbox 3282 3495 3414 3552; x_wconf 86' lang='lat' dir='ltr'><strong>qua-</strong></span> 
     </span>
    </p>
   </div>
   <div class='ocr_carea' id='block_1_79' title="bbox 1823 3573 3505 3642">
    <p class='ocr_par' dir='ltr' id='par_1_79' title="bbox 1823 3573 3505 3642">
     <span class='ocr_line' id='line_1_79' title="bbox 1823 3573 3505 3642; baseline 0.004 -18"><span class='ocrx_word' id='word_1_564' title='bbox 1823 3586 1949 3625; x_wconf 87' lang='lat' dir='ltr'><strong>nam</strong></span> <span class='ocrx_word' id='word_1_565' title='bbox 1998 3573 2051 3625; x_wconf 84' lang='lat' dir='ltr'><strong>in</strong></span> <span class='ocrx_word' id='word_1_566' title='bbox 2083 3574 2300 3642; x_wconf 86' lang='lat' dir='ltr'><strong>regione</strong></span> <span class='ocrx_word' id='word_1_567' title='bbox 2349 3576 2668 3631; x_wconf 90' lang='lat' dir='ltr'><strong>constitutus</strong></span> <span class='ocrx_word' id='word_1_568' title='bbox 2720 3576 2904 3631; x_wconf 89' lang='lat' dir='ltr'><strong>Victor</strong></span> <span class='ocrx_word' id='word_1_569' title='bbox 2946 3577 3085 3632; x_wconf 91' lang='lat' dir='ltr'><strong>hanc</strong></span> <span class='ocrx_word' id='word_1_570' title='bbox 3132 3575 3413 3630; x_wconf 89' lang='lat' dir='ltr'><strong>historiam</strong></span> <span class='ocrx_word' id='word_1_571' title='bbox 3494 3574 3505 3583; x_wconf 87' lang='grc'><em>’</em></span> 
     </span>
    </p>
   </div>
   <div class='ocr_carea' id='block_1_80' title="bbox 1824 3663 3412 3734">
    <p class='ocr_par' dir='ltr' id='par_1_80' title="bbox 1824 3663 3412 3734">
     <span class='ocr_line' id='line_1_80' title="bbox 1824 3663 3412 3734; baseline 0.003 -19"><span class='ocrx_word' id='word_1_572' title='bbox 1824 3663 2239 3732; x_wconf 61' lang='lat' dir='ltr'><strong>conscripserit.</strong></span> <span class='ocrx_word' id='word_1_573' title='bbox 2262 3664 2439 3719; x_wconf 87' lang='lat' dir='ltr'><strong>Priori</strong></span> <span class='ocrx_word' id='word_1_574' title='bbox 2467 3665 2753 3734; x_wconf 68' lang='lat' dir='ltr'><strong>quaestioni</strong></span> <span class='ocrx_word' id='word_1_575' title='bbox 2802 3664 2980 3721; x_wconf 90' lang='lat' dir='ltr'><strong>facere</strong></span> <span class='ocrx_word' id='word_1_576' title='bbox 3022 3666 3154 3721; x_wconf 88' lang='lat' dir='ltr'><strong>satis</strong></span> <span class='ocrx_word' id='word_1_577' title='bbox 3190 3665 3412 3720; x_wconf 79' lang='lat' dir='ltr'><strong>difﬁcile</strong></span> 
     </span>
    </p>
   </div>
   <div class='ocr_carea' id='block_1_81' title="bbox 1823 3752 3419 3825">
    <p class='ocr_par' dir='ltr' id='par_1_81' title="bbox 1823 3752 3419 3825">
     <span class='ocr_line' id='line_1_81' title="bbox 1823 3752 3419 3825; baseline 0 -18"><span class='ocrx_word' id='word_1_578' title='bbox 1823 3765 1930 3807; x_wconf 90' lang='lat' dir='ltr'><strong>non</strong></span> <span class='ocrx_word' id='word_1_579' title='bbox 1961 3760 2062 3820; x_wconf 86' lang='lat' dir='ltr'><strong>est,</strong></span> <span class='ocrx_word' id='word_1_580' title='bbox 2087 3766 2210 3807; x_wconf 91' lang='lat' dir='ltr'><strong>cum</strong></span> <span class='ocrx_word' id='word_1_581' title='bbox 2240 3752 2667 3821; x_wconf 87' lang='lat' dir='ltr'><strong>ipsemetVictor</strong></span> <span class='ocrx_word' id='word_1_582' title='bbox 2693 3768 2753 3811; x_wconf 88' lang='lat' dir='ltr'><strong>se</strong></span> <span class='ocrx_word' id='word_1_583' title='bbox 2773 3769 2936 3822; x_wconf 90' lang='lat' dir='ltr'><strong>anno,</strong></span> <span class='ocrx_word' id='word_1_584' title='bbox 2967 3762 3246 3825; x_wconf 88' lang='lat' dir='ltr'><strong>postquam</strong></span> <span class='ocrx_word' id='word_1_585' title='bbox 3271 3755 3419 3808; x_wconf 58' lang='lat' dir='ltr'><strong>Van.</strong></span> 
     </span>
    </p>
   </div>
   <div class='ocr_carea' id='block_1_82' title="bbox 1823 3845 3414 3919">
    <p class='ocr_par' dir='ltr' id='par_1_82' title="bbox 1823 3845 3414 3919">
     <span class='ocr_line' id='line_1_82' title="bbox 1823 3845 3414 3919; baseline 0.003 -20"><span class='ocrx_word' id='word_1_586' title='bbox 1823 3845 1929 3899; x_wconf 87' lang='lat' dir='ltr'><strong>dali</strong></span> <span class='ocrx_word' id='word_1_587' title='bbox 1949 3845 2001 3900; x_wconf 92' lang='lat' dir='ltr'><strong>in</strong></span> <span class='ocrx_word' id='word_1_588' title='bbox 2026 3846 2259 3902; x_wconf 87' lang='lat' dir='ltr'><strong>Africam</strong></span> <span class='ocrx_word' id='word_1_589' title='bbox 2280 3847 2503 3916; x_wconf 88' lang='lat' dir='ltr'><strong>ingressi</strong></span> <span class='ocrx_word' id='word_1_590' title='bbox 2532 3847 2760 3913; x_wconf 82' lang='lat' dir='ltr'><strong>fuerant,</strong></span> <span class='ocrx_word' id='word_1_591' title='bbox 2775 3849 3110 3918; x_wconf 83' lang='lat' dir='ltr'><strong>sexagesimo</strong></span> <span class='ocrx_word' id='word_1_592' title='bbox 3130 3848 3414 3919; x_wconf 80' lang='lat' dir='ltr'><strong>scripsisse</strong></span> 
     </span>
    </p>
   </div>
   <div class='ocr_carea' id='block_1_83' title="bbox 1824 3939 3412 4010">
    <p class='ocr_par' dir='ltr' id='par_1_83' title="bbox 1824 3939 3412 4010">
     <span class='ocr_line' id='line_1_83' title="bbox 1824 3939 3412 4010; baseline 0 -15"><span class='ocrx_word' id='word_1_593' title='bbox 1824 3946 2070 4006; x_wconf 83' lang='lat' dir='ltr'><strong>testetur,</strong></span> <span class='ocrx_word' id='word_1_594' title='bbox 2096 3939 2188 4009; x_wconf 92' lang='lat' dir='ltr'><strong>qui</strong></span> <span class='ocrx_word' id='word_1_595' title='bbox 2220 3953 2350 3994; x_wconf 90' lang='lat' dir='ltr'><strong>sane</strong></span> <span class='ocrx_word' id='word_1_596' title='bbox 2380 3954 2551 3994; x_wconf 90' lang='lat' dir='ltr'><strong>anuus</strong></span> <span class='ocrx_word' id='word_1_597' title='bbox 2579 3949 2663 3996; x_wconf 88' lang='lat' dir='ltr'><strong>est</strong></span> <span class='ocrx_word' id='word_1_598' title='bbox 2701 3941 2937 4010; x_wconf 88' lang='lat' dir='ltr'><strong>vulgaris</strong></span> <span class='ocrx_word' id='word_1_599' title='bbox 2976 3955 3101 3996; x_wconf 70' lang='lat' dir='ltr'><strong>(erae</strong></span> <span class='ocrx_word' id='word_1_600' title='bbox 3127 3940 3255 4007; x_wconf 66' lang='lat'><strong>487,</strong></span> <span class='ocrx_word' id='word_1_601' title='bbox 3287 3954 3412 3995; x_wconf 89' lang='lat' dir='ltr'><strong>cum</strong></span> 
     </span>
    </p>
   </div>
   <div class='ocr_carea' id='block_1_84' title="bbox 1820 4030 3413 4100">
    <p class='ocr_par' dir='ltr' id='par_1_84' title="bbox 1820 4030 3413 4100">
     <span class='ocr_line' id='line_1_84' title="bbox 1820 4030 3413 4100; baseline 0.002 -15"><span class='ocrx_word' id='word_1_602' title='bbox 1820 4038 2025 4086; x_wconf 91' lang='lat' dir='ltr'><strong>certum</strong></span> <span class='ocrx_word' id='word_1_603' title='bbox 2057 4030 2130 4086; x_wconf 89' lang='lat' dir='ltr'><strong>sit</strong></span> <span class='ocrx_word' id='word_1_604' title='bbox 2158 4030 2427 4087; x_wconf 86' lang='lat' dir='ltr'><strong>Vandalus</strong></span> <span class='ocrx_word' id='word_1_605' title='bbox 2453 4046 2595 4087; x_wconf 90' lang='lat' dir='ltr'><strong>anno</strong></span> <span class='ocrx_word' id='word_1_606' title='bbox 2623 4031 2751 4100; x_wconf 75' lang='grc'><strong>427,</strong></span> <span class='ocrx_word' id='word_1_607' title='bbox 2778 4031 2960 4089; x_wconf 85' lang='lat' dir='ltr'><strong>Hierio</strong></span> <span class='ocrx_word' id='word_1_608' title='bbox 2984 4047 3021 4086; x_wconf 81' lang='grc' dir='ltr'><strong><em>ιι</em></strong></span> <span class='ocrx_word' id='word_1_609' title='bbox 3047 4039 3101 4087; x_wconf 91' lang='lat' dir='ltr'><strong>et</strong></span> <span class='ocrx_word' id='word_1_610' title='bbox 3130 4030 3413 4088; x_wconf 81' lang='lat' dir='ltr'><strong>Ardabure</strong></span> 
     </span>
    </p>
   </div>
   <div class='ocr_carea' id='block_1_85' title="bbox 1818 4124 3411 4197">
    <p class='ocr_par' dir='ltr' id='par_1_85' title="bbox 1818 4124 3411 4197">
     <span class='ocr_line' id='line_1_85' title="bbox 1818 4124 3411 4197; baseline 0.003 -19"><span class='ocrx_word' id='word_1_611' title='bbox 1818 4124 2149 4189; x_wconf 90' lang='lat' dir='ltr'><strong>consulibus,</strong></span> <span class='ocrx_word' id='word_1_612' title='bbox 2174 4126 2228 4180; x_wconf 93' lang='lat' dir='ltr'><strong>iu</strong></span> <span class='ocrx_word' id='word_1_613' title='bbox 2252 4125 2487 4182; x_wconf 88' lang='lat' dir='ltr'><strong>Africam</strong></span> <span class='ocrx_word' id='word_1_614' title='bbox 2519 4141 2583 4184; x_wconf 82' lang='lat' dir='ltr'><strong>ex</strong></span> <span class='ocrx_word' id='word_1_615' title='bbox 2614 4125 2865 4196; x_wconf 82' lang='lat' dir='ltr'><strong>Hispania</strong></span> <span class='ocrx_word' id='word_1_616' title='bbox 2890 4127 3182 4197; x_wconf 89' lang='lat' dir='ltr'><strong>trajecisse.</strong></span> <span class='ocrx_word' id='word_1_617' title='bbox 3210 4126 3411 4183; x_wconf 86' lang='lat' dir='ltr'><strong>Verum</strong></span> 
     </span>
    </p>
   </div>
   <div class='ocr_carea' id='block_1_86' title="bbox 1819 4218 3410 4291">
    <p class='ocr_par' dir='ltr' id='par_1_86' title="bbox 1819 4218 3410 4291">
     <span class='ocr_line' id='line_1_86' title="bbox 1819 4218 3410 4291; baseline 0.002 -18"><span class='ocrx_word' id='word_1_618' title='bbox 1819 4233 1926 4273; x_wconf 90' lang='lat' dir='ltr'><strong>non</strong></span> <span class='ocrx_word' id='word_1_619' title='bbox 1962 4218 2035 4273; x_wconf 89' lang='lat' dir='ltr'><strong>ita</strong></span> <span class='ocrx_word' id='word_1_620' title='bbox 2064 4218 2234 4275; x_wconf 90' lang='lat' dir='ltr'><strong>facilis</strong></span> <span class='ocrx_word' id='word_1_621' title='bbox 2263 4227 2347 4275; x_wconf 88' lang='lat' dir='ltr'><strong>est</strong></span> <span class='ocrx_word' id='word_1_622' title='bbox 2370 4220 2592 4277; x_wconf 88' lang='lat' dir='ltr'><strong>alterius</strong></span> <span class='ocrx_word' id='word_1_623' title='bbox 2622 4221 2935 4291; x_wconf 78' lang='lat' dir='ltr'><strong>quaestionis</strong></span> <span class='ocrx_word' id='word_1_624' title='bbox 2979 4221 3196 4277; x_wconf 91' lang='lat' dir='ltr'><strong>solutio.</strong></span> <span class='ocrx_word' id='word_1_625' title='bbox 3233 4220 3410 4277; x_wconf 84' lang='lat' dir='ltr'><strong>Victo-</strong></span> 
     </span>
    </p>
   </div>
   <div class='ocr_carea' id='block_1_87' title="bbox 1819 4311 3411 4383">
    <p class='ocr_par' dir='ltr' id='par_1_87' title="bbox 1819 4311 3411 4383">
     <span class='ocr_line' id='line_1_87' title="bbox 1819 4311 3411 4383; baseline 0.002 -17"><span class='ocrx_word' id='word_1_626' title='bbox 1819 4326 1933 4367; x_wconf 87' lang='lat' dir='ltr'><strong>rem</strong></span> <span class='ocrx_word' id='word_1_627' title='bbox 1961 4311 2424 4383; x_wconf 88' lang='lat' dir='ltr'><strong>Constantinopoli</strong></span> <span class='ocrx_word' id='word_1_628' title='bbox 2454 4313 2522 4369; x_wconf 91' lang='lat' dir='ltr'><strong>de</strong></span> <span class='ocrx_word' id='word_1_629' title='bbox 2555 4315 2928 4383; x_wconf 89' lang='lat' dir='ltr'><strong>persecutione</strong></span> <span class='ocrx_word' id='word_1_630' title='bbox 2961 4314 3244 4371; x_wconf 79' lang='lat' dir='ltr'><strong>Vandalica</strong></span> <span class='ocrx_word' id='word_1_631' title='bbox 3272 4314 3411 4370; x_wconf 87' lang='lat' dir='ltr'><strong>scri-</strong></span> 
     </span>
    </p>
   </div>
   <div class='ocr_carea' id='block_1_88' title="bbox 1818 4403 3411 4476">
    <p class='ocr_par' dir='ltr' id='par_1_88' title="bbox 1818 4403 3411 4476">
     <span class='ocr_line' id='line_1_88' title="bbox 1818 4403 3411 4476; baseline 0.003 -18"><span class='ocrx_word' id='word_1_632' title='bbox 1818 4404 1992 4474; x_wconf 88' lang='lat' dir='ltr'><strong>psisse</strong></span> <span class='ocrx_word' id='word_1_633' title='bbox 2015 4403 2313 4461; x_wconf 86' lang='lat' dir='ltr'><strong>Cbittletius</strong></span> <span class='ocrx_word' id='word_1_634' title='bbox 2343 4404 2502 4461; x_wconf 88' lang='lat' dir='ltr'><strong>infert</strong></span> <span class='ocrx_word' id='word_1_635' title='bbox 2527 4421 2589 4462; x_wconf 63' lang='lat' dir='ltr'><strong>et</strong></span> <span class='ocrx_word' id='word_1_636' title='bbox 2633 4405 2843 4463; x_wconf 90' lang='lat' dir='ltr'><strong>duobus</strong></span> <span class='ocrx_word' id='word_1_637' title='bbox 2881 4406 3123 4476; x_wconf 86' lang='lat' dir='ltr'><strong>ejusdem</strong></span> <span class='ocrx_word' id='word_1_638' title='bbox 3161 4407 3411 4463; x_wconf 63' lang='lat' dir='ltr'><strong>Historia:</strong></span> 
     </span>
    </p>
   </div>
   <div class='ocr_carea' id='block_1_89' title="bbox 1816 4494 3409 4566">
    <p class='ocr_par' dir='ltr' id='par_1_89' title="bbox 1816 4494 3409 4566">
     <span class='ocr_line' id='line_1_89' title="bbox 1816 4494 3409 4566; baseline 0.003 -17"><span class='ocrx_word' id='word_1_639' title='bbox 1816 4494 1970 4551; x_wconf 88' lang='lat' dir='ltr'><strong>locis.</strong></span> <span class='ocrx_word' id='word_1_640' title='bbox 2020 4495 2230 4552; x_wconf 89' lang='lat' dir='ltr'><strong>Primus</strong></span> <span class='ocrx_word' id='word_1_641' title='bbox 2273 4496 2502 4553; x_wconf 87' lang='lat' dir='ltr'><strong>habetur</strong></span> <span class='ocrx_word' id='word_1_642' title='bbox 2549 4496 2686 4554; x_wconf 91' lang='lat' dir='ltr'><strong>libro</strong></span> <span class='ocrx_word' id='word_1_643' title='bbox 2725 4512 2775 4564; x_wconf 88' lang='lat' dir='ltr'><strong>v,</strong></span> <span class='ocrx_word' id='word_1_644' title='bbox 2831 4508 2979 4553; x_wconf 90' lang='lat' dir='ltr'><strong>num.</strong></span> <span class='ocrx_word' id='word_1_645' title='bbox 3013 4498 3067 4566; x_wconf 87' lang='lat'><strong>7,</strong></span> <span class='ocrx_word' id='word_1_646' title='bbox 3101 4498 3189 4553; x_wconf 91' lang='lat' dir='ltr'><strong>ubi</strong></span> <span class='ocrx_word' id='word_1_647' title='bbox 3225 4497 3409 4553; x_wconf 88' lang='lat' dir='ltr'><strong>Victor</strong></span> 
     </span>
    </p>
   </div>
   <div class='ocr_carea' id='block_1_90' title="bbox 1818 4588 3409 4660">
    <p class='ocr_par' dir='ltr' id='par_1_90' title="bbox 1818 4588 3409 4660">
     <span class='ocr_line' id='line_1_90' title="bbox 1818 4588 3409 4660; baseline 0.001 -17"><span class='ocrx_word' id='word_1_648' title='bbox 1818 4597 1942 4658; x_wconf 89' lang='lat' dir='ltr'><strong>post</strong></span> <span class='ocrx_word' id='word_1_649' title='bbox 1965 4589 2267 4660; x_wconf 90' lang='lat' dir='ltr'><strong>descriptos</strong></span> <span class='ocrx_word' id='word_1_650' title='bbox 2298 4593 2478 4644; x_wconf 87' lang='lat' dir='ltr'><strong>varios</strong></span> <span class='ocrx_word' id='word_1_651' title='bbox 2507 4591 2776 4645; x_wconf 87' lang='lat' dir='ltr'><strong>cruciatus</strong></span> <span class='ocrx_word' id='word_1_652' title='bbox 2804 4591 2997 4660; x_wconf 87' lang='lat' dir='ltr'><strong>quibus</strong></span> <span class='ocrx_word' id='word_1_653' title='bbox 3031 4588 3409 4646; x_wconf 77' lang='lat' dir='ltr'><strong>efﬁciebantur</strong></span> 
     </span>
    </p>
   </div>
   <div class='ocr_carea' id='block_1_91' title="bbox 140 4663 3409 4753">
    <p class='ocr_par' dir='ltr' id='par_1_91' title="bbox 140 4663 3409 4753">
     <span class='ocr_line' id='line_1_91' title="bbox 140 4663 3409 4753; baseline -0 -17"><span class='ocrx_word' id='word_1_654' title='bbox 140 4683 331 4742; x_wconf 72' lang='lat' dir='ltr'><strong>tholicae</strong></span> <span class='ocrx_word' id='word_1_655' title='bbox 361 4684 684 4743; x_wconf 88' lang='lat' dir='ltr'><strong>defensione</strong></span> <span class='ocrx_word' id='word_1_656' title='bbox 700 4663 1075 4745; x_wconf 12' lang='lat' dir='ltr'><strong>idecertarunt,</strong></span> <span class='ocrx_word' id='word_1_657' title='bbox 1110 4682 1456 4738; x_wconf 86' lang='lat' dir='ltr'><strong>annumerari</strong></span> <span class='ocrx_word' id='word_1_658' title='bbox 1499 4681 1698 4738; x_wconf 90' lang='lat' dir='ltr'><strong>debere</strong></span> <span class='ocrx_word' id='word_1_659' title='bbox 1751 4663 2134 4750; x_wconf 65' lang='lat' dir='ltr'><strong>l)orthodoxi,</strong></span> <span class='ocrx_word' id='word_1_660' title='bbox 2163 4684 2278 4738; x_wconf 61' lang='lat' dir='ltr'><strong>haec</strong></span> <span class='ocrx_word' id='word_1_661' title='bbox 2316 4682 2588 4753; x_wconf 72' lang='lat' dir='ltr'><strong>subiungit</strong></span> <span class='ocrx_word' id='word_1_662' title='bbox 2628 4700 2641 4734; x_wconf 92' lang='lat'><strong>:</strong></span> <span class='ocrx_word' id='word_1_663' title='bbox 2688 4683 2795 4737; x_wconf 85' lang='lat' dir='ltr'><strong>Sed</strong></span> <span class='ocrx_word' id='word_1_664' title='bbox 2833 4684 2919 4753; x_wconf 81' lang='lat' dir='ltr'><strong>qui</strong></span> <span class='ocrx_word' id='word_1_665' title='bbox 2971 4682 3066 4736; x_wconf 76' lang='lat' dir='ltr'><strong>hoc</strong></span> <span class='ocrx_word' id='word_1_666' title='bbox 3116 4682 3409 4751; x_wconf 78' lang='lat' dir='ltr'><strong>fabulosum</strong></span> 
     </span>
    </p>
   </div>
   <div class='ocr_carea' id='block_1_92' title="bbox 141 4773 1718 4849">
    <p class='ocr_par' dir='ltr' id='par_1_92' title="bbox 141 4773 1718 4849">
     <span class='ocr_line' id='line_1_92' title="bbox 141 4773 1718 4849; baseline -0.003 -18"><span class='ocrx_word' id='word_1_667' title='bbox 141 4792 299 4849; x_wconf 87' lang='lat' dir='ltr'><strong>nemo,</strong></span> <span class='ocrx_word' id='word_1_668' title='bbox 321 4788 384 4837; x_wconf 91' lang='lat' dir='ltr'><strong>ut</strong></span> <span class='ocrx_word' id='word_1_669' title='bbox 414 4788 571 4849; x_wconf 83' lang='lat' dir='ltr'><strong>puto,</strong></span> <span class='ocrx_word' id='word_1_670' title='bbox 606 4775 948 4832; x_wconf 84' lang='lat' dir='ltr'><strong>inﬁciabitur.</strong></span> <span class='ocrx_word' id='word_1_671' title='bbox 978 4776 1115 4844; x_wconf 90' lang='lat' dir='ltr'><strong>Quin</strong></span> <span class='ocrx_word' id='word_1_672' title='bbox 1155 4783 1210 4830; x_wconf 92' lang='lat' dir='ltr'><strong>et</strong></span> <span class='ocrx_word' id='word_1_673' title='bbox 1250 4775 1302 4829; x_wconf 92' lang='lat' dir='ltr'><strong>in</strong></span> <span class='ocrx_word' id='word_1_674' title='bbox 1331 4773 1600 4830; x_wconf 89' lang='lat' dir='ltr'><strong>veteribus</strong></span> <span class='ocrx_word' id='word_1_675' title='bbox 1628 4786 1718 4827; x_wconf 85' lang='lat' dir='ltr'><strong>co-</strong></span> 
     </span>
    </p>
   </div>
   <div class='ocr_carea' id='block_1_93' title="bbox 141 4865 1718 4940">
    <p class='ocr_par' dir='ltr' id='par_1_93' title="bbox 141 4865 1718 4940">
     <span class='ocr_line' id='line_1_93' title="bbox 141 4865 1718 4940; baseline -0.004 -13"><span class='ocrx_word' id='word_1_676' title='bbox 141 4870 327 4931; x_wconf 90' lang='lat' dir='ltr'><strong>dicibus</strong></span> <span class='ocrx_word' id='word_1_677' title='bbox 367 4889 508 4930; x_wconf 91' lang='lat' dir='ltr'><strong>mss.</strong></span> <span class='ocrx_word' id='word_1_678' title='bbox 540 4881 746 4927; x_wconf 83' lang='lat' dir='ltr'><strong>sanctus</strong></span> <span class='ocrx_word' id='word_1_679' title='bbox 789 4870 963 4924; x_wconf 83' lang='lat' dir='ltr'><strong>Victor</strong></span> <span class='ocrx_word' id='word_1_680' title='bbox 1003 4870 1201 4940; x_wconf 88' lang='lat' dir='ltr'><strong>passim</strong></span> <span class='ocrx_word' id='word_1_681' title='bbox 1242 4867 1559 4937; x_wconf 88' lang='lat' dir='ltr'><strong>appellatur.</strong></span> <span class='ocrx_word' id='word_1_682' title='bbox 1610 4865 1718 4921; x_wconf 88' lang='lat' dir='ltr'><strong>Sed</strong></span> 
     </span>
    </p>
   </div>
   <div class='ocr_carea' id='block_1_94' title="bbox 142 4959 1718 5033">
    <p class='ocr_par' dir='ltr' id='par_1_94' title="bbox 142 4959 1718 5033">
     <span class='ocr_line' id='line_1_94' title="bbox 142 4959 1718 5033; baseline -0.003 -15"><span class='ocrx_word' id='word_1_683' title='bbox 142 4964 241 5022; x_wconf 69' lang='lat' dir='ltr'><strong>haec</strong></span> <span class='ocrx_word' id='word_1_684' title='bbox 264 4979 379 5025; x_wconf 88' lang='lat' dir='ltr'><strong>erat</strong></span> <span class='ocrx_word' id='word_1_685' title='bbox 399 4978 649 5024; x_wconf 88' lang='lat' dir='ltr'><strong>veterum</strong></span> <span class='ocrx_word' id='word_1_686' title='bbox 680 4963 933 5032; x_wconf 89' lang='lat' dir='ltr'><strong>formula,</strong></span> <span class='ocrx_word' id='word_1_687' title='bbox 962 4976 1065 5033; x_wconf 91' lang='lat' dir='ltr'><strong>qua</strong></span> <span class='ocrx_word' id='word_1_688' title='bbox 1094 4962 1180 5017; x_wconf 90' lang='lat' dir='ltr'><strong>hic</strong></span> <span class='ocrx_word' id='word_1_689' title='bbox 1209 4960 1393 5015; x_wconf 91' lang='lat' dir='ltr'><strong>titulus</strong></span> <span class='ocrx_word' id='word_1_690' title='bbox 1414 4959 1718 5016; x_wconf 86' lang='lat' dir='ltr'><strong>auctoribus</strong></span> 
     </span>
    </p>
   </div>
   <div class='ocr_carea' id='block_1_95' title="bbox 140 5051 1719 5128">
    <p class='ocr_par' dir='ltr' id='par_1_95' title="bbox 140 5051 1719 5128">
     <span class='ocr_line' id='line_1_95' title="bbox 140 5051 1719 5128; baseline -0.006 -13"><span class='ocrx_word' id='word_1_691' title='bbox 140 5061 531 5128; x_wconf 86' lang='lat' dir='ltr'><strong>ecclesiasticis,</strong></span> <span class='ocrx_word' id='word_1_692' title='bbox 561 5058 794 5114; x_wconf 79' lang='lat' dir='ltr'><strong>maxime</strong></span> <span class='ocrx_word' id='word_1_693' title='bbox 821 5055 1108 5127; x_wconf 87' lang='lat' dir='ltr'><strong>episcopis,</strong></span> <span class='ocrx_word' id='word_1_694' title='bbox 1155 5053 1503 5110; x_wconf 89' lang='lat' dir='ltr'><strong>tribuebatur.</strong></span> <span class='ocrx_word' id='word_1_695' title='bbox 1553 5051 1719 5122; x_wconf 82' lang='lat' dir='ltr'><strong>Magis</strong></span> 
     </span>
    </p>
   </div>
   <div class='ocr_carea' id='block_1_96' title="bbox 143 5135 1720 5226">
    <p class='ocr_par' dir='ltr' id='par_1_96' title="bbox 143 5135 1720 5226">
     <span class='ocr_line' id='line_1_96' title="bbox 143 5135 1720 5226; baseline -0.005 -21"><span class='ocrx_word' id='word_1_696' title='bbox 143 5152 197 5205; x_wconf 84' lang='lat' dir='ltr'><strong>ad</strong></span> <span class='ocrx_word' id='word_1_697' title='bbox 223 5169 330 5209; x_wconf 88' lang='lat' dir='ltr'><strong>rem</strong></span> <span class='ocrx_word' id='word_1_698' title='bbox 359 5153 603 5226; x_wconf 88' lang='lat' dir='ltr'><strong>pertinet</strong></span> <span class='ocrx_word' id='word_1_699' title='bbox 630 5149 770 5222; x_wconf 91' lang='lat' dir='ltr'><strong>quod</strong></span> <span class='ocrx_word' id='word_1_700' title='bbox 798 5165 858 5205; x_wconf 87' lang='lat' dir='ltr'><strong>ea</strong></span> <span class='ocrx_word' id='word_1_701' title='bbox 887 5148 954 5205; x_wconf 91' lang='lat' dir='ltr'><strong>de</strong></span> <span class='ocrx_word' id='word_1_702' title='bbox 984 5150 1041 5204; x_wconf 85' lang='lat' dir='ltr'><strong>re</strong></span> <span class='ocrx_word' id='word_1_703' title='bbox 1080 5148 1132 5202; x_wconf 91' lang='lat' dir='ltr'><strong>in</strong></span> <span class='ocrx_word' id='word_1_704' title='bbox 1164 5145 1423 5201; x_wconf 83' lang='lat' dir='ltr'><strong>hodierno</strong></span> <span class='ocrx_word' id='word_1_705' title='bbox 1458 5135 1720 5216; x_wconf 80' lang='lat' dir='ltr'><strong>Martyro-</strong></span> 
     </span>
    </p>
   </div>
   <div class='ocr_carea' id='block_1_97' title="bbox 143 5236 1716 5314">
    <p class='ocr_par' dir='ltr' id='par_1_97' title="bbox 143 5236 1716 5314">
     <span class='ocr_line' id='line_1_97' title="bbox 143 5236 1716 5314; baseline -0.004 -17"><span class='ocrx_word' id='word_1_706' title='bbox 143 5241 266 5314; x_wconf 80' lang='lat' dir='ltr'><strong>logie</strong></span> <span class='ocrx_word' id='word_1_707' title='bbox 310 5245 567 5302; x_wconf 82' lang='lat' dir='ltr'><strong>Romano</strong></span> <span class='ocrx_word' id='word_1_708' title='bbox 605 5243 822 5314; x_wconf 86' lang='lat' dir='ltr'><strong>legitur,</strong></span> <span class='ocrx_word' id='word_1_709' title='bbox 862 5242 950 5298; x_wconf 90' lang='lat' dir='ltr'><strong>ubi</strong></span> <span class='ocrx_word' id='word_1_710' title='bbox 993 5240 1079 5296; x_wconf 92' lang='lat' dir='ltr'><strong>die</strong></span> <span class='ocrx_word' id='word_1_711' title='bbox 1126 5239 1197 5294; x_wconf 74' lang='lat'><strong>25</strong></span> <span class='ocrx_word' id='word_1_712' title='bbox 1246 5238 1447 5294; x_wconf 90' lang='lat' dir='ltr'><strong>mensis</strong></span> <span class='ocrx_word' id='word_1_713' title='bbox 1494 5236 1716 5307; x_wconf 85' lang='lat' dir='ltr'><strong>Augusti</strong></span> 
     </span>
    </p>
   </div>
   <div class='ocr_carea' id='block_1_98' title="bbox 144 5326 1715 5404">
    <p class='ocr_par' dir='ltr' id='par_1_98' title="bbox 144 5326 1715 5404">
     <span class='ocr_line' id='line_1_98' title="bbox 144 5326 1715 5404; baseline -0.005 -13"><span class='ocrx_word' id='word_1_714' title='bbox 144 5332 243 5392; x_wconf 61' lang='lat' dir='ltr'><strong>haec</strong></span> <span class='ocrx_word' id='word_1_715' title='bbox 261 5336 536 5394; x_wconf 88' lang='lat' dir='ltr'><strong>habentur</strong></span> <span class='ocrx_word' id='word_1_716' title='bbox 562 5354 574 5389; x_wconf 89' lang='lat'><strong>:</strong></span> <span class='ocrx_word' id='word_1_717' title='bbox 604 5326 766 5391; x_wconf 77' lang='lat' dir='ltr'><strong>Utica:</strong></span> <span class='ocrx_word' id='word_1_718' title='bbox 786 5334 838 5388; x_wconf 89' lang='lat' dir='ltr'><strong>in</strong></span> <span class='ocrx_word' id='word_1_719' title='bbox 859 5333 1034 5404; x_wconf 77' lang='lat' dir='ltr'><strong>Africa</strong></span> <span class='ocrx_word' id='word_1_720' title='bbox 1057 5332 1188 5387; x_wconf 85' lang='lat' dir='ltr'><strong>beati</strong></span> <span class='ocrx_word' id='word_1_721' title='bbox 1220 5329 1436 5386; x_wconf 81' lang='lat' dir='ltr'><strong>Victoris</strong></span> <span class='ocrx_word' id='word_1_722' title='bbox 1457 5330 1715 5401; x_wconf 80' lang='lat' dir='ltr'><strong>episcopi;</strong></span> 
     </span>
    </p>
   </div>
   <div class='ocr_carea' id='block_1_99' title="bbox 143 5423 1716 5501">
    <p class='ocr_par' dir='ltr' id='par_1_99' title="bbox 143 5423 1716 5501">
     <span class='ocr_line' id='line_1_99' title="bbox 143 5423 1716 5501; baseline -0.003 -19"><span class='ocrx_word' id='word_1_723' title='bbox 143 5440 286 5496; x_wconf 88' lang='lat' dir='ltr'><strong>quem</strong></span> <span class='ocrx_word' id='word_1_724' title='bbox 329 5429 613 5486; x_wconf 90' lang='lat' dir='ltr'><strong>Victorem</strong></span> <span class='ocrx_word' id='word_1_725' title='bbox 652 5426 915 5482; x_wconf 89' lang='lat' dir='ltr'><strong>Barouius</strong></span> <span class='ocrx_word' id='word_1_726' title='bbox 953 5425 1006 5479; x_wconf 92' lang='lat' dir='ltr'><strong>in</strong></span> <span class='ocrx_word' id='word_1_727' title='bbox 1049 5425 1193 5480; x_wconf 90' lang='lat' dir='ltr'><strong>notis</strong></span> <span class='ocrx_word' id='word_1_728' title='bbox 1239 5423 1306 5480; x_wconf 87' lang='lat' dir='ltr'><strong>ad</strong></span> <span class='ocrx_word' id='word_1_729' title='bbox 1351 5424 1492 5480; x_wconf 91' lang='lat' dir='ltr'><strong>hunc</strong></span> <span class='ocrx_word' id='word_1_730' title='bbox 1538 5424 1716 5501; x_wconf 85' lang='lat' dir='ltr'><strong>locum</strong></span> 
     </span>
    </p>
   </div>
   <div class='ocr_carea' id='block_1_100' title="bbox 143 5516 1716 5590">
    <p class='ocr_par' dir='ltr' id='par_1_100' title="bbox 143 5516 1716 5590">
     <span class='ocr_line' id='line_1_100' title="bbox 143 5516 1716 5590; baseline 0.001 -20"><span class='ocrx_word' id='word_1_731' title='bbox 143 5532 309 5577; x_wconf 89' lang='lat' dir='ltr'><strong>monet</strong></span> <span class='ocrx_word' id='word_1_732' title='bbox 330 5537 459 5578; x_wconf 90' lang='lat' dir='ltr'><strong>eum</strong></span> <span class='ocrx_word' id='word_1_733' title='bbox 490 5521 667 5590; x_wconf 89' lang='lat' dir='ltr'><strong>ipsum</strong></span> <span class='ocrx_word' id='word_1_734' title='bbox 708 5533 830 5575; x_wconf 89' lang='lat' dir='ltr'><strong>esse</strong></span> <span class='ocrx_word' id='word_1_735' title='bbox 870 5516 961 5588; x_wconf 89' lang='lat' dir='ltr'><strong>qui</strong></span> <span class='ocrx_word' id='word_1_736' title='bbox 999 5516 1069 5571; x_wconf 91' lang='lat' dir='ltr'><strong>ob</strong></span> <span class='ocrx_word' id='word_1_737' title='bbox 1111 5516 1364 5586; x_wconf 87' lang='lat' dir='ltr'><strong>scriptam</strong></span> <span class='ocrx_word' id='word_1_738' title='bbox 1410 5516 1716 5571; x_wconf 75' lang='lat' dir='ltr'><strong>Vandalicas</strong></span> 
     </span>
    </p>
   </div>
   <div class='ocr_carea' id='block_1_101' title="bbox 148 5608 1714 5680">
    <p class='ocr_par' dir='ltr' id='par_1_101' title="bbox 148 5608 1714 5680">
     <span class='ocr_line' id='line_1_101' title="bbox 148 5608 1714 5680; baseline -0.005 -11"><span class='ocrx_word' id='word_1_739' title='bbox 148 5616 524 5680; x_wconf 78' lang='lat' dir='ltr'><strong>persecutionis</strong></span> <span class='ocrx_word' id='word_1_740' title='bbox 546 5613 825 5670; x_wconf 86' lang='lat' dir='ltr'><strong>historiam</strong></span> <span class='ocrx_word' id='word_1_741' title='bbox 844 5609 1070 5667; x_wconf 89' lang='lat' dir='ltr'><strong>celebris</strong></span> <span class='ocrx_word' id='word_1_742' title='bbox 1097 5615 1197 5664; x_wconf 91' lang='lat' dir='ltr'><strong>est.</strong></span> <span class='ocrx_word' id='word_1_743' title='bbox 1223 5610 1292 5661; x_wconf 90' lang='lat' dir='ltr'><strong>At</strong></span> <span class='ocrx_word' id='word_1_744' title='bbox 1316 5609 1485 5663; x_wconf 88' lang='lat' dir='ltr'><strong>Lucas</strong></span> <span class='ocrx_word' id='word_1_745' title='bbox 1503 5608 1714 5663; x_wconf 82' lang='lat' dir='ltr'><strong>liolste—</strong></span> 
     </span>
    </p>
   </div>
   <div class='ocr_carea' id='block_1_102' title="bbox 147 5698 1712 5773">
    <p class='ocr_par' dir='ltr' id='par_1_102' title="bbox 147 5698 1712 5773">
     <span class='ocr_line' id='line_1_102' title="bbox 147 5698 1712 5773; baseline -0.002 -15"><span class='ocrx_word' id='word_1_746' title='bbox 147 5705 251 5762; x_wconf 78' lang='lat' dir='ltr'><strong>nius</strong></span> <span class='ocrx_word' id='word_1_747' title='bbox 287 5708 343 5763; x_wconf 90' lang='lat' dir='ltr'><strong>in</strong></span> <span class='ocrx_word' id='word_1_748' title='bbox 373 5704 770 5763; x_wconf 88' lang='lat' dir='ltr'><strong>animadversis</strong></span> <span class='ocrx_word' id='word_1_749' title='bbox 808 5702 874 5758; x_wconf 91' lang='lat' dir='ltr'><strong>ad</strong></span> <span class='ocrx_word' id='word_1_750' title='bbox 909 5698 1342 5773; x_wconf 81' lang='lat' dir='ltr'><strong>Martyrologium</strong></span> <span class='ocrx_word' id='word_1_751' title='bbox 1390 5699 1712 5770; x_wconf 80' lang='lat' dir='ltr'><strong>Romanum,</strong></span> 
     </span>
    </p>
   </div>
   <div class='ocr_carea' id='block_1_103' title="bbox 148 5791 1715 5864">
    <p class='ocr_par' dir='ltr' id='par_1_103' title="bbox 148 5791 1715 5864">
     <span class='ocr_line' id='line_1_103' title="bbox 148 5791 1715 5864; baseline -0.004 -8"><span class='ocrx_word' id='word_1_752' title='bbox 148 5796 247 5858; x_wconf 70' lang='lat' dir='ltr'><strong>haec</strong></span> <span class='ocrx_word' id='word_1_753' title='bbox 270 5802 435 5860; x_wconf 86' lang='lat' dir='ltr'><strong>verba</strong></span> <span class='ocrx_word' id='word_1_754' title='bbox 466 5816 499 5857; x_wconf 88' lang='lat' dir='ltr'><strong>a</strong></span> <span class='ocrx_word' id='word_1_755' title='bbox 525 5796 914 5857; x_wconf 89' lang='lat' dir='ltr'><strong>recentioribus</strong></span> <span class='ocrx_word' id='word_1_756' title='bbox 934 5794 1110 5851; x_wconf 90' lang='lat' dir='ltr'><strong>addita</strong></span> <span class='ocrx_word' id='word_1_757' title='bbox 1141 5792 1307 5849; x_wconf 84' lang='lat' dir='ltr'><strong>fuisse</strong></span> <span class='ocrx_word' id='word_1_758' title='bbox 1331 5791 1454 5864; x_wconf 87' lang='lat' dir='ltr'><strong>jure</strong></span> <span class='ocrx_word' id='word_1_759' title='bbox 1481 5806 1715 5863; x_wconf 86' lang='lat' dir='ltr'><strong>conque-</strong></span> 
     </span>
    </p>
   </div>
   <div class='ocr_carea' id='block_1_104' title="bbox 147 5886 1715 5979">
    <p class='ocr_par' dir='ltr' id='par_1_104' title="bbox 147 5886 1715 5979">
     <span class='ocr_line' id='line_1_104' title="bbox 147 5886 1715 5979; baseline -0.006 -26"><span class='ocrx_word' id='word_1_760' title='bbox 147 5896 287 5970; x_wconf 77' lang='lat' dir='ltr'><strong>ritur,</strong></span> <span class='ocrx_word' id='word_1_761' title='bbox 308 5912 435 5979; x_wconf 73' lang='lat' dir='ltr'><strong>qua:</strong></span> <span class='ocrx_word' id='word_1_762' title='bbox 460 5897 635 5973; x_wconf 86' lang='lat' dir='ltr'><strong>reipsa</strong></span> <span class='ocrx_word' id='word_1_763' title='bbox 669 5906 927 5969; x_wconf 86' lang='lat' dir='ltr'><strong>nusquam</strong></span> <span class='ocrx_word' id='word_1_764' title='bbox 958 5890 1012 5949; x_wconf 92' lang='lat' dir='ltr'><strong>in</strong></span> <span class='ocrx_word' id='word_1_765' title='bbox 1045 5888 1278 5969; x_wconf 83' lang='lat' dir='ltr'><strong>antiquis</strong></span> <span class='ocrx_word' id='word_1_766' title='bbox 1317 5886 1590 5949; x_wconf 76' lang='lat' dir='ltr'><strong>codicibus</strong></span> <span class='ocrx_word' id='word_1_767' title='bbox 1630 5902 1715 5959; x_wconf 48' lang='lat' dir='ltr'><strong>res</strong></span> 
     </span>
    </p>
   </div>
   <div class='ocr_carea' id='block_1_105' title="bbox 1819 4772 3410 4846">
    <p class='ocr_par' dir='ltr' id='par_1_105' title="bbox 1819 4772 3410 4846">
     <span class='ocr_line' id='line_1_105' title="bbox 1819 4772 3410 4846; baseline -0.002 -17"><span class='ocrx_word' id='word_1_768' title='bbox 1819 4784 1987 4846; x_wconf 83' lang='lat' dir='ltr'><strong>putat,</strong></span> <span class='ocrx_word' id='word_1_769' title='bbox 2021 4774 2273 4829; x_wconf 86' lang='lat' dir='ltr'><strong>Uranium</strong></span> <span class='ocrx_word' id='word_1_770' title='bbox 2296 4772 2516 4826; x_wconf 82' lang='lat' dir='ltr'><strong>Zenonis</strong></span> <span class='ocrx_word' id='word_1_771' title='bbox 2540 4773 2757 4841; x_wconf 76' lang='lat' dir='ltr'><strong>tegatnm</strong></span> <span class='ocrx_word' id='word_1_772' title='bbox 2783 4773 3080 4843; x_wconf 80' lang='lat' dir='ltr'><strong>interroget,</strong></span> <span class='ocrx_word' id='word_1_773' title='bbox 3105 4780 3210 4827; x_wconf 88' lang='lat' dir='ltr'><strong>etc.</strong></span> <span class='ocrx_word' id='word_1_774' title='bbox 3233 4772 3410 4827; x_wconf 87' lang='lat' dir='ltr'><strong>Locus</strong></span> 
     </span>
    </p>
   </div>
   <div class='ocr_carea' id='block_1_106' title="bbox 1820 4861 3408 4933">
    <p class='ocr_par' dir='ltr' id='par_1_106' title="bbox 1820 4861 3408 4933">
     <span class='ocr_line' id='line_1_106' title="bbox 1820 4861 3408 4933; baseline -0.003 -12"><span class='ocrx_word' id='word_1_775' title='bbox 1820 4868 1957 4921; x_wconf 87' lang='lat' dir='ltr'><strong>alter</strong></span> <span class='ocrx_word' id='word_1_776' title='bbox 1984 4880 2051 4921; x_wconf 83' lang='lat' dir='ltr'><strong>ex</strong></span> <span class='ocrx_word' id='word_1_777' title='bbox 2080 4865 2270 4920; x_wconf 90' lang='lat' dir='ltr'><strong>eodem</strong></span> <span class='ocrx_word' id='word_1_778' title='bbox 2300 4864 2437 4919; x_wconf 89' lang='lat' dir='ltr'><strong>libro</strong></span> <span class='ocrx_word' id='word_1_779' title='bbox 2478 4863 2793 4933; x_wconf 89' lang='lat' dir='ltr'><strong>desumptus</strong></span> <span class='ocrx_word' id='word_1_780' title='bbox 2830 4871 2913 4918; x_wconf 90' lang='lat' dir='ltr'><strong>est</strong></span> <span class='ocrx_word' id='word_1_781' title='bbox 2946 4878 3097 4918; x_wconf 91' lang='lat' dir='ltr'><strong>num.</strong></span> <span class='ocrx_word' id='word_1_782' title='bbox 3137 4864 3190 4928; x_wconf 91' lang='lat'><strong>6,</strong></span> <span class='ocrx_word' id='word_1_783' title='bbox 3221 4862 3311 4918; x_wconf 84' lang='lat' dir='ltr'><strong>ubi</strong></span> <span class='ocrx_word' id='word_1_784' title='bbox 3340 4861 3408 4917; x_wconf 83' lang='lat' dir='ltr'><strong>de</strong></span> 
     </span>
    </p>
   </div>
   <div class='ocr_carea' id='block_1_107' title="bbox 1821 4954 3408 5027">
    <p class='ocr_par' dir='ltr' id='par_1_107' title="bbox 1821 4954 3408 5027">
     <span class='ocr_line' id='line_1_107' title="bbox 1821 4954 3408 5027; baseline -0.001 -15"><span class='ocrx_word' id='word_1_785' title='bbox 1821 4957 2147 5027; x_wconf 80' lang='lat' dir='ltr'><strong>Tipasitanis</strong></span> <span class='ocrx_word' id='word_1_786' title='bbox 2177 4954 2600 5020; x_wconf 88' lang='lat' dir='ltr'><strong>confessoribus,</strong></span> <span class='ocrx_word' id='word_1_787' title='bbox 2630 4956 2720 5026; x_wconf 88' lang='lat' dir='ltr'><strong>qui</strong></span> <span class='ocrx_word' id='word_1_788' title='bbox 2758 4954 2961 5026; x_wconf 85' lang='lat' dir='ltr'><strong>absque</strong></span> <span class='ocrx_word' id='word_1_789' title='bbox 2994 4955 3173 5026; x_wconf 89' lang='lat' dir='ltr'><strong>lingua</strong></span> <span class='ocrx_word' id='word_1_790' title='bbox 3222 4955 3408 5025; x_wconf 88' lang='lat' dir='ltr'><strong>loque-</strong></span> 
     </span>
    </p>
   </div>
   <div class='ocr_carea' id='block_1_108' title="bbox 1823 5047 3407 5120">
    <p class='ocr_par' dir='ltr' id='par_1_108' title="bbox 1823 5047 3407 5120">
     <span class='ocr_line' id='line_1_108' title="bbox 1823 5047 3407 5120; baseline -0.001 -15"><span class='ocrx_word' id='word_1_791' title='bbox 1823 5049 2037 5117; x_wconf 86' lang='lat' dir='ltr'><strong>bantur,</strong></span> <span class='ocrx_word' id='word_1_792' title='bbox 2065 5056 2250 5119; x_wconf 86' lang='lat' dir='ltr'><strong>agens,</strong></span> <span class='ocrx_word' id='word_1_793' title='bbox 2297 5048 2514 5117; x_wconf 71' lang='lat' dir='ltr'><strong>subiicit</strong></span> <span class='ocrx_word' id='word_1_794' title='bbox 2545 5065 2559 5103; x_wconf 90' lang='lat'><strong>:</strong></span> <span class='ocrx_word' id='word_1_795' title='bbox 2608 5048 2670 5104; x_wconf 84' lang='lat' dir='ltr'><strong>Si</strong></span> <span class='ocrx_word' id='word_1_796' title='bbox 2703 5049 2818 5120; x_wconf 80' lang='lat' dir='ltr'><strong>quis</strong></span> <span class='ocrx_word' id='word_1_797' title='bbox 2844 5047 3139 5103; x_wconf 75' lang='lat' dir='ltr'><strong>incredulus</strong></span> <span class='ocrx_word' id='word_1_798' title='bbox 3182 5064 3291 5103; x_wconf 79' lang='lat' dir='ltr'><strong>esse</strong></span> <span class='ocrx_word' id='word_1_799' title='bbox 3321 5065 3407 5103; x_wconf 79' lang='lat' dir='ltr'><strong>vo-</strong></span> 
     </span>
    </p>
   </div>
   <div class='ocr_carea' id='block_1_109' title="bbox 1826 5140 3406 5214">
    <p class='ocr_par' dir='ltr' id='par_1_109' title="bbox 1826 5140 3406 5214">
     <span class='ocr_line' id='line_1_109' title="bbox 1826 5140 3406 5214; baseline -0.001 -16"><span class='ocrx_word' id='word_1_800' title='bbox 1826 5143 2000 5209; x_wconf 78' lang='lat' dir='ltr'><strong>luerit,</strong></span> <span class='ocrx_word' id='word_1_801' title='bbox 2023 5150 2197 5214; x_wconf 70' lang='lat' dir='ltr'><strong>pergat</strong></span> <span class='ocrx_word' id='word_1_802' title='bbox 2222 5157 2357 5195; x_wconf 86' lang='lat' dir='ltr'><strong>nunc</strong></span> <span class='ocrx_word' id='word_1_803' title='bbox 2379 5140 2895 5206; x_wconf 80' lang='lat' dir='ltr'><strong>Constantinopolim,</strong></span> <span class='ocrx_word' id='word_1_804' title='bbox 2924 5150 3031 5197; x_wconf 92' lang='lat' dir='ltr'><strong>etc.</strong></span> <span class='ocrx_word' id='word_1_805' title='bbox 3060 5140 3264 5207; x_wconf 88' lang='lat' dir='ltr'><strong>Quibus</strong></span> <span class='ocrx_word' id='word_1_806' title='bbox 3286 5157 3406 5199; x_wconf 83' lang='lat' dir='ltr'><strong>ver-</strong></span> 
     </span>
    </p>
   </div>
   <div class='ocr_carea' id='block_1_110' title="bbox 1823 5232 3406 5307">
    <p class='ocr_par' dir='ltr' id='par_1_110' title="bbox 1823 5232 3406 5307">
     <span class='ocr_line' id='line_1_110' title="bbox 1823 5232 3406 5307; baseline 0.001 -16"><span class='ocrx_word' id='word_1_807' title='bbox 1823 5236 1924 5302; x_wconf 89' lang='lat' dir='ltr'><strong>bis,</strong></span> <span class='ocrx_word' id='word_1_808' title='bbox 1959 5235 2129 5307; x_wconf 93' lang='lat' dir='ltr'><strong>inquit</strong></span> <span class='ocrx_word' id='word_1_809' title='bbox 2159 5233 2478 5301; x_wconf 83' lang='lat' dir='ltr'><strong>Chiltletius,</strong></span> <span class='ocrx_word' id='word_1_810' title='bbox 2514 5233 2700 5292; x_wconf 89' lang='lat' dir='ltr'><strong>Victor</strong></span> <span class='ocrx_word' id='word_1_811' title='bbox 2729 5232 3192 5303; x_wconf 87' lang='lat' dir='ltr'><strong>Constantinopoli</strong></span> <span class='ocrx_word' id='word_1_812' title='bbox 3240 5249 3406 5305; x_wconf 87' lang='lat' dir='ltr'><strong>agens</strong></span> 
     </span>
    </p>
   </div>
   <div class='ocr_carea' id='block_1_111' title="bbox 1822 5325 3408 5401">
    <p class='ocr_par' dir='ltr' id='par_1_111' title="bbox 1822 5325 3408 5401">
     <span class='ocr_line' id='line_1_111' title="bbox 1822 5325 3408 5401; baseline 0.001 -17"><span class='ocrx_word' id='word_1_813' title='bbox 1822 5338 2117 5401; x_wconf 61' lang='lat' dir='ltr'><strong>praesentes</strong></span> <span class='ocrx_word' id='word_1_814' title='bbox 2145 5328 2373 5385; x_wconf 91' lang='lat' dir='ltr'><strong>lectores</strong></span> <span class='ocrx_word' id='word_1_815' title='bbox 2402 5328 2590 5384; x_wconf 86' lang='lat' dir='ltr'><strong>invitat</strong></span> <span class='ocrx_word' id='word_1_816' title='bbox 2620 5336 2679 5383; x_wconf 93' lang='lat' dir='ltr'><strong>ut</strong></span> <span class='ocrx_word' id='word_1_817' title='bbox 2721 5326 2981 5383; x_wconf 89' lang='lat' dir='ltr'><strong>Uranium</strong></span> <span class='ocrx_word' id='word_1_818' title='bbox 3031 5325 3085 5382; x_wconf 88' lang='lat' dir='ltr'><strong>in</strong></span> <span class='ocrx_word' id='word_1_819' title='bbox 3122 5326 3244 5384; x_wconf 92' lang='lat' dir='ltr'><strong>aula</strong></span> <span class='ocrx_word' id='word_1_820' title='bbox 3285 5344 3408 5385; x_wconf 86' lang='lat' dir='ltr'><strong>ver-</strong></span> 
     </span>
    </p>
   </div>
   <div class='ocr_carea' id='block_1_112' title="bbox 1821 5419 3407 5492">
    <p class='ocr_par' dir='ltr' id='par_1_112' title="bbox 1821 5419 3407 5492">
     <span class='ocr_line' id='line_1_112' title="bbox 1821 5419 3407 5492; baseline -0.001 -14"><span class='ocrx_word' id='word_1_821' title='bbox 1821 5430 2031 5478; x_wconf 89' lang='lat' dir='ltr'><strong>santem</strong></span> <span class='ocrx_word' id='word_1_822' title='bbox 2060 5421 2411 5492; x_wconf 90' lang='lat' dir='ltr'><strong>interrogent,</strong></span> <span class='ocrx_word' id='word_1_823' title='bbox 2440 5421 2691 5477; x_wconf 88' lang='lat' dir='ltr'><strong>absentes</strong></span> <span class='ocrx_word' id='word_1_824' title='bbox 2720 5433 2850 5475; x_wconf 90' lang='lat' dir='ltr'><strong>vero</strong></span> <span class='ocrx_word' id='word_1_825' title='bbox 2898 5419 2953 5474; x_wconf 90' lang='lat' dir='ltr'><strong>in</strong></span> <span class='ocrx_word' id='word_1_826' title='bbox 2995 5420 3182 5477; x_wconf 89' lang='lat' dir='ltr'><strong>urbem</strong></span> <span class='ocrx_word' id='word_1_827' title='bbox 3218 5432 3279 5476; x_wconf 92' lang='lat' dir='ltr'><strong>ut</strong></span> <span class='ocrx_word' id='word_1_828' title='bbox 3315 5435 3407 5478; x_wconf 84' lang='lat' dir='ltr'><strong>ve-</strong></span> 
     </span>
    </p>
   </div>
   <div class='ocr_carea' id='block_1_113' title="bbox 1822 5512 3408 5585">
    <p class='ocr_par' dir='ltr' id='par_1_113' title="bbox 1822 5512 3408 5585">
     <span class='ocr_line' id='line_1_113' title="bbox 1822 5512 3408 5585; baseline -0.002 -14"><span class='ocrx_word' id='word_1_829' title='bbox 1822 5516 1993 5583; x_wconf 89' lang='lat' dir='ltr'><strong>niant,</strong></span> <span class='ocrx_word' id='word_1_830' title='bbox 2023 5523 2188 5571; x_wconf 87' lang='lat' dir='ltr'><strong>totam</strong></span> <span class='ocrx_word' id='word_1_831' title='bbox 2207 5514 2599 5585; x_wconf 89' lang='lat' dir='ltr'><strong>persecutionis</strong></span> <span class='ocrx_word' id='word_1_832' title='bbox 2626 5512 2824 5569; x_wconf 89' lang='lat' dir='ltr'><strong>seriem</strong></span> <span class='ocrx_word' id='word_1_833' title='bbox 2852 5513 3137 5582; x_wconf 89' lang='lat' dir='ltr'><strong>cognituri.</strong></span> <span class='ocrx_word' id='word_1_834' title='bbox 3166 5512 3408 5583; x_wconf 90' lang='lat' dir='ltr'><strong>Hincque</strong></span> 
     </span>
    </p>
   </div>
   <div class='ocr_carea' id='block_1_114' title="bbox 1823 5604 3410 5675">
    <p class='ocr_par' dir='ltr' id='par_1_114' title="bbox 1823 5604 3410 5675">
     <span class='ocr_line' id='line_1_114' title="bbox 1823 5604 3410 5675; baseline -0.001 -12"><span class='ocrx_word' id='word_1_835' title='bbox 1823 5608 1981 5664; x_wconf 90' lang='lat' dir='ltr'><strong>infert</strong></span> <span class='ocrx_word' id='word_1_836' title='bbox 2030 5609 2148 5664; x_wconf 90' lang='lat' dir='ltr'><strong>illos</strong></span> <span class='ocrx_word' id='word_1_837' title='bbox 2197 5607 2463 5662; x_wconf 87' lang='lat' dir='ltr'><strong>antistites</strong></span> <span class='ocrx_word' id='word_1_838' title='bbox 2515 5605 2605 5675; x_wconf 89' lang='lat' dir='ltr'><strong>qui</strong></span> <span class='ocrx_word' id='word_1_839' title='bbox 2638 5605 2705 5659; x_wconf 89' lang='lat' dir='ltr'><strong>ad</strong></span> <span class='ocrx_word' id='word_1_840' title='bbox 2752 5604 2955 5661; x_wconf 89' lang='lat' dir='ltr'><strong>calcem</strong></span> <span class='ocrx_word' id='word_1_841' title='bbox 2994 5604 3212 5662; x_wconf 69' lang='lat' dir='ltr'><strong>Notitiae</strong></span> <span class='ocrx_word' id='word_1_842' title='bbox 3263 5605 3410 5661; x_wconf 82' lang='lat' dir='ltr'><strong>Afri-</strong></span> 
     </span>
    </p>
   </div>
   <div class='ocr_carea' id='block_1_115' title="bbox 1820 5695 3475 5771">
    <p class='ocr_par' dir='ltr' id='par_1_115' title="bbox 1820 5695 3475 5771">
     <span class='ocr_line' id='line_1_115' title="bbox 1820 5695 3475 5771; baseline -0.002 -15"><span class='ocrx_word' id='word_1_843' title='bbox 1820 5716 1990 5768; x_wconf 73' lang='lat' dir='ltr'><strong>canrc,</strong></span> <span class='ocrx_word' id='word_1_844' title='bbox 2028 5701 2107 5753; x_wconf 87' lang='lat' dir='ltr'><strong>hic</strong></span> <span class='ocrx_word' id='word_1_845' title='bbox 2136 5699 2346 5771; x_wconf 78' lang='lat' dir='ltr'><strong>relegati</strong></span> <span class='ocrx_word' id='word_1_846' title='bbox 2400 5698 2671 5763; x_wconf 88' lang='lat' dir='ltr'><strong>dicuntur,</strong></span> <span class='ocrx_word' id='word_1_847' title='bbox 2724 5695 3191 5767; x_wconf 88' lang='lat' dir='ltr'><strong>Constantinopoli</strong></span> <span class='ocrx_word' id='word_1_848' title='bbox 3240 5712 3405 5754; x_wconf 78' lang='lat' dir='ltr'><strong>exsu-</strong></span> <span class='ocrx_word' id='word_1_849' title='bbox 3466 5746 3475 5753; x_wconf 90' lang='lat'><strong>.</strong></span> 
     </span>
    </p>
   </div>
   <div class='ocr_carea' id='block_1_116' title="bbox 1822 5789 3407 5861">
    <p class='ocr_par' dir='ltr' id='par_1_116' title="bbox 1822 5789 3407 5861">
     <span class='ocr_line' id='line_1_116' title="bbox 1822 5789 3407 5861; baseline -0.001 -12"><span class='ocrx_word' id='word_1_850' title='bbox 1822 5792 1981 5850; x_wconf 90' lang='lat' dir='ltr'><strong>lasse.</strong></span> <span class='ocrx_word' id='word_1_851' title='bbox 2011 5792 2117 5849; x_wconf 82' lang='lat' dir='ltr'><strong>Sed</strong></span> <span class='ocrx_word' id='word_1_852' title='bbox 2158 5794 2295 5848; x_wconf 87' lang='lat' dir='ltr'><strong>hanc</strong></span> <span class='ocrx_word' id='word_1_853' title='bbox 2334 5790 2638 5861; x_wconf 89' lang='lat' dir='ltr'><strong>opinionem</strong></span> <span class='ocrx_word' id='word_1_854' title='bbox 2672 5790 2972 5848; x_wconf 88' lang='lat' dir='ltr'><strong>Cotelerius</strong></span> <span class='ocrx_word' id='word_1_855' title='bbox 3000 5799 3146 5847; x_wconf 90' lang='lat' dir='ltr'><strong>tomo</strong></span> <span class='ocrx_word' id='word_1_856' title='bbox 3191 5789 3259 5847; x_wconf 88' lang='grc' dir='ltr'><strong>ΙΙΙ</strong></span> <span class='ocrx_word' id='word_1_857' title='bbox 3297 5790 3407 5847; x_wconf 80' lang='grc' dir='ltr'><strong>Μο-</strong></span> 
     </span>
    </p>
   </div>
   <div class='ocr_carea' id='block_1_117' title="bbox 1759 5883 3407 5957">
    <p class='ocr_par' dir='ltr' id='par_1_117' title="bbox 1759 5883 3407 5957">
     <span class='ocr_line' id='line_1_117' title="bbox 1759 5883 3407 5957; baseline -0.008 -11"><span class='ocrx_word' id='word_1_858' title='bbox 1824 5898 2202 5957; x_wconf 83' lang='lat' dir='ltr'><strong>numcutorum</strong></span> <span class='ocrx_word' id='word_1_859' title='bbox 2231 5886 2487 5947; x_wconf 78' lang='lat' dir='ltr'><strong>Ecclesia:</strong></span> <span class='ocrx_word' id='word_1_860' title='bbox 2514 5886 2739 5956; x_wconf 62' lang='lat' dir='ltr'><strong>Grceca‘,</strong></span> <span class='ocrx_word' id='word_1_861' title='bbox 2774 5886 2827 5941; x_wconf 92' lang='lat' dir='ltr'><strong>in</strong></span> <span class='ocrx_word' id='word_1_862' title='bbox 2849 5885 2992 5941; x_wconf 91' lang='lat' dir='ltr'><strong>notis</strong></span> <span class='ocrx_word' id='word_1_863' title='bbox 3011 5884 3077 5940; x_wconf 89' lang='lat' dir='ltr'><strong>ad</strong></span> <span class='ocrx_word' id='word_1_864' title='bbox 3094 5883 3255 5940; x_wconf 85' lang='lat' dir='ltr'><strong>vitam</strong></span> <span class='ocrx_word' id='word_1_865' title='bbox 3286 5894 3407 5947; x_wconf 66' lang='lat' dir='ltr'><strong>sanq</strong></span> 
     </span>
    </p>
   </div>
  </div>
