  <div class='ocr_page' id='page_1' title='image "/cluster/home/n/w/nwhite01/storage/ocr_20150623/58/hvd.32044015706401/079.png"; bbox 0 0 4086 6328; ppageno 0'>
   <div class='ocr_carea' id='block_1_1' title="bbox 659 356 763 416">
    <p class='ocr_par' dir='ltr' id='par_1_1' title="bbox 659 356 763 416">
     <span class='ocr_line' id='line_1_1' title="bbox 659 356 763 416; baseline 0.01 -1"><span class='ocrx_word' id='word_1_1' title='bbox 659 356 763 416; x_wconf 63' lang='grc' dir='ltr'><strong>ιω</strong></span> 
     </span>
    </p>
   </div>
   <div class='ocr_carea' id='block_1_2' title="bbox 1980 344 2601 404">
    <p class='ocr_par' dir='ltr' id='par_1_2' title="bbox 1980 344 2601 404">
     <span class='ocr_line' id='line_1_2' title="bbox 1980 344 2601 404; baseline 0 0"><span class='ocrx_word' id='word_1_2' title='bbox 1980 345 2234 404; x_wconf 75' lang='lat' dir='ltr'><strong>VICTOR</strong></span> <span class='ocrx_word' id='word_1_3' title='bbox 2269 344 2601 404; x_wconf 61' lang='lat' dir='ltr'><strong>“TENSIS.</strong></span> 
     </span>
    </p>
   </div>
   <div class='ocr_carea' id='block_1_3' title="bbox 3833 355 3918 416">
    <p class='ocr_par' dir='ltr' id='par_1_3' title="bbox 3833 355 3918 416">
     <span class='ocr_line' id='line_1_3' title="bbox 3833 355 3918 416; baseline 0.071 -6"><span class='ocrx_word' id='word_1_4' title='bbox 3833 355 3918 416; x_wconf 74' lang='grc'><strong>148</strong></span> 
     </span>
    </p>
   </div>
   <div class='ocr_carea' id='block_1_4' title="bbox 659 463 3917 542">
    <p class='ocr_par' dir='ltr' id='par_1_4' title="bbox 659 463 3917 542">
     <span class='ocr_line' id='line_1_4' title="bbox 659 463 3917 542; baseline -0.002 -11"><span class='ocrx_word' id='word_1_5' title='bbox 659 474 734 531; x_wconf 83' lang='lat' dir='ltr'><strong>eti</strong></span> <span class='ocrx_word' id='word_1_6' title='bbox 761 472 916 530; x_wconf 65' lang='lat' dir='ltr'><strong>Saba</strong></span> <span class='ocrx_word' id='word_1_7' title='bbox 953 469 1234 542; x_wconf 77' lang='lat' dir='ltr'><strong>improbat,</strong></span> <span class='ocrx_word' id='word_1_8' title='bbox 1268 466 1413 540; x_wconf 85' lang='lat' dir='ltr'><strong>quod</strong></span> <span class='ocrx_word' id='word_1_9' title='bbox 1453 468 1631 523; x_wconf 91' lang='lat' dir='ltr'><strong>minus</strong></span> <span class='ocrx_word' id='word_1_10' title='bbox 1668 474 1815 524; x_wconf 88' lang='lat' dir='ltr'><strong>recte</strong></span> <span class='ocrx_word' id='word_1_11' title='bbox 1858 466 1934 522; x_wconf 88' lang='lat' dir='ltr'><strong>illi</strong></span> <span class='ocrx_word' id='word_1_12' title='bbox 1974 464 2239 520; x_wconf 74' lang='lat' dir='ltr'><strong>antistites</strong></span> <span class='ocrx_word' id='word_1_13' title='bbox 2265 463 2656 536; x_wconf 70' lang='lat' dir='ltr'><strong>Aepiscopum</strong></span> <span class='ocrx_word' id='word_1_14' title='bbox 2681 472 2736 521; x_wconf 90' lang='lat' dir='ltr'><strong>et</strong></span> <span class='ocrx_word' id='word_1_15' title='bbox 2764 463 3105 521; x_wconf 84' lang='lat' dir='ltr'><strong>Rufinianum</strong></span> <span class='ocrx_word' id='word_1_16' title='bbox 3142 464 3385 522; x_wconf 82' lang='lat' dir='ltr'><strong>exsulem</strong></span> <span class='ocrx_word' id='word_1_17' title='bbox 3410 480 3480 521; x_wconf 86' lang='lat' dir='ltr'><strong>ex</strong></span> <span class='ocrx_word' id='word_1_18' title='bbox 3516 464 3698 522; x_wconf 80' lang='lat' dir='ltr'><strong>Africa</strong></span> <span class='ocrx_word' id='word_1_19' title='bbox 3728 468 3917 538; x_wconf 89' lang='lat' dir='ltr'><strong>episco-</strong></span> 
     </span>
    </p>
   </div>
   <div class='ocr_carea' id='block_1_5' title="bbox 658 556 2234 632">
    <p class='ocr_par' dir='ltr' id='par_1_5' title="bbox 658 556 2234 632">
     <span class='ocr_line' id='line_1_5' title="bbox 658 556 2234 632; baseline -0.008 -10"><span class='ocrx_word' id='word_1_20' title='bbox 658 561 1175 632; x_wconf 73' lang='lat' dir='ltr'><strong>ConstantinOpolim</strong></span> <span class='ocrx_word' id='word_1_21' title='bbox 1204 561 1413 630; x_wconf 73' lang='lat' dir='ltr'><strong>relegati</strong></span> <span class='ocrx_word' id='word_1_22' title='bbox 1443 559 1766 615; x_wconf 81' lang='lat' dir='ltr'><strong>dicerentur.</strong></span> <span class='ocrx_word' id='word_1_23' title='bbox 1811 556 2011 625; x_wconf 78' lang='lat' dir='ltr'><strong>Potuit,</strong></span> <span class='ocrx_word' id='word_1_24' title='bbox 2045 556 2234 627; x_wconf 83' lang='lat' dir='ltr'><strong>inquit,</strong></span> 
     </span>
    </p>
   </div>
   <div class='ocr_carea' id='block_1_6' title="bbox 662 649 2241 724">
    <p class='ocr_par' dir='ltr' id='par_1_6' title="bbox 662 649 2241 724">
     <span class='ocr_line' id='line_1_6' title="bbox 662 649 2241 724; baseline -0.007 -10"><span class='ocrx_word' id='word_1_25' title='bbox 662 657 978 720; x_wconf 78' lang='lat' dir='ltr'><strong>Hunerieus,</strong></span> <span class='ocrx_word' id='word_1_26' title='bbox 1003 669 1095 709; x_wconf 76' lang='lat' dir='ltr'><strong>rea:</strong></span> <span class='ocrx_word' id='word_1_27' title='bbox 1127 652 1508 721; x_wconf 83' lang='lat' dir='ltr'><strong>Vandalorum,</strong></span> <span class='ocrx_word' id='word_1_28' title='bbox 1526 652 1792 724; x_wconf 79' lang='lat' dir='ltr'><strong>episcOpos</strong></span> <span class='ocrx_word' id='word_1_29' title='bbox 1815 651 2091 705; x_wconf 79' lang='lat' dir='ltr'><strong>catholicos</strong></span> <span class='ocrx_word' id='word_1_30' title='bbox 2110 649 2241 704; x_wconf 88' lang='lat' dir='ltr'><strong>rele-</strong></span> 
     </span>
    </p>
   </div>
   <div class='ocr_carea' id='block_1_7' title="bbox 654 743 2237 821">
    <p class='ocr_par' dir='ltr' id='par_1_7' title="bbox 654 743 2237 821">
     <span class='ocr_line' id='line_1_7' title="bbox 654 743 2237 821; baseline -0.006 -16"><span class='ocrx_word' id='word_1_31' title='bbox 654 766 781 821; x_wconf 84' lang='lat' dir='ltr'><strong>gare</strong></span> <span class='ocrx_word' id='word_1_32' title='bbox 800 750 854 802; x_wconf 87' lang='lat' dir='ltr'><strong>in</strong></span> <span class='ocrx_word' id='word_1_33' title='bbox 870 746 1015 801; x_wconf 79' lang='lat' dir='ltr'><strong>uaria</strong></span> <span class='ocrx_word' id='word_1_34' title='bbox 1039 744 1157 800; x_wconf 77' lang='lat' dir='ltr'><strong>loca</strong></span> <span class='ocrx_word' id='word_1_35' title='bbox 1183 744 1393 799; x_wconf 77' lang='lat' dir='ltr'><strong>ditionis</strong></span> <span class='ocrx_word' id='word_1_36' title='bbox 1419 761 1545 812; x_wconf 68' lang='lat' dir='ltr'><strong>sua,</strong></span> <span class='ocrx_word' id='word_1_37' title='bbox 1573 743 1737 815; x_wconf 88' lang='lat' dir='ltr'><strong>potuit</strong></span> <span class='ocrx_word' id='word_1_38' title='bbox 1771 759 1798 797; x_wconf 89' lang='lat' dir='ltr'><strong>e</strong></span> <span class='ocrx_word' id='word_1_39' title='bbox 1830 758 1987 814; x_wconf 86' lang='lat' dir='ltr'><strong>regno</strong></span> <span class='ocrx_word' id='word_1_40' title='bbox 2015 757 2108 797; x_wconf 87' lang='lat' dir='ltr'><strong>suo</strong></span> <span class='ocrx_word' id='word_1_41' title='bbox 2144 756 2237 796; x_wconf 80' lang='lat' dir='ltr'><strong>ea:-</strong></span> 
     </span>
    </p>
   </div>
   <div class='ocr_carea' id='block_1_8' title="bbox 657 835 2243 914">
    <p class='ocr_par' dir='ltr' id='par_1_8' title="bbox 657 835 2243 914">
     <span class='ocr_line' id='line_1_8' title="bbox 657 835 2243 914; baseline -0.004 -17"><span class='ocrx_word' id='word_1_42' title='bbox 657 843 863 914; x_wconf 82' lang='lat' dir='ltr'><strong>pellere,</strong></span> <span class='ocrx_word' id='word_1_43' title='bbox 895 840 1062 913; x_wconf 88' lang='lat' dir='ltr'><strong>potuit</strong></span> <span class='ocrx_word' id='word_1_44' title='bbox 1092 837 1590 909; x_wconf 63' lang='lat' dir='ltr'><strong>Constantinopoﬁm</strong></span> <span class='ocrx_word' id='word_1_45' title='bbox 1618 837 1839 902; x_wconf 77' lang='lat' dir='ltr'><strong>mittere,</strong></span> <span class='ocrx_word' id='word_1_46' title='bbox 1862 835 1951 891; x_wconf 88' lang='lat' dir='ltr'><strong>sed</strong></span> <span class='ocrx_word' id='word_1_47' title='bbox 1985 835 2243 907; x_wconf 77' lang='lat' dir='ltr'><strong>ejusmodi</strong></span> 
     </span>
    </p>
   </div>
   <div class='ocr_carea' id='block_1_9' title="bbox 656 928 2242 1006">
    <p class='ocr_par' dir='ltr' id='par_1_9' title="bbox 656 928 2242 1006">
     <span class='ocr_line' id='line_1_9' title="bbox 656 928 2242 1006; baseline -0.003 -16"><span class='ocrx_word' id='word_1_48' title='bbox 656 936 832 991; x_wconf 85' lang='lat' dir='ltr'><strong>missio</strong></span> <span class='ocrx_word' id='word_1_49' title='bbox 859 948 1180 1006; x_wconf 75' lang='lat' dir='ltr'><strong>nequaquam</strong></span> <span class='ocrx_word' id='word_1_50' title='bbox 1205 932 1448 1005; x_wconf 90' lang='lat' dir='ltr'><strong>relegatio</strong></span> <span class='ocrx_word' id='word_1_51' title='bbox 1484 931 1734 987; x_wconf 86' lang='lat' dir='ltr'><strong>censenda</strong></span> <span class='ocrx_word' id='word_1_52' title='bbox 1766 938 1860 985; x_wconf 87' lang='lat' dir='ltr'><strong>est.</strong></span> <span class='ocrx_word' id='word_1_53' title='bbox 1890 928 2041 986; x_wconf 88' lang='lat' dir='ltr'><strong>Unde</strong></span> <span class='ocrx_word' id='word_1_54' title='bbox 2080 928 2242 985; x_wconf 79' lang='lat' dir='ltr'><strong>infert</strong></span> 
     </span>
    </p>
   </div>
   <div class='ocr_carea' id='block_1_10' title="bbox 657 1020 2240 1095">
    <p class='ocr_par' dir='ltr' id='par_1_10' title="bbox 657 1020 2240 1095">
     <span class='ocr_line' id='line_1_10' title="bbox 657 1020 2240 1095; baseline -0.005 -12"><span class='ocrx_word' id='word_1_55' title='bbox 657 1028 741 1083; x_wconf 86' lang='lat' dir='ltr'><strong>vir</strong></span> <span class='ocrx_word' id='word_1_56' title='bbox 791 1026 1034 1083; x_wconf 88' lang='lat' dir='ltr'><strong>eruditus</strong></span> <span class='ocrx_word' id='word_1_57' title='bbox 1092 1023 1421 1095; x_wconf 84' lang='lat' dir='ltr'><strong>probabilius</strong></span> <span class='ocrx_word' id='word_1_58' title='bbox 1468 1037 1589 1080; x_wconf 87' lang='lat' dir='ltr'><strong>esse</strong></span> <span class='ocrx_word' id='word_1_59' title='bbox 1656 1022 1928 1079; x_wconf 78' lang='lat' dir='ltr'><strong>Victorem</strong></span> <span class='ocrx_word' id='word_1_60' title='bbox 1973 1022 2029 1078; x_wconf 90' lang='lat' dir='ltr'><strong>in</strong></span> <span class='ocrx_word' id='word_1_61' title='bbox 2068 1020 2240 1078; x_wconf 82' lang='lat' dir='ltr'><strong>veteri</strong></span> 
     </span>
    </p>
   </div>
   <div class='ocr_carea' id='block_1_11' title="bbox 659 1116 2239 1193">
    <p class='ocr_par' dir='ltr' id='par_1_11' title="bbox 659 1116 2239 1193">
     <span class='ocr_line' id='line_1_11' title="bbox 659 1116 2239 1193; baseline -0.004 -16"><span class='ocrx_word' id='word_1_62' title='bbox 659 1122 846 1193; x_wconf 84' lang='lat' dir='ltr'><strong>Epiro,</strong></span> <span class='ocrx_word' id='word_1_63' title='bbox 876 1135 996 1191; x_wconf 66' lang='lat' dir='ltr'><strong>quas</strong></span> <span class='ocrx_word' id='word_1_64' title='bbox 1024 1119 1174 1189; x_wconf 86' lang='lat' dir='ltr'><strong>regio</strong></span> <span class='ocrx_word' id='word_1_65' title='bbox 1192 1116 1444 1174; x_wconf 85' lang='lat' dir='ltr'><strong>Vandalis</strong></span> <span class='ocrx_word' id='word_1_66' title='bbox 1466 1117 1706 1187; x_wconf 87' lang='lat' dir='ltr'><strong>subjecta</strong></span> <span class='ocrx_word' id='word_1_67' title='bbox 1735 1125 1871 1185; x_wconf 88' lang='lat' dir='ltr'><strong>erat,</strong></span> <span class='ocrx_word' id='word_1_68' title='bbox 1902 1117 2239 1173; x_wconf 81' lang='lat' dir='ltr'><strong>exsulantem</strong></span> 
     </span>
    </p>
   </div>
   <div class='ocr_carea' id='block_1_12' title="bbox 659 1212 2237 1285">
    <p class='ocr_par' dir='ltr' id='par_1_12' title="bbox 659 1212 2237 1285">
     <span class='ocr_line' id='line_1_12' title="bbox 659 1212 2237 1285; baseline -0.003 -14"><span class='ocrx_word' id='word_1_69' title='bbox 659 1215 1047 1285; x_wconf 89' lang='lat' dir='ltr'><strong>conscripsisse</strong></span> <span class='ocrx_word' id='word_1_70' title='bbox 1074 1212 1349 1268; x_wconf 82' lang='lat' dir='ltr'><strong>historiam</strong></span> <span class='ocrx_word' id='word_1_71' title='bbox 1378 1227 1550 1280; x_wconf 90' lang='lat' dir='ltr'><strong>suam,</strong></span> <span class='ocrx_word' id='word_1_72' title='bbox 1581 1227 1701 1282; x_wconf 68' lang='lat' dir='ltr'><strong>quae</strong></span> <span class='ocrx_word' id='word_1_73' title='bbox 1728 1212 1889 1268; x_wconf 88' lang='lat' dir='ltr'><strong>etiam</strong></span> <span class='ocrx_word' id='word_1_74' title='bbox 1947 1212 2107 1267; x_wconf 89' lang='lat' dir='ltr'><strong>fuerit</strong></span> <span class='ocrx_word' id='word_1_75' title='bbox 2147 1225 2237 1267; x_wconf 86' lang='lat' dir='ltr'><strong>oc-</strong></span> 
     </span>
    </p>
   </div>
   <div class='ocr_carea' id='block_1_13' title="bbox 658 1303 2242 1377">
    <p class='ocr_par' dir='ltr' id='par_1_13' title="bbox 658 1303 2242 1377">
     <span class='ocr_line' id='line_1_13' title="bbox 658 1303 2242 1377; baseline -0.002 -14"><span class='ocrx_word' id='word_1_76' title='bbox 658 1307 804 1365; x_wconf 82' lang='lat' dir='ltr'><strong>casio</strong></span> <span class='ocrx_word' id='word_1_77' title='bbox 829 1322 964 1377; x_wconf 88' lang='lat' dir='ltr'><strong>opus</strong></span> <span class='ocrx_word' id='word_1_78' title='bbox 991 1320 1145 1362; x_wconf 92' lang='lat' dir='ltr'><strong>suum</strong></span> <span class='ocrx_word' id='word_1_79' title='bbox 1172 1304 1513 1375; x_wconf 88' lang='lat' dir='ltr'><strong>nuneupandi</strong></span> <span class='ocrx_word' id='word_1_80' title='bbox 1546 1305 1841 1373; x_wconf 89' lang='lat' dir='ltr'><strong>Diadocho,</strong></span> <span class='ocrx_word' id='word_1_81' title='bbox 1869 1304 1961 1375; x_wconf 88' lang='lat' dir='ltr'><strong>qui</strong></span> <span class='ocrx_word' id='word_1_82' title='bbox 1978 1304 2031 1359; x_wconf 92' lang='lat' dir='ltr'><strong>in</strong></span> <span class='ocrx_word' id='word_1_83' title='bbox 2052 1303 2242 1360; x_wconf 88' lang='lat' dir='ltr'><strong>eadem</strong></span> 
     </span>
    </p>
   </div>
   <div class='ocr_carea' id='block_1_14' title="bbox 660 1395 2243 1472">
    <p class='ocr_par' dir='ltr' id='par_1_14' title="bbox 660 1395 2243 1472">
     <span class='ocr_line' id='line_1_14' title="bbox 660 1395 2243 1472; baseline -0.003 -16"><span class='ocrx_word' id='word_1_84' title='bbox 660 1400 931 1472; x_wconf 80' lang='lat' dir='ltr'><strong>provincia</strong></span> <span class='ocrx_word' id='word_1_85' title='bbox 963 1400 1251 1469; x_wconf 91' lang='lat' dir='ltr'><strong>episcopus</strong></span> <span class='ocrx_word' id='word_1_86' title='bbox 1286 1397 1452 1453; x_wconf 88' lang='lat' dir='ltr'><strong>fuisse</strong></span> <span class='ocrx_word' id='word_1_87' title='bbox 1478 1396 1695 1452; x_wconf 90' lang='lat' dir='ltr'><strong>dicitur.</strong></span> <span class='ocrx_word' id='word_1_88' title='bbox 1741 1396 1941 1452; x_wconf 91' lang='lat' dir='ltr'><strong>Verum</strong></span> <span class='ocrx_word' id='word_1_89' title='bbox 1975 1397 2021 1451; x_wconf 93' lang='lat' dir='ltr'><strong>si</strong></span> <span class='ocrx_word' id='word_1_90' title='bbox 2060 1395 2243 1465; x_wconf 87' lang='lat' dir='ltr'><strong>conje-</strong></span> 
     </span>
    </p>
   </div>
   <div class='ocr_carea' id='block_1_15' title="bbox 659 1489 2241 1560">
    <p class='ocr_par' dir='ltr' id='par_1_15' title="bbox 659 1489 2241 1560">
     <span class='ocr_line' id='line_1_15' title="bbox 659 1489 2241 1560; baseline -0.003 -11"><span class='ocrx_word' id='word_1_91' title='bbox 659 1494 830 1550; x_wconf 88' lang='lat' dir='ltr'><strong>cturis</strong></span> <span class='ocrx_word' id='word_1_92' title='bbox 857 1493 937 1549; x_wconf 86' lang='lat' dir='ltr'><strong>uti</strong></span> <span class='ocrx_word' id='word_1_93' title='bbox 985 1493 1132 1560; x_wconf 87' lang='lat' dir='ltr'><strong>licet,</strong></span> <span class='ocrx_word' id='word_1_94' title='bbox 1165 1491 1297 1547; x_wconf 87' lang='lat' dir='ltr'><strong>mihi</strong></span> <span class='ocrx_word' id='word_1_95' title='bbox 1331 1490 1679 1547; x_wconf 80' lang='lat' dir='ltr'><strong>verisimilius</strong></span> <span class='ocrx_word' id='word_1_96' title='bbox 1721 1489 1934 1545; x_wconf 86' lang='lat' dir='ltr'><strong>videtur</strong></span> <span class='ocrx_word' id='word_1_97' title='bbox 1976 1489 2241 1545; x_wconf 87' lang='lat' dir='ltr'><strong>Victorem</strong></span> 
     </span>
    </p>
   </div>
   <div class='ocr_carea' id='block_1_16' title="bbox 661 1582 2244 1653">
    <p class='ocr_par' dir='ltr' id='par_1_16' title="bbox 661 1582 2244 1653">
     <span class='ocr_line' id='line_1_16' title="bbox 661 1582 2244 1653; baseline -0.003 -12"><span class='ocrx_word' id='word_1_98' title='bbox 661 1587 718 1642; x_wconf 88' lang='lat' dir='ltr'><strong>in</strong></span> <span class='ocrx_word' id='word_1_99' title='bbox 767 1585 949 1641; x_wconf 86' lang='lat' dir='ltr'><strong>Africa</strong></span> <span class='ocrx_word' id='word_1_100' title='bbox 990 1583 1271 1640; x_wconf 79' lang='lat' dir='ltr'><strong>historiam</strong></span> <span class='ocrx_word' id='word_1_101' title='bbox 1316 1598 1467 1638; x_wconf 87' lang='lat' dir='ltr'><strong>suam</strong></span> <span class='ocrx_word' id='word_1_102' title='bbox 1510 1597 1786 1639; x_wconf 82' lang='lat' dir='ltr'><strong>exarasse.</strong></span> <span class='ocrx_word' id='word_1_103' title='bbox 1839 1582 1999 1638; x_wconf 80' lang='lat' dir='ltr'><strong>Multa</strong></span> <span class='ocrx_word' id='word_1_104' title='bbox 2048 1582 2244 1653; x_wconf 81' lang='lat' dir='ltr'><strong>quippe</strong></span> 
     </span>
    </p>
   </div>
   <div class='ocr_carea' id='block_1_17' title="bbox 662 1674 2245 1747">
    <p class='ocr_par' dir='ltr' id='par_1_17' title="bbox 662 1674 2245 1747">
     <span class='ocr_line' id='line_1_17' title="bbox 662 1674 2245 1747; baseline 0.001 -16"><span class='ocrx_word' id='word_1_105' title='bbox 662 1677 823 1733; x_wconf 85' lang='lat' dir='ltr'><strong>habet</strong></span> <span class='ocrx_word' id='word_1_106' title='bbox 857 1676 1055 1747; x_wconf 87' lang='lat' dir='ltr'><strong>passim</strong></span> <span class='ocrx_word' id='word_1_107' title='bbox 1077 1674 1270 1746; x_wconf 83' lang='lat' dir='ltr'><strong>quibus</strong></span> <span class='ocrx_word' id='word_1_108' title='bbox 1307 1674 1480 1731; x_wconf 88' lang='lat' dir='ltr'><strong>innuit</strong></span> <span class='ocrx_word' id='word_1_109' title='bbox 1506 1688 1568 1731; x_wconf 88' lang='lat' dir='ltr'><strong>se</strong></span> <span class='ocrx_word' id='word_1_110' title='bbox 1614 1675 1668 1730; x_wconf 91' lang='lat' dir='ltr'><strong>in</strong></span> <span class='ocrx_word' id='word_1_111' title='bbox 1706 1675 1907 1730; x_wconf 84' lang='lat' dir='ltr'><strong>exteris</strong></span> <span class='ocrx_word' id='word_1_112' title='bbox 1936 1674 2245 1745; x_wconf 81' lang='lat' dir='ltr'><strong>regionibus</strong></span> 
     </span>
    </p>
   </div>
   <div class='ocr_carea' id='block_1_18' title="bbox 662 1767 2243 1836">
    <p class='ocr_par' dir='ltr' id='par_1_18' title="bbox 662 1767 2243 1836">
     <span class='ocr_line' id='line_1_18' title="bbox 662 1767 2243 1836; baseline -0.004 -10"><span class='ocrx_word' id='word_1_113' title='bbox 662 1786 769 1827; x_wconf 91' lang='lat' dir='ltr'><strong>non</strong></span> <span class='ocrx_word' id='word_1_114' title='bbox 796 1781 1070 1827; x_wconf 86' lang='lat' dir='ltr'><strong>versatum</strong></span> <span class='ocrx_word' id='word_1_115' title='bbox 1100 1771 1266 1825; x_wconf 73' lang='lat' dir='ltr'><strong>luisse</strong></span> <span class='ocrx_word' id='word_1_116' title='bbox 1283 1784 1404 1825; x_wconf 88' lang='lat' dir='ltr'><strong>cum</strong></span> <span class='ocrx_word' id='word_1_117' title='bbox 1426 1769 1565 1825; x_wconf 89' lang='lat' dir='ltr'><strong>hanc</strong></span> <span class='ocrx_word' id='word_1_118' title='bbox 1587 1769 1871 1824; x_wconf 89' lang='lat' dir='ltr'><strong>scriberet.</strong></span> <span class='ocrx_word' id='word_1_119' title='bbox 1884 1768 1983 1836; x_wconf 85' lang='lat' dir='ltr'><strong>Qui</strong></span> <span class='ocrx_word' id='word_1_120' title='bbox 2006 1782 2137 1824; x_wconf 88' lang='lat' dir='ltr'><strong>vero</strong></span> <span class='ocrx_word' id='word_1_121' title='bbox 2157 1767 2243 1821; x_wconf 79' lang='lat' dir='ltr'><strong>hic</strong></span> 
     </span>
    </p>
   </div>
   <div class='ocr_carea' id='block_1_19' title="bbox 2346 558 3918 630">
    <p class='ocr_par' dir='ltr' id='par_1_19' title="bbox 2346 558 3918 630">
     <span class='ocr_line' id='line_1_19' title="bbox 2346 558 3918 630; baseline 0.004 -18"><span class='ocrx_word' id='word_1_122' title='bbox 2346 574 2469 626; x_wconf 90' lang='lat' dir='ltr'><strong>pum</strong></span> <span class='ocrx_word' id='word_1_123' title='bbox 2498 560 2669 627; x_wconf 89' lang='lat' dir='ltr'><strong>ipsum</strong></span> <span class='ocrx_word' id='word_1_124' title='bbox 2701 573 2730 613; x_wconf 90' lang='lat' dir='ltr'><strong>a</strong></span> <span class='ocrx_word' id='word_1_125' title='bbox 2759 558 3031 628; x_wconf 88' lang='lat' dir='ltr'><strong>proposito</strong></span> <span class='ocrx_word' id='word_1_126' title='bbox 3056 572 3371 625; x_wconf 82' lang='lat' dir='ltr'><strong>revocasse;</strong></span> <span class='ocrx_word' id='word_1_127' title='bbox 3410 559 3551 630; x_wconf 86' lang='lat' dir='ltr'><strong>quod</strong></span> <span class='ocrx_word' id='word_1_128' title='bbox 3584 560 3796 616; x_wconf 85' lang='lat' dir='ltr'><strong>scilicet</strong></span> <span class='ocrx_word' id='word_1_129' title='bbox 3822 577 3918 619; x_wconf 88' lang='lat' dir='ltr'><strong>mo-</strong></span> 
     </span>
    </p>
   </div>
   <div class='ocr_carea' id='block_1_20' title="bbox 2345 651 3920 725">
    <p class='ocr_par' dir='ltr' id='par_1_20' title="bbox 2345 651 3920 725">
     <span class='ocr_line' id='line_1_20' title="bbox 2345 651 3920 725; baseline 0.002 -18"><span class='ocrx_word' id='word_1_130' title='bbox 2345 651 2547 707; x_wconf 86' lang='lat' dir='ltr'><strong>nachos</strong></span> <span class='ocrx_word' id='word_1_131' title='bbox 2576 651 2647 708; x_wconf 92' lang='lat' dir='ltr'><strong>ibi</strong></span> <span class='ocrx_word' id='word_1_132' title='bbox 2678 651 2932 720; x_wconf 79' lang='lat' dir='ltr'><strong>degentes</strong></span> <span class='ocrx_word' id='word_1_133' title='bbox 2960 669 2993 706; x_wconf 90' lang='lat' dir='ltr'><strong>a</strong></span> <span class='ocrx_word' id='word_1_134' title='bbox 3020 652 3376 708; x_wconf 82' lang='lat' dir='ltr'><strong>communione</strong></span> <span class='ocrx_word' id='word_1_135' title='bbox 3404 651 3537 707; x_wconf 81' lang='lat' dir='ltr'><strong>beati</strong></span> <span class='ocrx_word' id='word_1_136' title='bbox 3569 652 3711 709; x_wconf 84' lang='lat' dir='ltr'><strong>Petri</strong></span> <span class='ocrx_word' id='word_1_137' title='bbox 3737 656 3920 725; x_wconf 75' lang='lat' dir='ltr'><strong>perﬁda</strong></span> 
     </span>
    </p>
   </div>
   <div class='ocr_carea' id='block_1_21' title="bbox 2345 746 3920 818">
    <p class='ocr_par' dir='ltr' id='par_1_21' title="bbox 2345 746 3920 818">
     <span class='ocr_line' id='line_1_21' title="bbox 2345 746 3920 818; baseline 0.003 -17"><span class='ocrx_word' id='word_1_138' title='bbox 2345 747 2590 801; x_wconf 74' lang='lat' dir='ltr'><strong>dissensio</strong></span> <span class='ocrx_word' id='word_1_139' title='bbox 2628 756 2908 818; x_wconf 80' lang='lat' dir='ltr'><strong>separaret.</strong></span> <span class='ocrx_word' id='word_1_140' title='bbox 2958 746 3094 804; x_wconf 90' lang='lat' dir='ltr'><strong>Vide</strong></span> <span class='ocrx_word' id='word_1_141' title='bbox 3130 746 3269 802; x_wconf 89' lang='lat' dir='ltr'><strong>infra</strong></span> <span class='ocrx_word' id='word_1_142' title='bbox 3300 755 3481 803; x_wconf 86' lang='lat' dir='ltr'><strong>notam</strong></span> <span class='ocrx_word' id='word_1_143' title='bbox 3509 748 3544 805; x_wconf 76' lang='grc'>5</span> <span class='ocrx_word' id='word_1_144' title='bbox 3574 747 3629 802; x_wconf 90' lang='lat' dir='ltr'><strong>in</strong></span> <span class='ocrx_word' id='word_1_145' title='bbox 3661 747 3920 806; x_wconf 86' lang='lat' dir='ltr'><strong>Victorem</strong></span> 
     </span>
    </p>
   </div>
   <div class='ocr_carea' id='block_1_22' title="bbox 2352 840 3023 911">
    <p class='ocr_par' dir='ltr' id='par_1_22' title="bbox 2352 840 3023 911">
     <span class='ocr_line' id='line_1_22' title="bbox 2352 840 3023 911; baseline -0.001 -15"><span class='ocrx_word' id='word_1_146' title='bbox 2352 840 2618 897; x_wconf 85' lang='lat' dir='ltr'><strong>Vitensem</strong></span> <span class='ocrx_word' id='word_1_147' title='bbox 2652 856 2771 911; x_wconf 83' lang='lat' dir='ltr'><strong>pag.</strong></span> <span class='ocrx_word' id='word_1_148' title='bbox 2804 840 2894 907; x_wconf 81' lang='grc'><strong>61,</strong></span> <span class='ocrx_word' id='word_1_149' title='bbox 2933 840 3023 896; x_wconf 75' lang='lat'><strong>62.</strong></span> 
     </span>
    </p>
   </div>
   <div class='ocr_carea' id='block_1_23' title="bbox 2418 917 3930 1008">
    <p class='ocr_par' dir='ltr' id='par_1_23' title="bbox 2418 917 3930 1008">
     <span class='ocr_line' id='line_1_23' title="bbox 2418 917 3930 1008; baseline 0.004 -20"><span class='ocrx_word' id='word_1_150' title='bbox 2418 934 2485 989; x_wconf 80' lang='grc' dir='ltr'><strong>Χ.</strong></span> <span class='ocrx_word' id='word_1_151' title='bbox 2549 934 2674 991; x_wconf 70' lang='lat' dir='ltr'><strong>Haec</strong></span> <span class='ocrx_word' id='word_1_152' title='bbox 2724 933 2951 990; x_wconf 85' lang='lat' dir='ltr'><strong>Victoris</strong></span> <span class='ocrx_word' id='word_1_153' title='bbox 3000 932 3232 990; x_wconf 82' lang='lat' dir='ltr'><strong>Historia</strong></span> <span class='ocrx_word' id='word_1_154' title='bbox 3290 948 3356 991; x_wconf 91' lang='lat' dir='ltr'><strong>ea</strong></span> <span class='ocrx_word' id='word_1_155' title='bbox 3396 934 3773 1005; x_wconf 84' lang='lat' dir='ltr'><strong>complectitur</strong></span> <span class='ocrx_word' id='word_1_156' title='bbox 3814 917 3930 1008; x_wconf 69' lang='lat' dir='ltr'><strong>quae</strong></span> 
     </span>
    </p>
   </div>
   <div class='ocr_carea' id='block_1_24' title="bbox 2349 1026 3922 1100">
    <p class='ocr_par' dir='ltr' id='par_1_24' title="bbox 2349 1026 3922 1100">
     <span class='ocr_line' id='line_1_24' title="bbox 2349 1026 3922 1100; baseline 0.002 -17"><span class='ocrx_word' id='word_1_157' title='bbox 2349 1026 2574 1083; x_wconf 80' lang='lat' dir='ltr'><strong>Vandali</strong></span> <span class='ocrx_word' id='word_1_158' title='bbox 2600 1026 2865 1084; x_wconf 80' lang='lat' dir='ltr'><strong>adversus</strong></span> <span class='ocrx_word' id='word_1_159' title='bbox 2888 1026 3220 1085; x_wconf 82' lang='lat' dir='ltr'><strong>orthodoxos</strong></span> <span class='ocrx_word' id='word_1_160' title='bbox 3244 1028 3565 1085; x_wconf 83' lang='lat' dir='ltr'><strong>commisere</strong></span> <span class='ocrx_word' id='word_1_161' title='bbox 3602 1028 3672 1084; x_wconf 89' lang='lat' dir='ltr'><strong>ab</strong></span> <span class='ocrx_word' id='word_1_162' title='bbox 3699 1028 3819 1100; x_wconf 81' lang='lat' dir='ltr'><strong>ipso</strong></span> <span class='ocrx_word' id='word_1_163' title='bbox 3849 1044 3922 1086; x_wconf 87' lang='lat' dir='ltr'><strong>eo-</strong></span> 
     </span>
    </p>
   </div>
   <div class='ocr_carea' id='block_1_25' title="bbox 2346 1120 3918 1191">
    <p class='ocr_par' dir='ltr' id='par_1_25' title="bbox 2346 1120 3918 1191">
     <span class='ocr_line' id='line_1_25' title="bbox 2346 1120 3918 1191; baseline 0.003 -15"><span class='ocrx_word' id='word_1_164' title='bbox 2346 1134 2466 1176; x_wconf 85' lang='lat' dir='ltr'><strong>rum</strong></span> <span class='ocrx_word' id='word_1_165' title='bbox 2499 1120 2743 1191; x_wconf 84' lang='lat' dir='ltr'><strong>ingressu</strong></span> <span class='ocrx_word' id='word_1_166' title='bbox 2774 1135 2942 1191; x_wconf 85' lang='lat' dir='ltr'><strong>usque</strong></span> <span class='ocrx_word' id='word_1_167' title='bbox 2967 1120 3034 1176; x_wconf 90' lang='lat' dir='ltr'><strong>ad</strong></span> <span class='ocrx_word' id='word_1_168' title='bbox 3066 1120 3316 1177; x_wconf 89' lang='lat' dir='ltr'><strong>Huneriei</strong></span> <span class='ocrx_word' id='word_1_169' title='bbox 3347 1131 3613 1188; x_wconf 87' lang='lat' dir='ltr'><strong>mortem;</strong></span> <span class='ocrx_word' id='word_1_170' title='bbox 3655 1122 3729 1178; x_wconf 86' lang='lat' dir='ltr'><strong>ita</strong></span> <span class='ocrx_word' id='word_1_171' title='bbox 3758 1132 3918 1182; x_wconf 75' lang='lat' dir='ltr'><strong>tamen</strong></span> 
     </span>
    </p>
   </div>
   <div class='ocr_carea' id='block_1_26' title="bbox 2346 1215 3915 1290">
    <p class='ocr_par' dir='ltr' id='par_1_26' title="bbox 2346 1215 3915 1290">
     <span class='ocr_line' id='line_1_26' title="bbox 2346 1215 3915 1290; baseline 0.004 -19"><span class='ocrx_word' id='word_1_172' title='bbox 2346 1225 2405 1271; x_wconf 91' lang='lat' dir='ltr'><strong>ut</strong></span> <span class='ocrx_word' id='word_1_173' title='bbox 2436 1216 2600 1271; x_wconf 87' lang='lat' dir='ltr'><strong>multa</strong></span> <span class='ocrx_word' id='word_1_174' title='bbox 2628 1216 2697 1271; x_wconf 90' lang='lat' dir='ltr'><strong>ab</strong></span> <span class='ocrx_word' id='word_1_175' title='bbox 2721 1230 2787 1271; x_wconf 91' lang='lat' dir='ltr'><strong>eo</strong></span> <span class='ocrx_word' id='word_1_176' title='bbox 2821 1225 3040 1272; x_wconf 89' lang='lat' dir='ltr'><strong>auctore</strong></span> <span class='ocrx_word' id='word_1_177' title='bbox 3069 1218 3430 1286; x_wconf 62' lang='lat' dir='ltr'><strong>praetermissa</strong></span> <span class='ocrx_word' id='word_1_178' title='bbox 3472 1218 3581 1275; x_wconf 88' lang='lat' dir='ltr'><strong>sint</strong></span> <span class='ocrx_word' id='word_1_179' title='bbox 3600 1259 3616 1285; x_wconf 88' lang='lat'><strong>,</strong></span> <span class='ocrx_word' id='word_1_180' title='bbox 3656 1218 3775 1275; x_wconf 86' lang='lat' dir='ltr'><strong>sive</strong></span> <span class='ocrx_word' id='word_1_181' title='bbox 3793 1215 3915 1290; x_wconf 68' lang='lat' dir='ltr'><strong>quod</strong></span> 
     </span>
    </p>
   </div>
   <div class='ocr_carea' id='block_1_27' title="bbox 2347 1308 3921 1380">
    <p class='ocr_par' dir='ltr' id='par_1_27' title="bbox 2347 1308 3921 1380">
     <span class='ocr_line' id='line_1_27' title="bbox 2347 1308 3921 1380; baseline 0.002 -16"><span class='ocrx_word' id='word_1_182' title='bbox 2347 1324 2452 1364; x_wconf 91' lang='lat' dir='ltr'><strong>non</strong></span> <span class='ocrx_word' id='word_1_183' title='bbox 2489 1310 2620 1364; x_wconf 87' lang='lat' dir='ltr'><strong>satis</strong></span> <span class='ocrx_word' id='word_1_184' title='bbox 2653 1309 2754 1379; x_wconf 88' lang='lat' dir='ltr'><strong>ipsi</strong></span> <span class='ocrx_word' id='word_1_185' title='bbox 2793 1309 2992 1366; x_wconf 89' lang='lat' dir='ltr'><strong>fuerint</strong></span> <span class='ocrx_word' id='word_1_186' title='bbox 3019 1319 3164 1375; x_wconf 83' lang='lat' dir='ltr'><strong>nota,</strong></span> <span class='ocrx_word' id='word_1_187' title='bbox 3192 1309 3306 1367; x_wconf 84' lang='lat' dir='ltr'><strong>sive</strong></span> <span class='ocrx_word' id='word_1_188' title='bbox 3334 1308 3477 1380; x_wconf 88' lang='lat' dir='ltr'><strong>quod</strong></span> <span class='ocrx_word' id='word_1_189' title='bbox 3504 1324 3568 1366; x_wconf 92' lang='lat' dir='ltr'><strong>ea</strong></span> <span class='ocrx_word' id='word_1_190' title='bbox 3600 1310 3921 1380; x_wconf 79' lang='lat' dir='ltr'><strong>potissimum</strong></span> 
     </span>
    </p>
   </div>
   <div class='ocr_carea' id='block_1_28' title="bbox 2346 1400 3922 1471">
    <p class='ocr_par' dir='ltr' id='par_1_28' title="bbox 2346 1400 3922 1471">
     <span class='ocr_line' id='line_1_28' title="bbox 2346 1400 3922 1471; baseline 0.003 -16"><span class='ocrx_word' id='word_1_191' title='bbox 2346 1414 2465 1470; x_wconf 74' lang='lat' dir='ltr'><strong>qute</strong></span> <span class='ocrx_word' id='word_1_192' title='bbox 2490 1400 2587 1455; x_wconf 90' lang='lat' dir='ltr'><strong>sub</strong></span> <span class='ocrx_word' id='word_1_193' title='bbox 2616 1400 2866 1456; x_wconf 88' lang='lat' dir='ltr'><strong>Hunerici</strong></span> <span class='ocrx_word' id='word_1_194' title='bbox 2895 1401 3267 1471; x_wconf 88' lang='lat' dir='ltr'><strong>persecutione</strong></span> <span class='ocrx_word' id='word_1_195' title='bbox 3291 1401 3440 1457; x_wconf 90' lang='lat' dir='ltr'><strong>testis</strong></span> <span class='ocrx_word' id='word_1_196' title='bbox 3463 1401 3708 1458; x_wconf 87' lang='lat' dir='ltr'><strong>oculatus</strong></span> <span class='ocrx_word' id='word_1_197' title='bbox 3730 1403 3922 1459; x_wconf 83' lang='lat' dir='ltr'><strong>viderat</strong></span> 
     </span>
    </p>
   </div>
   <div class='ocr_carea' id='block_1_29' title="bbox 2347 1493 3921 1567">
    <p class='ocr_par' dir='ltr' id='par_1_29' title="bbox 2347 1493 3921 1567">
     <span class='ocr_line' id='line_1_29' title="bbox 2347 1493 3921 1567; baseline 0.003 -19"><span class='ocrx_word' id='word_1_198' title='bbox 2347 1493 2551 1550; x_wconf 87' lang='lat' dir='ltr'><strong>referre</strong></span> <span class='ocrx_word' id='word_1_199' title='bbox 2580 1496 2874 1551; x_wconf 78' lang='lat' dir='ltr'><strong>statuisset.</strong></span> <span class='ocrx_word' id='word_1_200' title='bbox 2926 1495 3062 1551; x_wconf 86' lang='lat' dir='ltr'><strong>Hinc</strong></span> <span class='ocrx_word' id='word_1_201' title='bbox 3090 1494 3287 1567; x_wconf 69' lang='lat' dir='ltr'><strong>saepius</strong></span> <span class='ocrx_word' id='word_1_202' title='bbox 3312 1495 3485 1551; x_wconf 84' lang='lat' dir='ltr'><strong>innuit</strong></span> <span class='ocrx_word' id='word_1_203' title='bbox 3520 1510 3581 1553; x_wconf 89' lang='lat' dir='ltr'><strong>se</strong></span> <span class='ocrx_word' id='word_1_204' title='bbox 3603 1509 3670 1550; x_wconf 90' lang='lat' dir='ltr'><strong>ex</strong></span> <span class='ocrx_word' id='word_1_205' title='bbox 3698 1495 3921 1565; x_wconf 84' lang='lat' dir='ltr'><strong>pluribus</strong></span> 
     </span>
    </p>
   </div>
   <div class='ocr_carea' id='block_1_30' title="bbox 2349 1585 3921 1665">
    <p class='ocr_par' dir='ltr' id='par_1_30' title="bbox 2349 1585 3921 1665">
     <span class='ocr_line' id='line_1_30' title="bbox 2349 1585 3921 1665; baseline 0.001 -24"><span class='ocrx_word' id='word_1_206' title='bbox 2349 1601 2515 1657; x_wconf 88' lang='lat' dir='ltr'><strong>pauca</strong></span> <span class='ocrx_word' id='word_1_207' title='bbox 2545 1586 2803 1658; x_wconf 84' lang='lat' dir='ltr'><strong>selegisse</strong></span> <span class='ocrx_word' id='word_1_208' title='bbox 2824 1629 2840 1654; x_wconf 90' lang='lat'><strong>,</strong></span> <span class='ocrx_word' id='word_1_209' title='bbox 2873 1586 3147 1657; x_wconf 86' lang='lat' dir='ltr'><strong>multaque</strong></span> <span class='ocrx_word' id='word_1_210' title='bbox 3192 1602 3222 1665; x_wconf 83' lang='lat' dir='ltr'><strong>a</strong></span> <span class='ocrx_word' id='word_1_211' title='bbox 3261 1600 3322 1644; x_wconf 81' lang='lat' dir='ltr'><strong>se</strong></span> <span class='ocrx_word' id='word_1_212' title='bbox 3362 1585 3524 1642; x_wconf 84' lang='lat' dir='ltr'><strong>fuisse</strong></span> <span class='ocrx_word' id='word_1_213' title='bbox 3556 1587 3758 1642; x_wconf 86' lang='lat' dir='ltr'><strong>omissa</strong></span> <span class='ocrx_word' id='word_1_214' title='bbox 3782 1627 3799 1652; x_wconf 88' lang='lat'><strong>,</strong></span> <span class='ocrx_word' id='word_1_215' title='bbox 3830 1602 3921 1644; x_wconf 84' lang='lat' dir='ltr'><strong>nox</strong></span> 
     </span>
    </p>
   </div>
   <div class='ocr_carea' id='block_1_31' title="bbox 2347 1678 3921 1751">
    <p class='ocr_par' dir='ltr' id='par_1_31' title="bbox 2347 1678 3921 1751">
     <span class='ocr_line' id='line_1_31' title="bbox 2347 1678 3921 1751; baseline 0.001 -16"><span class='ocrx_word' id='word_1_216' title='bbox 2347 1679 2518 1735; x_wconf 88' lang='lat' dir='ltr'><strong>solum</strong></span> <span class='ocrx_word' id='word_1_217' title='bbox 2557 1695 2678 1750; x_wconf 79' lang='lat' dir='ltr'><strong>quae</strong></span> <span class='ocrx_word' id='word_1_218' title='bbox 2714 1680 2768 1736; x_wconf 90' lang='lat' dir='ltr'><strong>in</strong></span> <span class='ocrx_word' id='word_1_219' title='bbox 2816 1679 3016 1737; x_wconf 91' lang='lat' dir='ltr'><strong>exteris</strong></span> <span class='ocrx_word' id='word_1_220' title='bbox 3062 1678 3373 1751; x_wconf 78' lang='lat' dir='ltr'><strong>regionibus</strong></span> <span class='ocrx_word' id='word_1_221' title='bbox 3415 1679 3796 1751; x_wconf 87' lang='lat' dir='ltr'><strong>contigerant,</strong></span> <span class='ocrx_word' id='word_1_222' title='bbox 3842 1680 3921 1736; x_wconf 82' lang='lat' dir='ltr'><strong>sed</strong></span> 
     </span>
    </p>
   </div>
   <div class='ocr_carea' id='block_1_32' title="bbox 2347 1756 3921 1843">
    <p class='ocr_par' dir='ltr' id='par_1_32' title="bbox 2347 1756 3921 1843">
     <span class='ocr_line' id='line_1_32' title="bbox 2347 1756 3921 1843; baseline 0.001 -16"><span class='ocrx_word' id='word_1_223' title='bbox 2347 1771 2512 1827; x_wconf 89' lang='lat' dir='ltr'><strong>etiam</strong></span> <span class='ocrx_word' id='word_1_224' title='bbox 2538 1786 2602 1827; x_wconf 78' lang='lat' dir='ltr'><strong>ex</strong></span> <span class='ocrx_word' id='word_1_225' title='bbox 2634 1771 2701 1829; x_wconf 88' lang='lat' dir='ltr'><strong>iis</strong></span> <span class='ocrx_word' id='word_1_226' title='bbox 2728 1786 2851 1842; x_wconf 65' lang='lat' dir='ltr'><strong>qua:</strong></span> <span class='ocrx_word' id='word_1_227' title='bbox 2891 1771 2944 1827; x_wconf 93' lang='lat' dir='ltr'><strong>in</strong></span> <span class='ocrx_word' id='word_1_228' title='bbox 2976 1772 3138 1827; x_wconf 86' lang='lat' dir='ltr'><strong>variis</strong></span> <span class='ocrx_word' id='word_1_229' title='bbox 3184 1756 3374 1828; x_wconf 71' lang='lat' dir='ltr'><strong>Africae</strong></span> <span class='ocrx_word' id='word_1_230' title='bbox 3417 1771 3727 1843; x_wconf 84' lang='lat' dir='ltr'><strong>regionibus</strong></span> <span class='ocrx_word' id='word_1_231' title='bbox 3756 1782 3921 1842; x_wconf 86' lang='lat' dir='ltr'><strong>pertu-</strong></span> 
     </span>
    </p>
   </div>
   <div class='ocr_carea' id='block_1_33' title="bbox 661 1856 3921 1936">
    <p class='ocr_par' dir='ltr' id='par_1_33' title="bbox 661 1856 3921 1936">
     <span class='ocr_line' id='line_1_33' title="bbox 661 1856 3921 1936; baseline 0.001 -18"><span class='ocrx_word' id='word_1_232' title='bbox 661 1864 874 1936; x_wconf 87' lang='lat' dir='ltr'><strong>relegati</strong></span> <span class='ocrx_word' id='word_1_233' title='bbox 898 1863 951 1918; x_wconf 91' lang='lat' dir='ltr'><strong>in</strong></span> <span class='ocrx_word' id='word_1_234' title='bbox 981 1861 1180 1918; x_wconf 86' lang='lat' dir='ltr'><strong>Notitia</strong></span> <span class='ocrx_word' id='word_1_235' title='bbox 1205 1862 1476 1929; x_wconf 89' lang='lat' dir='ltr'><strong>dicuntur,</strong></span> <span class='ocrx_word' id='word_1_236' title='bbox 1502 1863 1538 1917; x_wconf 90' lang='lat' dir='ltr'><strong>ii</strong></span> <span class='ocrx_word' id='word_1_237' title='bbox 1570 1862 1672 1933; x_wconf 87' lang='lat' dir='ltr'><strong>ipsi</strong></span> <span class='ocrx_word' id='word_1_238' title='bbox 1699 1862 1830 1917; x_wconf 84' lang='lat' dir='ltr'><strong>mihi</strong></span> <span class='ocrx_word' id='word_1_239' title='bbox 1853 1862 2104 1919; x_wconf 84' lang='lat' dir='ltr'><strong>videntur</strong></span> <span class='ocrx_word' id='word_1_240' title='bbox 2122 1877 2243 1919; x_wconf 89' lang='lat' dir='ltr'><strong>esse</strong></span> <span class='ocrx_word' id='word_1_241' title='bbox 2271 1856 2322 1919; x_wconf 78' lang='grc' dir='ltr'><strong><em>Β</em></strong></span> <span class='ocrx_word' id='word_1_242' title='bbox 2347 1861 2522 1920; x_wconf 89' lang='lat' dir='ltr'><strong>lerant</strong></span> <span class='ocrx_word' id='word_1_243' title='bbox 2547 1862 2855 1919; x_wconf 79' lang='lat' dir='ltr'><strong>orthodoxi.</strong></span> <span class='ocrx_word' id='word_1_244' title='bbox 2896 1862 3211 1921; x_wconf 83' lang='lat' dir='ltr'><strong>Generalem</strong></span> <span class='ocrx_word' id='word_1_245' title='bbox 3246 1877 3379 1919; x_wconf 91' lang='lat' dir='ltr'><strong>vero</strong></span> <span class='ocrx_word' id='word_1_246' title='bbox 3406 1862 3458 1919; x_wconf 90' lang='lat' dir='ltr'><strong>in</strong></span> <span class='ocrx_word' id='word_1_247' title='bbox 3486 1871 3596 1919; x_wconf 86' lang='lat' dir='ltr'><strong>tota</strong></span> <span class='ocrx_word' id='word_1_248' title='bbox 3629 1862 3811 1920; x_wconf 82' lang='lat' dir='ltr'><strong>Africa</strong></span> <span class='ocrx_word' id='word_1_249' title='bbox 3838 1863 3921 1920; x_wconf 87' lang='lat' dir='ltr'><strong>sub</strong></span> 
     </span>
    </p>
   </div>
   <div class='ocr_carea' id='block_1_34' title="bbox 661 1955 2239 2026">
    <p class='ocr_par' dir='ltr' id='par_1_34' title="bbox 661 1955 2239 2026">
     <span class='ocr_line' id='line_1_34' title="bbox 661 1955 2239 2026; baseline 0.002 -18"><span class='ocrx_word' id='word_1_250' title='bbox 661 1956 725 2011; x_wconf 89' lang='lat' dir='ltr'><strong>de</strong></span> <span class='ocrx_word' id='word_1_251' title='bbox 760 1957 961 2023; x_wconf 82' lang='lat' dir='ltr'><strong>quibus,</strong></span> <span class='ocrx_word' id='word_1_252' title='bbox 996 1964 1227 2012; x_wconf 83' lang='lat' dir='ltr'><strong>testante</strong></span> <span class='ocrx_word' id='word_1_253' title='bbox 1272 1955 1536 2026; x_wconf 88' lang='lat' dir='ltr'><strong>Fulgentii</strong></span> <span class='ocrx_word' id='word_1_254' title='bbox 1589 1956 1720 2013; x_wconf 65' lang='lat' dir='ltr'><strong>Vitae</strong></span> <span class='ocrx_word' id='word_1_255' title='bbox 1767 1964 1986 2013; x_wconf 89' lang='lat' dir='ltr'><strong>auctore</strong></span> <span class='ocrx_word' id='word_1_256' title='bbox 2029 1970 2150 2026; x_wconf 88' lang='lat' dir='ltr'><strong>cap.</strong></span> <span class='ocrx_word' id='word_1_257' title='bbox 2184 1956 2239 2023; x_wconf 69' lang='grc'><strong>4,</strong></span> 
     </span>
    </p>
   </div>
   <div class='ocr_carea' id='block_1_35' title="bbox 661 2049 2244 2123">
    <p class='ocr_par' dir='ltr' id='par_1_35' title="bbox 661 2049 2244 2123">
     <span class='ocr_line' id='line_1_35' title="bbox 661 2049 2244 2123; baseline 0 -18"><span class='ocrx_word' id='word_1_258' title='bbox 661 2049 913 2106; x_wconf 86' lang='lat' dir='ltr'><strong>Hunerici</strong></span> <span class='ocrx_word' id='word_1_259' title='bbox 941 2052 1147 2123; x_wconf 79' lang='lat' dir='ltr'><strong>tyranni</strong></span> <span class='ocrx_word' id='word_1_260' title='bbox 1174 2052 1513 2123; x_wconf 80' lang='lat' dir='ltr'><strong>persecutoris</strong></span> <span class='ocrx_word' id='word_1_261' title='bbox 1555 2060 1725 2107; x_wconf 82' lang='lat' dir='ltr'><strong>astuta</strong></span> <span class='ocrx_word' id='word_1_262' title='bbox 1767 2052 2061 2122; x_wconf 80' lang='lat' dir='ltr'><strong>malignitas</strong></span> <span class='ocrx_word' id='word_1_263' title='bbox 2102 2050 2244 2106; x_wconf 82' lang='lat' dir='ltr'><strong>ordi-</strong></span> 
     </span>
    </p>
   </div>
   <div class='ocr_carea' id='block_1_36' title="bbox 658 2145 2243 2217">
    <p class='ocr_par' dir='ltr' id='par_1_36' title="bbox 658 2145 2243 2217">
     <span class='ocr_line' id='line_1_36' title="bbox 658 2145 2243 2217; baseline 0 -19"><span class='ocrx_word' id='word_1_264' title='bbox 658 2152 886 2212; x_wconf 81' lang='lat' dir='ltr'><strong>naverat,</strong></span> <span class='ocrx_word' id='word_1_265' title='bbox 910 2154 964 2199; x_wconf 88' lang='lat' dir='ltr'><strong>ut</strong></span> <span class='ocrx_word' id='word_1_266' title='bbox 984 2148 1144 2217; x_wconf 72' lang='lat' dir='ltr'><strong>juxta</strong></span> <span class='ocrx_word' id='word_1_267' title='bbox 1172 2146 1393 2215; x_wconf 87' lang='lat' dir='ltr'><strong>patriam</strong></span> <span class='ocrx_word' id='word_1_268' title='bbox 1417 2146 1680 2216; x_wconf 81' lang='lat' dir='ltr'><strong>propriam</strong></span> <span class='ocrx_word' id='word_1_269' title='bbox 1713 2145 2136 2217; x_wconf 80' lang='lat' dir='ltr'><strong>peregrinationis</strong></span> <span class='ocrx_word' id='word_1_270' title='bbox 2170 2145 2243 2198; x_wconf 87' lang='lat' dir='ltr'><strong>in-</strong></span> 
     </span>
    </p>
   </div>
   <div class='ocr_carea' id='block_1_37' title="bbox 660 2236 2244 2295">
    <p class='ocr_par' dir='ltr' id='par_1_37' title="bbox 660 2236 2244 2295">
     <span class='ocr_line' id='line_1_37' title="bbox 660 2236 2244 2295; baseline -0.001 -1"><span class='ocrx_word' id='word_1_271' title='bbox 660 2238 982 2294; x_wconf 81' lang='lat' dir='ltr'><strong>commodum</strong></span> <span class='ocrx_word' id='word_1_272' title='bbox 1010 2238 1334 2293; x_wconf 82' lang='lat' dir='ltr'><strong>sustinerent.</strong></span> <span class='ocrx_word' id='word_1_273' title='bbox 1359 2237 1504 2293; x_wconf 83' lang='lat' dir='ltr'><strong>Talis</strong></span> <span class='ocrx_word' id='word_1_274' title='bbox 1532 2237 1631 2295; x_wconf 86' lang='lat' dir='ltr'><strong>fuit</strong></span> <span class='ocrx_word' id='word_1_275' title='bbox 1656 2236 1886 2293; x_wconf 72' lang='lat' dir='ltr'><strong>Faustus</strong></span> <span class='ocrx_word' id='word_1_276' title='bbox 1925 2236 2244 2293; x_wconf 66' lang='lat' dir='ltr'><strong>Presidien-</strong></span> 
     </span>
    </p>
   </div>
   <div class='ocr_carea' id='block_1_38' title="bbox 660 2329 2245 2403">
    <p class='ocr_par' dir='ltr' id='par_1_38' title="bbox 660 2329 2245 2403">
     <span class='ocr_line' id='line_1_38' title="bbox 660 2329 2245 2403; baseline -0.001 -16"><span class='ocrx_word' id='word_1_277' title='bbox 660 2332 734 2387; x_wconf 87' lang='lat' dir='ltr'><strong>sis</strong></span> <span class='ocrx_word' id='word_1_278' title='bbox 761 2331 1068 2401; x_wconf 88' lang='lat' dir='ltr'><strong>episcopus,</strong></span> <span class='ocrx_word' id='word_1_279' title='bbox 1097 2330 1189 2400; x_wconf 93' lang='lat' dir='ltr'><strong>qui</strong></span> <span class='ocrx_word' id='word_1_280' title='bbox 1217 2338 1277 2385; x_wconf 90' lang='lat' dir='ltr'><strong>ut</strong></span> <span class='ocrx_word' id='word_1_281' title='bbox 1300 2329 1498 2387; x_wconf 85' lang='lat' dir='ltr'><strong>ibidem</strong></span> <span class='ocrx_word' id='word_1_282' title='bbox 1527 2330 1745 2396; x_wconf 90' lang='lat' dir='ltr'><strong>dicitur,</strong></span> <span class='ocrx_word' id='word_1_283' title='bbox 1779 2347 1881 2385; x_wconf 88' lang='lat' dir='ltr'><strong>non</strong></span> <span class='ocrx_word' id='word_1_284' title='bbox 1918 2332 2068 2403; x_wconf 86' lang='lat' dir='ltr'><strong>longe</strong></span> <span class='ocrx_word' id='word_1_285' title='bbox 2095 2347 2127 2384; x_wconf 91' lang='lat' dir='ltr'><strong>a</strong></span> <span class='ocrx_word' id='word_1_286' title='bbox 2152 2346 2245 2385; x_wconf 86' lang='lat' dir='ltr'><strong>sua</strong></span> 
     </span>
    </p>
   </div>
   <div class='ocr_carea' id='block_1_39' title="bbox 663 2420 2244 2493">
    <p class='ocr_par' dir='ltr' id='par_1_39' title="bbox 663 2420 2244 2493">
     <span class='ocr_line' id='line_1_39' title="bbox 663 2420 2244 2493; baseline -0.002 -13"><span class='ocrx_word' id='word_1_287' title='bbox 663 2425 905 2480; x_wconf 81' lang='lat' dir='ltr'><strong>cathedra</strong></span> <span class='ocrx_word' id='word_1_288' title='bbox 933 2421 1151 2493; x_wconf 84' lang='lat' dir='ltr'><strong>relegari</strong></span> <span class='ocrx_word' id='word_1_289' title='bbox 1170 2424 1352 2493; x_wconf 78' lang='lat' dir='ltr'><strong>jussus</strong></span> <span class='ocrx_word' id='word_1_290' title='bbox 1389 2423 1576 2492; x_wconf 77' lang='lat' dir='ltr'><strong>fuerat.</strong></span> <span class='ocrx_word' id='word_1_291' title='bbox 1616 2420 1674 2477; x_wconf 84' lang='lat' dir='ltr'><strong>id</strong></span> <span class='ocrx_word' id='word_1_292' title='bbox 1712 2421 1779 2477; x_wconf 91' lang='lat' dir='ltr'><strong>de</strong></span> <span class='ocrx_word' id='word_1_293' title='bbox 1805 2420 2025 2477; x_wconf 89' lang='lat' dir='ltr'><strong>Victore</strong></span> <span class='ocrx_word' id='word_1_294' title='bbox 2060 2429 2244 2477; x_wconf 88' lang='lat' dir='ltr'><strong>nostro</strong></span> 
     </span>
    </p>
   </div>
   <div class='ocr_carea' id='block_1_40' title="bbox 664 2515 2243 2591">
    <p class='ocr_par' dir='ltr' id='par_1_40' title="bbox 664 2515 2243 2591">
     <span class='ocr_line' id='line_1_40' title="bbox 664 2515 2243 2591; baseline -0.003 -16"><span class='ocrx_word' id='word_1_295' title='bbox 664 2519 841 2591; x_wconf 87' lang='lat' dir='ltr'><strong>potius</strong></span> <span class='ocrx_word' id='word_1_296' title='bbox 870 2532 1031 2589; x_wconf 88' lang='lat' dir='ltr'><strong>quam</strong></span> <span class='ocrx_word' id='word_1_297' title='bbox 1054 2515 1124 2573; x_wconf 92' lang='lat' dir='ltr'><strong>de</strong></span> <span class='ocrx_word' id='word_1_298' title='bbox 1155 2517 1365 2573; x_wconf 56' lang='lat' dir='ltr'><strong>caeteris</strong></span> <span class='ocrx_word' id='word_1_299' title='bbox 1408 2516 1565 2573; x_wconf 90' lang='lat' dir='ltr'><strong>facile</strong></span> <span class='ocrx_word' id='word_1_300' title='bbox 1607 2515 1950 2581; x_wconf 86' lang='lat' dir='ltr'><strong>crediderim,</strong></span> <span class='ocrx_word' id='word_1_301' title='bbox 1991 2515 2132 2586; x_wconf 88' lang='lat' dir='ltr'><strong>quod</strong></span> <span class='ocrx_word' id='word_1_302' title='bbox 2177 2516 2243 2570; x_wconf 90' lang='lat' dir='ltr'><strong>ad</strong></span> 
     </span>
    </p>
   </div>
   <div class='ocr_carea' id='block_1_41' title="bbox 663 2608 2245 2680">
    <p class='ocr_par' dir='ltr' id='par_1_41' title="bbox 663 2608 2245 2680">
     <span class='ocr_line' id='line_1_41' title="bbox 663 2608 2245 2680; baseline -0.003 -11"><span class='ocrx_word' id='word_1_303' title='bbox 663 2622 984 2669; x_wconf 83' lang='lat' dir='ltr'><strong>conventum</strong></span> <span class='ocrx_word' id='word_1_304' title='bbox 1011 2610 1485 2680; x_wconf 88' lang='lat' dir='ltr'><strong>Carthaginensem</strong></span> <span class='ocrx_word' id='word_1_305' title='bbox 1525 2626 1627 2665; x_wconf 85' lang='lat' dir='ltr'><strong>non</strong></span> <span class='ocrx_word' id='word_1_306' title='bbox 1655 2611 1949 2678; x_wconf 87' lang='lat' dir='ltr'><strong>occurrerit,</strong></span> <span class='ocrx_word' id='word_1_307' title='bbox 1994 2608 2245 2678; x_wconf 87' lang='lat' dir='ltr'><strong>proinde-</strong></span> 
     </span>
    </p>
   </div>
   <div class='ocr_carea' id='block_1_42' title="bbox 663 2698 2245 2775">
    <p class='ocr_par' dir='ltr' id='par_1_42' title="bbox 663 2698 2245 2775">
     <span class='ocr_line' id='line_1_42' title="bbox 663 2698 2245 2775; baseline -0.004 -16"><span class='ocrx_word' id='word_1_308' title='bbox 663 2719 769 2775; x_wconf 89' lang='lat' dir='ltr'><strong>que</strong></span> <span class='ocrx_word' id='word_1_309' title='bbox 795 2705 844 2760; x_wconf 88' lang='lat' dir='ltr'><strong>ei</strong></span> <span class='ocrx_word' id='word_1_310' title='bbox 873 2702 1085 2759; x_wconf 81' lang='lat' dir='ltr'><strong>facilius</strong></span> <span class='ocrx_word' id='word_1_311' title='bbox 1114 2703 1277 2759; x_wconf 91' lang='lat' dir='ltr'><strong>fuerit</strong></span> <span class='ocrx_word' id='word_1_312' title='bbox 1309 2702 1631 2758; x_wconf 82' lang='lat' dir='ltr'><strong>Arianorum</strong></span> <span class='ocrx_word' id='word_1_313' title='bbox 1662 2716 1850 2757; x_wconf 88' lang='lat' dir='ltr'><strong>manus</strong></span> <span class='ocrx_word' id='word_1_314' title='bbox 1879 2701 2128 2757; x_wconf 82' lang='lat' dir='ltr'><strong>evadere.</strong></span> <span class='ocrx_word' id='word_1_315' title='bbox 2161 2698 2245 2754; x_wconf 91' lang='lat' dir='ltr'><strong>ln-</strong></span> 
     </span>
    </p>
   </div>
   <div class='ocr_carea' id='block_1_43' title="bbox 642 2797 2239 2868">
    <p class='ocr_par' dir='ltr' id='par_1_43' title="bbox 642 2797 2239 2868">
     <span class='ocr_line' id='line_1_43' title="bbox 642 2797 2239 2868; baseline -0.003 -13"><span class='ocrx_word' id='word_1_316' title='bbox 642 2800 795 2855; x_wconf 77' lang='lat' dir='ltr'><strong>‘vitat</strong></span> <span class='ocrx_word' id='word_1_317' title='bbox 819 2808 1001 2857; x_wconf 88' lang='lat' dir='ltr'><strong>autem</strong></span> <span class='ocrx_word' id='word_1_318' title='bbox 1034 2799 1213 2854; x_wconf 81' lang='lat' dir='ltr'><strong>Victor</strong></span> <span class='ocrx_word' id='word_1_319' title='bbox 1242 2798 1476 2854; x_wconf 88' lang='lat' dir='ltr'><strong>lectores</strong></span> <span class='ocrx_word' id='word_1_320' title='bbox 1505 2807 1566 2853; x_wconf 91' lang='lat' dir='ltr'><strong>ut</strong></span> <span class='ocrx_word' id='word_1_321' title='bbox 1596 2797 1852 2854; x_wconf 89' lang='lat' dir='ltr'><strong>Uranium</strong></span> <span class='ocrx_word' id='word_1_322' title='bbox 1891 2798 2239 2868; x_wconf 86' lang='lat' dir='ltr'><strong>interrogent,</strong></span> 
     </span>
    </p>
   </div>
   <div class='ocr_carea' id='block_1_44' title="bbox 659 2889 2242 2960">
    <p class='ocr_par' dir='ltr' id='par_1_44' title="bbox 659 2889 2242 2960">
     <span class='ocr_line' id='line_1_44' title="bbox 659 2889 2242 2960; baseline -0.003 -13"><span class='ocrx_word' id='word_1_323' title='bbox 659 2897 788 2948; x_wconf 90' lang='lat' dir='ltr'><strong>tunc</strong></span> <span class='ocrx_word' id='word_1_324' title='bbox 827 2889 1058 2947; x_wconf 77' lang='lat' dir='ltr'><strong>fortasse</strong></span> <span class='ocrx_word' id='word_1_325' title='bbox 1095 2889 1272 2946; x_wconf 87' lang='lat' dir='ltr'><strong>adhuc</strong></span> <span class='ocrx_word' id='word_1_326' title='bbox 1325 2890 1379 2945; x_wconf 90' lang='lat' dir='ltr'><strong>in</strong></span> <span class='ocrx_word' id='word_1_327' title='bbox 1417 2889 1594 2947; x_wconf 82' lang='lat' dir='ltr'><strong>Africa</strong></span> <span class='ocrx_word' id='word_1_328' title='bbox 1630 2899 1907 2960; x_wconf 87' lang='lat' dir='ltr'><strong>agentem;</strong></span> <span class='ocrx_word' id='word_1_329' title='bbox 1954 2904 2075 2944; x_wconf 79' lang='lat' dir='ltr'><strong>cum</strong></span> <span class='ocrx_word' id='word_1_330' title='bbox 2112 2903 2242 2944; x_wconf 83' lang='lat' dir='ltr'><strong>vero</strong></span> 
     </span>
    </p>
   </div>
   <div class='ocr_carea' id='block_1_45' title="bbox 657 2982 2246 3055">
    <p class='ocr_par' dir='ltr' id='par_1_45' title="bbox 657 2982 2246 3055">
     <span class='ocr_line' id='line_1_45' title="bbox 657 2982 2246 3055; baseline -0.002 -16"><span class='ocrx_word' id='word_1_331' title='bbox 657 2985 797 3041; x_wconf 86' lang='lat' dir='ltr'><strong>alios</strong></span> <span class='ocrx_word' id='word_1_332' title='bbox 847 2993 904 3041; x_wconf 92' lang='lat' dir='ltr'><strong>ut</strong></span> <span class='ocrx_word' id='word_1_333' title='bbox 950 2991 1177 3055; x_wconf 80' lang='lat' dir='ltr'><strong>pergant</strong></span> <span class='ocrx_word' id='word_1_334' title='bbox 1211 2982 1738 3054; x_wconf 87' lang='lat' dir='ltr'><strong>Constantinopolim</strong></span> <span class='ocrx_word' id='word_1_335' title='bbox 1764 2982 2040 3048; x_wconf 87' lang='lat' dir='ltr'><strong>admonet,</strong></span> <span class='ocrx_word' id='word_1_336' title='bbox 2075 2997 2156 3047; x_wconf 89' lang='lat' dir='ltr'><strong>se,</strong></span> <span class='ocrx_word' id='word_1_337' title='bbox 2186 2990 2246 3036; x_wconf 91' lang='lat' dir='ltr'><strong>ut</strong></span> 
     </span>
    </p>
   </div>
   <div class='ocr_carea' id='block_1_46' title="bbox 661 3077 2244 3148">
    <p class='ocr_par' dir='ltr' id='par_1_46' title="bbox 661 3077 2244 3148">
     <span class='ocr_line' id='line_1_46' title="bbox 661 3077 2244 3148; baseline -0.001 -14"><span class='ocrx_word' id='word_1_338' title='bbox 661 3078 876 3148; x_wconf 89' lang='lat' dir='ltr'><strong>quidem</strong></span> <span class='ocrx_word' id='word_1_339' title='bbox 904 3078 1038 3133; x_wconf 90' lang='lat' dir='ltr'><strong>mihi</strong></span> <span class='ocrx_word' id='word_1_340' title='bbox 1065 3077 1301 3148; x_wconf 78' lang='lat' dir='ltr'><strong>videtur,</strong></span> <span class='ocrx_word' id='word_1_341' title='bbox 1325 3079 1379 3134; x_wconf 90' lang='lat' dir='ltr'><strong>in</strong></span> <span class='ocrx_word' id='word_1_342' title='bbox 1401 3092 1464 3135; x_wconf 88' lang='lat' dir='ltr'><strong>ea</strong></span> <span class='ocrx_word' id='word_1_343' title='bbox 1502 3078 1637 3134; x_wconf 92' lang='lat' dir='ltr'><strong>urbe</strong></span> <span class='ocrx_word' id='word_1_344' title='bbox 1675 3092 1783 3133; x_wconf 92' lang='lat' dir='ltr'><strong>non</strong></span> <span class='ocrx_word' id='word_1_345' title='bbox 1813 3078 2015 3133; x_wconf 87' lang='lat' dir='ltr'><strong>versari</strong></span> <span class='ocrx_word' id='word_1_346' title='bbox 2061 3086 2244 3148; x_wconf 89' lang='lat' dir='ltr'><strong>aperte</strong></span> 
     </span>
    </p>
   </div>
   <div class='ocr_carea' id='block_1_47' title="bbox 660 3169 917 3226">
    <p class='ocr_par' dir='ltr' id='par_1_47' title="bbox 660 3169 917 3226">
     <span class='ocr_line' id='line_1_47' title="bbox 660 3169 917 3226; baseline 0.004 -1"><span class='ocrx_word' id='word_1_347' title='bbox 660 3169 917 3226; x_wconf 87' lang='lat' dir='ltr'><strong>declarat.</strong></span> 
     </span>
    </p>
   </div>
   <div class='ocr_carea' id='block_1_48' title="bbox 733 3230 2318 3332">
    <p class='ocr_par' dir='ltr' id='par_1_48' title="bbox 733 3230 2318 3332">
     <span class='ocr_line' id='line_1_48' title="bbox 733 3230 2318 3332; baseline -0.001 -15"><span class='ocrx_word' id='word_1_348' title='bbox 733 3262 826 3317; x_wconf 81' lang='lat' dir='ltr'><strong>IX.</strong></span> <span class='ocrx_word' id='word_1_349' title='bbox 878 3261 1045 3317; x_wconf 72' lang='lat' dir='ltr'><strong>Multo</strong></span> <span class='ocrx_word' id='word_1_350' title='bbox 1086 3263 1264 3323; x_wconf 87' lang='lat' dir='ltr'><strong>minus</strong></span> <span class='ocrx_word' id='word_1_351' title='bbox 1298 3259 1591 3332; x_wconf 86' lang='lat' dir='ltr'><strong>probabilis</strong></span> <span class='ocrx_word' id='word_1_352' title='bbox 1618 3270 1700 3316; x_wconf 89' lang='lat' dir='ltr'><strong>est</strong></span> <span class='ocrx_word' id='word_1_353' title='bbox 1726 3262 1964 3331; x_wconf 90' lang='lat' dir='ltr'><strong>ejusdem</strong></span> <span class='ocrx_word' id='word_1_354' title='bbox 1993 3260 2245 3317; x_wconf 84' lang='lat' dir='ltr'><strong>Chifﬂetii</strong></span> <span class='ocrx_word' id='word_1_355' title='bbox 2268 3230 2318 3301; x_wconf 66' lang='grc' dir='ltr'>ο</span> 
     </span>
    </p>
   </div>
   <div class='ocr_carea' id='block_1_49' title="bbox 662 3353 2248 3427">
    <p class='ocr_par' dir='ltr' id='par_1_49' title="bbox 662 3353 2248 3427">
     <span class='ocr_line' id='line_1_49' title="bbox 662 3353 2248 3427; baseline 0.002 -17"><span class='ocrx_word' id='word_1_356' title='bbox 662 3356 846 3426; x_wconf 89' lang='lat' dir='ltr'><strong>opinio</strong></span> <span class='ocrx_word' id='word_1_357' title='bbox 870 3397 885 3422; x_wconf 95' lang='lat'><strong>,</strong></span> <span class='ocrx_word' id='word_1_358' title='bbox 919 3355 1197 3411; x_wconf 89' lang='lat' dir='ltr'><strong>sentientis</strong></span> <span class='ocrx_word' id='word_1_359' title='bbox 1240 3353 1512 3410; x_wconf 90' lang='lat' dir='ltr'><strong>Victorem</strong></span> <span class='ocrx_word' id='word_1_360' title='bbox 1539 3394 1556 3422; x_wconf 93' lang='lat'><strong>,</strong></span> <span class='ocrx_word' id='word_1_361' title='bbox 1594 3370 1752 3425; x_wconf 89' lang='lat' dir='ltr'><strong>quem</strong></span> <span class='ocrx_word' id='word_1_362' title='bbox 1783 3356 2248 3427; x_wconf 88' lang='lat' dir='ltr'><strong>Constantinopoli</strong></span> 
     </span>
    </p>
   </div>
   <div class='ocr_carea' id='block_1_50' title="bbox 663 3446 2245 3520">
    <p class='ocr_par' dir='ltr' id='par_1_50' title="bbox 663 3446 2245 3520">
     <span class='ocr_line' id='line_1_50' title="bbox 663 3446 2245 3520; baseline 0 -15"><span class='ocrx_word' id='word_1_363' title='bbox 663 3449 947 3520; x_wconf 85' lang='lat' dir='ltr'><strong>scripsisse</strong></span> <span class='ocrx_word' id='word_1_364' title='bbox 975 3447 1274 3518; x_wconf 65' lang='lat' dir='ltr'><strong>praemittit,</strong></span> <span class='ocrx_word' id='word_1_365' title='bbox 1302 3446 1580 3503; x_wconf 87' lang='lat' dir='ltr'><strong>historiam</strong></span> <span class='ocrx_word' id='word_1_366' title='bbox 1609 3462 1760 3503; x_wconf 90' lang='lat' dir='ltr'><strong>suam</strong></span> <span class='ocrx_word' id='word_1_367' title='bbox 1785 3450 1873 3504; x_wconf 85' lang='lat' dir='ltr'><strong>vix</strong></span> <span class='ocrx_word' id='word_1_368' title='bbox 1902 3449 2057 3505; x_wconf 90' lang='lat' dir='ltr'><strong>alteri</strong></span> <span class='ocrx_word' id='word_1_369' title='bbox 2086 3464 2245 3520; x_wconf 91' lang='lat' dir='ltr'><strong>quam</strong></span> 
     </span>
    </p>
   </div>
   <div class='ocr_carea' id='block_1_51' title="bbox 662 3543 2242 3615">
    <p class='ocr_par' dir='ltr' id='par_1_51' title="bbox 662 3543 2242 3615">
     <span class='ocr_line' id='line_1_51' title="bbox 662 3543 2242 3615; baseline 0.001 -13"><span class='ocrx_word' id='word_1_370' title='bbox 662 3546 857 3603; x_wconf 82' lang='lat' dir='ltr'><strong>Acacio</strong></span> <span class='ocrx_word' id='word_1_371' title='bbox 884 3543 1481 3612; x_wconf 84' lang='lat' dir='ltr'><strong>Constantinopolitano</strong></span> <span class='ocrx_word' id='word_1_372' title='bbox 1516 3559 1825 3615; x_wconf 88' lang='lat' dir='ltr'><strong>nuncupare</strong></span> <span class='ocrx_word' id='word_1_373' title='bbox 1860 3554 1951 3601; x_wconf 89' lang='lat' dir='ltr'><strong>aut</strong></span> <span class='ocrx_word' id='word_1_374' title='bbox 1985 3546 2242 3615; x_wconf 90' lang='lat' dir='ltr'><strong>potuisse,</strong></span> 
     </span>
    </p>
   </div>
   <div class='ocr_carea' id='block_1_52' title="bbox 659 3636 2247 3694">
    <p class='ocr_par' dir='ltr' id='par_1_52' title="bbox 659 3636 2247 3694">
     <span class='ocr_line' id='line_1_52' title="bbox 659 3636 2247 3694; baseline 0.001 -1"><span class='ocrx_word' id='word_1_375' title='bbox 659 3648 753 3694; x_wconf 88' lang='lat' dir='ltr'><strong>aut</strong></span> <span class='ocrx_word' id='word_1_376' title='bbox 793 3637 1066 3693; x_wconf 89' lang='lat' dir='ltr'><strong>debuisse.</strong></span> <span class='ocrx_word' id='word_1_377' title='bbox 1118 3636 1173 3691; x_wconf 84' lang='lat' dir='ltr'><strong>id</strong></span> <span class='ocrx_word' id='word_1_378' title='bbox 1203 3636 1346 3693; x_wconf 89' lang='lat' dir='ltr'><strong>enim</strong></span> <span class='ocrx_word' id='word_1_379' title='bbox 1381 3644 1440 3691; x_wconf 91' lang='lat' dir='ltr'><strong>ut</strong></span> <span class='ocrx_word' id='word_1_380' title='bbox 1472 3637 1752 3692; x_wconf 87' lang='lat' dir='ltr'><strong>credamus</strong></span> <span class='ocrx_word' id='word_1_381' title='bbox 1778 3646 1925 3693; x_wconf 84' lang='lat' dir='ltr'><strong>vetat</strong></span> <span class='ocrx_word' id='word_1_382' title='bbox 1953 3652 2160 3694; x_wconf 86' lang='lat' dir='ltr'><strong>summa</strong></span> <span class='ocrx_word' id='word_1_383' title='bbox 2192 3639 2247 3694; x_wconf 90' lang='lat' dir='ltr'><strong>in</strong></span> 
     </span>
    </p>
   </div>
   <div class='ocr_carea' id='block_1_53' title="bbox 659 3730 2248 3802">
    <p class='ocr_par' dir='ltr' id='par_1_53' title="bbox 659 3730 2248 3802">
     <span class='ocr_line' id='line_1_53' title="bbox 659 3730 2248 3802; baseline 0 -14"><span class='ocrx_word' id='word_1_384' title='bbox 659 3732 841 3789; x_wconf 88' lang='lat' dir='ltr'><strong>sedem</strong></span> <span class='ocrx_word' id='word_1_385' title='bbox 882 3730 1230 3802; x_wconf 89' lang='lat' dir='ltr'><strong>apostolicam</strong></span> <span class='ocrx_word' id='word_1_386' title='bbox 1260 3731 1559 3787; x_wconf 82' lang='lat' dir='ltr'><strong>reverentia</strong></span> <span class='ocrx_word' id='word_1_387' title='bbox 1589 3746 1691 3801; x_wconf 89' lang='lat' dir='ltr'><strong>qua</strong></span> <span class='ocrx_word' id='word_1_388' title='bbox 1721 3740 1846 3787; x_wconf 92' lang='lat' dir='ltr'><strong>tunc</strong></span> <span class='ocrx_word' id='word_1_389' title='bbox 1880 3732 2139 3802; x_wconf 90' lang='lat' dir='ltr'><strong>temporis</strong></span> <span class='ocrx_word' id='word_1_390' title='bbox 2169 3740 2248 3789; x_wconf 88' lang='lat' dir='ltr'><strong>te-</strong></span> 
     </span>
    </p>
   </div>
   <div class='ocr_carea' id='block_1_54' title="bbox 657 3824 2249 3901">
    <p class='ocr_par' dir='ltr' id='par_1_54' title="bbox 657 3824 2249 3901">
     <span class='ocr_line' id='line_1_54' title="bbox 657 3824 2249 3901; baseline 0.001 -19"><span class='ocrx_word' id='word_1_391' title='bbox 657 3827 922 3882; x_wconf 85' lang='lat' dir='ltr'><strong>nebantur</strong></span> <span class='ocrx_word' id='word_1_392' title='bbox 953 3826 1188 3896; x_wconf 64' lang='lat' dir='ltr'><strong>episcopi</strong></span> <span class='ocrx_word' id='word_1_393' title='bbox 1216 3824 1451 3881; x_wconf 82' lang='lat' dir='ltr'><strong>Africani</strong></span> <span class='ocrx_word' id='word_1_394' title='bbox 1479 3867 1493 3892; x_wconf 96' lang='lat'><strong>,</strong></span> <span class='ocrx_word' id='word_1_395' title='bbox 1540 3841 1661 3881; x_wconf 91' lang='lat' dir='ltr'><strong>cum</strong></span> <span class='ocrx_word' id='word_1_396' title='bbox 1705 3830 2008 3884; x_wconf 86' lang='lat' dir='ltr'><strong>econtrario</strong></span> <span class='ocrx_word' id='word_1_397' title='bbox 2045 3831 2249 3901; x_wconf 87' lang='lat' dir='ltr'><strong>gravis-</strong></span> 
     </span>
    </p>
   </div>
   <div class='ocr_carea' id='block_1_55' title="bbox 659 3916 2245 3985">
    <p class='ocr_par' dir='ltr' id='par_1_55' title="bbox 659 3916 2245 3985">
     <span class='ocr_line' id='line_1_55' title="bbox 659 3916 2245 3985; baseline 0.001 -12"><span class='ocrx_word' id='word_1_398' title='bbox 659 3916 799 3973; x_wconf 90' lang='lat' dir='ltr'><strong>sima</strong></span> <span class='ocrx_word' id='word_1_399' title='bbox 823 3917 959 3971; x_wconf 90' lang='lat' dir='ltr'><strong>inter</strong></span> <span class='ocrx_word' id='word_1_400' title='bbox 982 3917 1283 3970; x_wconf 80' lang='lat' dir='ltr'><strong>Romanum</strong></span> <span class='ocrx_word' id='word_1_401' title='bbox 1309 3917 1608 3985; x_wconf 86' lang='lat' dir='ltr'><strong>pontificem</strong></span> <span class='ocrx_word' id='word_1_402' title='bbox 1628 3926 1683 3973; x_wconf 90' lang='lat' dir='ltr'><strong>et</strong></span> <span class='ocrx_word' id='word_1_403' title='bbox 1709 3919 1958 3974; x_wconf 83' lang='lat' dir='ltr'><strong>Acacium</strong></span> <span class='ocrx_word' id='word_1_404' title='bbox 1980 3920 2245 3975; x_wconf 87' lang='lat' dir='ltr'><strong>Constan-</strong></span> 
     </span>
    </p>
   </div>
   <div class='ocr_carea' id='block_1_56' title="bbox 658 4006 2248 4081">
    <p class='ocr_par' dir='ltr' id='par_1_56' title="bbox 658 4006 2248 4081">
     <span class='ocr_line' id='line_1_56' title="bbox 658 4006 2248 4081; baseline 0.004 -19"><span class='ocrx_word' id='word_1_405' title='bbox 658 4006 1069 4076; x_wconf 87' lang='lat' dir='ltr'><strong>tinopolitanum</strong></span> <span class='ocrx_word' id='word_1_406' title='bbox 1102 4006 1493 4063; x_wconf 86' lang='lat' dir='ltr'><strong>intercederent</strong></span> <span class='ocrx_word' id='word_1_407' title='bbox 1521 4008 1769 4076; x_wconf 86' lang='lat' dir='ltr'><strong>dissidia,</strong></span> <span class='ocrx_word' id='word_1_408' title='bbox 1802 4026 1922 4081; x_wconf 72' lang='lat' dir='ltr'><strong>quas</strong></span> <span class='ocrx_word' id='word_1_409' title='bbox 1950 4014 2164 4068; x_wconf 86' lang='lat' dir='ltr'><strong>tandem</strong></span> <span class='ocrx_word' id='word_1_410' title='bbox 2193 4014 2248 4069; x_wconf 92' lang='lat' dir='ltr'><strong>in</strong></span> 
     </span>
    </p>
   </div>
   <div class='ocr_carea' id='block_1_57' title="bbox 608 4097 2245 4168">
    <p class='ocr_par' dir='ltr' id='par_1_57' title="bbox 608 4097 2245 4168">
     <span class='ocr_line' id='line_1_57' title="bbox 608 4097 2245 4168; baseline 0.003 -14"><span class='ocrx_word' id='word_1_411' title='bbox 608 4148 614 4154; x_wconf 89' lang='lat'><strong>.</strong></span> <span class='ocrx_word' id='word_1_412' title='bbox 659 4106 903 4167; x_wconf 85' lang='lat' dir='ltr'><strong>apertum</strong></span> <span class='ocrx_word' id='word_1_413' title='bbox 932 4097 1167 4155; x_wconf 88' lang='lat' dir='ltr'><strong>schisma</strong></span> <span class='ocrx_word' id='word_1_414' title='bbox 1204 4108 1517 4168; x_wconf 89' lang='lat' dir='ltr'><strong>eruperunt.</strong></span> <span class='ocrx_word' id='word_1_415' title='bbox 1564 4099 1728 4154; x_wconf 90' lang='lat' dir='ltr'><strong>Certe</strong></span> <span class='ocrx_word' id='word_1_416' title='bbox 1771 4102 1823 4155; x_wconf 91' lang='lat' dir='ltr'><strong>in</strong></span> <span class='ocrx_word' id='word_1_417' title='bbox 1855 4103 2083 4157; x_wconf 87' lang='lat' dir='ltr'><strong>concilio</strong></span> <span class='ocrx_word' id='word_1_418' title='bbox 2113 4104 2245 4159; x_wconf 85' lang='lat' dir='ltr'><strong>Car-</strong></span> 
     </span>
    </p>
   </div>
   <div class='ocr_carea' id='block_1_58' title="bbox 660 4186 2248 4260">
    <p class='ocr_par' dir='ltr' id='par_1_58' title="bbox 660 4186 2248 4260">
     <span class='ocr_line' id='line_1_58' title="bbox 660 4186 2248 4260; baseline 0.004 -14"><span class='ocrx_word' id='word_1_419' title='bbox 660 4189 959 4260; x_wconf 87' lang='lat' dir='ltr'><strong>thaginensi</strong></span> <span class='ocrx_word' id='word_1_420' title='bbox 1017 4189 1159 4258; x_wconf 90' lang='lat' dir='ltr'><strong>quod</strong></span> <span class='ocrx_word' id='word_1_421' title='bbox 1218 4191 1396 4245; x_wconf 86' lang='lat' dir='ltr'><strong>statim</strong></span> <span class='ocrx_word' id='word_1_422' title='bbox 1455 4186 1577 4260; x_wconf 83' lang='lat' dir='ltr'><strong>post</strong></span> <span class='ocrx_word' id='word_1_423' title='bbox 1630 4194 1934 4249; x_wconf 88' lang='lat' dir='ltr'><strong>restitutam</strong></span> <span class='ocrx_word' id='word_1_424' title='bbox 1993 4194 2248 4252; x_wconf 64' lang='lat' dir='ltr'><strong>Ecclesiae</strong></span> 
     </span>
    </p>
   </div>
   <div class='ocr_carea' id='block_1_59' title="bbox 658 4284 2246 4357">
    <p class='ocr_par' dir='ltr' id='par_1_59' title="bbox 658 4284 2246 4357">
     <span class='ocr_line' id='line_1_59' title="bbox 658 4284 2246 4357; baseline 0.001 -15"><span class='ocrx_word' id='word_1_425' title='bbox 658 4284 925 4342; x_wconf 70' lang='lat' dir='ltr'><strong>Africanas</strong></span> <span class='ocrx_word' id='word_1_426' title='bbox 968 4284 1269 4339; x_wconf 91' lang='lat' dir='ltr'><strong>libertatem</strong></span> <span class='ocrx_word' id='word_1_427' title='bbox 1317 4296 1705 4341; x_wconf 89' lang='lat' dir='ltr'><strong>convocaverat</strong></span> <span class='ocrx_word' id='word_1_428' title='bbox 1751 4287 2079 4357; x_wconf 81' lang='lat' dir='ltr'><strong>Reparatus,</strong></span> <span class='ocrx_word' id='word_1_429' title='bbox 2113 4304 2246 4345; x_wconf 91' lang='lat' dir='ltr'><strong>con-</strong></span> 
     </span>
    </p>
   </div>
   <div class='ocr_carea' id='block_1_60' title="bbox 658 4378 2247 4448">
    <p class='ocr_par' dir='ltr' id='par_1_60' title="bbox 658 4378 2247 4448">
     <span class='ocr_line' id='line_1_60' title="bbox 658 4378 2247 4448; baseline 0.003 -14"><span class='ocrx_word' id='word_1_430' title='bbox 658 4379 835 4434; x_wconf 86' lang='lat' dir='ltr'><strong>testati</strong></span> <span class='ocrx_word' id='word_1_431' title='bbox 868 4387 990 4433; x_wconf 88' lang='lat' dir='ltr'><strong>sunt</strong></span> <span class='ocrx_word' id='word_1_432' title='bbox 1018 4378 1259 4448; x_wconf 83' lang='lat' dir='ltr'><strong>ejusdem</strong></span> <span class='ocrx_word' id='word_1_433' title='bbox 1291 4378 1546 4436; x_wconf 82' lang='lat' dir='ltr'><strong>Ecclesiae</strong></span> <span class='ocrx_word' id='word_1_434' title='bbox 1586 4380 1771 4437; x_wconf 88' lang='lat' dir='ltr'><strong>Patres</strong></span> <span class='ocrx_word' id='word_1_435' title='bbox 1800 4396 1860 4438; x_wconf 89' lang='lat' dir='ltr'><strong>se</strong></span> <span class='ocrx_word' id='word_1_436' title='bbox 1888 4383 2018 4437; x_wconf 86' lang='lat' dir='ltr'><strong>nihil</strong></span> <span class='ocrx_word' id='word_1_437' title='bbox 2049 4384 2247 4440; x_wconf 89' lang='lat' dir='ltr'><strong>admis-</strong></span> 
     </span>
    </p>
   </div>
   <div class='ocr_carea' id='block_1_61' title="bbox 654 4469 2249 4547">
    <p class='ocr_par' dir='ltr' id='par_1_61' title="bbox 654 4469 2249 4547">
     <span class='ocr_line' id='line_1_61' title="bbox 654 4469 2249 4547; baseline 0.003 -22"><span class='ocrx_word' id='word_1_438' title='bbox 654 4483 831 4536; x_wconf 82' lang='lat' dir='ltr'><strong>suros,</strong></span> <span class='ocrx_word' id='word_1_439' title='bbox 860 4471 956 4523; x_wconf 89' lang='lat' dir='ltr'><strong>nisi</strong></span> <span class='ocrx_word' id='word_1_440' title='bbox 984 4472 1323 4539; x_wconf 84' lang='lat' dir='ltr'><strong>consuetudo,</strong></span> <span class='ocrx_word' id='word_1_441' title='bbox 1359 4477 1448 4525; x_wconf 89' lang='lat' dir='ltr'><strong>aut</strong></span> <span class='ocrx_word' id='word_1_442' title='bbox 1476 4469 1718 4527; x_wconf 68' lang='lat' dir='ltr'><strong>Ecclesia</strong></span> <span class='ocrx_word' id='word_1_443' title='bbox 1749 4475 1995 4530; x_wconf 69' lang='lat' dir='ltr'><strong>Romanis</strong></span> <span class='ocrx_word' id='word_1_444' title='bbox 2020 4477 2249 4547; x_wconf 80' lang='lat' dir='ltr'><strong>deﬁnitio</strong></span> 
     </span>
    </p>
   </div>
   <div class='ocr_carea' id='block_1_62' title="bbox 655 4561 2244 4634">
    <p class='ocr_par' dir='ltr' id='par_1_62' title="bbox 655 4561 2244 4634">
     <span class='ocr_line' id='line_1_62' title="bbox 655 4561 2244 4634; baseline 0.007 -20"><span class='ocrx_word' id='word_1_445' title='bbox 655 4561 977 4634; x_wconf 82' lang='lat' dir='ltr'><strong>proderetur.</strong></span> <span class='ocrx_word' id='word_1_446' title='bbox 1007 4562 1126 4617; x_wconf 85' lang='lat' dir='ltr'><strong>Jam</strong></span> <span class='ocrx_word' id='word_1_447' title='bbox 1155 4561 1309 4617; x_wconf 87' lang='lat' dir='ltr'><strong>initio</strong></span> <span class='ocrx_word' id='word_1_448' title='bbox 1333 4563 1633 4634; x_wconf 84' lang='lat' dir='ltr'><strong>tyrannidis</strong></span> <span class='ocrx_word' id='word_1_449' title='bbox 1663 4563 1965 4621; x_wconf 67' lang='lat' dir='ltr'><strong>Vandalicas</strong></span> <span class='ocrx_word' id='word_1_450' title='bbox 1994 4568 2045 4621; x_wconf 91' lang='lat' dir='ltr'><strong>in</strong></span> <span class='ocrx_word' id='word_1_451' title='bbox 2070 4567 2244 4625; x_wconf 89' lang='lat' dir='ltr'><strong>Africa</strong></span> 
     </span>
    </p>
   </div>
   <div class='ocr_carea' id='block_1_63' title="bbox 652 4654 2241 4728">
    <p class='ocr_par' dir='ltr' id='par_1_63' title="bbox 652 4654 2241 4728">
     <span class='ocr_line' id='line_1_63' title="bbox 652 4654 2241 4728; baseline 0.003 -17"><span class='ocrx_word' id='word_1_452' title='bbox 652 4654 949 4725; x_wconf 89' lang='lat' dir='ltr'><strong>Capreolus</strong></span> <span class='ocrx_word' id='word_1_453' title='bbox 972 4654 1409 4726; x_wconf 86' lang='lat' dir='ltr'><strong>Carthaginensis</strong></span> <span class='ocrx_word' id='word_1_454' title='bbox 1450 4657 1673 4713; x_wconf 87' lang='lat' dir='ltr'><strong>antistes</strong></span> <span class='ocrx_word' id='word_1_455' title='bbox 1700 4656 1753 4712; x_wconf 91' lang='lat' dir='ltr'><strong>in</strong></span> <span class='ocrx_word' id='word_1_456' title='bbox 1783 4657 2009 4728; x_wconf 89' lang='lat' dir='ltr'><strong>epistola</strong></span> <span class='ocrx_word' id='word_1_457' title='bbox 2040 4660 2105 4713; x_wconf 91' lang='lat' dir='ltr'><strong>ad</strong></span> <span class='ocrx_word' id='word_1_458' title='bbox 2138 4658 2241 4715; x_wconf 87' lang='lat' dir='ltr'><strong>Pa-</strong></span> 
     </span>
    </p>
   </div>
   <div class='ocr_carea' id='block_1_64' title="bbox 655 4745 2241 4821">
    <p class='ocr_par' dir='ltr' id='par_1_64' title="bbox 655 4745 2241 4821">
     <span class='ocr_line' id='line_1_64' title="bbox 655 4745 2241 4821; baseline 0.004 -20"><span class='ocrx_word' id='word_1_459' title='bbox 655 4752 765 4801; x_wconf 92' lang='lat' dir='ltr'><strong>tres</strong></span> <span class='ocrx_word' id='word_1_460' title='bbox 793 4745 1003 4801; x_wconf 88' lang='lat' dir='ltr'><strong>concilii</strong></span> <span class='ocrx_word' id='word_1_461' title='bbox 1034 4745 1290 4817; x_wconf 83' lang='lat' dir='ltr'><strong>presini</strong></span> <span class='ocrx_word' id='word_1_462' title='bbox 1317 4760 1411 4803; x_wconf 89' lang='lat' dir='ltr'><strong>eos</strong></span> <span class='ocrx_word' id='word_1_463' title='bbox 1445 4747 1759 4804; x_wconf 88' lang='lat' dir='ltr'><strong>adhortatur</strong></span> <span class='ocrx_word' id='word_1_464' title='bbox 1784 4758 1842 4804; x_wconf 91' lang='lat' dir='ltr'><strong>ut</strong></span> <span class='ocrx_word' id='word_1_465' title='bbox 1867 4764 2080 4806; x_wconf 88' lang='lat' dir='ltr'><strong>errores</strong></span> <span class='ocrx_word' id='word_1_466' title='bbox 2105 4767 2241 4821; x_wconf 87' lang='lat' dir='ltr'><strong>quos</strong></span> 
     </span>
    </p>
   </div>
   <div class='ocr_carea' id='block_1_65' title="bbox 649 4837 2241 4909">
    <p class='ocr_par' dir='ltr' id='par_1_65' title="bbox 649 4837 2241 4909">
     <span class='ocr_line' id='line_1_65' title="bbox 649 4837 2241 4909; baseline 0.004 -17"><span class='ocrx_word' id='word_1_467' title='bbox 649 4837 1034 4909; x_wconf 86' lang='lat' dir='ltr'><strong>repullulautes</strong></span> <span class='ocrx_word' id='word_1_468' title='bbox 1055 4839 1363 4907; x_wconf 64' lang='lat' dir='ltr'><strong>apostolicae</strong></span> <span class='ocrx_word' id='word_1_469' title='bbox 1381 4840 1527 4895; x_wconf 88' lang='lat' dir='ltr'><strong>sedis</strong></span> <span class='ocrx_word' id='word_1_470' title='bbox 1546 4840 1857 4909; x_wconf 87' lang='lat' dir='ltr'><strong>auctoritas,</strong></span> <span class='ocrx_word' id='word_1_471' title='bbox 1875 4842 2241 4899; x_wconf 88' lang='lat' dir='ltr'><strong>sacerdotum-</strong></span> 
     </span>
    </p>
   </div>
   <div class='ocr_carea' id='block_1_66' title="bbox 650 4930 2236 5005">
    <p class='ocr_par' dir='ltr' id='par_1_66' title="bbox 650 4930 2236 5005">
     <span class='ocr_line' id='line_1_66' title="bbox 650 4930 2236 5005; baseline 0.004 -20"><span class='ocrx_word' id='word_1_472' title='bbox 650 4944 756 5000; x_wconf 89' lang='lat' dir='ltr'><strong>que</strong></span> <span class='ocrx_word' id='word_1_473' title='bbox 788 4930 845 4984; x_wconf 90' lang='lat' dir='ltr'><strong>in</strong></span> <span class='ocrx_word' id='word_1_474' title='bbox 882 4945 1045 4984; x_wconf 89' lang='lat' dir='ltr'><strong>unum</strong></span> <span class='ocrx_word' id='word_1_475' title='bbox 1086 4944 1391 4987; x_wconf 89' lang='lat' dir='ltr'><strong>consonans</strong></span> <span class='ocrx_word' id='word_1_476' title='bbox 1428 4934 1696 4989; x_wconf 86' lang='lat' dir='ltr'><strong>sententia</strong></span> <span class='ocrx_word' id='word_1_477' title='bbox 1738 4945 2118 5005; x_wconf 82' lang='lat' dir='ltr'><strong>oppresserat,</strong></span> <span class='ocrx_word' id='word_1_478' title='bbox 2159 4953 2236 4991; x_wconf 80' lang='lat' dir='ltr'><strong>se-</strong></span> 
     </span>
    </p>
   </div>
   <div class='ocr_carea' id='block_1_67' title="bbox 650 5020 2235 5099">
    <p class='ocr_par' dir='ltr' id='par_1_67' title="bbox 650 5020 2235 5099">
     <span class='ocr_line' id='line_1_67' title="bbox 650 5020 2235 5099; baseline 0.007 -27"><span class='ocrx_word' id='word_1_479' title='bbox 650 5021 818 5075; x_wconf 81' lang='lat' dir='ltr'><strong>eundo</strong></span> <span class='ocrx_word' id='word_1_480' title='bbox 846 5020 1189 5091; x_wconf 85' lang='lat' dir='ltr'><strong>disputatione</strong></span> <span class='ocrx_word' id='word_1_481' title='bbox 1232 5035 1340 5077; x_wconf 91' lang='lat' dir='ltr'><strong>non</strong></span> <span class='ocrx_word' id='word_1_482' title='bbox 1370 5023 1591 5093; x_wconf 86' lang='lat' dir='ltr'><strong>agitent.</strong></span> <span class='ocrx_word' id='word_1_483' title='bbox 1642 5025 1704 5079; x_wconf 85' lang='lat' dir='ltr'><strong>Et</strong></span> <span class='ocrx_word' id='word_1_484' title='bbox 1732 5027 1946 5095; x_wconf 90' lang='lat' dir='ltr'><strong>quidem</strong></span> <span class='ocrx_word' id='word_1_485' title='bbox 1976 5029 2235 5099; x_wconf 85' lang='lat' dir='ltr'><strong>Byzaceni</strong></span> 
     </span>
    </p>
   </div>
   <div class='ocr_carea' id='block_1_68' title="bbox 652 5111 2234 5179">
    <p class='ocr_par' dir='ltr' id='par_1_68' title="bbox 652 5111 2234 5179">
     <span class='ocr_line' id='line_1_68' title="bbox 652 5111 2234 5179; baseline 0.007 -15"><span class='ocrx_word' id='word_1_486' title='bbox 652 5118 830 5179; x_wconf 86' lang='lat' dir='ltr'><strong>patres</strong></span> <span class='ocrx_word' id='word_1_487' title='bbox 872 5112 926 5166; x_wconf 93' lang='lat' dir='ltr'><strong>in</strong></span> <span class='ocrx_word' id='word_1_488' title='bbox 964 5111 1210 5168; x_wconf 84' lang='lat' dir='ltr'><strong>Sardinia</strong></span> <span class='ocrx_word' id='word_1_489' title='bbox 1251 5111 1467 5168; x_wconf 86' lang='lat' dir='ltr'><strong>exsules</strong></span> <span class='ocrx_word' id='word_1_490' title='bbox 1502 5129 1531 5166; x_wconf 89' lang='lat' dir='ltr'><strong>a</strong></span> <span class='ocrx_word' id='word_1_491' title='bbox 1571 5113 1779 5171; x_wconf 85' lang='lat' dir='ltr'><strong>Joanne</strong></span> <span class='ocrx_word' id='word_1_492' title='bbox 1805 5125 1861 5171; x_wconf 90' lang='lat' dir='ltr'><strong>et</strong></span> <span class='ocrx_word' id='word_1_493' title='bbox 1892 5116 2121 5173; x_wconf 88' lang='lat' dir='ltr'><strong>Venerio</strong></span> <span class='ocrx_word' id='word_1_494' title='bbox 2150 5120 2234 5174; x_wconf 91' lang='lat' dir='ltr'><strong>in-</strong></span> 
     </span>
    </p>
   </div>
   <div class='ocr_carea' id='block_1_69' title="bbox 653 5202 2239 5275">
    <p class='ocr_par' dir='ltr' id='par_1_69' title="bbox 653 5202 2239 5275">
     <span class='ocr_line' id='line_1_69' title="bbox 653 5202 2239 5275; baseline 0.008 -20"><span class='ocrx_word' id='word_1_495' title='bbox 653 5204 906 5272; x_wconf 88' lang='lat' dir='ltr'><strong>terrogati</strong></span> <span class='ocrx_word' id='word_1_496' title='bbox 931 5203 1060 5275; x_wconf 90' lang='lat' dir='ltr'><strong>quid</strong></span> <span class='ocrx_word' id='word_1_497' title='bbox 1088 5202 1159 5258; x_wconf 91' lang='lat' dir='ltr'><strong>de</strong></span> <span class='ocrx_word' id='word_1_498' title='bbox 1183 5204 1356 5274; x_wconf 89' lang='lat' dir='ltr'><strong>gratia</strong></span> <span class='ocrx_word' id='word_1_499' title='bbox 1385 5212 1440 5259; x_wconf 92' lang='lat' dir='ltr'><strong>et</strong></span> <span class='ocrx_word' id='word_1_500' title='bbox 1466 5203 1636 5260; x_wconf 89' lang='lat' dir='ltr'><strong>libero</strong></span> <span class='ocrx_word' id='word_1_501' title='bbox 1660 5206 1883 5263; x_wconf 89' lang='lat' dir='ltr'><strong>arbitrio</strong></span> <span class='ocrx_word' id='word_1_502' title='bbox 1910 5211 1979 5263; x_wconf 89' lang='lat' dir='ltr'><strong>sit</strong></span> <span class='ocrx_word' id='word_1_503' title='bbox 2004 5212 2239 5266; x_wconf 88' lang='lat' dir='ltr'><strong>sentien-</strong></span> 
     </span>
    </p>
   </div>
   <div class='ocr_carea' id='block_1_70' title="bbox 652 5291 2232 5372">
    <p class='ocr_par' dir='ltr' id='par_1_70' title="bbox 652 5291 2232 5372">
     <span class='ocr_line' id='line_1_70' title="bbox 652 5291 2232 5372; baseline 0.008 -26"><span class='ocrx_word' id='word_1_504' title='bbox 652 5291 779 5347; x_wconf 85' lang='lat' dir='ltr'><strong>dum</strong></span> <span class='ocrx_word' id='word_1_505' title='bbox 805 5332 820 5358; x_wconf 93' lang='lat'><strong>,</strong></span> <span class='ocrx_word' id='word_1_506' title='bbox 850 5293 903 5347; x_wconf 89' lang='lat' dir='ltr'><strong>id</strong></span> <span class='ocrx_word' id='word_1_507' title='bbox 932 5295 1247 5352; x_wconf 87' lang='lat' dir='ltr'><strong>discendum</strong></span> <span class='ocrx_word' id='word_1_508' title='bbox 1294 5310 1416 5352; x_wconf 89' lang='lat' dir='ltr'><strong>esse</strong></span> <span class='ocrx_word' id='word_1_509' title='bbox 1462 5299 1785 5367; x_wconf 89' lang='lat' dir='ltr'><strong>respondent</strong></span> <span class='ocrx_word' id='word_1_510' title='bbox 1814 5315 1878 5355; x_wconf 79' lang='lat' dir='ltr'><strong>ex</strong></span> <span class='ocrx_word' id='word_1_511' title='bbox 1909 5302 2153 5372; x_wconf 84' lang='lat' dir='ltr'><strong>capitulis</strong></span> <span class='ocrx_word' id='word_1_512' title='bbox 2182 5306 2232 5358; x_wconf 92' lang='lat' dir='ltr'><strong>in</strong></span> 
     </span>
    </p>
   </div>
   <div class='ocr_carea' id='block_1_71' title="bbox 650 5383 2232 5466">
    <p class='ocr_par' dir='ltr' id='par_1_71' title="bbox 650 5383 2232 5466">
     <span class='ocr_line' id='line_1_71' title="bbox 650 5383 2232 5466; baseline 0.008 -29"><span class='ocrx_word' id='word_1_513' title='bbox 650 5383 843 5454; x_wconf 88' lang='lat' dir='ltr'><strong>quibus</strong></span> <span class='ocrx_word' id='word_1_514' title='bbox 883 5389 1183 5443; x_wconf 85' lang='lat' dir='ltr'><strong>continetur</strong></span> <span class='ocrx_word' id='word_1_515' title='bbox 1226 5389 1351 5458; x_wconf 85' lang='lat' dir='ltr'><strong>quid</strong></span> <span class='ocrx_word' id='word_1_516' title='bbox 1404 5389 1661 5456; x_wconf 73' lang='lat' dir='ltr'><strong>Romana,</strong></span> <span class='ocrx_word' id='word_1_517' title='bbox 1705 5391 1798 5447; x_wconf 80' lang='lat' dir='ltr'><strong>hoc</strong></span> <span class='ocrx_word' id='word_1_518' title='bbox 1840 5402 1915 5448; x_wconf 86' lang='lat' dir='ltr'><strong>est</strong></span> <span class='ocrx_word' id='word_1_519' title='bbox 1958 5394 2232 5466; x_wconf 82' lang='lat' dir='ltr'><strong>catholica,</strong></span> 
     </span>
    </p>
   </div>
   <div class='ocr_carea' id='block_1_72' title="bbox 649 5480 2231 5553">
    <p class='ocr_par' dir='ltr' id='par_1_72' title="bbox 649 5480 2231 5553">
     <span class='ocr_line' id='line_1_72' title="bbox 649 5480 2231 5553; baseline 0.009 -26"><span class='ocrx_word' id='word_1_520' title='bbox 649 5483 890 5546; x_wconf 77' lang='lat' dir='ltr'><strong>sequatur</strong></span> <span class='ocrx_word' id='word_1_521' title='bbox 916 5484 961 5530; x_wconf 90' lang='lat' dir='ltr'><strong>et</strong></span> <span class='ocrx_word' id='word_1_522' title='bbox 989 5489 1146 5533; x_wconf 79' lang='lat' dir='ltr'><strong>smel</strong></span> <span class='ocrx_word' id='word_1_523' title='bbox 1170 5480 1418 5536; x_wconf 83' lang='lat' dir='ltr'><strong>Ecclesia.</strong></span> <span class='ocrx_word' id='word_1_524' title='bbox 1449 5482 1552 5539; x_wconf 84' lang='lat' dir='ltr'><strong>Sed</strong></span> <span class='ocrx_word' id='word_1_525' title='bbox 1582 5484 1750 5553; x_wconf 84' lang='lat' dir='ltr'><strong>magis</strong></span> <span class='ocrx_word' id='word_1_526' title='bbox 1773 5485 1838 5539; x_wconf 91' lang='lat' dir='ltr'><strong>ad</strong></span> <span class='ocrx_word' id='word_1_527' title='bbox 1862 5500 1976 5540; x_wconf 88' lang='lat' dir='ltr'><strong>rem</strong></span> <span class='ocrx_word' id='word_1_528' title='bbox 1997 5496 2231 5541; x_wconf 78' lang='lat' dir='ltr'><strong>nosmm</strong></span> 
     </span>
    </p>
   </div>
   <div class='ocr_carea' id='block_1_73' title="bbox 650 5566 2233 5649">
    <p class='ocr_par' dir='ltr' id='par_1_73' title="bbox 650 5566 2233 5649">
     <span class='ocr_line' id='line_1_73' title="bbox 650 5566 2233 5649; baseline 0.008 -26"><span class='ocrx_word' id='word_1_529' title='bbox 650 5566 777 5624; x_wconf 86' lang='lat' dir='ltr'><strong>facit</strong></span> <span class='ocrx_word' id='word_1_530' title='bbox 801 5569 942 5639; x_wconf 91' lang='lat' dir='ltr'><strong>quod</strong></span> <span class='ocrx_word' id='word_1_531' title='bbox 972 5579 1155 5626; x_wconf 89' lang='lat' dir='ltr'><strong>auctor</strong></span> <span class='ocrx_word' id='word_1_532' title='bbox 1183 5574 1320 5630; x_wconf 66' lang='lat' dir='ltr'><strong>Vitae</strong></span> <span class='ocrx_word' id='word_1_533' title='bbox 1348 5579 1517 5632; x_wconf 88' lang='lat' dir='ltr'><strong>sancti</strong></span> <span class='ocrx_word' id='word_1_534' title='bbox 1550 5578 1816 5649; x_wconf 81' lang='lat' dir='ltr'><strong>Fulgentii</strong></span> <span class='ocrx_word' id='word_1_535' title='bbox 1854 5589 2032 5635; x_wconf 87' lang='lat' dir='ltr'><strong>narrat</strong></span> <span class='ocrx_word' id='word_1_536' title='bbox 2061 5581 2233 5649; x_wconf 89' lang='lat' dir='ltr'><strong>capite</strong></span> 
     </span>
    </p>
   </div>
   <div class='ocr_carea' id='block_1_74' title="bbox 650 5662 2232 5741">
    <p class='ocr_par' dir='ltr' id='par_1_74' title="bbox 650 5662 2232 5741">
     <span class='ocr_line' id='line_1_74' title="bbox 650 5662 2232 5741; baseline 0.006 -23"><span class='ocrx_word' id='word_1_537' title='bbox 650 5662 721 5718; x_wconf 75' lang='grc'><strong>12</strong></span> <span class='ocrx_word' id='word_1_538' title='bbox 746 5670 802 5717; x_wconf 89' lang='lat' dir='ltr'><strong>et</strong></span> <span class='ocrx_word' id='word_1_539' title='bbox 835 5663 938 5727; x_wconf 74' lang='lat'><strong>13;</strong></span> <span class='ocrx_word' id='word_1_540' title='bbox 987 5679 1181 5733; x_wconf 89' lang='lat' dir='ltr'><strong>nempe</strong></span> <span class='ocrx_word' id='word_1_541' title='bbox 1208 5682 1327 5721; x_wconf 87' lang='lat' dir='ltr'><strong>cum</strong></span> <span class='ocrx_word' id='word_1_542' title='bbox 1358 5668 1498 5725; x_wconf 89' lang='lat' dir='ltr'><strong>idem</strong></span> <span class='ocrx_word' id='word_1_543' title='bbox 1542 5671 1851 5741; x_wconf 82' lang='lat' dir='ltr'><strong>Fulgentius</strong></span> <span class='ocrx_word' id='word_1_544' title='bbox 1890 5673 1956 5723; x_wconf 86' lang='lat' dir='ltr'><strong>ad</strong></span> <span class='ocrx_word' id='word_1_545' title='bbox 2000 5672 2232 5727; x_wconf 75' lang='lat' dir='ltr'><strong>ultimam</strong></span> 
     </span>
    </p>
   </div>
   <div class='ocr_carea' id='block_1_75' title="bbox 626 5753 2232 5834">
    <p class='ocr_par' dir='ltr' id='par_1_75' title="bbox 626 5753 2232 5834">
     <span class='ocr_line' id='line_1_75' title="bbox 626 5753 2232 5834; baseline 0.007 -25"><span class='ocrx_word' id='word_1_546' title='bbox 626 5753 923 5811; x_wconf 68' lang='lat' dir='ltr'><strong>Thebaida:</strong></span> <span class='ocrx_word' id='word_1_547' title='bbox 950 5757 1171 5827; x_wconf 87' lang='lat' dir='ltr'><strong>regionis</strong></span> <span class='ocrx_word' id='word_1_548' title='bbox 1202 5774 1421 5814; x_wconf 82' lang='lat' dir='ltr'><strong>cremant</strong></span> <span class='ocrx_word' id='word_1_549' title='bbox 1453 5777 1672 5834; x_wconf 87' lang='lat' dir='ltr'><strong>pergere</strong></span> <span class='ocrx_word' id='word_1_550' title='bbox 1700 5764 1881 5819; x_wconf 89' lang='lat' dir='ltr'><strong>animo</strong></span> <span class='ocrx_word' id='word_1_551' title='bbox 1911 5764 2232 5820; x_wconf 82' lang='lat' dir='ltr'><strong>destinasset</strong></span> 
     </span>
    </p>
   </div>
   <div class='ocr_carea' id='block_1_76' title="bbox 644 5846 2227 5928">
    <p class='ocr_par' dir='ltr' id='par_1_76' title="bbox 644 5846 2227 5928">
     <span class='ocr_line' id='line_1_76' title="bbox 644 5846 2227 5928; baseline 0.004 -21"><span class='ocrx_word' id='word_1_552' title='bbox 644 5846 770 5907; x_wconf 70' lang='lat' dir='ltr'><strong>Vitae</strong></span> <span class='ocrx_word' id='word_1_553' title='bbox 802 5846 1141 5918; x_wconf 76' lang='lat' dir='ltr'><strong>perfectionis</strong></span> <span class='ocrx_word' id='word_1_554' title='bbox 1166 5848 1434 5906; x_wconf 87' lang='lat' dir='ltr'><strong>desiderio</strong></span> <span class='ocrx_word' id='word_1_555' title='bbox 1457 5894 1472 5919; x_wconf 92' lang='lat'><strong>,</strong></span> <span class='ocrx_word' id='word_1_556' title='bbox 1527 5854 1787 5911; x_wconf 85' lang='lat' dir='ltr'><strong>Eulalium</strong></span> <span class='ocrx_word' id='word_1_557' title='bbox 1834 5855 2227 5928; x_wconf 86' lang='lat' dir='ltr'><strong>Syracusanum</strong></span> 
     </span>
    </p>
   </div>
   <div class='ocr_carea' id='block_1_77' title="bbox 2344 1955 3919 2028">
    <p class='ocr_par' dir='ltr' id='par_1_77' title="bbox 2344 1955 3919 2028">
     <span class='ocr_line' id='line_1_77' title="bbox 2344 1955 3919 2028; baseline 0.001 -16"><span class='ocrx_word' id='word_1_558' title='bbox 2344 1955 2616 2014; x_wconf 85' lang='lat' dir='ltr'><strong>Hunerico</strong></span> <span class='ocrx_word' id='word_1_559' title='bbox 2664 1958 3096 2028; x_wconf 87' lang='lat' dir='ltr'><strong>persecutionem</strong></span> <span class='ocrx_word' id='word_1_560' title='bbox 3140 1958 3398 2014; x_wconf 88' lang='lat' dir='ltr'><strong>adversus</strong></span> <span class='ocrx_word' id='word_1_561' title='bbox 3442 1958 3741 2014; x_wconf 84' lang='lat' dir='ltr'><strong>catholicos</strong></span> <span class='ocrx_word' id='word_1_562' title='bbox 3784 1974 3919 2015; x_wconf 81' lang='lat' dir='ltr'><strong>com-</strong></span> 
     </span>
    </p>
   </div>
   <div class='ocr_carea' id='block_1_78' title="bbox 2344 2049 3919 2118">
    <p class='ocr_par' dir='ltr' id='par_1_78' title="bbox 2344 2049 3919 2118">
     <span class='ocr_line' id='line_1_78' title="bbox 2344 2049 3919 2118; baseline 0 -12"><span class='ocrx_word' id='word_1_563' title='bbox 2344 2059 2543 2106; x_wconf 89' lang='lat' dir='ltr'><strong>motam</strong></span> <span class='ocrx_word' id='word_1_564' title='bbox 2576 2049 2741 2107; x_wconf 87' lang='lat' dir='ltr'><strong>fuisse</strong></span> <span class='ocrx_word' id='word_1_565' title='bbox 2769 2050 2970 2109; x_wconf 88' lang='lat' dir='ltr'><strong>diserte</strong></span> <span class='ocrx_word' id='word_1_566' title='bbox 3007 2049 3168 2105; x_wconf 90' lang='lat' dir='ltr'><strong>tradit</strong></span> <span class='ocrx_word' id='word_1_567' title='bbox 3196 2049 3400 2117; x_wconf 84' lang='lat' dir='ltr'><strong>Victor,</strong></span> <span class='ocrx_word' id='word_1_568' title='bbox 3427 2050 3767 2118; x_wconf 87' lang='lat' dir='ltr'><strong>potissimum</strong></span> <span class='ocrx_word' id='word_1_569' title='bbox 3803 2052 3919 2107; x_wconf 88' lang='lat' dir='ltr'><strong>libro</strong></span> 
     </span>
    </p>
   </div>
   <div class='ocr_carea' id='block_1_79' title="bbox 2344 2141 3920 2216">
    <p class='ocr_par' dir='ltr' id='par_1_79' title="bbox 2344 2141 3920 2216">
     <span class='ocr_line' id='line_1_79' title="bbox 2344 2141 3920 2216; baseline 0 -17"><span class='ocrx_word' id='word_1_570' title='bbox 2344 2158 2399 2209; x_wconf 77' lang='grc' dir='ltr'><strong>ν,</strong></span> <span class='ocrx_word' id='word_1_571' title='bbox 2428 2158 2587 2214; x_wconf 90' lang='lat' dir='ltr'><strong>quam</strong></span> <span class='ocrx_word' id='word_1_572' title='bbox 2617 2142 2823 2198; x_wconf 86' lang='lat' dir='ltr'><strong>cladem</strong></span> <span class='ocrx_word' id='word_1_573' title='bbox 2854 2142 2922 2205; x_wconf 86' lang='lat' dir='ltr'><strong>ad</strong></span> <span class='ocrx_word' id='word_1_574' title='bbox 2946 2150 3160 2199; x_wconf 86' lang='lat' dir='ltr'><strong>exteras</strong></span> <span class='ocrx_word' id='word_1_575' title='bbox 3187 2143 3349 2198; x_wconf 89' lang='lat' dir='ltr'><strong>etiam</strong></span> <span class='ocrx_word' id='word_1_576' title='bbox 3376 2141 3624 2198; x_wconf 82' lang='lat' dir='ltr'><strong>nationes</strong></span> <span class='ocrx_word' id='word_1_577' title='bbox 3652 2143 3920 2216; x_wconf 84' lang='lat' dir='ltr'><strong>pertigisse</strong></span> 
     </span>
    </p>
   </div>
   <div class='ocr_carea' id='block_1_80' title="bbox 2347 2232 3922 2306">
    <p class='ocr_par' dir='ltr' id='par_1_80' title="bbox 2347 2232 3922 2306">
     <span class='ocr_line' id='line_1_80' title="bbox 2347 2232 3922 2306; baseline -0.001 -15"><span class='ocrx_word' id='word_1_578' title='bbox 2347 2232 2623 2293; x_wconf 87' lang='lat' dir='ltr'><strong>Genserici</strong></span> <span class='ocrx_word' id='word_1_579' title='bbox 2655 2234 2984 2306; x_wconf 86' lang='lat' dir='ltr'><strong>temporibus</strong></span> <span class='ocrx_word' id='word_1_580' title='bbox 3012 2249 3078 2292; x_wconf 82' lang='lat' dir='ltr'><strong>ex</strong></span> <span class='ocrx_word' id='word_1_581' title='bbox 3104 2235 3292 2291; x_wconf 90' lang='lat' dir='ltr'><strong>eodem</strong></span> <span class='ocrx_word' id='word_1_582' title='bbox 3315 2242 3537 2291; x_wconf 87' lang='lat' dir='ltr'><strong>auctore</strong></span> <span class='ocrx_word' id='word_1_583' title='bbox 3564 2244 3816 2304; x_wconf 79' lang='lat' dir='ltr'><strong>constat,</strong></span> <span class='ocrx_word' id='word_1_584' title='bbox 3844 2234 3922 2306; x_wconf 90' lang='lat' dir='ltr'><strong>qui</strong></span> 
     </span>
    </p>
   </div>
   <div class='ocr_carea' id='block_1_81' title="bbox 2344 2327 3922 2399">
    <p class='ocr_par' dir='ltr' id='par_1_81' title="bbox 2344 2327 3922 2399">
     <span class='ocr_line' id='line_1_81' title="bbox 2344 2327 3922 2399; baseline -0.001 -14"><span class='ocrx_word' id='word_1_585' title='bbox 2344 2328 2446 2385; x_wconf 86' lang='lat' dir='ltr'><strong>sub</strong></span> <span class='ocrx_word' id='word_1_586' title='bbox 2485 2329 2608 2386; x_wconf 87' lang='lat' dir='ltr'><strong>libri</strong></span> <span class='ocrx_word' id='word_1_587' title='bbox 2649 2328 2808 2399; x_wconf 90' lang='lat' dir='ltr'><strong>primi</strong></span> <span class='ocrx_word' id='word_1_588' title='bbox 2848 2329 3010 2385; x_wconf 86' lang='lat' dir='ltr'><strong>ﬁnem</strong></span> <span class='ocrx_word' id='word_1_589' title='bbox 3057 2327 3314 2388; x_wconf 91' lang='lat' dir='ltr'><strong>tredecim</strong></span> <span class='ocrx_word' id='word_1_590' title='bbox 3364 2328 3586 2385; x_wconf 89' lang='lat' dir='ltr'><strong>omnino</strong></span> <span class='ocrx_word' id='word_1_591' title='bbox 3630 2329 3922 2398; x_wconf 83' lang='lat' dir='ltr'><strong>provincias</strong></span> 
     </span>
    </p>
   </div>
   <div class='ocr_carea' id='block_1_82' title="bbox 2344 2420 3925 2494">
    <p class='ocr_par' dir='ltr' id='par_1_82' title="bbox 2344 2420 3925 2494">
     <span class='ocr_line' id='line_1_82' title="bbox 2344 2420 3925 2494; baseline 0.001 -17"><span class='ocrx_word' id='word_1_592' title='bbox 2344 2430 2495 2477; x_wconf 84' lang='lat' dir='ltr'><strong>extra</strong></span> <span class='ocrx_word' id='word_1_593' title='bbox 2517 2420 2753 2478; x_wconf 76' lang='lat' dir='ltr'><strong>Africam</strong></span> <span class='ocrx_word' id='word_1_594' title='bbox 2778 2432 3021 2480; x_wconf 86' lang='lat' dir='ltr'><strong>recenset</strong></span> <span class='ocrx_word' id='word_1_595' title='bbox 3050 2437 3168 2494; x_wconf 59' lang='lat' dir='ltr'><strong>qua</strong></span> <span class='ocrx_word' id='word_1_596' title='bbox 3188 2422 3303 2478; x_wconf 91' lang='lat' dir='ltr'><strong>dira</strong></span> <span class='ocrx_word' id='word_1_597' title='bbox 3328 2420 3598 2492; x_wconf 87' lang='lat' dir='ltr'><strong>ejusmodi</strong></span> <span class='ocrx_word' id='word_1_598' title='bbox 3621 2430 3925 2494; x_wconf 79' lang='lat' dir='ltr'><strong>tempestate</strong></span> 
     </span>
    </p>
   </div>
   <div class='ocr_carea' id='block_1_83' title="bbox 2343 2515 2879 2585">
    <p class='ocr_par' dir='ltr' id='par_1_83' title="bbox 2343 2515 2879 2585">
     <span class='ocr_line' id='line_1_83' title="bbox 2343 2515 2879 2585; baseline 0 -14"><span class='ocrx_word' id='word_1_599' title='bbox 2343 2517 2624 2585; x_wconf 65' lang='lat' dir='ltr'><strong>exagitata</strong></span> <span class='ocrx_word' id='word_1_600' title='bbox 2652 2515 2879 2572; x_wconf 80' lang='lat' dir='ltr'><strong>fuerant.</strong></span> 
     </span>
    </p>
   </div>
   <div class='ocr_carea' id='block_1_84' title="bbox 2420 2605 3921 2679">
    <p class='ocr_par' dir='ltr' id='par_1_84' title="bbox 2420 2605 3921 2679">
     <span class='ocr_line' id='line_1_84' title="bbox 2420 2605 3921 2679; baseline 0.002 -18"><span class='ocrx_word' id='word_1_601' title='bbox 2420 2605 2510 2663; x_wconf 82' lang='lat' dir='ltr'><strong>XI.</strong></span> <span class='ocrx_word' id='word_1_602' title='bbox 2555 2607 2707 2677; x_wconf 87' lang='lat' dir='ltr'><strong>Quod</strong></span> <span class='ocrx_word' id='word_1_603' title='bbox 2754 2609 2946 2664; x_wconf 89' lang='lat' dir='ltr'><strong>attinet</strong></span> <span class='ocrx_word' id='word_1_604' title='bbox 2989 2608 3059 2664; x_wconf 87' lang='lat' dir='ltr'><strong>ad</strong></span> <span class='ocrx_word' id='word_1_605' title='bbox 3104 2607 3264 2679; x_wconf 89' lang='lat' dir='ltr'><strong>hujus</strong></span> <span class='ocrx_word' id='word_1_606' title='bbox 3302 2608 3556 2669; x_wconf 80' lang='lat' dir='ltr'><strong>Historiae</strong></span> <span class='ocrx_word' id='word_1_607' title='bbox 3593 2609 3921 2675; x_wconf 83' lang='lat' dir='ltr'><strong>divisionem,</strong></span> 
     </span>
    </p>
   </div>
   <div class='ocr_carea' id='block_1_85' title="bbox 2346 2703 3924 2775">
    <p class='ocr_par' dir='ltr' id='par_1_85' title="bbox 2346 2703 3924 2775">
     <span class='ocr_line' id='line_1_85' title="bbox 2346 2703 3924 2775; baseline 0.002 -19"><span class='ocrx_word' id='word_1_608' title='bbox 2346 2717 2455 2758; x_wconf 89' lang='lat' dir='ltr'><strong>non</strong></span> <span class='ocrx_word' id='word_1_609' title='bbox 2486 2703 2656 2772; x_wconf 89' lang='lat' dir='ltr'><strong>liquet</strong></span> <span class='ocrx_word' id='word_1_610' title='bbox 2687 2718 2756 2758; x_wconf 87' lang='lat' dir='ltr'><strong>an</strong></span> <span class='ocrx_word' id='word_1_611' title='bbox 2783 2717 2903 2759; x_wconf 90' lang='lat' dir='ltr'><strong>eam</strong></span> <span class='ocrx_word' id='word_1_612' title='bbox 2929 2712 3115 2759; x_wconf 90' lang='lat' dir='ltr'><strong>auctor</strong></span> <span class='ocrx_word' id='word_1_613' title='bbox 3136 2704 3249 2774; x_wconf 89' lang='lat' dir='ltr'><strong>ipse</strong></span> <span class='ocrx_word' id='word_1_614' title='bbox 3280 2704 3458 2775; x_wconf 88' lang='lat' dir='ltr'><strong>plures</strong></span> <span class='ocrx_word' id='word_1_615' title='bbox 3486 2705 3538 2760; x_wconf 91' lang='lat' dir='ltr'><strong>in</strong></span> <span class='ocrx_word' id='word_1_616' title='bbox 3579 2704 3751 2760; x_wconf 88' lang='lat' dir='ltr'><strong>libros</strong></span> <span class='ocrx_word' id='word_1_617' title='bbox 3778 2703 3924 2760; x_wconf 87' lang='lat' dir='ltr'><strong>fuerit</strong></span> 
     </span>
    </p>
   </div>
   <div class='ocr_carea' id='block_1_86' title="bbox 2347 2795 3925 2869">
    <p class='ocr_par' dir='ltr' id='par_1_86' title="bbox 2347 2795 3925 2869">
     <span class='ocr_line' id='line_1_86' title="bbox 2347 2795 3925 2869; baseline 0.003 -20"><span class='ocrx_word' id='word_1_618' title='bbox 2347 2795 2597 2864; x_wconf 86' lang='lat' dir='ltr'><strong>partitus.</strong></span> <span class='ocrx_word' id='word_1_619' title='bbox 2627 2795 2684 2851; x_wconf 89' lang='lat' dir='ltr'><strong>Si</strong></span> <span class='ocrx_word' id='word_1_620' title='bbox 2712 2796 2943 2866; x_wconf 89' lang='lat' dir='ltr'><strong>primum</strong></span> <span class='ocrx_word' id='word_1_621' title='bbox 2971 2796 3160 2853; x_wconf 90' lang='lat' dir='ltr'><strong>librum</strong></span> <span class='ocrx_word' id='word_1_622' title='bbox 3194 2797 3450 2868; x_wconf 80' lang='lat' dir='ltr'><strong>excipias,</strong></span> <span class='ocrx_word' id='word_1_623' title='bbox 3476 2799 3566 2869; x_wconf 88' lang='lat' dir='ltr'><strong>qui</strong></span> <span class='ocrx_word' id='word_1_624' title='bbox 3598 2799 3653 2857; x_wconf 88' lang='lat' dir='ltr'><strong>in</strong></span> <span class='ocrx_word' id='word_1_625' title='bbox 3691 2797 3925 2855; x_wconf 85' lang='lat' dir='ltr'><strong>omnibus</strong></span> 
     </span>
    </p>
   </div>
   <div class='ocr_carea' id='block_1_87' title="bbox 2348 2886 3923 2957">
    <p class='ocr_par' dir='ltr' id='par_1_87' title="bbox 2348 2886 3923 2957">
     <span class='ocr_line' id='line_1_87' title="bbox 2348 2886 3923 2957; baseline 0.004 -17"><span class='ocrx_word' id='word_1_626' title='bbox 2348 2896 2452 2941; x_wconf 91' lang='lat' dir='ltr'><strong>tam</strong></span> <span class='ocrx_word' id='word_1_627' title='bbox 2482 2886 2641 2944; x_wconf 82' lang='lat' dir='ltr'><strong>editis</strong></span> <span class='ocrx_word' id='word_1_628' title='bbox 2664 2902 2824 2957; x_wconf 90' lang='lat' dir='ltr'><strong>quam</strong></span> <span class='ocrx_word' id='word_1_629' title='bbox 2847 2902 2979 2943; x_wconf 86' lang='lat' dir='ltr'><strong>mss.</strong></span> <span class='ocrx_word' id='word_1_630' title='bbox 3005 2888 3282 2945; x_wconf 88' lang='lat' dir='ltr'><strong>codicibus</strong></span> <span class='ocrx_word' id='word_1_631' title='bbox 3307 2889 3375 2946; x_wconf 89' lang='lat' dir='ltr'><strong>ad</strong></span> <span class='ocrx_word' id='word_1_632' title='bbox 3404 2890 3677 2947; x_wconf 88' lang='lat' dir='ltr'><strong>Genserici</strong></span> <span class='ocrx_word' id='word_1_633' title='bbox 3710 2900 3923 2947; x_wconf 85' lang='lat' dir='ltr'><strong>mortem</strong></span> 
     </span>
    </p>
   </div>
   <div class='ocr_carea' id='block_1_88' title="bbox 2345 2977 3923 3056">
    <p class='ocr_par' dir='ltr' id='par_1_88' title="bbox 2345 2977 3923 3056">
     <span class='ocr_line' id='line_1_88' title="bbox 2345 2977 3923 3056; baseline 0.004 -22"><span class='ocrx_word' id='word_1_634' title='bbox 2345 2977 2543 3035; x_wconf 89' lang='lat' dir='ltr'><strong>desinit</strong></span> <span class='ocrx_word' id='word_1_635' title='bbox 2563 3020 2580 3046; x_wconf 92' lang='lat'><strong>,</strong></span> <span class='ocrx_word' id='word_1_636' title='bbox 2629 2988 2708 3035; x_wconf 89' lang='lat' dir='ltr'><strong>tot</strong></span> <span class='ocrx_word' id='word_1_637' title='bbox 2736 2990 2860 3036; x_wconf 88' lang='lat' dir='ltr'><strong>sunt</strong></span> <span class='ocrx_word' id='word_1_638' title='bbox 2888 2982 3050 3037; x_wconf 68' lang='lat' dir='ltr'><strong>varias</strong></span> <span class='ocrx_word' id='word_1_639' title='bbox 3079 2981 3234 3039; x_wconf 85' lang='lat' dir='ltr'><strong>istius</strong></span> <span class='ocrx_word' id='word_1_640' title='bbox 3278 2984 3456 3053; x_wconf 86' lang='lat' dir='ltr'><strong>operis</strong></span> <span class='ocrx_word' id='word_1_641' title='bbox 3485 2983 3781 3043; x_wconf 83' lang='lat' dir='ltr'><strong>divisiones</strong></span> <span class='ocrx_word' id='word_1_642' title='bbox 3807 2992 3923 3056; x_wconf 87' lang='lat' dir='ltr'><strong>quot</strong></span> 
     </span>
    </p>
   </div>
   <div class='ocr_carea' id='block_1_89' title="bbox 2348 3070 3922 3149">
    <p class='ocr_par' dir='ltr' id='par_1_89' title="bbox 2348 3070 3922 3149">
     <span class='ocr_line' id='line_1_89' title="bbox 2348 3070 3922 3149; baseline 0.005 -23"><span class='ocrx_word' id='word_1_643' title='bbox 2348 3070 2461 3127; x_wconf 90' lang='lat' dir='ltr'><strong>fere</strong></span> <span class='ocrx_word' id='word_1_644' title='bbox 2489 3081 2780 3129; x_wconf 89' lang='lat' dir='ltr'><strong>occurrunt</strong></span> <span class='ocrx_word' id='word_1_645' title='bbox 2805 3073 3021 3130; x_wconf 90' lang='lat' dir='ltr'><strong>codices</strong></span> <span class='ocrx_word' id='word_1_646' title='bbox 3051 3088 3181 3133; x_wconf 83' lang='lat' dir='ltr'><strong>mss.</strong></span> <span class='ocrx_word' id='word_1_647' title='bbox 3231 3075 3363 3135; x_wconf 84' lang='lat' dir='ltr'><strong>Tres</strong></span> <span class='ocrx_word' id='word_1_648' title='bbox 3406 3076 3483 3130; x_wconf 88' lang='lat' dir='ltr'><strong>in.</strong></span> <span class='ocrx_word' id='word_1_649' title='bbox 3504 3076 3670 3133; x_wconf 90' lang='lat' dir='ltr'><strong>libros</strong></span> <span class='ocrx_word' id='word_1_650' title='bbox 3693 3120 3707 3144; x_wconf 92' lang='lat'><strong>,</strong></span> <span class='ocrx_word' id='word_1_651' title='bbox 3741 3087 3922 3149; x_wconf 64' lang='lat' dir='ltr'><strong>praeter</strong></span> 
     </span>
    </p>
   </div>
   <div class='ocr_carea' id='block_1_90' title="bbox 2350 3166 3923 3234">
    <p class='ocr_par' dir='ltr' id='par_1_90' title="bbox 2350 3166 3923 3234">
     <span class='ocr_line' id='line_1_90' title="bbox 2350 3166 3923 3234; baseline 0.005 -15"><span class='ocrx_word' id='word_1_652' title='bbox 2350 3166 2650 3233; x_wconf 86' lang='lat' dir='ltr'><strong>passionem</strong></span> <span class='ocrx_word' id='word_1_653' title='bbox 2681 3175 2987 3223; x_wconf 88' lang='lat' dir='ltr'><strong>sanctorum</strong></span> <span class='ocrx_word' id='word_1_654' title='bbox 3019 3167 3426 3234; x_wconf 88' lang='lat' dir='ltr'><strong>monachorum,</strong></span> <span class='ocrx_word' id='word_1_655' title='bbox 3454 3168 3715 3226; x_wconf 89' lang='lat' dir='ltr'><strong>dividitur</strong></span> <span class='ocrx_word' id='word_1_656' title='bbox 3742 3172 3793 3227; x_wconf 91' lang='lat' dir='ltr'><strong>in</strong></span> <span class='ocrx_word' id='word_1_657' title='bbox 3819 3171 3923 3227; x_wconf 80' lang='lat' dir='ltr'><strong>vul-</strong></span> 
     </span>
    </p>
   </div>
   <div class='ocr_carea' id='block_1_91' title="bbox 2348 3256 3923 3331">
    <p class='ocr_par' dir='ltr' id='par_1_91' title="bbox 2348 3256 3923 3331">
     <span class='ocr_line' id='line_1_91' title="bbox 2348 3256 3923 3331; baseline 0.004 -20"><span class='ocrx_word' id='word_1_658' title='bbox 2348 3256 2485 3326; x_wconf 86' lang='lat' dir='ltr'><strong>gatis</strong></span> <span class='ocrx_word' id='word_1_659' title='bbox 2510 3258 2861 3325; x_wconf 86' lang='lat' dir='ltr'><strong>editionibus;</strong></span> <span class='ocrx_word' id='word_1_660' title='bbox 2902 3268 2959 3315; x_wconf 88' lang='lat' dir='ltr'><strong>at</strong></span> <span class='ocrx_word' id='word_1_661' title='bbox 2986 3260 3220 3331; x_wconf 89' lang='lat' dir='ltr'><strong>quinque</strong></span> <span class='ocrx_word' id='word_1_662' title='bbox 3246 3270 3340 3316; x_wconf 93' lang='lat' dir='ltr'><strong>aut</strong></span> <span class='ocrx_word' id='word_1_663' title='bbox 3364 3276 3458 3318; x_wconf 90' lang='lat' dir='ltr'><strong>sex</strong></span> <span class='ocrx_word' id='word_1_664' title='bbox 3488 3262 3653 3317; x_wconf 91' lang='lat' dir='ltr'><strong>libros</strong></span> <span class='ocrx_word' id='word_1_665' title='bbox 3679 3262 3923 3319; x_wconf 84' lang='lat' dir='ltr'><strong>exhibent</strong></span> 
     </span>
    </p>
   </div>
   <div class='ocr_carea' id='block_1_92' title="bbox 2350 3348 3922 3425">
    <p class='ocr_par' dir='ltr' id='par_1_92' title="bbox 2350 3348 3922 3425">
     <span class='ocr_line' id='line_1_92' title="bbox 2350 3348 3922 3425; baseline 0.004 -23"><span class='ocrx_word' id='word_1_666' title='bbox 2350 3348 2565 3405; x_wconf 91' lang='lat' dir='ltr'><strong>codices</strong></span> <span class='ocrx_word' id='word_1_667' title='bbox 2588 3365 2719 3407; x_wconf 86' lang='lat' dir='ltr'><strong>mss.</strong></span> <span class='ocrx_word' id='word_1_668' title='bbox 2745 3361 2800 3405; x_wconf 91' lang='lat' dir='ltr'><strong>et</strong></span> <span class='ocrx_word' id='word_1_669' title='bbox 2825 3351 3039 3421; x_wconf 89' lang='lat' dir='ltr'><strong>quidem</strong></span> <span class='ocrx_word' id='word_1_670' title='bbox 3070 3354 3158 3423; x_wconf 92' lang='lat' dir='ltr'><strong>qui</strong></span> <span class='ocrx_word' id='word_1_671' title='bbox 3189 3354 3336 3410; x_wconf 88' lang='lat' dir='ltr'><strong>varie</strong></span> <span class='ocrx_word' id='word_1_672' title='bbox 3362 3354 3419 3411; x_wconf 89' lang='lat' dir='ltr'><strong>in</strong></span> <span class='ocrx_word' id='word_1_673' title='bbox 3447 3353 3610 3410; x_wconf 88' lang='lat' dir='ltr'><strong>variis</strong></span> <span class='ocrx_word' id='word_1_674' title='bbox 3636 3355 3922 3425; x_wconf 89' lang='lat' dir='ltr'><strong>incipiunt;</strong></span> 
     </span>
    </p>
   </div>
   <div class='ocr_carea' id='block_1_93' title="bbox 2351 3441 3925 3519">
    <p class='ocr_par' dir='ltr' id='par_1_93' title="bbox 2351 3441 3925 3519">
     <span class='ocr_line' id='line_1_93' title="bbox 2351 3441 3925 3519; baseline 0.004 -23"><span class='ocrx_word' id='word_1_675' title='bbox 2351 3441 2647 3498; x_wconf 89' lang='lat' dir='ltr'><strong>Chifﬂetius</strong></span> <span class='ocrx_word' id='word_1_676' title='bbox 2670 3458 2799 3500; x_wconf 88' lang='lat' dir='ltr'><strong>vero</strong></span> <span class='ocrx_word' id='word_1_677' title='bbox 2828 3452 2995 3502; x_wconf 90' lang='lat' dir='ltr'><strong>totum</strong></span> <span class='ocrx_word' id='word_1_678' title='bbox 3038 3461 3173 3515; x_wconf 89' lang='lat' dir='ltr'><strong>opus</strong></span> <span class='ocrx_word' id='word_1_679' title='bbox 3201 3447 3433 3519; x_wconf 88' lang='lat' dir='ltr'><strong>quinque</strong></span> <span class='ocrx_word' id='word_1_680' title='bbox 3459 3445 3517 3503; x_wconf 91' lang='lat' dir='ltr'><strong>in</strong></span> <span class='ocrx_word' id='word_1_681' title='bbox 3548 3446 3745 3511; x_wconf 87' lang='lat' dir='ltr'><strong>libros,</strong></span> <span class='ocrx_word' id='word_1_682' title='bbox 3776 3453 3925 3517; x_wconf 88' lang='lat' dir='ltr'><strong>prout</strong></span> 
     </span>
    </p>
   </div>
   <div class='ocr_carea' id='block_1_94' title="bbox 2349 3534 3925 3611">
    <p class='ocr_par' dir='ltr' id='par_1_94' title="bbox 2349 3534 3925 3611">
     <span class='ocr_line' id='line_1_94' title="bbox 2349 3534 3925 3611; baseline 0.004 -21"><span class='ocrx_word' id='word_1_683' title='bbox 2349 3534 2452 3590; x_wconf 89' lang='lat' dir='ltr'><strong>sibi</strong></span> <span class='ocrx_word' id='word_1_684' title='bbox 2478 3537 2667 3593; x_wconf 90' lang='lat' dir='ltr'><strong>melius</strong></span> <span class='ocrx_word' id='word_1_685' title='bbox 2693 3538 2864 3594; x_wconf 89' lang='lat' dir='ltr'><strong>visum</strong></span> <span class='ocrx_word' id='word_1_686' title='bbox 2892 3546 3009 3606; x_wconf 88' lang='lat' dir='ltr'><strong>est,</strong></span> <span class='ocrx_word' id='word_1_687' title='bbox 3041 3539 3320 3609; x_wconf 86' lang='lat' dir='ltr'><strong>distinxit,</strong></span> <span class='ocrx_word' id='word_1_688' title='bbox 3352 3540 3506 3611; x_wconf 77' lang='lat' dir='ltr'><strong>cujus</strong></span> <span class='ocrx_word' id='word_1_689' title='bbox 3526 3540 3768 3611; x_wconf 79' lang='lat' dir='ltr'><strong>vestigiis</strong></span> <span class='ocrx_word' id='word_1_690' title='bbox 3803 3555 3925 3596; x_wconf 84' lang='lat' dir='ltr'><strong>con-</strong></span> 
     </span>
    </p>
   </div>
   <div class='ocr_carea' id='block_1_95' title="bbox 2348 3627 3926 3703">
    <p class='ocr_par' dir='ltr' id='par_1_95' title="bbox 2348 3627 3926 3703">
     <span class='ocr_line' id='line_1_95' title="bbox 2348 3627 3926 3703; baseline 0.004 -20"><span class='ocrx_word' id='word_1_691' title='bbox 2348 3627 2491 3683; x_wconf 90' lang='lat' dir='ltr'><strong>sulto</strong></span> <span class='ocrx_word' id='word_1_692' title='bbox 2520 3628 2833 3685; x_wconf 80' lang='lat' dir='ltr'><strong>inhaesimus</strong></span> <span class='ocrx_word' id='word_1_693' title='bbox 2858 3631 2927 3687; x_wconf 91' lang='lat' dir='ltr'><strong>ob</strong></span> <span class='ocrx_word' id='word_1_694' title='bbox 2953 3631 3224 3701; x_wconf 86' lang='lat' dir='ltr'><strong>publicum</strong></span> <span class='ocrx_word' id='word_1_695' title='bbox 3249 3633 3588 3689; x_wconf 91' lang='lat' dir='ltr'><strong>commodum</strong></span> <span class='ocrx_word' id='word_1_696' title='bbox 3608 3676 3623 3702; x_wconf 92' lang='lat'><strong>,</strong></span> <span class='ocrx_word' id='word_1_697' title='bbox 3652 3632 3789 3703; x_wconf 89' lang='lat' dir='ltr'><strong>quod</strong></span> <span class='ocrx_word' id='word_1_698' title='bbox 3816 3630 3926 3688; x_wconf 74' lang='lat' dir='ltr'><strong>haec</strong></span> 
     </span>
    </p>
   </div>
   <div class='ocr_carea' id='block_1_96' title="bbox 2348 3719 3623 3795">
    <p class='ocr_par' dir='ltr' id='par_1_96' title="bbox 2348 3719 3623 3795">
     <span class='ocr_line' id='line_1_96' title="bbox 2348 3719 3623 3795; baseline 0.005 -19"><span class='ocrx_word' id='word_1_699' title='bbox 2348 3719 2543 3777; x_wconf 89' lang='lat' dir='ltr'><strong>divisio</strong></span> <span class='ocrx_word' id='word_1_700' title='bbox 2563 3720 2674 3791; x_wconf 84' lang='lat' dir='ltr'><strong>jam</strong></span> <span class='ocrx_word' id='word_1_701' title='bbox 2709 3723 3074 3793; x_wconf 87' lang='lat' dir='ltr'><strong>receptissima</strong></span> <span class='ocrx_word' id='word_1_702' title='bbox 3102 3725 3171 3780; x_wconf 86' lang='lat' dir='ltr'><strong>sit</strong></span> <span class='ocrx_word' id='word_1_703' title='bbox 3193 3725 3332 3795; x_wconf 87' lang='lat' dir='ltr'><strong>apud</strong></span> <span class='ocrx_word' id='word_1_704' title='bbox 3359 3726 3623 3782; x_wconf 88' lang='lat' dir='ltr'><strong>eruditos.</strong></span> 
     </span>
    </p>
   </div>
   <div class='ocr_carea' id='block_1_97' title="bbox 2422 3811 3927 3889">
    <p class='ocr_par' dir='ltr' id='par_1_97' title="bbox 2422 3811 3927 3889">
     <span class='ocr_line' id='line_1_97' title="bbox 2422 3811 3927 3889; baseline 0.005 -23"><span class='ocrx_word' id='word_1_705' title='bbox 2422 3811 2535 3867; x_wconf 81' lang='lat' dir='ltr'><strong>XII.</strong></span> <span class='ocrx_word' id='word_1_706' title='bbox 2577 3812 2835 3879; x_wconf 80' lang='lat' dir='ltr'><strong>Quaerunt</strong></span> <span class='ocrx_word' id='word_1_707' title='bbox 2865 3815 3107 3871; x_wconf 90' lang='lat' dir='ltr'><strong>nonnulli</strong></span> <span class='ocrx_word' id='word_1_708' title='bbox 3134 3830 3204 3871; x_wconf 87' lang='lat' dir='ltr'><strong>an</strong></span> <span class='ocrx_word' id='word_1_709' title='bbox 3233 3816 3353 3873; x_wconf 86' lang='lat' dir='ltr'><strong>ﬁdei</strong></span> <span class='ocrx_word' id='word_1_710' title='bbox 3385 3816 3649 3887; x_wconf 83' lang='lat' dir='ltr'><strong>professio</strong></span> <span class='ocrx_word' id='word_1_711' title='bbox 3674 3832 3788 3889; x_wconf 68' lang='lat' dir='ltr'><strong>qua:</strong></span> <span class='ocrx_word' id='word_1_712' title='bbox 3816 3826 3927 3873; x_wconf 86' lang='lat' dir='ltr'><strong>ter—</strong></span> 
     </span>
    </p>
   </div>
   <div class='ocr_carea' id='block_1_98' title="bbox 2352 3903 3926 3980">
    <p class='ocr_par' dir='ltr' id='par_1_98' title="bbox 2352 3903 3926 3980">
     <span class='ocr_line' id='line_1_98' title="bbox 2352 3903 3926 3980; baseline 0.004 -22"><span class='ocrx_word' id='word_1_713' title='bbox 2352 3904 2479 3959; x_wconf 88' lang='lat' dir='ltr'><strong>tium</strong></span> <span class='ocrx_word' id='word_1_714' title='bbox 2509 3903 2756 3960; x_wconf 69' lang='lat' dir='ltr'><strong>Historiae</strong></span> <span class='ocrx_word' id='word_1_715' title='bbox 2788 3906 3014 3963; x_wconf 86' lang='lat' dir='ltr'><strong>Victoris</strong></span> <span class='ocrx_word' id='word_1_716' title='bbox 3040 3908 3233 3964; x_wconf 88' lang='lat' dir='ltr'><strong>librum</strong></span> <span class='ocrx_word' id='word_1_717' title='bbox 3260 3910 3533 3966; x_wconf 88' lang='lat' dir='ltr'><strong>constituit</strong></span> <span class='ocrx_word' id='word_1_718' title='bbox 3558 3951 3574 3978; x_wconf 91' lang='lat'><strong>,</strong></span> <span class='ocrx_word' id='word_1_719' title='bbox 3608 3910 3776 3980; x_wconf 86' lang='lat' dir='ltr'><strong>reipsa</strong></span> <span class='ocrx_word' id='word_1_720' title='bbox 3805 3909 3926 3965; x_wconf 87' lang='lat' dir='ltr'><strong>huic</strong></span> 
     </span>
    </p>
   </div>
   <div class='ocr_carea' id='block_1_99' title="bbox 2350 3998 3928 4073">
    <p class='ocr_par' dir='ltr' id='par_1_99' title="bbox 2350 3998 3928 4073">
     <span class='ocr_line' id='line_1_99' title="bbox 2350 3998 3928 4073; baseline 0.005 -24"><span class='ocrx_word' id='word_1_721' title='bbox 2350 3998 2552 4051; x_wconf 85' lang='lat' dir='ltr'><strong>auctori</strong></span> <span class='ocrx_word' id='word_1_722' title='bbox 2604 3998 2883 4053; x_wconf 88' lang='lat' dir='ltr'><strong>tribuenda</strong></span> <span class='ocrx_word' id='word_1_723' title='bbox 2928 4000 3016 4054; x_wconf 88' lang='lat' dir='ltr'><strong>sit.</strong></span> <span class='ocrx_word' id='word_1_724' title='bbox 3067 4000 3195 4058; x_wconf 91' lang='lat' dir='ltr'><strong>Cete</strong></span> <span class='ocrx_word' id='word_1_725' title='bbox 3242 4000 3545 4058; x_wconf 89' lang='lat' dir='ltr'><strong>Gennadius</strong></span> <span class='ocrx_word' id='word_1_726' title='bbox 3594 4004 3646 4057; x_wconf 92' lang='lat' dir='ltr'><strong>in</strong></span> <span class='ocrx_word' id='word_1_727' title='bbox 3690 4002 3928 4073; x_wconf 84' lang='lat' dir='ltr'><strong>catalogo</strong></span> 
     </span>
    </p>
   </div>
   <div class='ocr_carea' id='block_1_100' title="bbox 2350 4088 3927 4166">
    <p class='ocr_par' dir='ltr' id='par_1_100' title="bbox 2350 4088 3927 4166">
     <span class='ocr_line' id='line_1_100' title="bbox 2350 4088 3927 4166; baseline 0.003 -23"><span class='ocrx_word' id='word_1_728' title='bbox 2350 4088 2519 4159; x_wconf 90' lang='lat' dir='ltr'><strong>ipsius</strong></span> <span class='ocrx_word' id='word_1_729' title='bbox 2545 4098 2816 4146; x_wconf 89' lang='lat' dir='ltr'><strong>auctorem</strong></span> <span class='ocrx_word' id='word_1_730' title='bbox 2845 4091 2971 4148; x_wconf 85' lang='lat' dir='ltr'><strong>facit</strong></span> <span class='ocrx_word' id='word_1_731' title='bbox 2998 4093 3289 4164; x_wconf 87' lang='lat' dir='ltr'><strong>Eugenium</strong></span> <span class='ocrx_word' id='word_1_732' title='bbox 3318 4094 3787 4166; x_wconf 84' lang='lat' dir='ltr'><strong>Carthaginensem</strong></span> <span class='ocrx_word' id='word_1_733' title='bbox 3815 4094 3927 4165; x_wconf 68' lang='lat' dir='ltr'><strong>epi-</strong></span> 
     </span>
    </p>
   </div>
   <div class='ocr_carea' id='block_1_101' title="bbox 2351 4182 3928 4257">
    <p class='ocr_par' dir='ltr' id='par_1_101' title="bbox 2351 4182 3928 4257">
     <span class='ocr_line' id='line_1_101' title="bbox 2351 4182 3928 4257; baseline 0.005 -22"><span class='ocrx_word' id='word_1_734' title='bbox 2351 4194 2602 4250; x_wconf 88' lang='lat' dir='ltr'><strong>scopum,</strong></span> <span class='ocrx_word' id='word_1_735' title='bbox 2644 4183 2756 4236; x_wconf 87' lang='lat' dir='ltr'><strong>sive</strong></span> <span class='ocrx_word' id='word_1_736' title='bbox 2782 4182 2922 4253; x_wconf 90' lang='lat' dir='ltr'><strong>quod</strong></span> <span class='ocrx_word' id='word_1_737' title='bbox 2949 4198 3135 4240; x_wconf 84' lang='lat' dir='ltr'><strong>revera</strong></span> <span class='ocrx_word' id='word_1_738' title='bbox 3175 4187 3243 4242; x_wconf 87' lang='lat' dir='ltr'><strong>ab</strong></span> <span class='ocrx_word' id='word_1_739' title='bbox 3268 4186 3385 4257; x_wconf 89' lang='lat' dir='ltr'><strong>ipso</strong></span> <span class='ocrx_word' id='word_1_740' title='bbox 3412 4186 3553 4241; x_wconf 90' lang='lat' dir='ltr'><strong>edita</strong></span> <span class='ocrx_word' id='word_1_741' title='bbox 3585 4187 3775 4253; x_wconf 86' lang='lat' dir='ltr'><strong>fuerit,</strong></span> <span class='ocrx_word' id='word_1_742' title='bbox 3811 4187 3928 4243; x_wconf 89' lang='lat' dir='ltr'><strong>sive</strong></span> 
     </span>
    </p>
   </div>
   <div class='ocr_carea' id='block_1_102' title="bbox 2348 4271 3928 4349">
    <p class='ocr_par' dir='ltr' id='par_1_102' title="bbox 2348 4271 3928 4349">
     <span class='ocr_line' id='line_1_102' title="bbox 2348 4271 3928 4349; baseline 0.004 -22"><span class='ocrx_word' id='word_1_743' title='bbox 2348 4271 2489 4342; x_wconf 88' lang='lat' dir='ltr'><strong>quod</strong></span> <span class='ocrx_word' id='word_1_744' title='bbox 2517 4273 2632 4342; x_wconf 85' lang='lat' dir='ltr'><strong>ejus</strong></span> <span class='ocrx_word' id='word_1_745' title='bbox 2657 4274 2809 4344; x_wconf 91' lang='lat' dir='ltr'><strong>jussu</strong></span> <span class='ocrx_word' id='word_1_746' title='bbox 2838 4275 3052 4343; x_wconf 83' lang='lat' dir='ltr'><strong>Victor,</strong></span> <span class='ocrx_word' id='word_1_747' title='bbox 3092 4292 3186 4334; x_wconf 90' lang='lat' dir='ltr'><strong>seu</strong></span> <span class='ocrx_word' id='word_1_748' title='bbox 3214 4278 3386 4349; x_wconf 85' lang='lat' dir='ltr'><strong>quivis</strong></span> <span class='ocrx_word' id='word_1_749' title='bbox 3421 4279 3559 4335; x_wconf 87' lang='lat' dir='ltr'><strong>alius</strong></span> <span class='ocrx_word' id='word_1_750' title='bbox 3592 4294 3709 4335; x_wconf 88' lang='lat' dir='ltr'><strong>eam</strong></span> <span class='ocrx_word' id='word_1_751' title='bbox 3740 4280 3928 4335; x_wconf 85' lang='lat' dir='ltr'><strong>condi-</strong></span> 
     </span>
    </p>
   </div>
   <div class='ocr_carea' id='block_1_103' title="bbox 2350 4366 3927 4441">
    <p class='ocr_par' dir='ltr' id='par_1_103' title="bbox 2350 4366 3927 4441">
     <span class='ocr_line' id='line_1_103' title="bbox 2350 4366 3927 4441; baseline 0.003 -18"><span class='ocrx_word' id='word_1_752' title='bbox 2350 4366 2504 4433; x_wconf 90' lang='lat' dir='ltr'><strong>derit,</strong></span> <span class='ocrx_word' id='word_1_753' title='bbox 2536 4377 2629 4422; x_wconf 86' lang='lat' dir='ltr'><strong>aut</strong></span> <span class='ocrx_word' id='word_1_754' title='bbox 2651 4368 2864 4424; x_wconf 89' lang='lat' dir='ltr'><strong>tandem</strong></span> <span class='ocrx_word' id='word_1_755' title='bbox 2891 4370 3032 4441; x_wconf 92' lang='lat' dir='ltr'><strong>quod</strong></span> <span class='ocrx_word' id='word_1_756' title='bbox 3060 4385 3179 4427; x_wconf 90' lang='lat' dir='ltr'><strong>cum</strong></span> <span class='ocrx_word' id='word_1_757' title='bbox 3207 4374 3320 4441; x_wconf 89' lang='lat' dir='ltr'><strong>ipse</strong></span> <span class='ocrx_word' id='word_1_758' title='bbox 3345 4381 3662 4429; x_wconf 61' lang='lat' dir='ltr'><strong>cancrorum</strong></span> <span class='ocrx_word' id='word_1_759' title='bbox 3691 4375 3927 4429; x_wconf 88' lang='lat' dir='ltr'><strong>omnium</strong></span> 
     </span>
    </p>
   </div>
   <div class='ocr_carea' id='block_1_104' title="bbox 2351 4464 3927 4538">
    <p class='ocr_par' dir='ltr' id='par_1_104' title="bbox 2351 4464 3927 4538">
     <span class='ocr_line' id='line_1_104' title="bbox 2351 4464 3927 4538; baseline 0.006 -23"><span class='ocrx_word' id='word_1_760' title='bbox 2351 4464 2551 4531; x_wconf 87' lang='lat' dir='ltr'><strong>primas</strong></span> <span class='ocrx_word' id='word_1_761' title='bbox 2571 4471 2716 4519; x_wconf 91' lang='lat' dir='ltr'><strong>esset</strong></span> <span class='ocrx_word' id='word_1_762' title='bbox 2737 4472 2789 4519; x_wconf 94' lang='lat' dir='ltr'><strong>et</strong></span> <span class='ocrx_word' id='word_1_763' title='bbox 2816 4466 3113 4534; x_wconf 79' lang='lat' dir='ltr'><strong>praecipuus</strong></span> <span class='ocrx_word' id='word_1_764' title='bbox 3143 4468 3304 4524; x_wconf 90' lang='lat' dir='ltr'><strong>totius</strong></span> <span class='ocrx_word' id='word_1_765' title='bbox 3330 4467 3525 4524; x_wconf 64' lang='lat' dir='ltr'><strong>Africae</strong></span> <span class='ocrx_word' id='word_1_766' title='bbox 3545 4470 3780 4535; x_wconf 88' lang='lat' dir='ltr'><strong>antistes,</strong></span> <span class='ocrx_word' id='word_1_767' title='bbox 3803 4468 3927 4538; x_wconf 90' lang='lat' dir='ltr'><strong>ejus</strong></span> 
     </span>
    </p>
   </div>
   <div class='ocr_carea' id='block_1_105' title="bbox 2350 4554 3927 4631">
    <p class='ocr_par' dir='ltr' id='par_1_105' title="bbox 2350 4554 3927 4631">
     <span class='ocr_line' id='line_1_105' title="bbox 2350 4554 3927 4631; baseline 0.003 -22"><span class='ocrx_word' id='word_1_768' title='bbox 2350 4554 2465 4610; x_wconf 89' lang='lat' dir='ltr'><strong>sedi</strong></span> <span class='ocrx_word' id='word_1_769' title='bbox 2496 4562 2549 4610; x_wconf 89' lang='lat' dir='ltr'><strong>et</strong></span> <span class='ocrx_word' id='word_1_770' title='bbox 2578 4554 2818 4625; x_wconf 88' lang='lat' dir='ltr'><strong>dignitati</strong></span> <span class='ocrx_word' id='word_1_771' title='bbox 2848 4555 3029 4613; x_wconf 89' lang='lat' dir='ltr'><strong>datum</strong></span> <span class='ocrx_word' id='word_1_772' title='bbox 3062 4557 3243 4626; x_wconf 87' lang='lat' dir='ltr'><strong>fuerit,</strong></span> <span class='ocrx_word' id='word_1_773' title='bbox 3273 4559 3413 4630; x_wconf 92' lang='lat' dir='ltr'><strong>quod</strong></span> <span class='ocrx_word' id='word_1_774' title='bbox 3445 4560 3513 4615; x_wconf 90' lang='lat' dir='ltr'><strong>ab</strong></span> <span class='ocrx_word' id='word_1_775' title='bbox 3544 4560 3651 4617; x_wconf 89' lang='lat' dir='ltr'><strong>alio</strong></span> <span class='ocrx_word' id='word_1_776' title='bbox 3678 4560 3927 4631; x_wconf 89' lang='lat' dir='ltr'><strong>quopiam</strong></span> 
     </span>
    </p>
   </div>
   <div class='ocr_carea' id='block_1_106' title="bbox 2346 4647 3929 4709">
    <p class='ocr_par' dir='ltr' id='par_1_106' title="bbox 2346 4647 3929 4709">
     <span class='ocr_line' id='line_1_106' title="bbox 2346 4647 3929 4709; baseline 0.004 -9"><span class='ocrx_word' id='word_1_777' title='bbox 2346 4647 2564 4703; x_wconf 89' lang='lat' dir='ltr'><strong>nomine</strong></span> <span class='ocrx_word' id='word_1_778' title='bbox 2589 4648 2829 4705; x_wconf 88' lang='lat' dir='ltr'><strong>omnium</strong></span> <span class='ocrx_word' id='word_1_779' title='bbox 2861 4648 3057 4706; x_wconf 88' lang='lat' dir='ltr'><strong>factum</strong></span> <span class='ocrx_word' id='word_1_780' title='bbox 3088 4649 3282 4707; x_wconf 86' lang='lat' dir='ltr'><strong>fuerat.</strong></span> <span class='ocrx_word' id='word_1_781' title='bbox 3316 4653 3578 4709; x_wconf 86' lang='lat' dir='ltr'><strong>Omnibus</strong></span> <span class='ocrx_word' id='word_1_782' title='bbox 3604 4653 3755 4709; x_wconf 91' lang='lat' dir='ltr'><strong>simul</strong></span> <span class='ocrx_word' id='word_1_783' title='bbox 3783 4653 3929 4707; x_wconf 70' lang='lat' dir='ltr'><strong>Afri-</strong></span> 
     </span>
    </p>
   </div>
   <div class='ocr_carea' id='block_1_107' title="bbox 2345 4739 3928 4810">
    <p class='ocr_par' dir='ltr' id='par_1_107' title="bbox 2345 4739 3928 4810">
     <span class='ocr_line' id='line_1_107' title="bbox 2345 4739 3928 4810; baseline 0.003 -17"><span class='ocrx_word' id='word_1_784' title='bbox 2345 4740 2491 4795; x_wconf 82' lang='lat' dir='ltr'><strong>canis</strong></span> <span class='ocrx_word' id='word_1_785' title='bbox 2526 4739 2792 4810; x_wconf 83' lang='lat' dir='ltr'><strong>episcOpis</strong></span> <span class='ocrx_word' id='word_1_786' title='bbox 2825 4742 3073 4799; x_wconf 89' lang='lat' dir='ltr'><strong>tribuitur</strong></span> <span class='ocrx_word' id='word_1_787' title='bbox 3100 4746 3155 4800; x_wconf 92' lang='lat' dir='ltr'><strong>in</strong></span> <span class='ocrx_word' id='word_1_788' title='bbox 3195 4744 3557 4802; x_wconf 84' lang='lat' dir='ltr'><strong>vetustissimo</strong></span> <span class='ocrx_word' id='word_1_789' title='bbox 3588 4746 3780 4802; x_wconf 88' lang='lat' dir='ltr'><strong>&#39;codicc</strong></span> <span class='ocrx_word' id='word_1_790' title='bbox 3818 4759 3928 4801; x_wconf 88' lang='lat' dir='ltr'><strong>ms.</strong></span> 
     </span>
    </p>
   </div>
   <div class='ocr_carea' id='block_1_108' title="bbox 2344 4831 3928 4901">
    <p class='ocr_par' dir='ltr' id='par_1_108' title="bbox 2344 4831 3928 4901">
     <span class='ocr_line' id='line_1_108' title="bbox 2344 4831 3928 4901; baseline 0.006 -15"><span class='ocrx_word' id='word_1_791' title='bbox 2344 4831 2602 4887; x_wconf 69' lang='lat' dir='ltr'><strong>Ecclesia:</strong></span> <span class='ocrx_word' id='word_1_792' title='bbox 2642 4832 3045 4901; x_wconf 85' lang='lat' dir='ltr'><strong>Lauduuensis,</strong></span> <span class='ocrx_word' id='word_1_793' title='bbox 3085 4837 3173 4893; x_wconf 91' lang='lat' dir='ltr'><strong>ubi</strong></span> <span class='ocrx_word' id='word_1_794' title='bbox 3203 4838 3302 4892; x_wconf 89' lang='lat' dir='ltr'><strong>sub</strong></span> <span class='ocrx_word' id='word_1_795' title='bbox 3338 4839 3441 4894; x_wconf 84' lang='lat' dir='ltr'><strong>hoc</strong></span> <span class='ocrx_word' id='word_1_796' title='bbox 3480 4839 3634 4897; x_wconf 88' lang='lat' dir='ltr'><strong>titulo</strong></span> <span class='ocrx_word' id='word_1_797' title='bbox 3673 4837 3928 4895; x_wconf 82' lang='lat' dir='ltr'><strong>habetur:</strong></span> 
     </span>
    </p>
   </div>
   <div class='ocr_carea' id='block_1_109' title="bbox 2345 4923 3931 4999">
    <p class='ocr_par' dir='ltr' id='par_1_109' title="bbox 2345 4923 3931 4999">
     <span class='ocr_line' id='line_1_109' title="bbox 2345 4923 3931 4999; baseline 0.005 -22"><span class='ocrx_word' id='word_1_798' title='bbox 2345 4923 2534 4995; x_wconf 87' lang='lat' dir='ltr'><strong>Incipit</strong></span> <span class='ocrx_word' id='word_1_799' title='bbox 2564 4926 2761 4982; x_wconf 83' lang='lat' dir='ltr'><strong>libellus</strong></span> <span class='ocrx_word' id='word_1_800' title='bbox 2785 4929 3141 4999; x_wconf 80' lang='lat' dir='ltr'><strong>episcOporum</strong></span> <span class='ocrx_word' id='word_1_801' title='bbox 3171 4929 3541 4986; x_wconf 79' lang='lat' dir='ltr'><strong>catholicorum</strong></span> <span class='ocrx_word' id='word_1_802' title='bbox 3560 4934 3630 4986; x_wconf 89' lang='lat' dir='ltr'><strong>ad</strong></span> <span class='ocrx_word' id='word_1_803' title='bbox 3655 4932 3931 4988; x_wconf 79' lang='lat' dir='ltr'><strong>Unericunt</strong></span> 
     </span>
    </p>
   </div>
   <div class='ocr_carea' id='block_1_110' title="bbox 2340 5019 3927 5097">
    <p class='ocr_par' dir='ltr' id='par_1_110' title="bbox 2340 5019 3927 5097">
     <span class='ocr_line' id='line_1_110' title="bbox 2340 5019 3927 5097; baseline 0.006 -26"><span class='ocrx_word' id='word_1_804' title='bbox 2340 5034 2510 5089; x_wconf 87' lang='lat' dir='ltr'><strong>regem</strong></span> <span class='ocrx_word' id='word_1_805' title='bbox 2544 5019 2894 5075; x_wconf 82' lang='lat' dir='ltr'><strong>Vandalorum</strong></span> <span class='ocrx_word' id='word_1_806' title='bbox 2923 5023 3115 5078; x_wconf 86' lang='lat' dir='ltr'><strong>datum.</strong></span> <span class='ocrx_word' id='word_1_807' title='bbox 3142 5024 3299 5090; x_wconf 88' lang='lat' dir='ltr'><strong>Tum,</strong></span> <span class='ocrx_word' id='word_1_808' title='bbox 3331 5023 3510 5096; x_wconf 84' lang='lat' dir='ltr'><strong>Regali</strong></span> <span class='ocrx_word' id='word_1_809' title='bbox 3538 5027 3765 5097; x_wconf 83' lang='lat' dir='ltr'><strong>imperio,</strong></span> <span class='ocrx_word' id='word_1_810' title='bbox 3786 5036 3927 5095; x_wconf 87' lang='lat' dir='ltr'><strong>etc.,</strong></span> 
     </span>
    </p>
   </div>
   <div class='ocr_carea' id='block_1_111' title="bbox 2344 5110 3933 5189">
    <p class='ocr_par' dir='ltr' id='par_1_111' title="bbox 2344 5110 3933 5189">
     <span class='ocr_line' id='line_1_111' title="bbox 2344 5110 3933 5189; baseline 0.005 -26"><span class='ocrx_word' id='word_1_811' title='bbox 2344 5118 2401 5164; x_wconf 92' lang='lat' dir='ltr'><strong>ut</strong></span> <span class='ocrx_word' id='word_1_812' title='bbox 2429 5110 2481 5163; x_wconf 91' lang='lat' dir='ltr'><strong>in</strong></span> <span class='ocrx_word' id='word_1_813' title='bbox 2511 5111 2741 5169; x_wconf 89' lang='lat' dir='ltr'><strong>Victoris</strong></span> <span class='ocrx_word' id='word_1_814' title='bbox 2786 5113 3047 5180; x_wconf 85' lang='lat' dir='ltr'><strong>Historia;</strong></span> <span class='ocrx_word' id='word_1_815' title='bbox 3101 5116 3305 5187; x_wconf 87' lang='lat' dir='ltr'><strong>ipsique</strong></span> <span class='ocrx_word' id='word_1_816' title='bbox 3353 5117 3689 5189; x_wconf 87' lang='lat' dir='ltr'><strong>subjungitur</strong></span> <span class='ocrx_word' id='word_1_817' title='bbox 3729 5117 3933 5173; x_wconf 81' lang='lat' dir='ltr'><strong>Notitia</strong></span> 
     </span>
    </p>
   </div>
   <div class='ocr_carea' id='block_1_112' title="bbox 2342 5204 3931 5280">
    <p class='ocr_par' dir='ltr' id='par_1_112' title="bbox 2342 5204 3931 5280">
     <span class='ocr_line' id='line_1_112' title="bbox 2342 5204 3931 5280; baseline 0.004 -21"><span class='ocrx_word' id='word_1_818' title='bbox 2342 5204 2596 5259; x_wconf 63' lang='lat' dir='ltr'><strong>Ecclesiae</strong></span> <span class='ocrx_word' id='word_1_819' title='bbox 2618 5205 2904 5273; x_wconf 69' lang='lat' dir='ltr'><strong>Africanas,</strong></span> <span class='ocrx_word' id='word_1_820' title='bbox 2939 5224 2965 5260; x_wconf 91' lang='lat' dir='ltr'><strong>a</strong></span> <span class='ocrx_word' id='word_1_821' title='bbox 2994 5208 3282 5265; x_wconf 89' lang='lat' dir='ltr'><strong>Sirmundo</strong></span> <span class='ocrx_word' id='word_1_822' title='bbox 3312 5210 3541 5279; x_wconf 89' lang='lat' dir='ltr'><strong>primum</strong></span> <span class='ocrx_word' id='word_1_823' title='bbox 3574 5212 3730 5280; x_wconf 73' lang='lat' dir='ltr'><strong>edita,</strong></span> <span class='ocrx_word' id='word_1_824' title='bbox 3760 5226 3931 5278; x_wconf 86' lang='lat' dir='ltr'><strong>quam</strong></span> 
     </span>
    </p>
   </div>
   <div class='ocr_carea' id='block_1_113' title="bbox 2340 5300 3935 5369">
    <p class='ocr_par' dir='ltr' id='par_1_113' title="bbox 2340 5300 3935 5369">
     <span class='ocr_line' id='line_1_113' title="bbox 2340 5300 3935 5369; baseline 0.005 -15"><span class='ocrx_word' id='word_1_825' title='bbox 2340 5310 2521 5369; x_wconf 88' lang='lat' dir='ltr'><strong>postea</strong></span> <span class='ocrx_word' id='word_1_826' title='bbox 2566 5300 2863 5357; x_wconf 84' lang='lat' dir='ltr'><strong>Chiflletius</strong></span> <span class='ocrx_word' id='word_1_827' title='bbox 2904 5303 3136 5361; x_wconf 90' lang='lat' dir='ltr'><strong>Victoris</strong></span> <span class='ocrx_word' id='word_1_828' title='bbox 3179 5305 3429 5362; x_wconf 82' lang='lat' dir='ltr'><strong>Historiae</strong></span> <span class='ocrx_word' id='word_1_829' title='bbox 3475 5309 3712 5364; x_wconf 88' lang='lat' dir='ltr'><strong>inseruit.</strong></span> <span class='ocrx_word' id='word_1_830' title='bbox 3751 5305 3935 5362; x_wconf 87' lang='lat' dir='ltr'><strong>Porro</strong></span> 
     </span>
    </p>
   </div>
   <div class='ocr_carea' id='block_1_114' title="bbox 2338 5392 3933 5465">
    <p class='ocr_par' dir='ltr' id='par_1_114' title="bbox 2338 5392 3933 5465">
     <span class='ocr_line' id='line_1_114' title="bbox 2338 5392 3933 5465; baseline 0.003 -16"><span class='ocrx_word' id='word_1_831' title='bbox 2338 5392 2525 5449; x_wconf 88' lang='lat' dir='ltr'><strong>eadem</strong></span> <span class='ocrx_word' id='word_1_832' title='bbox 2568 5394 2689 5450; x_wconf 84' lang='lat' dir='ltr'><strong>lidei</strong></span> <span class='ocrx_word' id='word_1_833' title='bbox 2723 5392 2985 5465; x_wconf 85' lang='lat' dir='ltr'><strong>professio</strong></span> <span class='ocrx_word' id='word_1_834' title='bbox 3022 5399 3122 5454; x_wconf 88' lang='lat' dir='ltr'><strong>sub</strong></span> <span class='ocrx_word' id='word_1_835' title='bbox 3162 5398 3394 5455; x_wconf 87' lang='lat' dir='ltr'><strong>Victoris</strong></span> <span class='ocrx_word' id='word_1_836' title='bbox 3439 5402 3655 5456; x_wconf 89' lang='lat' dir='ltr'><strong>nomine</strong></span> <span class='ocrx_word' id='word_1_837' title='bbox 3693 5398 3933 5455; x_wconf 89' lang='lat' dir='ltr'><strong>scorsim</strong></span> 
     </span>
    </p>
   </div>
   <div class='ocr_carea' id='block_1_115' title="bbox 2326 5465 3935 5559">
    <p class='ocr_par' dir='ltr' id='par_1_115' title="bbox 2326 5465 3935 5559">
     <span class='ocr_line' id='line_1_115' title="bbox 2326 5465 3935 5559; baseline 0.002 -16"><span class='ocrx_word' id='word_1_838' title='bbox 2326 5465 2477 5543; x_wconf 48' lang='lat' dir='ltr'><strong>&#39;edita</strong></span> <span class='ocrx_word' id='word_1_839' title='bbox 2525 5486 2749 5544; x_wconf 89' lang='lat' dir='ltr'><strong>habetur</strong></span> <span class='ocrx_word' id='word_1_840' title='bbox 2792 5489 2842 5543; x_wconf 89' lang='lat' dir='ltr'><strong>in</strong></span> <span class='ocrx_word' id='word_1_841' title='bbox 2886 5487 3212 5545; x_wconf 88' lang='lat' dir='ltr'><strong>Bibliotheca</strong></span> <span class='ocrx_word' id='word_1_842' title='bbox 3263 5489 3525 5558; x_wconf 88' lang='lat' dir='ltr'><strong>Patrum,</strong></span> <span class='ocrx_word' id='word_1_843' title='bbox 3569 5492 3706 5559; x_wconf 82' lang='lat' dir='ltr'><strong>unde</strong></span> <span class='ocrx_word' id='word_1_844' title='bbox 3732 5505 3935 5546; x_wconf 80' lang='lat' dir='ltr'><strong>ansam</strong></span> 
     </span>
    </p>
   </div>
   <div class='ocr_carea' id='block_1_116' title="bbox 2335 5580 3938 5654">
    <p class='ocr_par' dir='ltr' id='par_1_116' title="bbox 2335 5580 3938 5654">
     <span class='ocr_line' id='line_1_116' title="bbox 2335 5580 3938 5654; baseline 0.002 -19"><span class='ocrx_word' id='word_1_845' title='bbox 2335 5593 2614 5647; x_wconf 79' lang='lat' dir='ltr'><strong>Sumpsere</strong></span> <span class='ocrx_word' id='word_1_846' title='bbox 2635 5580 2876 5635; x_wconf 87' lang='lat' dir='ltr'><strong>nonnulli</strong></span> <span class='ocrx_word' id='word_1_847' title='bbox 2905 5582 2992 5650; x_wconf 91' lang='lat' dir='ltr'><strong>qui</strong></span> <span class='ocrx_word' id='word_1_848' title='bbox 3019 5582 3287 5651; x_wconf 80' lang='lat' dir='ltr'><strong>catalogus</strong></span> <span class='ocrx_word' id='word_1_849' title='bbox 3316 5584 3639 5654; x_wconf 87' lang='lat' dir='ltr'><strong>scriptorum</strong></span> <span class='ocrx_word' id='word_1_850' title='bbox 3668 5583 3938 5641; x_wconf 84' lang='lat' dir='ltr'><strong>ecclesia-</strong></span> 
     </span>
    </p>
   </div>
   <div class='ocr_carea' id='block_1_117' title="bbox 2335 5672 3941 5746">
    <p class='ocr_par' dir='ltr' id='par_1_117' title="bbox 2335 5672 3941 5746">
     <span class='ocr_line' id='line_1_117' title="bbox 2335 5672 3941 5746; baseline 0.002 -18"><span class='ocrx_word' id='word_1_851' title='bbox 2335 5672 2589 5728; x_wconf 88' lang='lat' dir='ltr'><strong>sticorum</strong></span> <span class='ocrx_word' id='word_1_852' title='bbox 2621 5680 2867 5741; x_wconf 79' lang='lat' dir='ltr'><strong>texuere,</strong></span> <span class='ocrx_word' id='word_1_853' title='bbox 2901 5688 3096 5730; x_wconf 87' lang='lat' dir='ltr'><strong>novum</strong></span> <span class='ocrx_word' id='word_1_854' title='bbox 3129 5674 3415 5733; x_wconf 88' lang='lat' dir='ltr'><strong>inducendi</strong></span> <span class='ocrx_word' id='word_1_855' title='bbox 3444 5677 3727 5742; x_wconf 86' lang='lat' dir='ltr'><strong>Victorem,</strong></span> <span class='ocrx_word' id='word_1_856' title='bbox 3756 5676 3941 5746; x_wconf 86' lang='lat' dir='ltr'><strong>hujus</strong></span> 
     </span>
    </p>
   </div>
   <div class='ocr_carea' id='block_1_118' title="bbox 2334 5763 3939 5839">
    <p class='ocr_par' dir='ltr' id='par_1_118' title="bbox 2334 5763 3939 5839">
     <span class='ocr_line' id='line_1_118' title="bbox 2334 5763 3939 5839; baseline 0.001 -18"><span class='ocrx_word' id='word_1_857' title='bbox 2334 5763 2502 5821; x_wconf 89' lang='lat' dir='ltr'><strong>libelli</strong></span> <span class='ocrx_word' id='word_1_858' title='bbox 2526 5775 2819 5834; x_wconf 86' lang='lat' dir='ltr'><strong>auctorem,</strong></span> <span class='ocrx_word' id='word_1_859' title='bbox 2841 5781 3000 5837; x_wconf 87' lang='lat' dir='ltr'><strong>quem</strong></span> <span class='ocrx_word' id='word_1_860' title='bbox 3024 5768 3183 5839; x_wconf 88' lang='lat' dir='ltr'><strong>aliqui</strong></span> <span class='ocrx_word' id='word_1_861' title='bbox 3207 5768 3478 5828; x_wconf 87' lang='lat' dir='ltr'><strong>Victorem</strong></span> <span class='ocrx_word' id='word_1_862' title='bbox 3505 5771 3775 5828; x_wconf 64' lang='lat' dir='ltr'><strong>Carmana:</strong></span> <span class='ocrx_word' id='word_1_863' title='bbox 3801 5770 3939 5839; x_wconf 81' lang='lat' dir='ltr'><strong>epi-</strong></span> 
     </span>
    </p>
   </div>
   <div class='ocr_carea' id='block_1_119' title="bbox 2330 5856 3940 5935">
    <p class='ocr_par' dir='ltr' id='par_1_119' title="bbox 2330 5856 3940 5935">
     <span class='ocr_line' id='line_1_119' title="bbox 2330 5856 3940 5935; baseline 0.002 -20"><span class='ocrx_word' id='word_1_864' title='bbox 2330 5871 2555 5928; x_wconf 82' lang='lat' dir='ltr'><strong>scopum</strong></span> <span class='ocrx_word' id='word_1_865' title='bbox 2581 5856 2746 5916; x_wconf 83' lang='lat' dir='ltr'><strong>luisse</strong></span> <span class='ocrx_word' id='word_1_866' title='bbox 2776 5858 3180 5932; x_wconf 84' lang='lat' dir='ltr'><strong>existimarunt,</strong></span> <span class='ocrx_word' id='word_1_867' title='bbox 3210 5864 3351 5933; x_wconf 86' lang='lat' dir='ltr'><strong>quod</strong></span> <span class='ocrx_word' id='word_1_868' title='bbox 3394 5865 3494 5922; x_wconf 81' lang='lat' dir='ltr'><strong>ista</strong></span> <span class='ocrx_word' id='word_1_869' title='bbox 3536 5865 3673 5935; x_wconf 84' lang='lat' dir='ltr'><strong>apud</strong></span> <span class='ocrx_word' id='word_1_870' title='bbox 3701 5862 3940 5919; x_wconf 83' lang='lat' dir='ltr'><strong>Genna-</strong></span> 
     </span>
    </p>
   </div>
  </div>
