4086 6328
1654 309 2182 370 PROLEGOMENA.

3449 314 3614 373 150-

288 436 426 493 dium
468 432 521 488 in
564 428 804 499 catalogo
851 441 970 497 cap.
1016 425 1085 480 77
1122 425 1362 481 adversus
1407 425 1625 478 Aricinos
1675 424 1860 478 librum
1891 427 1946 489 Α
1970 423 2204 480 Loricbii
2233 410 2397 483 editio
2430 428 2650 484 Basileae
2676 428 2875 499 prodiit
2900 443 3041 485 anno
3066 427 3225 495 1511,
3260 429 3397 499 typis
3423 429 3552 485 Bar-

286 543 432 582 unum
472 525 675 596 longum
720 519 1106 589 conscripsisse
1152 525 1500 574 memoretur.
1559 520 1628 573 At
1654 516 1735 573 illi
1762 518 1860 574 ad-

286 629 485 677 vertere
510 617 805 674 debueram
832 614 1060 670 Victoris
1093 610 1473 667 Cartennensis
1498 611 1692 666 librum
1720 610 1859 667 Gen-

283 715 446 771 scrico
470 711 701 767 oblatum
734 709 895 765 fuisse
919 754 933 777 ,
977 717 1033 762 ut
1072 721 1132 762 se
1167 722 1231 762 ex
1264 705 1576 777 praefatione
1603 704 1858 762 didicisse

285 816 501 864 testatur
553 804 781 873 ipsemet
836 799 1143 857 Gennadius
1200 800 1318 854 loco
1374 798 1634 863 laudato;
1697 810 1857 869 quem

283 898 498 971 proinde
523 896 685 951 alium
712 908 832 949 csse
860 909 890 947 a
920 891 1043 947 ﬁdei
1086 891 1268 947 libello
1298 890 1388 961 qui
1425 892 1476 945 in
1508 889 1741 946 Victoris
1762 891 1861 947 Bi-

278 993 434 1050 storia
458 990 707 1054 habetur,
735 985 1009 1043 fatendum
1035 994 1136 1041 est.
1162 981 1427 1040 Ceterum
1466 981 1646 1039 Victor
1666 982 1857 1040 eodem

277 1086 430 1143 modo
452 1084 577 1140 fidei
601 1081 989 1154 professionem
1014 1079 1268 1136 Historia:
1286 1092 1399 1135 sum
1419 1077 1661 1135 inserere
1684 1080 1858 1149 potuit

282 1197 382 1253 quo
408 1178 663 1239 Hunerici
687 1175 886 1234 edicta.

262 1306 263 1309 η
338 1274 471 1331 Xlll.
518 1272 781 1343 Superest
806 1276 870 1325 ut
895 1268 1134 1327 dicamus
1168 1266 1237 1324 de
1266 1264 1490 1324 vetustis
1532 1261 1857 1335 exemplari-

262 1372 366 1428 ,bus
386 1368 453 1425 ad
488 1383 612 1439 quae
641 1367 778 1422 hanc
802 1373 1041 1422 nostram
1072 1362 1306 1419 Victoris
1330 1360 1629 1418 editionem
1672 1374 1859 1417 emen-

269 1464 531 1521 davimus.
587 1460 813 1516 Codices
858 1472 989 1515 mss.
1032 1456 1087 1511 in
1137 1455 1330 1525 quibus
1370 1454 1576 1523 integra
1624 1450 1859 1508 Victoris

272 1558 497 1615 ’Vitensis
517 1555 756 1613 Historia
777 1554 1027 1620 habetur,
1046 1551 1269 1608 omnino
1290 1556 1519 1619 quatuor
1537 1546 1854 1602 habuimus:

270 1662 376 1709 tres
402 1650 616 1706 scilicet
642 1664 710 1703 ex
739 1646 1059 1702 bibliotheca
1089 1641 1402 1698 Colbertiua
1429 1682 1445 1705 ,
1473 1653 1607 1710 quos
1636 1653 1734 1707 pro
1757 1652 1858 1693 suo

269 1761 412 1803 more
438 1754 492 1800 et
521 1750 782 1801 consueta
809 1755 933 1811 erga
956 1739 1165 1795 litteras
1194 1733 1592 1799 benevolentia,
1615 1730 1857 1787 exhibuit

1964 516 2234 573 tbolommi
2253 516 2629 575 Westhemeri.
2656 520 2711 574 ιη
2734 535 2835 590 qua
2859 520 2984 576 item
3007 519 3138 576 urbe
3161 535 3302 575 anno
3325 520 3463 576 1555
3482 535 3552 578 ex

1966 609 2180 665 Henrici
2232 610 2375 666 Petri
2406 611 2619 668 officina
2671 614 2866 684 prodiit
2897 630 3033 670 nova
3062 630 3338 671 sacrorum
3368 628 3550 672 aucto-

1960 721 2080 761 rum
2129 706 2376 763 collectio
2437 709 2540 765 sub
2599 710 3153 784 Orthodoxographiae
3200 714 3452 783 nomine,
3494 713 3550 769 in

1961 816 2086 871 qua,
2118 803 2257 859 inter
2283 803 2388 859 alia
2416 818 2585 859 sacrae
2605 807 2935 876 antiquitatis
2956 820 3322 880 monumenta,
3349 810 3550 867 haben-

1964 904 2051 952 tur
2082 896 2311 954 Victoris
2342 900 2510 956 nostri
2540 901 2661 956 libri
2692 911 2802 958 tres
2846 904 2914 960 de
2937 904 3314 964 Persecutionc
3340 907 3549 964 Vanda-

1961 988 2087 1058 lica,
2115 1003 2236 1044 cum
2266 992 2517 1060 passione
2556 1001 2865 1049 sanctorum
2905 1005 3110 1065 septem
3140 998 3548 1055 monachorum.

1959 1081 2228 1139 Caeterum
2258 1098 2402 1140 anno
2446 1084 2584 1143 1569
2615 1101 2809 1143 novam
2852 1087 2979 1143 item
3008 1087 3236 1145 Victoris
3260 1090 3552 1148 editionem

1964 1172 2182 1231 Parisiis
2227 1177 2435 1232 curavit
2475 1178 2556 1231 vir
2602 1178 2670 1234 de
2718 1195 2775 1234 rc
2819 1178 3079 1235 litteraria
3127 1180 3268 1237 bene
3304 1182 3551 1253 meritus,

1960 1266 2280 1325 Franciscus
2325 1269 2648 1338 Balduinns,
2692 1272 2922 1330 celebris
2962 1273 3404 1343 iurisconsultus,
3456 1276 3554 1346 qui

1962 1366 2169 1435 primus
2196 1368 2437 1422 omnium
2470 1367 2607 1423 hanc
2653 1368 2940 1424 Historiam
2989 1368 3393 1424 commentariis
3422 1368 3550 1425 illu-

1961 1462 2171 1517 stravit.
2207 1462 2370 1520 Paulo
2411 1472 2553 1533 post,
2588 1480 2730 1521 anno
2776 1465 2981 1521 scilicet
3012 1464 3173 1532 1576,
3215 1466 3551 1537 Margarinus

1960 1556 2184 1629 Bignius
2229 1560 2451 1615 Parisiis
2480 1560 2648 1616 edidit
2670 1560 3060 1618 Bibliothecam
3100 1569 3409 1617 sanctorum
3444 1561 3550 1619 Pa-

1963 1658 2126 1717 trum,
2158 1666 2278 1722 qua:
2307 1652 2502 1709 iterum
2532 1669 2675 1710 anno
2706 1654 2844 1711 1589
2872 1656 2925 1711 in
2966 1658 3156 1713 eadem
3195 1656 3329 1712 urbe
3354 1672 3553 1715 excusa

1960 1750 2066 1809 est,
2095 1751 2149 1798 et
2179 1744 2230 1797 in
2277 1754 2502 1815 utraque
2549 1745 2722 1801 locum
2766 1744 2929 1803 habet
2956 1757 3139 1804 noster
3170 1748 3383 1813 Victor;
3415 1748 3554 1805 sicut

262 1839 415 1896 'llObiS
443 1837 507 1893 νυ
546 1836 612 1892 C-
646 1833 953 1905 διθυῑὶῦηιιδ
999 1828 1246 1885 Babulus
1274 1846 1290 1894 ς
1316 1835 1564 1898 quartum
1611 1841 1742 1882 Vero
1791 1840 1856 1881 ει
1884 1818 1938 1883 Β
1963 1840 2019 1889 et
2040 1834 2094 1889 in
2122 1832 2526 1892 Coloniensium
2554 1838 2810 1908 editione,
2833 1849 2889 1897 et
2917 1841 2973 1897 in
3001 1842 3119 1897 aliis
3141 1842 3406 1912 ejusmodi
3428 1858 3552 1899 san-

270 1931 595 1989 monasterio
621 1927 970 1986 Benedictino
997 1924 1179 1982 Sancti
1221 1921 1436 1978 Martini
1460 1936 1492 1976 a
1520 1919 1737 1990 Campis
1766 1934 1857 1974 ur-

249 2029 400 2085 -dinis
430 2024 826 2081 Cluniacensis.
888 2021 964 2076 Ex
998 2016 1325 2074 Colbertinis
1354 2014 1628 2084 antiquior
1654 2013 1858 2070 saeculo

248 2134 402 2177 ‘nono
429 2128 526 2176 aut
558 2116 805 2189 sequenti
843 2115 1074 2185 scriptus
1114 2111 1358 2175 videtur,
1397 2107 1666 2165 secundus
1699 2106 1857 2177 paulo

264 2215 530 2271 recentior
562 2221 681 2277 est;
712 2209 905 2267 tertius
936 2221 1063 2264 vero
1090 2204 1305 2261 nonnisi
1333 2216 1506 2257 annos
1535 2200 1857 2272 quingentos

264 2307 467 2362 videtur
500 2303 783 2376 preferre,
815 2300 912 2357 sed
940 2298 1029 2370 qui
1060 2311 1223 2353 manu
1251 2302 1498 2351 accurata
1532 2300 1587 2349 et
1615 2291 1857 2361 diligenti

265 2412 512 2458 exaratos
543 2406 666 2463 est,
702 2398 755 2452 in
793 2395 946 2465 cujus
989 2392 1302 2463 paginarum
1334 2387 1663 2459 marginibus
1692 2384 1857 2441 variae

263 2510 327 2552 ex
360 2496 466 2551 alio
494 2494 682 2563 aliquo
706 2489 891 2547 codice
932 2488 1193 2544 lectiones
1236 2484 1505 2545 habentur
1529 2525 1545 2548 ,
1586 2482 1658 2537 ita
1682 2490 1740 2536 ut
1769 2480 1857 2536 hic

263 2588 426 2644 codex
461 2602 566 2656 pro
585 2584 793 2640 duobus
820 2581 1013 2638 merito
1041 2577 1342 2634 censendus
1368 2577 1460 2633 sit.
1488 2573 1667 2631 Codex
1697 2571 1855 2628 deui-

262 2698 359 2755 que
378 2680 569 2739 Sancti
592 2678 799 2734 Martini
813 2691 844 2731 a
859 2674 1092 2745 Campis,
1118 2673 1210 2743 qui
1223 2672 1353 2728 olim
1373 2669 1685 2726 monasterii
1701 2666 1858 2723 Cres-

262 2776 534 2848 piacensis
557 2774 686 2839 fuit,
720 2772 787 2827 ab
813 2770 968 2826 annis
1011 2770 1135 2824 item
1166 2767 1339 2823 ferme
1366 2764 1677 2836 quingentis
1709 2763 1858 2820 vide-

262 2880 346 2928 tur
368 2871 629 2940 scriptus.
669 2864 1048 2922 Consuluimus
1074 2862 1236 2916 etiam
1266 2859 1441 2914 varias
1473 2856 1733 2915 lectiones
1760 2871 1856 2913 co-

265 2962 397 3020 dicis
442 2963 604 3019 bonm
649 2968 793 3015 nota:
816 2999 832 3025 ,
888 2966 947 3011 ut
984 2955 1177 3011 asserit
1216 2952 1541 3013 Chiflletius.
1570 2948 1860 3005 carthusite

166 3116 173 3121 ,
262 3057 547 3113 'Portarum
574 3097 589 3122 ,
636 3067 769 3124 quas
809 3051 950 3108 idem
988 3049 1103 3119 ipse
1144 3048 1224 3102 vir
1257 3046 1497 3102 eruditus
1531 3045 1587 3099 in
1624 3044 1764 3099 notis
1791 3042 1861 3098 ad

267 3151 540 3207 Victorem
573 3147 729 3204 nobis
756 3142 1135 3215 suppeditavit.
1169 3142 1238 3195 At
1268 3148 1461 3206 praeter
1494 3138 1591 3191 hos
1619 3135 1855 3203 codices,

264 3246 399 3301 alios
431 3244 574 3299 idem
608 3252 715 3297 tres
754 3238 1072 3300 habuimus,
1102 3234 1156 3289 in
1181 3231 1407 3305 quibus,
1433 3230 1654 3299 dempto
1694 3226 1858 3297 priori

264 3341 404 3397 libro
430 3383 445 3408 ,
499 3337 725 3391 Victoris
772 3332 942 3389 nostri
993 3329 1223 3385 Historia
1266 3328 1470 3395 integra
1501 3327 1730 3379 habetur
1755 3321 1857 3377 sub

262 3430 539 3489 Passionis
574 3427 741 3484 sancti
771 3424 999 3497 Eugenii
1030 3423 1203 3478 titulo.
1242 3420 1391 3477 Unus
1420 3433 1487 3474 ex
1518 3417 1602 3472 his
1628 3426 1708 3471 est
1740 3413 1855 3470 RR.

262 3523 367 3579 PP.
400 3518 729 3577 Fuliensium
776 3515 1087 3572 monasterii
1125 3512 1307 3569 Sancti
1356 3508 1616 3566 Bernardi
1659 3508 1713 3562 in
1758 3506 1858 3561 hac

260 3618 401 3673 urbe
424 3613 712 3679 Parisiaca,
730 3610 867 3663 alter
895 3608 949 3661 in
980 3615 1162 3660 nostra
1184 3602 1367 3659 Sancti
1391 3599 1645 3656 Germani
1671 3613 1702 3651 a
1731 3597 1860 3651 Pra-

262 3711 334 3763 tis
362 3702 691 3760 bibliotheca
721 3707 1057 3763 asservatur,
1098 3705 1321 3763 uterque
1350 3693 1420 3746 ab
1463 3690 1617 3745 annis
1643 3687 1860 3743 circiter

264 3800 374 3857 500
405 3795 765 3867 conscriptus.
799 3791 903 3848 Sed
937 3806 1044 3846 uno
1095 3788 1294 3844 saeculo
1341 3784 1612 3842 recentior
1652 3782 1862 3837 videtur

263 3891 464 3948 tertius
497 3903 563 3944 ex
604 3888 688 3942 his
727 3884 997 3942 codicibus
1024 3926 1040 3951 ,
1083 3882 1177 3952 qni
1219 3887 1303 3936 est
1334 3868 1651 3933 monasterii
1692 3874 1862 3930 nostri

262 3984 452 4043 Sancti
482 3981 720 4038 Cornelii
759 3976 1223 4048 Compendiensis.
1267 3976 1534 4030 Praeterea
1580 3972 1707 4027 ﬁdei
1739 3985 1861 4040 pro-

266 4080 581 4141 fessionem,
605 4074 654 4129 id
685 4081 766 4129 est
796 4072 1012 4127 tertium
1042 4069 1269 4124 Victoris
1297 4066 1545 4123 Historia:
1566 4064 1783 4131 librum,
1805 4072 1862 4121 ct

268 4170 525 4227 Notitiam
554 4165 808 4224 Ecclesiae
828 4163 1094 4219 Africanze
1119 4161 1442 4218 contulimus
1464 4174 1584 4215 cum
1608 4160 1861 4214 vetustis-

270 4267 409 4323 simo
446 4271 501 4319 et
530 4261 746 4331 optima;
774 4269 916 4315 notae
944 4257 1127 4312 codice
1160 4270 1259 4311 ms.
1294 4254 1538 4311 ecclesiae
1577 4253 1859 4309 cathedra-

272 4359 335 4415 lis
355 4358 573 4415 Sanctae
589 4354 770 4411 Maria:
790 4349 1180 4415 Laudunensis,
1202 4349 1289 4419 qui
1310 4348 1380 4403 ab
1399 4348 1553 4402 annis
1578 4346 1858 4401 minimum

272 4452 595 4524 octingentis
619 4456 869 4505 exaratus
897 4454 998 4503 est.

339 4543 485 4599 XIV.
512 4542 789 4597 Editiones
810 4555 937 4595 vero
965 4537 1203 4610 ejusdem
1234 4535 1491 4601 auctoris,
1518 4549 1653 4605 quas
1676 4534 1860 4591 videre

272 4635 443 4703 licuit,
475 4634 562 4689 hae
587 4641 733 4691 sunt.
765 4632 944 4688 Primo
968 4618 1181 4701 quidem
1209 4628 1418 4684 emeris
1442 4627 1693 4682 omnibus
1721 4626 1861 4683 anti-

272 4731 517 4799 quiorem
546 4725 943 4791 consuluimus,
980 4736 1012 4775 a
1040 4723 1196 4777 beato
1232 4721 1493 4776 Rhenano
1523 4727 1860 4789 procuratam

277 4821 498 4877 Basilere
527 4833 667 4873 anno
702 4816 843 4873 1555
868 4858 883 4885 ,
930 4831 1037 4887 quo
1062 4830 1127 4871 ex
1161 4814 1375 4870 ofﬁcina
1407 4812 1743 4869 Frobeniana
1775 4811 1864 4868 Vi-

276 4922 388 4969 ctor
434 4921 626 4967 noster
666 4909 901 4965 Vitensis
924 4952 939 4976 ,
988 4907 1129 4963 inter
1170 4905 1307 4961 alios
1338 4905 1576 4962 historian
1603 4905 1861 4961 ecclesia-

244 5024 247 5029 ·
277 5007 417 5063 sticae
448 5014 719 5070 auctores,
750 5000 978 5070 primum
1005 5000 1061 5054 in
1084 4999 1256 5053 lucem
1285 4998 1497 5067 prodiit.
1534 4996 1733 5052 Eadem
1764 5013 1862 5049 au-

276 5111 486 5156 ctorum
509 5096 755 5152 collectio
772 5093 990 5149 Parisiis
1009 5091 1203 5148 iterum
1230 5104 1425 5146 excusa
1446 5099 1528 5145 est
1549 5104 1674 5144 ann.
1701 5088 1859 5153 1541,

279 5193 413 5264 typis
428 5188 645 5246 Galeoti
664 5187 951 5246 Pratensis.
971 5187 1036 5241 At
1054 5200 1119 5241 eo
1140 5183 1397 5255 temporis
1416 5182 1700 5238 intervallo
1718 5182 1860 5253 quod

280 5286 416 5343 inter
430 5295 714 5353 utramque
735 5278 1022 5337 editionem
1044 5276 1269 5347 effluxit,
1290 5278 1402 5333 haec
1422 5278 1607 5334 eadem
1637 5276 1863 5334 Victoris

283 5381 515 5436 Historia
538 5377 774 5434 Colonia:
804 5374 1111 5445 Agrippinae
1140 5387 1281 5428 anno
1307 5372 1467 5440 1557,
1494 5386 1527 5426 a
1555 5368 1862 5427 Reinhardo

284 5470 531 5530 Lorichio
558 5469 875 5527 Hadamario
903 5467 1043 5539 typis
1068 5466 1313 5521 mandata
1345 5474 1448 5533 est,
1474 5473 1530 5520 et
1552 5463 1766 5534 quidem
1793 5477 1861 5519 ex

288 5568 471 5623 codice
500 5579 601 5621 ms.
629 5564 703 5619 uti
724 5562 955 5627 videtur,
977 5559 1238 5629 siquidem
1266 5558 1319 5612 in
1341 5558 1564 5628 epistola
1585 5558 1863 5615 dedicato-

1962 1936 2171 1985 ctorum
2197 1930 2414 1987 Patrum
2442 1947 2665 2002 operum
2694 1936 3123 2007 collectionibus,
3151 1954 3272 2009 quae
3296 1940 3551 2010 deinceps

1960 2018 2016 2075 in
2044 2020 2216 2079 lucem
2248 2023 2582 2092 prodierunt.
2632 2027 2764 2096 Quae
2792 2010 2982 2086 omnes
3027 2031 3294 2088 editiones
3329 2034 3429 2088 sub
3463 2034 3552 2090 Vi-

1960 2119 2126 2174 ctoris
2162 2119 2444 2177 Uticensis
2494 2122 2711 2177 nomine
2758 2123 2988 2195 vulgatae
3037 2133 3164 2180 sunt
3195 2135 3390 2195 prater
3419 2126 3552 2184 duas

1962 2207 2104 2263 beati
2136 2208 2403 2274 Rhenani.
2457 2214 2508 2267 in
2555 2214 2749 2283 quibus
2779 2214 2959 2271 Victor
2990 2216 3224 2273 Vitensis
3266 2220 3553 2290 episcopus

1959 2302 2277 2370 appellatur.
2310 2303 2417 2360 Sed
2443 2320 2628 2361 verum
2651 2306 2862 2363 titulum
2892 2310 3125 2366 asseruit
3156 2310 3348 2368 Petrus
3378 2314 3552 2371 Fran-

1960 2392 2138 2448 ciscus
2162 2394 2461 2451 Cliiflletius
2482 2398 2535 2453 in
2554 2398 2666 2467 jam
2690 2399 2900 2455 laudata
2928 2400 3186 2470 editione,
3217 2418 3380 2473 quam
3409 2419 3552 2462 anno

1964 2486 2104 2543 £664
2134 2488 2360 2545 Divione
2410 2490 2527 2545 ﬁeri
2563 2491 2791 2547 curavit.
2822 2491 3110 2561 Caeterum,
3152 2509 3220 2549 ne
3263 2495 3298 2550 ii
3330 2499 3419 2567 qui
3450 2495 3553 2552 La-

1962 2582 2074 2636 tine
2105 2583 2349 2653 ignorant
2374 2595 2482 2640 tam
2520 2586 2701 2642 eximii
2732 2589 2913 2656 operis
2962 2588 3192 2645 lectione
3224 2590 3551 2648 frustraren-

1962 2681 2070 2737 tur,
2102 2673 2153 2725 in
2203 2675 2542 2731 vernaculam
2592 2676 2826 2746 linguam
2874 2693 2980 2733 non
3020 2679 3190 2736 semel
3236 2680 3552 2737 translatum

1962 2773 2066 2821 est.
2094 2765 2166 2821 Et
2197 2768 2371 2836 primo
2399 2770 2616 2838 quidem
2646 2770 2849 2827 Gallice
2876 2772 3077 2841 prodiit
3120 2773 3319 2829 saeculo
3346 2789 3555 2843 prame-

1962 2858 2131 2923 denti,
2159 2874 2302 2917 anno
2328 2862 2538 2920 scilicet
2580 2864 2740 2932 1565,
2792 2879 2958 2935 opera
3008 2865 3283 2922 Francisci
3314 2867 3552 2924 Bellore-

1963 2951 2071 3015 stii,
2103 2951 2323 3009 Parisiis
2365 2956 2505 3022 apud
2554 2955 2859 3013 Gabrielem
2908 2959 3085 3024 Buon;
3128 2968 3185 3017 et
3230 2975 3373 3017 anno
3415 2961 3556 3017 1664

1964 3046 2130 3102 altera
2162 3047 2214 3101 in
2244 3048 2432 3103 eadem
2464 3050 2620 3114 urbe,
2651 3049 2722 3104 ab
2765 3051 3124 3107 illustrissimo
3164 3053 3399 3108 Arnaldo
3443 3055 3555 3108 An-

1965 3139 2120 3197 dillio
2141 3151 2446 3211 procurata.
2471 3143 2552 3197 Ad
2578 3142 2693 3199 haec
2711 3144 2933 3209 Anglice
2956 3144 3100 3200 edita
3122 3154 3205 3201 est
3226 3160 3367 3201 anno
3390 3145 3554 3202 1605.

1887 3207 1935 3273 C
1966 3234 2164 3289 Harum
2211 3249 2341 3290 vero
2372 3237 2612 3291 omnium
2641 3237 2709 3292 ad
2743 3246 2981 3293 nostram
3027 3238 3259 3293 Victoris
3306 3238 3554 3294 Historiat

1961 3326 2256 3383 editionem
2284 3327 2649 3384 adornandam
2682 3328 2763 3385 usi
2791 3344 3004 3397 sumus,
3032 3330 3243 3386 collatis
3271 3330 3410 3385 inter
3431 3344 3555 3387 sese

1963 3429 2071 3475 tam
2123 3434 2254 3476 mss.
2286 3436 2442 3491 quam
2475 3422 2634 3477 editis
2674 3423 2975 3489 codicibus,
3003 3438 3230 3493 quorum
3273 3422 3445 3478 varias
3474 3424 3554 3479 le-

1960 3514 2169 3568 ctiones
2209 3527 2309 3568 suo
2336 3514 2457 3570 loco
2492 3514 2885 3572 exhibebimus.
2934 3515 3060 3572 Haec
3103 3516 3171 3572 de
3198 3516 3433 3571 Victoris
3467 3516 3557 3570 Vi-

1964 3604 2130 3659 tensis
2160 3603 2391 3658 Historia
2446 3606 2770 3672 praemittere
2812 3606 2987 3662 visum
3037 3617 3141 3662 est.
3189 3606 3262 3661 De
3294 3606 3377 3661 his
3425 3621 3556 3664 vero

1964 3712 2086 3767 quae
2100 3706 2357 3767 spectant
2381 3698 2447 3752 ad
2476 3707 2669 3754 caetera
2701 3707 3070 3766 monumenta,
3096 3713 3217 3768 qua:
3242 3700 3296 3752 in
3328 3698 3431 3754 isto
3460 3713 3555 3752 vo-

1966 3788 2168 3845 lumine
2197 3789 2562 3857 continentur,
2593 3789 2768 3845 fusius
2815 3789 2900 3843 Iiic
2927 3790 3195 3845 disserere
3238 3804 3558 3859 supervaca-

1964 3898 2124 3939 neum
2165 3882 2326 3949 foret,
2359 3898 2480 3939 cum
2529 3896 2624 3940 sua
2656 3882 2951 3955 unicuique
2970 3883 3231 3953 nattsculo
3278 3883 3558 3955 praemissa

1964 3977 2260 4035 admonitio
2310 3978 2364 4034 id
2405 3978 2619 4035 abunde
2665 3977 2875 4035 doceat.
2917 3978 3023 4035 Sed
3074 3989 3253 4035 tamen
3301 3988 3359 4035 ut
3395 3980 3558 4036 totius

1962 4069 2214 4128 Historia:
2239 4070 2543 4127 Vandalicm
2592 4070 2791 4127 seriem
2826 4070 2928 4126 sub
2971 4085 3103 4138 uno,
3154 4079 3214 4126 ut
3244 4070 3316 4126 ita
3358 4071 3555 4139 dicam,

1961 4165 2105 4221 oculi
2134 4169 2427 4234 conspectu
2450 4165 2621 4222 lector
2641 4164 2844 4219 habere
2866 4164 3055 4233 possit,
3081 4164 3200 4233 post
3220 4179 3406 4219 eorum
3433 4179 3556 4235 qua:

1960 4259 2050 4317 hic
2092 4260 2441 4317 continentur
2484 4258 2774 4330 syllabum,
2836 4257 3278 4327 chronologicum
3322 4257 3556 4314 indicem

1963 4353 2302 4418 exhibemus,
2348 4354 2402 4408 in
2449 4368 2556 4421 quo
2607 4351 2818 4422 singula
2847 4366 3073 4422 quaiquc
3119 4350 3274 4406 istius
3306 4350 3558 4407 Historias

1963 4450 2137 4518 capita
2161 4446 2388 4517 singulis
2426 4446 2584 4501 annis
2624 4444 2819 4515 quibus
2843 4443 3137 4514 contigisse
3188 4444 3346 4515 vulgo
3370 4443 3532 4501 existi

1965 4551 2180 4598 mantur
2208 4539 2673 4611 consignavimus.
2705 4539 2765 4595 Si
2796 4538 2924 4609 quid
2953 4553 3109 4606 vero,
3156 4537 3267 4603 imo
3295 4537 3558 4609 quidquid

1922 4628 1993 4691 ’a
2027 4651 2113 4691 me
2141 4634 2194 4689 in
2234 4642 2347 4689 toto
2388 4631 2549 4701 hujus
2578 4631 2827 4688 Historia)
2856 4631 3088 4687 decursu
3129 4637 3411 4699 peccatum
3441 4628 3558 4685 fue-

1966 4716 2315 4794 rit,benigne
2357 4723 2588 4791 accipiat
2632 4722 2821 4782 lector,
2868 4730 2925 4775 et
2963 4734 3140 4776 meum
3170 4721 3364 4775 saltem
3411 4720 3464 4774 in
3495 4734 3557 4773 re

1968 4827 2074 4873 tam
2102 4817 2381 4889 preclam,
2415 4815 2511 4868 sed
2556 4811 2674 4867 fere
2702 4810 2967 4879 neglecta,
2994 4819 3247 4866 conatum
3291 4807 3430 4878 aequi
3460 4810 3558 4864 bo-

1966 4911 2129 4978 nique
2157 4905 2426 4971 consulat,
2449 4903 2629 4960 animo
2651 4910 2929 4973 reputans,
2957 4915 3056 4957 nec
3083 4900 3215 4957 mihi
3242 4899 3439 4955 sinceri
3462 4908 3559 4955 aut

1969 5001 2083 5056 veri
2111 4997 2369 5065 studium,
2397 5010 2500 5054 nec
2525 4995 2874 5068 diligentiam,
2901 4993 2997 5051 sed
3015 4993 3368 5051 eruditionem
3395 5007 3556 5066 argu-

1972 5098 2153 5147 mento
2185 5104 2367 5161 parem
2398 5088 2684 5161 aliquando
2712 5087 2972 5156 defuisse,
3001 5101 3158 5157 quam
3187 5085 3255 5141 ab
3287 5084 3407 5140 aliis
3430 5101 3553 5142 eru-

1969 5184 2251 5242 ditioribus
2279 5182 2519 5254 suppleri
2543 5190 2808 5253 optamus.
2846 5178 3114 5237 Caeterum
3157 5179 3271 5234 haec
3301 5177 3553 5235 Vandali-

1967 5296 2044 5336 cae
2074 5277 2462 5351 persecutionis
2505 5276 2743 5334 Historia
2793 5289 2920 5345 pars
2960 5279 3079 5330 erat
3108 5271 3269 5328 totius
3305 5272 3553 5329 Historia:

1969 5372 2399 5444 persecutionum
2444 5370 2511 5426 ab
2549 5367 2761 5425 Arianis
2786 5374 2898 5423 tum
2952 5365 3383 5435 imperatoribus,
3439 5373 3553 5420 tum

1965 5468 2127 5523 etiam
2159 5464 2409 5520 Barbaris
2436 5462 2810 5527 excitatarum,
2844 5473 3004 5529 quam
3043 5468 3284 5529 paratam
3316 5458 3552 5515 habeba-

1969 5573 2121 5623 mus;
2168 5556 2321 5627 cujus
2350 5556 2507 5612 aliam
2539 5561 2764 5625 partem,
2816 5551 3081 5623 siquidem
3110 5551 3211 5622 piis
3238 5559 3293 5608 et
3326 5551 3551 5606 eruditis

290 5663 398 5723 ria.
429 5661 569 5717 hanc
595 5657 870 5715 historiam
896 5644 929 5708 ά
959 5654 1237 5719 tinearum,
1266 5651 1443 5719 quibus
1468 5652 1640 5704 arrodi
1669 5651 1869 5706 uidebit.
1970 5650 2096 5707 viris
2126 5665 2230 5704 non
2278 5647 2664 5717 displicituram
2704 5644 3147 5717 intellexerimus,
3177 5659 3300 5719 cum
3342 5652 3551 5713 tempus

295 5765 392 5821 tur,
426 5754 618 5829 injuria
644 5768 705 5809 se
742 5748 1039 5805 vindicasse
1079 5746 1376 5816 profitetur.
1420 5744 1599 5800 Altera
1630 5743 1868 5815 ejusdem
1972 5744 2077 5801 erit
2104 5742 2272 5813 magis
2303 5737 2839 5813 opportunum,typis
2870 5737 3127 5795 mandare
3157 5736 3477 5793 curabimus.
3572 5758 3573 5761 η
