4086 6328
575 390 682 449 183

1826 422 1835 432 ,
1876 362 2191 421 VICTORIS
2234 355 2536 415 VITENSIS

3752 336 3853 392 184

572 514 663 564 aut
684 506 953 570 praerupta
982 503 1262 557 terrarum,
1296 489 1377 544 vel
1414 488 1621 544 seclusa
1647 499 1873 558 qumque
1898 482 2150 539 'occulta-
2179 479 2235 541 Α
2259 490 2469 547 nequeo
2509 484 2762 537 narrare;
2796 483 2932 541 quos
2975 459 3444 570 stimulis-ferreis.
3463 454 3851 570 aduambulan-

572 600 782 656 verant,
828 597 946 658 post
973 600 1158 641 eorum
1192 581 1476 637 transitum
1511 580 1615 635 illis
1645 577 1855 650 pabulis
1891 577 2159 630 nutriren-

574 698 692 748 tur;
724 692 780 739 et
808 682 886 735 sie
923 678 1134 744 eadem,
1170 686 1331 747 atque
1372 676 1563 730 iterum
1596 673 1689 728 tali
1723 668 2048 727 crudelitate
2076 667 2162 724 fu-

573 775 837 839 rentibus,
862 786 931 826 sa
959 785 1146 826 eorum
1174 769 1496 837 contagione
1527 766 1707 821 nullus
1727 765 1989 821 remansit
2011 762 2163 818 locus

571 870 847 926 immunis.
872 865 1183 922 Praesertim
1207 864 1260 919 in
1279 862 1545 925 ecclesiis,
1573 859 1918 930 basilicisque
1947 865 2165 913 sancto-

569 982 714 1030 rum,
743 960 1072 1019 coemeteriis
1098 960 1182 1016 vel
1215 957 1559 1014 monasteriis
1598 954 1915 1011 sceleratius
1962 952 2163 1008 saevie-

570 1060 723 1125 bant,
759 1068 818 1111 ut
846 1054 1142 1125 majoribus
1181 1050 1444 1107 incendiis
1467 1049 1657 1104 domos
1700 1047 1961 1103 orationis
1990 1044 2163 1114 magis

573 1164 733 1217 quam
780 1149 960 1213 urbes,
1001 1154 1298 1213 cunctaque
1348 1140 1544 1211 oppida
1583 1148 2014 1196 concremarent.
2064 1136 2165 1193 Ubi

574 1242 713 1294 forte
733 1238 1057 1295 venerabilis
1078 1237 1215 1291 aulae
1238 1236 1449 1290 clausas
1476 1240 1791 1303 repererant
1817 1239 2019 1300 portas,
2043 1243 2167 1285 cer-

577 1333 728 1386 latim
783 1330 973 1385 ictibus
1025 1328 1383 1395 destralium,
1441 1327 1643 1383 aditum
1707 1326 2055 1391 reserabant,
2108 1332 2169 1379 ut

577 1432 724 1479 recte
747 1432 871 1478 tunc
896 1421 1166 1477 diceretur
1197 1439 1209 1474 :
1244 1422 1405 1487 Quasi
1434 1425 1488 1474 in
1515 1421 1646 1474 silva
1668 1420 1947 1491 lignorum,
1977 1416 2165 1471 securi-

579 1517 670 1570 bus
701 1516 1056 1571 consciderunt
1075 1515 1273 1585 janttas
1302 1518 1415 1586 ejus
1460 1513 1513 1566 in
1551 1511 1814 1584 idipsum;
1842 1512 1897 1565 in
1928 1510 2092 1565 securi
2118 1518 2167 1564 et

578 1609 718 1662 ascia
757 1609 1046 1677 dejecerunt
1094 1621 1229 1659 eam.
1272 1603 1623 1658 Incenderunt
1662 1603 1771 1675 igni
1816 1601 2166 1656 sanctuarium

578 1711 719 1752 tuum
769 1699 822 1752 in
864 1709 1032 1761 terra;
1079 1698 1374 1767 polluerunt
1414 1695 1797 1750 tabernaculum
1837 1694 2057 1748 nominis
2093 1693 2169 1747 tui

578 1789 752 1861 (Psal.
788 1806 947 1858 sxxv,
979 1790 1033 1859 6,
1066 1792 1144 1861 7).

2266 572 2392 627 dum
2439 570 2721 641 urgebant,
2753 580 2979 637 quorum
3012 560 3251 619 nonnulli
3289 558 3390 615 sub
3419 555 3654 612 fascibus
3690 551 3853 608 mise-

2267 666 2511 722 rabiliter
2534 665 2742 720 animas
2770 660 3024 717 emisere.
3047 656 3244 714 Senibs
3265 651 3545 709 maturitas
3569 658 3731 719 atque
3764 661 3855 702 ve-

2267 759 2507 817 neranda
2548 756 2803 823 canities,
2853 769 2973 825 qua;
3013 749 3290 808 caesariem
3340 746 3533 817 capitis
3571 751 3630 797 ut
3679 742 3854 796 lanam

2236 854 2551 911 'candidam
2572 852 2869 915 dealbarat,
2905 858 2927 887 ε
2960 845 3163 902 nullam
3192 841 3293 897 sibi
3330 839 3399 894 ab
3425 835 3729 907 hospitibus
3760 833 3859 887 mi-

2269 945 2620 1004 sericordiam
2652 943 2982 998 vindicabat.
3008 936 3116 992 Sed
3155 934 3316 991 etiam
3349 930 3601 1002 parvulos
3628 926 3696 980 ab
3726 924 3859 979 ube-

2270 1042 2419 1098 ribus
2445 1039 2702 1096 maternis
2733 1037 2953 1105 rapiens
2988 1030 3249 1087 barbarus
3279 1026 3447 1089 furor,
3482 1024 3751 1078 insontem
3781 1017 3861 1071 in-

2270 1135 2489 1191 fantiam
2520 1130 2774 1187 allidebat
2802 1128 2869 1183 ad
2909 1136 3127 1182 terram.
3162 1120 3189 1159 ά
3220 1119 3324 1175 Alii
3365 1132 3398 1173 e
3430 1114 3654 1186 regione
3698 1108 3861 1180 pedes

2274 1236 2540 1292 tenentes,
2572 1241 2601 1279 a
2632 1232 2812 1280 meatu
2839 1233 3064 1292 prorsus
3104 1212 3338 1270 naturali
3381 1222 3552 1279 usque
3580 1204 3649 1259 ad
3683 1215 3861 1257 arcem

2271 1323 2462 1392 capitis
2505 1319 2855 1389 dissipabunt,
2903 1312 3117 1386 quando
3144 1319 3271 1365 tunc
3309 1307 3448 1362 forte
3485 1301 3617 1358 Sion
3655 1297 3861 1392 captiva

2272 1390 2526 1470 cantabat
2556 1430 2568 1465 :
2604 1411 2750 1465 Dixit
2788 1407 3040 1464 inimicus
3078 1400 3369 1459 incendere
3410 1396 3546 1451 lines
3577 1405 3752 1455 meos,
3784 1390 3865 1443 in-

2273 1510 2516 1564 terficere
2556 1505 2789 1559 infantes
2819 1515 2993 1565 meos,
3027 1509 3082 1554 et
3123 1493 3376 1567 parvulos
3420 1501 3574 1545 meos
3603 1500 3667 1541 se
3700 1484 3865 1539 elisu-

2273 1616 2392 1656 rum
2425 1600 2489 1654 ad
2516 1606 2713 1653 terram
2744 1594 2828 1663 (IV
2858 1593 2988 1666 Reg.
3021 1607 3135 1657 vui,
3170 1587 3283 1659 i2).

2343 1690 2431 1747 ΙΙΙ.
2475 1688 2727 1757 /Ediﬁeia
2763 1684 3081 1741 subuertunt.
3114 1711 3184 1721 -—
3214 1678 3272 1734 In
3305 1674 3547 1733 adificiis
3594 1667 3864 1726 nonnullis

2278 1799 2592 1856 magnarum
2640 1780 2861 1846 aedium,
2893 1778 2981 1833 vel
3023 1777 3332 1837 domorum,
3380 1769 3471 1825 ubi
3508 1763 3865 1822 ministerium

648 1887 705 1959 ι,
731 1887 795 1941 u.
833 1855 1028 1940 Eorum
1049 1855 1555 1953 ambition—Quanti
1584 1894 1709 1940 tunc
1736 1884 1801 1939 ab
1821 1885 1900 1940 eis
1926 1880 2172 1954 praeclari
2203 1881 2249 1941 Β
2277 1855 2413 1950 ignis
2435 1876 2616 1931 minus
2642 1874 2907 1938 valuerat,
2939 1869 3093 1925 tectis
3120 1864 3409 1959 admodum
3443 1859 3613 1959 [σθω.
3645 1855 3864 1925 dissipa-

581 1979 865 2048 pontillces
912 1986 967 2032 et
1004 1978 1211 2033 nobiles
1250 1977 1559 2034 sacerdotes
1605 1977 1838 2032 diversis
1885 1989 2165 2045 poenarum

578 2070 862 2141 generibus
887 2071 1133 2126 exstincti
1160 2080 1305 2137 sunt,
1325 2079 1383 2126 ut
1407 2070 1684 2125 traderent
1709 2069 1751 2122 si
1779 2068 1905 2138 quid
1936 2069 2051 2122 auri
2083 2068 2169 2121 vel

577 2168 784 2237 argenti
819 2175 845 2203 α
870 2167 1171 2236 proprium,
1204 2168 1285 2221 vel
1315 2164 1737 2221 ecclesiasticum
1778 2163 2068 2218 haberent!
2103 2162 2170 2217 Et

579 2258 711 2313 dum
737 2274 855 2329 quze
876 2266 1050 2323 erant,
1082 2257 1396 2328 urgentibus
1420 2258 1597 2329 poenis
1632 2256 1840 2311 facilius
1878 2255 2168 2326 proderen-

579 2360 691 2416 tur,
713 2352 906 2406 iterum
938 2350 1249 2406 crudelibus
1281 2350 1561 2405 tormentis
1581 2349 1855 2405 oblatores
1886 2348 2166 2418 urgebant,

579 2451 921 2498 autumantes
952 2442 1237 2513 quamdam
1269 2451 1498 2513 partem,
1536 2456 1645 2497 non
1673 2448 1839 2496 totum
1873 2456 1993 2496 esse
2022 2440 2171 2495 obla-

580 2543 731 2599 tum;
767 2545 821 2589 et
860 2544 1061 2605 quanto
1091 2536 1209 2605 plus
1236 2534 1482 2598 dabatur,
1532 2542 1681 2588 tanto
1709 2533 1939 2605 amplius
1979 2549 2171 2604 quem-

578 2630 723 2698 piam
752 2628 951 2685 hahere
989 2629 1301 2684 credebant.
1335 2628 1469 2683 Aliis
1511 2628 1760 2699 palorum
1798 2628 2041 2683 vectibus
2077 2643 2172 2683 ora

580 2730 920 2784 reserantes;
956 2720 1174 2775 fetidum
1212 2735 1425 2776 omnum
1471 2719 1542 2775 ob
1568 2718 1967 2775 confessionem
2006 2733 2172 2789 pecu-

581 2815 685 2869 nia:
722 2814 962 2870 faucibus
1002 2814 1354 2885 ingerebant;
1400 2812 1688 2867 nonnullos
1724 2810 1781 2866 in
1822 2810 2090 2867 frontibus
2120 2820 2175 2867 et

581 2907 745 2975 tibiis,
796 2907 975 2963 nervis
1021 2905 1444 2977 remugientibus
1489 2903 1791 2976 torquendo
1833 2903 2166 2959 cruciabant.

579 3000 856 3070 Plerisque
899 3015 1091 3070 aquam
1123 3000 1407 3063 marinam,
1451 2999 1570 3053 aliis
1596 3006 1833 3063 acetum,
1872 3010 2170 3063 amurcam,

578 3093 957 3163 liquamenque
1000 3103 1058 3148 et
1093 3093 1192 3147 alia
1226 3093 1389 3147 multa
1430 3101 1591 3161 atque
1620 3091 1882 3161 crudelia,
1914 3098 2169 3160 tanquam

579 3186 789 3241 utribus
811 3187 1032 3241 imbutis
1061 3187 1141 3240 ori
1166 3186 1434 3255 apposita,
1460 3185 1580 3241 sine
1607 3182 1978 3239 misericordia
2001 3183 2172 3254 porri-

2276 1971 2366 2045 tis]
2395 1968 2705 2039 despicatis,
2739 1961 3189 2035 pulchritudinem
3221 1956 3484 2027 parietum
3525 1952 3645 2008 solo
3688 1963 3864 2018 requa-

2273 2065 2439 2129 bant;
2469 2072 2528 2117 ut
2547 2075 2693 2116 nunc
2715 2059 2933 2129 antiqua
2963 2056 3053 2111 illa
3094 2052 3410 2125 speeiositas
3438 2047 3740 2110 civitatum,
3769 2056 3866 2096 nec

2276 2157 2370 2229 [al.
2399 2153 2542 2226 quae]
2569 2152 2695 2223 quia
2726 2150 2883 2205 fuerit
2916 2161 3136 2219 prorsus
3167 2152 3442 2215 appareat.
3475 2138 3589 2194 Sed
3618 2145 3678 2193 et
3706 2135 3865 2229 urbes

2276 2226 2706 2319 quamplurima),
2738 2251 2830 2297 aut
2857 2241 3016 2306 raris,
3044 2246 3135 2293 aut
3169 2235 3329 2292 nullis
3358 2230 3753 2289 habitatoribus
3782 2226 3865 2281 in-

2276 2342 2543 2397 coluntur.
2579 2338 2711 2393 Nam
2751 2345 2808 2392 et
2849 2333 3012 2389 hodie
3052 2332 3097 2387 si
3142 2344 3243 2402 qua
3291 2335 3602 2398 supersunt,
3644 2321 3865 2378 subinde

2276 2432 2613 2496 desolantur,
2645 2431 2785 2484 sicut
2813 2426 2867 2482 in
2890 2423 3217 2494 Carthagine
3238 2420 3347 2476 odii
3368 2432 3553 2484 causa,
3580 2426 3605 2453 ο
3635 2416 3867 2478 theatra,

2276 2524 2446 2581 aedem
2492 2522 2788 2587 Memoriae,
2835 2527 2891 2576 et
2928 2518 3068 2573 viam
3113 2530 3231 2585 qua:
3261 2510 3508 2569 Caelestis
3551 2508 3865 2571 vocabatur,

2278 2618 2518 2673 funditus
2544 2615 2882 2671 deleverunt.
2915 2612 2981 2666 Et
3006 2618 3063 2665 ut
3091 2608 3159 2664 de
3191 2604 3510 2663 necessariis
3534 2604 3748 2672 loquar,
3776 2600 3866 2653 ba-

2275 2712 2482 2767 silicam
2514 2706 2681 2782 [Colb.
2713 2706 2807 2773 2|,
2846 2700 3133 2776 majorum]
3175 2701 3459 2771 majorem,
3510 2698 3605 2753 ubi
3644 2706 3865 2764 corpora

2275 2810 2582 2859 sanctarum
2625 2809 2918 2870 martyrum
2950 2796 3233 2867 Perpetua;
3269 2801 3430 2863 atque
3461 2787 3756 2846 Felicitatis
3780 2801 3865 2840 se-

2276 2899 2424 2970 pulta
2466 2903 2611 2961 sunt,
2645 2893 2662 2932 τ
2696 2892 2959 2949 0010τίοω
3012 2889 3099 2946 vel
3157 2887 3580 2950 Scillitanorum,
3633 2891 3691 2939 et
3740 2880 3866 2935 alias

2278 3006 2412 3063 quas
2441 3005 2549 3045 non
2579 2988 2993 3063 destruxerant,»
3016 2998 3131 3039 sua:
3162 2979 3409 3051 religioni
3437 2974 3656 3037 licentia
3688 2985 3865 3045 tyran-

2275 3086 2394 3141 nica
2427 3082 2821 3152 manciparunt.
2854 3078 2954 3135 Ubi
2977 3091 3113 3132 vero
3140 3072 3471 3130 munitiones
3497 3069 3697 3141 aliqua:
3725 3066 3866 3121 vide-

2278 3179 2498 3241 bantur,
2528 3188 2662 3245 quas
2707 3171 2976 3227 hostilitas
3013 3165 3283 3224 barbarici
3325 3164 3526 3220 furoris
3553 3173 3864 3233 oppugnare

579 3281 793 3349 gebant.
825 3279 940 3334 Non
970 3279 1233 3333 infirmior
1260 3292 1444 3346 sexus,
1471 3293 1577 3332 non
1620 3277 1985 3333 consideratio
2016 3276 2170 3331 nobi-
2201 3276 2247 3340 C
2281 3268 2552 3339 nequiret,
2577 3264 2918 3335 congregatis
2946 3262 3000 3317 in
3034 3261 3259 3317 circuitu
3288 3267 3587 3314 castrorum
3618 3255 3863 3310 innume-

580 3369 766 3431 litatis,
795 3384 900 3422 non
932 3367 1232 3423 reverentia
1258 3367 1633 3434 sacerdotalis,
1675 3365 1922 3422 crudeles
1960 3366 2169 3420 animos

579 3461 856 3529 mitigabat
880 3476 897 3516 :
919 3460 1159 3531 quinimo
1185 3459 1255 3514 ibi
1278 3459 1701 3529 exaggerabatur
1729 3459 1806 3514 ira
1837 3459 2052 3528 furoris,
2078 3458 2168 3514 ubi

580 3556 843 3608 honorem
875 3561 1273 3623 conspexerant
1299 3550 1595 3621 dignitatis.
1619 3551 1845 3617 Quantis
1875 3549 2171 3606 sacerdoti-

578 3646 697 3711 bus,
731 3648 1048 3717 quantisque
1094 3644 1389 3701 illustribus
1418 3643 1446 3682 δ
1473 3660 1639 3699 onera
1680 3644 1936 3715 iugentia,
1976 3644 2051 3698 uti
2080 3659 2170 3697 ca-

577 3740 731 3795 melis
766 3741 845 3795 vel
884 3741 1006 3795 aliis
1047 3739 1335 3810 generibus
1382 3738 1744 3809 iumentorum
1788 3737 2170 3806 imposuerint,

650 3952 676 3980 η
703 3943 837 3997 Nota
869 3943 953 3994 hic
992 3940 1133 3994 bona
1165 3939 1531 3996 ecclesiastica
1554 3955 1584 3994 a
1613 3940 1975 4011 caeteris,quaa
2003 3943 2164 3996 etiam

579 4031 607 4067 n
636 4014 847 4068 clericis
884 4011 1311 4079 possidebantur,
1344 4011 1619 4080 distingui.
1654 4011 1788 4066 Vide
1807 4012 2047 4066 codicem
2078 4028 2167 4067 ca-

581 4100 777 4138 nonum
812 4082 1064 4136 Ecclesiae
1104 4080 1367 4135 Africanae
1395 4096 1514 4150 cap.
1549 4083 1638 4146 32,
1672 4084 1783 4136 sive
1801 4097 2061 4137 canonem
2100 4082 2169 4138 49

580 4156 790 4209 concilii
818 4152 962 4208 tertii
988 4150 1450 4214 Carthaginensis.

650 4226 679 4263 δ
710 4225 864 4280 Colh.
893 4225 919 4277 1
953 4236 1073 4277 cum
1102 4219 1282 4276 Chifll.
1315 4222 1483 4291 addit,
1530 4225 1670 4278 viris.
1723 4223 1951 4279 lllustris
1983 4224 2168 4279 titulus

580 4306 697 4351 erat
724 4309 930 4365 magum
952 4293 1364 4366 dignitatis,_qui
1401 4295 1666 4363 praefectis
1702 4296 1978 4366 praetorio,
2021 4312 2168 4362 quae-

579 4364 837 4433 storibus,
892 4374 1030 4429 etc.,
1086 4364 1440 4435 tribuebatur.
1505 4366 1579 4422 De
1622 4364 1725 4421 hoc
1772 4367 1921 4435 plura
1965 4367 2166 4424 videsis

581 4438 719 4509 apud
744 4436 1001 4509 Gaugium
1035 4437 1089 4509 in
1118 4434 1412 4509 Glossario.

658 4520 680 4547 ο
720 4508 995 4563 Editorum
1024 4506 1226 4575 aliquot
1252 4508 1535 4564 lectionem
1579 4507 1919 4564 retinuimus.
1950 4509 2105 4565 Colb.
2135 4511 2162 4565 1

581 4581 744 4661 habet
765 4578 1010 4661 hostibus.
1027 4577 1243 4661 .Cteteri,
1261 4577 1456 4661 nullam
1471 4579 1566 4661 sibi
1586 4580 2007 4661 misericordiam,
2035 4588 2167 4649 etc.,

579 4660 780 4723 przeter
808 4649 959 4715 Colh.
994 4648 1244 4718 alterum,
1274 4651 1326 4703 in
1356 4665 1462 4720 quo
1490 4652 1643 4706 deest
1661 4652 1776 4705 sibi.
1994 4648 1997 4649 ⁷

652 4719 679 4758 ἀ
710 4720 861 4794 Colh.
892 4718 926 4775 5
948 4730 1000 4775 et
1023 4720 1225 4794 Chilﬂt,
1250 4721 1401 4777 Aliis.
1431 4720 1655 4794 Quidam
1678 4723 1827 4794 editi,
1848 4724 1953 4778 Alii
1977 4740 2169 4794 parvu-

581 4795 689 4847 lum
715 4792 941 4862 pedibus,
972 4800 1077 4863 etc.
1104 4790 1244 4846 Infra
1273 4807 1399 4848 vero
1427 4808 1525 4863 pro
1545 4792 1679 4863 forte
1701 4790 1852 4860 Sion,
1885 4790 2167 4851 Lorichius

580 4865 763 4927 habet,
790 4873 936 4934 porta
957 4862 1106 4916 Sion.

654 4948 677 4973 ε
712 4932 854 4989 Εάῑιί
891 4944 1031 4998 tres,
1066 4933 1218 5006 ξὶειιι⁸
1240 4933 1310 4987 ibi
1349 4932 1691 5006 Carthagineo
1726 4936 1931 5006 dignam
1972 4936 2167 4992 theatro

580 5007 764 5079 cedem,
794 5015 904 5079 etet
928 5006 992 5058 Et
1013 5003 1146 5079 infra
1179 5002 1438 5079 Caelestis;
1460 5002 1608 5079 Colh.
1636 5009 1691 5079 2,
1716 5002 2169 5079 quaanmlestem

579 5077 847 5131 vocabant.
874 5074 1044 5129 Porro
1066 5075 1278 5130 celebre
1308 5076 1407 5131 fuit
1434 5078 1574 5145 apud
1599 5074 1756 5132 Afros
1787 5077 2012 5132 Caelestis
2052 5078 2168 5133 ido-

580 5147 714 5216 lum,
729 5148 910 5216 dequo
924 5145 1442 5218 Tertullianuss3in
1459 5148 1831 5218 Apologetico,
1853 5148 2167 5204 Ambrosius

582 5227 772 5289 contra
796 5216 1202 5289 Symmachum,
1234 5216 1466 5289 etfplura
1502 5216 1788 5274 Salvianus
1815 5219 1950 5289 libro
1976 5233 2067 5273 vut
2096 5220 2165 5275 de

581 5280 983 5345 Gubernaiione
1010 5289 1124 5345 Dei.
1176 5289 1251 5344 De
1290 5280 1397 5344 b'oc
1440 5290 1642 5357 templo
1680 5298 1735 5344 et
1780 5289 1847 5344 de
1890 5288 2159 5345 Memorire

579 5360 716 5424 aede,
751 5359 836 5415 hic
876 5375 1087 5431 quoque
1121 5368 1416 5415 memorata
1444 5403 1459 5425 ,
1503 5360 1654 5428 plura
1699 5359 1857 5431 habet
1898 5359 2160 5431 Batonius

577 5421 862 5486 Annalium
894 5421 1041 5485 iom'o
1066 5446 1097 5484 v
1123 5421 1567 5497 Sacrorum,'seu
1598 5432 1772 5498 potius
1802 5421 2158 5486 abominati'o-

578 5519 707 5558 num
736 5501 984 5558 leestis
1012 5502 1128 5556 dere
1164 5501 1478 5570 Spurcitias,
1502 5500 1800 5555 detestatur
1826 5502 2154 5570 Augustinus

577 5576 671 5631 lib.
706 5590 740 5629 ιι
766 5577 834 5630 de
856 5573 1087 5627 Civitate
1118 5571 1233 5635 Dei,
1262 5587 1379 5641 cap.
1418 5569 1509 5632 26.
1538 5570 1683 5625 Viam
1724 5569 1968 5627 Caelestis
2016 5572 2158 5627 Van-

576 5646 747 5699 daliea
774 5661 929 5698 manu
954 5658 1176 5697 eversam
1201 5651 1463 5697 memorat
1484 5652 1671 5698 auctor
1694 5643 1812 5697 libri
1834 5643 1901 5696 de
1923 5643 2161 5699 Promis-

576 5716 819 5771 siouibus
847 5726 899 5770 et
924 5713 1359 5783 praedictionibus
1382 5714 1496 5779 Dei,
1524 5722 1660 5782 part.
1694 5714 1749 5778 2,
1803 5714 2160 5782 promissione

577 5788 647 5842 58
678 5787 915 5856 impleta,
954 5785 1042 5853 qui
1088 5785 1226 5839 inter
1270 5785 1451 5856 sancti
1490 5784 1736 5856 Prosperi
1773 5800 1935 5854 opera
1982 5785 2159 5843 editus

579 5867 678 5915 est.
713 5854 991 5930 Templum
1016 5856 1286 5925 Caelestis,
1316 5855 1455 5929 quod
1498 5854 1619 5911 huic
1646 5857 1744 5913 vite
1772 5871 1967 5921 nomen
1993 5856 2157 5915 dedc-

2194 4766 2250 4827 D

2280 3359 2545 3416 rabilibus
2573 3358 2767 3424 turbis,
2796 3356 2986 3428 gladiis
3023 3353 3280 3410 feralibus
3304 3350 3655 3414 cruciabam;
3686 3356 3746 3403 ut
3772 3361 3866 3417 pu-

2274 3453 2514 3508 trefactis
2562 3450 2939 3516 cadaveribus,
2981 3463 3113 3517 quos
3160 3446 3310 3501 adire
3356 3459 3463 3499 non
3494 3448 3744 3513 poterant
3781 3453 3866 3493 ar-

2275 3557 2433 3604 cente
2453 3562 2730 3603 murorum
2753 3545 3093 3609 defensione,
3131 3555 3417 3613 corporum
3458 3536 3866 3609 liquescentium

2274 3649 2564 3697 enecarent
2593 3640 2779 3696 fetore.
2814 3639 3009 3706 Quanti
3050 3646 3103 3692 et
3131 3651 3292 3706 quam
3339 3633 3609 3690 numerosi
3636 3640 3767 3686 tunc
3798 3630 3865 3684 ab

2276 3738 2355 3792 eis
2385 3736 2610 3792 cruciati
2651 3743 2776 3791 sunt
2804 3733 3139 3800 sacerdotes,
3170 3732 3447 3802 explicare
3472 3727 3592 3785 auis
3626 3722 3863 3786 poterit?

2273 3952 2356 3997 rat
2385 3942 2641 3998 describit
2667 3941 2806 3997 idem
2831 3951 3019 3996 auctor
3049 3941 3133 3997 bis
3173 3939 3353 3997 verbis
3395 3954 3411 3993 :
3455 3938 3611 4011 Apud
3639 3936 3864 4007 Africam

2273 4014 2579 4085 Carthagine
2606 4011 2833 4068 Caelestis
2860 4015 3022 4067 inesse
3052 4013 3281 4085 ferebant
3302 4012 3547 4085 templum
3576 4011 3863 4085 nimis_ai_n-

2274 4086 2438 4153 plum,
2464 4078 2696 4139 omnium
2715 4086 2930 4138 deorum
2957 4078 3170 4138 suorum
3189 4084 3382 4138 (edibus
3406 4078 3677 4138 rallatum.
3704 4078 3863 4153 Cujus

2273 4152 2446 4224 platea
2476 4156 2771 4210 litliostrata
2812 4157 3123 4227 pavimento,
3169 4171 3234 4227 ac,
3263 4154 3497 4224 pretiosis
3529 4152 3781 4227 columnis
3819 4158 3863 4203 et

2273 4223 2522 4281 moenibus
2549 4223 2821 4287 decorata,
2845 4242 2999 4296 prope
3019 4227 3070 4280 in
3108 4223 3308 4278 duobus
3350 4228 3457 4296 [ere
3486 4223 3712 4277 millibus
3747 4237 3863 4292 pas-

2273 4315 2423 4352 suum
2444 4298 2861 4369 protendebatur.
2892 4295 3177 4369 subjuugit
3207 4295 3401 4351 deinde
3419 4303 3707 4369 quopacto
3731 4301 3863 4346 tem-

2273 4369 2417 4438 plum
2445 4364 2606 4435 illud,
2637 4370 2703 4421 ah
2743 4368 2960 4423 Aurelio
3002 4364 3256 4438 episcopo
3296 4364 3705 4438 Carthaginensi
3742 4379 3863 4434 pur-

2272 4436 2477 4510 gatum,
2500 4454 2631 4495 vero
2653 4441 2761 4494 Deo
2781 4436 3152 4494 consecratum
3185 4438 3342 4492 fuerit
3372 4455 3386 4491 :
3417 4436 3504 4492 cui
3526 4437 3601 4491 rei
3626 4450 3860 4510 praesen-

2280 4506 2387 4565 tem
2416 4526 2475 4565 se
2516 4510 2679 4566 fuisse
2721 4521 2905 4565 auctor
2944 4511 3032 4565 ille
3066 4519 3358 4574 asseverat,
3403 4524 3559 4577 quem
3600 4522 3661 4561 ea
3696 4506 3763 4561 de
3806 4519 3862 4559 re

2275 4581 2443 4636 fusius
2469 4582 2824 4636 disserentem
2853 4582 3134 4636 consulere
3172 4589 3368 4651 potest,
3407 4576 3495 4651 qui
3529 4580 3687 4651 plura
3716 4576 3863 4646 cupit

2274 4653 2503 4707 discere.
2532 4652 2702 4706 Varize
2729 4654 2834 4708 illa:
2865 4652 3087 4708 deorum
3117 4650 3261 4707 aedes
3291 4650 3390 4706 sub
3410 4650 3730 4705 Constantio
3754 4654 3859 4701 Au-

2275 4732 2428 4794 gusto
2458 4733 2512 4778 et
2541 4723 2795 4789 Placidia,
2831 4723 3188 4794 Valentiniani
3221 4724 3363 4777 tertii
3399 4720 3730 4788 parentibus,
3762 4718 3857 4794 de-

2275 4791 2492 4869 structas
2520 4794 2752 4860 fuerunt,
2779 4795 3041 4849 insistente
3072 4793 3204 4869 Ursa
3242 4794 3464 4856 tribuno,
3504 4807 3731 4869 quarum
3777 4791 3857 4844 lo-

2272 4882 2367 4921 cus
2389 4868 2439 4921 in
2465 4882 2649 4936 agrum
2677 4880 2969 4922 conversus
2995 4874 3079 4921 est
3099 4867 3151 4920 in
3180 4873 3496 4919 mortuorum
3518 4867 3853 4933 sepulturam,

2213 4977 2224 4991 .
2272 4946 2325 4992 ut
2355 4938 2599 4993 laudatus
2629 4947 2814 4993 auctor
2838 4946 3038 4992 narrat.

2350 5006 2369 5046 ι
2399 5007 2553 5064 Colh.
2591 5010 2647 5076 2,
2692 5008 2929 5064 Celerini.
2966 5006 3232 5063 Celerius:
3280 5006 3555 5061 basilicam
3596 5012 3858 5059 memorat

2272 5079 2603 5150 Augustinus
2660 5094 2909 5135 sermone
2949 5081 3073 5135 174.
3124 5078 3493 5150 υοίϐριεινὶηει
3534 5083 3856 5150 martyreet

2272 5146 2390 5215 ejus
2425 5160 2617 5219 nepote
2646 5151 2892 5204 Celerino
2923 5151 3030 5220 agit
3063 5149 3366 5221 Cyprianus
3387 5148 3611 5217 epistola
3634 5147 3702 5203 39
3723 5146 3855 5221 edit.

2272 5217 2646 5289 Ox-ouii,'alias
2685 5221 2775 5275 54.
2811 5217 3210 5277 Scillitanorum
3253 5236 3384 5275 vero
3426 5227 3741 5290 martyrum.
3789 5217 3857 5270 de

2272 5290 2465 5359 quibus
2490 5290 2576 5346 hic
2606 5290 2809 5356 Victor,
2843 5302 2959 5346 acta
2982 5293 3301 5361 protulimus
3323 5293 3464 5346 inter
3490 5292 3623 5346 Acta
3660 5298 3858 5359 marty-

2267 5376 2385 5416 rum
2417 5362 2649 5425 sincera,
2678 5360 2743 5415 ad
2767 5377 2963 5417 annum
2986 5360 3119 5432 7200,
3171 5378 3291 5433 pag.
3325 5363 3412 5425 75,
3454 5373 3509 5416 et
3548 5362 3855 5433 passionem

2266 5441 2568 5487 sanctarum
2621 5435 2900 5502 Perpetuzn
2945 5444 2999 5490 et
3040 5430 3330 5489 Felicitatis
3366 5433 3430 5488 ad
3476 5430 3676 5488 animm
3721 5430 3846 5493 202,

2267 5518 2386 5576 pag.
2420 5504 2509 5559 81.
2559 5504 2818 5559 Scillitani
2856 5514 3032 5560 autem
3076 5515 3340 5576 martyres
3378 5508 3457 5559 sic
3495 5505 3626 5576 dicti
3659 5510 3781 5557 sunt
3803 5516 3853 5576 _a

2266 5571 2543 5647 Scilitana.
2579 5578 2972 5645 proconsularis
3013 5571 3301 5647 provincia:
3337 5575 3699 5647 urbe,rcujus
3734 5571 3851 5647 epi-

2265 5660 2460 5716 scapus
2492 5643 2753 5715 Pariator,
2789 5643 3060 5718 synodicie
3100 5647 3341 5716 ejusdem
3381 5643 3676 5718 provincia:
3715 5643 3854 5697 anti-

2268 5720 2448 5772 stitum
2479 5716 2831 5787 subscripsit.
2855 5727 2911 5773 ut
2940 5719 3123 5775 videre
3148 5729 3233 5774 cst
3273 5719 3325 5774 in
3363 5717 3597 5773 concilio
3637 5716 3854 5772 Latera-

2268 5792 2417 5844 ncnsi
2441 5790 2540 5844 sub
2568 5798 2753 5845 sancto
2791 5789 3039 5858 Martino,
3074 5791 3299 5847 Actione
3327 5790 3382 5845 2.
