4086 6328
304 296 403 350 185

1283 307 1366 366 DE
1407 308 1921 365 PERSECUTIONE
1966 308 2351 367 VANDALlCA
2389 312 2515 367 LIB.
2556 313 2599 367 1.

3480 313 3582 370 186

294 415 444 471 Tunc
472 417 622 472 enim
654 425 706 473 et
736 428 936 475 nostra:
973 419 1204 476 civitatis
1234 422 1552 478 venerabilis
1578 431 1602 459 ι
1634 423 1881 494 Papinia-
1909 423 1962 485 Α
2060 420 2148 475 lV.
2185 422 2510 495 Carthaginis
2538 425 2813 478 excidium.
2839 454 2906 464 -—
2936 423 3073 493 Quid
3101 424 3303 479 multa?
3324 424 3448 479 Post
3481 425 3578 483 has

292 521 415 574 nus,
458 509 717 574 antistes,
761 512 1043 568 candentis
1087 512 1209 569 ferri
1256 514 1470 569 laminis
1502 524 1614 570 toto
1661 517 1883 570 adustus

288 610 368 654 est
398 614 662 670 corpore.
696 603 959 660 Similiter
988 614 1044 661 et
1073 604 1099 644 δ
1134 606 1443 662 Mansuetus
1474 607 1803 673 Uricitanus,
1829 608 1881 662 in

287 700 439 760 porta
458 691 721 749 incensus
750 705 833 750 est
859 696 1171 752 Fornitana.
1194 699 1306 765 Qua
1335 708 1649 769 tempestate
1679 698 1880 769 Hippo-

284 781 490 853 regium
526 785 753 841 obsessa
785 799 865 843 est
886 790 1097 856 civitas,
1130 807 1287 861 quam
1317 793 1462 848 omni
1492 792 1651 848 laude
1689 791 1881 862 dignus

283 876 474 931 beatus
521 878 882 949 Augustinus,
932 883 1190 939 librorum
1241 886 1532 941 multorum
1577 885 1875 952 confector,

281 970 523 1038 pontifex
577 973 937 1042 gubernabat.
980 976 1129 1031 Tunc
1176 978 1306 1032 illud
1363 979 1688 1048 eloquentiae
1734 978 1878 1049 quod

279 1061 510 1116 ubertim
564 1079 666 1133 per
711 1072 902 1122 omnes
957 1083 1179 1140 campos
1233 1070 1490 1126 Ecclesiae
1532 1071 1873 1137 decurrebat,

273 1156 387 1227 ipso
410 1166 565 1214 metu
596 1162 860 1218 siccatum
887 1171 973 1219 est
1002 1163 1223 1231 flumen,
1256 1174 1417 1241 atque
1441 1166 1667 1222 dulcedo
1697 1166 1876 1221 suavi-

272 1250 393 1304 tatis
440 1251 671 1309 dulcius
714 1257 1017 1326 pr0pinata,
1069 1258 1122 1313 in
1165 1259 1577 1315 amaritudinem
1619 1260 1873 1315 absinthii

271 1358 421 1397 versa
449 1353 559 1413 est,
595 1357 659 1400 ut
686 1346 996 1405 Davidicum
1022 1352 1347 1420 praeconium
1372 1356 1715 1408 conveniret:
1739 1349 1872 1405 Dum

271 1438 571 1491 consisteret
595 1451 835 1510 peccator
857 1443 1125 1497 aduersum
1164 1461 1262 1505 me,
1296 1444 1524 1498 obmutui
1548 1454 1596 1497 et
1623 1443 1870 1497 humilia-

267 1538 343 1582 tus
369 1545 508 1594 sum,
536 1539 589 1585 et
632 1533 750 1586 silui
786 1550 818 1586 a
849 1534 993 1589 bonis
1024 1535 1197 1608 (Psal.
1231 1552 1456 1602 xxxvtn,
1486 1539 1543 1600 2,
1576 1538 1651 1606 5).
1686 1535 1868 1607 Usque

264 1625 324 1678 ad
348 1624 480 1680 illud
517 1636 737 1698 tempus
763 1631 813 1702 5
844 1630 1107 1686 ducentos
1132 1632 1242 1701 jam
1269 1633 1483 1703 triginta
1503 1642 1557 1688 et
1578 1632 1712 1687 duos
1741 1647 1868 1688 con-

264 1716 460 1773 fecerat
482 1720 680 1787 libros,
709 1726 953 1793 exceptis
979 1725 1462 1782 innumerabilibus
1486 1725 1752 1795 epistolis,
1780 1726 1867 1781 vel

1993 523 2172 570 truces
2199 516 2488 585 impietatis
2517 517 2792 583 insanias,
2837 519 3005 589 ipsam
3052 519 3237 574 urbem
3277 519 3568 576 maximam

1990 605 2367 678 Carthaginem
2396 608 2702 675 Geisericps
2738 612 2913 665 tenuit
2953 620 3006 666 et
3044 611 3294 677 intravit;
3340 620 3395 666 et
3433 613 3575 668 anti-

1986 713 2144 768 quam
2196 700 2339 755 illam
2389 703 2672 771 ingenuam
2714 717 2778 758 ac
2826 703 3059 759 nobilem
3111 705 3414 761 libertatem
3448 704 3472 741 ἀ
3520 707 3573 762 111

1986 794 2296 849 servitutem
2350 794 2576 865 redegit.
2631 795 2762 850 Nam
2816 806 2869 852 et
2914 807 3222 853 senatorum
3271 799 3420 855 urbis
3465 815 3572 856 non

1985 901 2201 956 parvam
2233 887 2628 943 multitudinem
2675 890 2981 959 captivavit.
3021 891 3089 945 Et
3127 891 3251 947 inde
3293 895 3567 964 proposuit

1982 980 2289 1047 decretum,
2339 990 2397 1037 ut
2438 983 2806 1054 unusquisque
2854 984 3006 1053 auri,
3052 985 3292 1055 argenti,
3336 1002 3571 1057 gemma-

1981 1086 2097 1125 rum
2127 1113 2141 1137 ,
2202 1073 2757 1144 vestimentorumque
2809 1073 3165 1141 pretiosorum
3213 1077 3570 1147 quodcunque

1981 1164 2201 1221 haberet
2250 1165 2347 1239 [αι.
2379 1166 2635 1238 offerret]
2686 1168 2927 1233 atl‘erret;
2974 1177 3028 1223 et
3062 1167 3132 1222 ita
3181 1170 3233 1223 in
3278 1169 3422 1224 brevi
3456 1171 3570 1225 avi-

1979 1268 2060 1315 tas
2091 1270 2251 1331 atque
2284 1273 2534 1331 paternas
2574 1277 2705 1332 opes
2732 1263 2822 1316 tali
2850 1261 3110 1318 industria
3130 1262 3350 1317 abstulit
3376 1279 3561 1333 rapax.

1977 1351 2278 1420 Disponens
2316 1368 2529 1423 quoque
2569 1353 2808 1424 singulas
2839 1368 3081 1424 quasque
3113 1355 3432 1425 provincias,
3464 1355 3567 1411 sibi

1980 1443 2314 1515 Byzacenam
2352 1446 2733 1511 Abaritanam,
2787 1454 2944 1515 atque
2985 1447 3288 1513 Getuliam,
3339 1456 3394 1502 et
3441 1462 3565 1517 par-

1975 1545 2080 1592 tem
2112 1538 2378 1594 Numidite
2402 1541 2739 1606 reservavit;
2777 1542 3036 1597 exercitui
3064 1546 3193 1597 vero
3220 1542 3563 1612 Zeugitanam

1975 1632 2065 1685 vel
2138 1635 2579 1701 proconsularem
2637 1632 2876 1689 funiculo
2938 1634 3270 1690 haereditatis
3333 1636 3561 1702 divisit;

1973 1720 2353 1778 Valentiniano
2401 1724 2577 1780 adhuc
2627 1725 2953 1795 imperatore
3000 1725 3255 1796 reliquas,
3292 1727 3418 1783 licet
3441 1727 3553 1796 jam

262 1813 609 1878 expositione
638 1815 801 1869 totius
842 1815 1112 1884 Psalterii,
1147 1826 1202 1873 et
1238 1818 1676 1888 Evangeliorum,
1705 1826 1862 1889 atque
1892 1812 1941 1873 Β
1967 1815 2373 1881 exterminatas,
2417 1815 2719 1883 provincias
2788 1815 3111 1873 defendente
3142 1834 3156 1882 ;
3225 1826 3347 1887 post
3409 1822 3561 1888 cujus

265 1905 583 1959 tractatibus
638 1908 1011 1977 popularibus,
1060 1925 1198 1980 quos
1251 1910 1427 1967 Graeci
1473 1911 1724 1967 homilias
1772 1927 1867 1966 vo-

261 2003 401 2057 cant,
425 2012 670 2066 quorum
701 2014 986 2056 numerum
1016 2001 1479 2072 comprehendere
1514 2003 1649 2057 satis
1674 2003 1868 2072 impos-

259 2090 407 2146 sibile
427 2102 515 2149 est
547 2106 598 2148 ο.

327 2331 360 2398 ᾗ
383 2323 476 2379 Sic
506 2326 642 2398 editi
671 2328 726 2384 4.
754 2328 824 2382 At
851 2327 973 2383 cod.
1009 2327 1292 2384 Portarum
1324 2327 1484 2384 habet
1521 2328 1859 2398 Pampim'us;

257 2394 402 2470 Colb.
440 2398 493 2463 1,
549 2397 902 2470 Pampianus;
938 2399 1094 2454 Colb.
1133 2401 1291 2465 alter,
1333 2394 1720 2470 Pampinianus.
1755 2394 1856 2456 Ur;

256 2467 401 2521 thod.
426 2479 483 2523 et
514 2467 800 2526 Loricbius
824 2486 945 2525 cum
975 2472 1188 2525 Martin.
1216 2480 1273 2527 et
1294 2467 1664 2540 ColbItertio,
1698 2471 1859 2526 Pam-

256 2541 444 2609 pinias,
477 2541 630 2610 quod
676 2558 870 2597 nomen
913 2551 1136 2609 uterque
1180 2544 1353 2599 codex
1388 2543 1550 2598 etiam
1596 2544 1650 2599 in
1701 2544 1855 2599 titulo

256 2610 410 2685 capiti
444 2614 674 2685 praeﬁxo
705 2614 944 2669 exhibet.
979 2613 1169 2683 llujus,
1194 2630 1350 2683 quem
1387 2612 1644 2685 Papinum
1666 2616 1853 2685 appel-

256 2680 416 2754 l.itr,et
444 2681 712 2738 Mansueti
734 2680 1113 2754 etiiscoporum,
1141 2680 1453 2740 memoriam
1469 2680 1669 2740 recolit
1695 2680 1850 2741 vetus

256 2749 636 2826 kalendarium
666 2756 720 2810 in
747 2749 1052 2811 sanctuario
1074 2749 1328 2826 Capuano
1358 2756 1634 2811 Michaelis
1664 2772 1851 2812 mona-

255 2824 359 2888 chi,
380 2824 478 2897 die
516 2826 587 2880 28
614 2826 955 2897 Novembris,
980 2842 1081 2897 qua
1107 2824 1233 2882 item
1262 2828 1350 2884 die
1373 2829 1425 2883 in
1452 2827 1681 2895 vulgatis
1704 2844 1852 2885 mar-

257 2896 540 2966 tyrologiis
577 2898 837 2953 festivitas
865 2896 1050 2953 eorum
1097 2900 1419 2954 celebratur.
1470 2898 1550 2953 Ex
1597 2899 1680 2954 his
1720 2917 1850 2956 vero

302 2968 539 3040 sua_rdus
570 2980 624 3025 et
647 2970 763 3023 Ado
792 2971 1026 3039 priorem
1063 2969 1343 3037 Papinium
1386 2970 1678 3040 appellant.
1728 2970 1849 3025 Flo.

254 3037 691 3111 iusAPapyrittnt.
721 3037 837 3107 Quo
866 3041 993 3095 item
1024 3040 1112 3096 die
1137 3041 1319 3111 plures
1342 3037 1495 3107 alios,
1533 3043 1621 3109 qui
1647 3043 1844 3110 passim

254 3107 301 3161 in
353 3107 592 3166 Victoris
631 3112 850 3166 historia
895 3107 1203 3177 laudantur,
1236 3113 1395 3167 simul
1430 3114 1483 3167 in
1522 3107 1683 3168 unum
1728 3114 1846 3168 Ado

253 3161 940 3256 ροῃίυιὶέίἱῗϐὗίῖιξὲέτιίἆ
951 3161 1048 3238 iii—6
1058 3161 1845 3256 iaci-{ginaattigatis;
1874 3161 1921 3225 (ἶ

250 3250 414 3305 habet
459 3262 584 3320 post
631 3250 855 3309 relatum
897 3266 1206 3311 sanctorum
1257 3250 1461 3324 Papinii
1499 3263 1546 3310 et
1584 3250 1844 3311 Mansiteti

249 3326 573 3397 martyrium
604 3326 702 3379 sub
736 3327 1009 3382 Genserici
1040 3330 1414 3396 persecutione
1440 3342 1453 3381 :
1483 3330 1597 3392 Quo
1620 3337 1845 3397 tempore

247 3393 403 3466 etiam
435 3397 533 3449 alii
558 3399 718 3451 sancti
746 3399 991 3466 episc0pi,
1020 3393 1253 3452 videlicet
1291 3398 1676 3465 Quodvultdeus
1716 3393 1845 3453 Car-

247 3464 990 3540 thaginensis,”Valerianus,
1042 3464 1323 3540 Urbanus,
1361 3468 1617 3540 Crescens,
1663 3479 1712 3524 et
1759 3472 1846 3540 qui

246 3537 539 3607 vocabatur
585 3537 935 3601 lfubetdeum,
976 3548 1022 3592 et
1073 3538 1401 3607 Eustachius,
1435 3537 1844 3607 Crescentianus,

247 3615 294 3657 et
318 3605 651 3673 Cresconius,
681 3615 726 3660 et
750 3606 923 3671 Felix,
948 3622 993 3660 et
1027 3607 1364 3671 Hartolanus,
1389 3605 1435 3662 et
1460 3605 1843 3675 Florentianus,

247 3686 468 3747 praptcr
516 3678 741 3731 eamdem
788 3677 1166 3744 pra'dicationis
1212 3680 1502 3742 veritatem,
1554 3680 1850 3748 gravissimo

248 3748 493 3802 damnati
519 3750 717 3813 exsilio,
744 3752 795 3804 in
817 3752 1133 3820 confessione
1152 3750 1355 3820 pietatis
1381 3766 1586 3804 cursant
1610 3752 1726 3804 vita:
1745 3768 1851 3806 suae

251 3829 755 3875 consummaverunt.
782 3821 907 3875 llaec
931 3824 1047 3875 Ado
1069 3821 1137 3875 de
1168 3821 1369 3876 sanctis
1400 3822 1502 3876 illis
1524 3821 1850 3877 confessori-

253 3888 373 3963 bus,
406 3892 477 3945 de
506 3894 697 3961 quibus
724 3892 835 3946 suis
866 3892 997 3946 locis
1024 3891 1335 3963 singillatim
1374 3906 1614 3963 agemus.

328 3960 354 3998 ι)
385 3964 475 4016 Sic
522 3960 672 4018 Colb.
720 3964 739 4017 1
780 3979 901 4018 cum
940 3964 1069 4018 edit.
1112 3962 1294 4018 Chifll.
1331 3960 1597 4029 Baiduin,,
1639 3974 1745 4020 etc.
1781 3967 1848 4021 At

256 4030 408 4088 Colb.
444 4035 577 4089 alter
602 4050 723 4089 cum
750 4035 927 4103 Mart.,
961 4033 1309 4099 Viricitanus;
1339 4033 1495 4091 Colb.
1524 4037 1712 4090 tertius
1727 4052 1846 4091 cum

258 4105 484 4159 Orthod.
519 4105 763 4160 Lorichio
792 4116 845 4161 et
874 4106 994 4160 aliis
1024 4107 1179 4171 edit.,
1212 4105 1554 4160 Juricitanus.
1580 4107 1685 4162 Sed
1712 4108 1848 4164 hanc

260 4175 443 4247 sedem
474 4179 713 4247 reperire
743 4193 847 4231 non
874 4178 1045 4231 licuit.
1090 4178 1341 4233 Urcitana
1376 4180 1617 4234 occurrit
1651 4191 1759 4233 tum
1795 4181 1846 4236 in

262 4246 372 4301 Ind.
402 4246 747 4320 Cyprianico,
781 4260 890 4302 tum
917 4248 970 4303 in
1000 4248 1195 4303 Notitia
1218 4248 1466 4304 Africana
1499 4254 1549 4305 in
1576 4253 1845 4319 provincia

264 4321 656 4385 proconsulari,
689 4320 843 4387 cnjns
872 4320 1157 4390 episcopus
1183 4320 1251 4375 ibi
1285 4320 1484 4376 dicitur
1511 4322 1845 4387 Quintianus,

263 4404 363 4464 {tuo
393 4392 513 4446 loco
564 4391 867 4464 llarduinns
907 4391 961 4446 in
1016 4394 1157 4445 notis
1190 4392 1257 4445 ad
1306 4407 1425 4462 cap.
1456 4392 1511 4458 4,
1539 4392 1646 4464 64
1679 4394 1770 4447 lib.
1814 4410 1846 4447 ν

266 4458 416 4516 l’linii
444 4505 458 4527 ,
509 4463 791 4531 legendum
832 4478 953 4517 esse
990 4472 1175 4518 censet
1216 4458 1527 4531 Quintianus
1554 4458 1844 4529 'Ucitanus,

1975 1918 2223 1976 mortem,
2257 1908 2421 1965 totius
2449 1909 2643 1965 Africae
2675 1909 2933 1967 ambitum
2964 1910 3236 1976 obtinuit,
3268 1928 3476 1967 necnon
3508 1921 3560 1968 et

1971 2001 2174 2057 insulas
2230 2002 2521 2067 maximas,
2565 2001 2904 2073 Sardiniam},
2943 2000 3216 2068 Siciliam,
3250 2000 3557 2070 Corsicam,

1974 2106 1997 2134 ο
2023 2097 2282 2165 Ebusum,
2314 2097 2643 2167 Majoricam,
2673 2096 2986 2152 Minoricam
3010 2104 3065 2151 et
3088 2096 3220 2151 alias
3254 2097 3446 2152 multas
3471 2112 3559 2151 su-

1968 2329 2255 2400 Fulgentii,
2290 2328 2535 2400 cap._29.
2568 2327 2827 2400 Denique
2871 2327 2955 2400 his
2998 2328 3249 2383 omnibus
3285 2330 3555 2400 antiquior

1964 2401 2064 2456 fuit
2082 2398 2344 2454 Geminius
2361 2418 2392 2453 a
2410 2398 2727 2470 Furnis,qui
2755 2415 2851 2469 pro
2875 2399 3272 2470 rebaptizandis
3290 2398 3557 2456 haereticis

1962 2476 2285 2528 sententiam
2329 2471 2462 2525 dixit
2489 2472 2542 2526 in
2571 2471 2802 2527 concilio
2830 2470 3083 2541 Carthag.
3106 2473 3205 2525 sub
3234 2481 3421 2526 sancto
3448 2470 3554 2542 Cy-

1960 2546 2170 2613 priano,
2202 2559 2349 2597 num.
2375 2541 2465 2598 59.

2034 2626 2056 2654 ο
2088 2615 2141 2669 111
2164 2614 2320 2669 Colb.
2352 2615 2401 2677 l,
2426 2614 2514 2684 qui
2538 2628 2801 2668 annorum
2833 2622 2916 2669 est
2945 2613 3162 2669 circiter
3212 2613 3337 2677 700,
3392 2613 3551 2668 inter-

1956 2695 2217 2768 seruntur
2235 2685 2321 2768 hic
2343 2698 2439 2767 sex
2459 2699 2648 2740 versus
2671 2684 3061 2768 suboiipitapbii
3086 2684 3265 2768 titulo,
3286 2698 3422 2754 quos
3450 2686 3552 2739 etsi

1958 2756 2127 2812 nostri
2160 2756 2388 2811 Victoris
2413 2771 2533 2811 esse
2557 2772 2662 2810 non
2695 2755 3093 2825 existimemus,
3122 2757 3225 2813 ltuc
3255 2766 3430 2811 tamen
3464 2771 3553 2812 re-

1957 2828 2097 2884 ferre
2129 2830 2299 2883 visum
2331 2837 2434 2882 est.

2421 2956 2702 2992 EPITAPBIUI
2734 2956 2776 2990 8-
2822 2956 3082 2992 AUGUSTINI.

2047 3049 2137 3099 Hic
2163 3050 2326 3112 posuit
2348 3049 2782 3112 cineresgenitrix
2807 3049 3074 3098 castissima
3102 3048 3268 3112 prolis,

2109 3110 2404 3174 Augustine,
2429 3111 2499 3161 tui
2522 3110 2677 3174 altera
2701 3111 2783 3160 lux
2805 3112 2991 3174 meriti.

2050 3172 2140 3236 Qui
2166 3172 2368 3225 servans
2390 3175 2521 3236 pacis
2552 3173 2779 3236 coelestia
2798 3172 2906 3234 jura
2928 3173 3177 3235 sacerdos,

2112 3233 2403 3287 Commissos
2421 3233 2624 3297 populos
2644 3233 2860 3285 moribus
2881 3237 3110 3297 instituis.

2047 3298 2213 3349 Gratia
2236 3311 2321 3348 vos
2345 3296 2530 3357 manet,
2558 3304 2809 3357 gestorum
2834 3296 2980 3347 laude
2998 3304 3215 3349 coronat.

2110 3361 2357 3411 Virtutum
2377 3367 2532 3410 mater
2558 3360 2748 3410 felicior
2784 3360 2982 3409 sobolis.

2025 3468 2187 3522 Paulo
2214 3478 2354 3535 post,
2370 3482 2465 3536 pro
2488 3468 2570 3522 his
2583 3467 2787 3531 verbis,
2809 3477 2978 3522 truces
2998 3468 3275 3538 impietatis
3296 3468 3546 3537 insanias,

1951 3538 2106 3593 Colb.
2130 3540 2154 3592 1
2184 3554 2304 3593 cum
2329 3539 2476 3593 edito
2498 3553 2604 3592 uno
2627 3539 2807 3603 habet,
2829 3539 2983 3593 trucis
3004 3540 3286 3606 impietates
3308 3541 3545 3595 insania.

2025 3606 2052 3645 ά
2080 3608 2400 3662 Gensericus
2452 3609 2826 3675 Carthaginem
2868 3611 3013 3677 cepit
3064 3610 3151 3663 die
3192 3610 3255 3663 l9
3300 3610 3546 3664 Octobris

1954 3693 2097 3732 anno
2124 3677 2248 3743 459,
2281 3694 2382 3747 qua
2412 3678 2478 3732 de
2504 3694 2561 3732 re
2590 3678 2762 3732 fusius
2802 3681 3006 3747 agimus
3049 3681 3101 3733 in
3143 3680 3545 3733 Commentario

1957 3758 2140 3802 nostro
2168 3749 2424 3804 historico
2461 3762 2579 3817 cap.
2612 3750 2667 3809 5,
2697 3747 2855 3803 infra.
2900 3748 2975 3803 De
3020 3748 3181 3817 hujus
3228 3764 3363 3803 vero
3400 3751 3549 3804 urbis

1956 3820 2194 3943 potentia
2243 3831 2295 3874 et
2340 3820 2501 3873 variis
2551 3818 2821 3903 ofticiariis
2857 3821 3007 3902 plura
3064 3820 3225 3875 habet
3261 3821 3549 3876 Salvianus

1977 3890 2049 3943 tb.
2084 3907 2155 3943 vn
2195 3891 2263 3943 de
2296 3891 2699 3943 Gubernattone
2729 3890 2841 3943 Det.
2877 3892 2964 3943 ubi
3014 3892 3282 3943 observat.
3320 3892 3546 3943 Cartha-

1977 3890 2049 3945 ib.
2084 3907 2155 3946 vit
2195 3891 2263 3945 de
2296 3891 2699 3946 Gubernatione
2729 3890 2841 3957 Dei,
2877 3892 2964 3946 ubi
3014 3892 3282 3954 observat,
3320 3892 3546 3947 Cartha-

1953 3963 2096 4031 gine,
2129 3964 2267 4019 sicut
2293 3976 2347 4019 et
2387 3961 2591 4023 Romae.
2629 3969 2872 4016 senatum
2924 3962 3207 4032 variasque
3255 3961 3548 4031 dignitates

1955 4034 2122 4089 fuisse
2163 4036 2456 4100 institutas,
2511 4034 2735 4090 retentis
2774 4034 2936 4088 etiam
2975 4033 3165 4089 iisdem
3216 4035 3544 4102 nominibus,

1954 4122 2072 4172 qum.
2100 4107 2360 4160 Romaein
2394 4120 2490 4159 usu
2530 4113 2707 4160 erant.
2758 4103 3030 4169 Unirersa,
3079 4105 3273 4175 inquit,
3322 4108 3546 4175 penitus,

1953 4178 2134 4244 quibus
2161 4178 2211 4230 in
2237 4186 2339 4229 toto
2369 4177 2558 4231 mundo
2584 4176 2856 4242 disciplina
2882 4177 3173 4242 reipublica?
3206 4178 3282 4230 uel
3303 4193 3547 4246 procura-

1955 4258 2060 4307 tur,
2081 4248 2154 4303 rel
2170 4250 2381 4319 regitur,
2402 4249 2452 4299 in
2472 4264 2524 4301 se
2544 4246 2744 4301 habuit.
2761 4247 2783 4319 Ι
2796 4248 2882 4300 llic
2902 4248 3038 4301 enim
3059 4250 3232 4302 omnia
3253 4248 3546 4315 ofﬁciorum

1952 4318 2269 4388 publicorum
2300 4318 2838 4373 instrumenta...ilfic
2877 4320 3038 4388 capite
3074 4320 3348 4383 militares,
3388 4329 3433 4372 et
3471 4336 3547 4374 re-

1953 4400 2124 4458 gentes
2171 4390 2403 4443 militiam
2436 4399 2733 4460 potestates,
2784 4389 2890 4442 illic
2932 4389 3093 4443 honor
3139 4391 3542 4459 proconsularis,

1957 4461 2062 4514 illic
2087 4462 2415 4530 quotidianus
2440 4462 2606 4529 judex
2641 4470 2689 4514 et
2722 4469 2909 4524 rector,
2950 4471 3195 4522 quantum
3242 4463 3311 4514 ad
3359 4477 3543 4515 nomen

264 4532 410 4613 cuius
436 4534 668 4613 nominis
694 4534 823 4613 duas
856 4534 914 4613 in_
937 4534 1117 4613 Africa
1137 4536 1298 4613 urbes
1323 4536 1488 4613 fuisse
1517 4546 1721 4613 certum
1742 4544 1846 4602 est,
1881 4554 1928 4613 ο
1955 4532 2162 4613 quidem
2189 4533 2481 4613 proconsul,
2513 4532 2604 4584 sed
2633 4539 2885 4613 quantum
2924 4534 2991 4584 ad
3014 4534 3306 4613 potentiam.
3321 4534 3544 4613 Sonsul;

265 4607 342 4657 vel
375 4620 440 4660 ex
472 4605 626 4660 Plinii
651 4605 768 4659 loco
793 4605 1030 4670 laudato,
1067 4605 1155 4660 ubi
1181 4606 1253 4660 ait
1279 4620 1294 4659 :
1324 4606 1545 4661 Ucitana
1571 4607 1672 4659 duo
1700 4616 1841 4674 sunt,

263 4678 427 4746 majus
459 4687 503 4731 et
527 4679 717 4734 minus.
752 4678 816 4731 Et
841 4676 1153 4730 Octavianus
1180 4679 1445 4747 episcOpus
1473 4675 1739 4748 Ucimajus
1773 4678 1846 4731 in.

265 4748 442 4817 terruit
467 4748 734 4804 collationi
758 4748 1166 4815 Carthaginensi
1184 4750 1489 4810 cognitione
1515 4750 1566 4810 1,
1581 4763 1698 4817 cap.
1718 4748 1840 4803 155.

264 4814 530 4889 Ττίροιὶυε
586 4822 873 4889 cpiscopus
931 4814 1172 4872 Ecclesia:
1228 4818 1462 4873 Ucitanw
1506 4814 1841 4888 subscripsit.

264 4887 540 4955 Synodicae
574 4887 1047 4945 Procon’sularium
1071 4889 1281 4943 actione
1316 4889 1350 4941 Ξ
1380 4889 1589 4943 concilii
1624 4887 1842 4943 Latera-

268 4964 466 5016 nensis.
500 4962 699 5017 Tamen
733 4963 784 5016 in
820 4960 995 5017 indice
1019 4958 1341 5030 Cyprianico
1380 4959 1511 5016 edit.
1548 4960 1720 5014 Oxon.
1758 4975 1842 5013 re-

268 5043 511 5089 censetur
536 5036 676 5088 inter
704 5036 835 5088 alias
867 5033 1024 5087 nrbes
1054 5029 1271 5096 Africae,
1304 5029 1447 5096 Urci,
1478 5032 1571 5086 sed
1601 5031 1843 5085 fortassis

270 5114 330 5155 ex
357 5104 459 5159 hoc
487 5104 697 5159 Notitia:
727 5108 873 5160 loco..
916 5100 1082 5159 Porro
1124 5102 1211 5158 hic
1255 5112 1472 5158 sanctus
1520 5104 1744 5157 antistes
1788 5103 1842 5155 in

273 5184 415 5238 porta
454 5178 691 5230 incensus
719 5173 1007 5230 Fornitana
1044 5174 1266 5241 dicitur;
1309 5176 1501 5245 quibus
1536 5173 1740 5241 verbis,
1786 5188 1842 5228 ut

271 5246 478 5310 quidem
510 5249 637 5302 mihi
670 5248 901 5312 videtur,
938 5247 1245 5317 designatur
1285 5246 1620 5316 Carthaginis
1666 5255 1839 5315 porta,

273 5331 364 5383 qua
390 5319 476 5373 via
499 5333 614 5373 erat
653 5320 718 5373 ad
748 5319 933 5373 urbem
967 5316 1332 5373 Furnitanam.
1382 5319 1436 5372 Si
1473 5327 1649 5373 tamen
1682 5317 1747 5373 de
1778 5319 1841 5375 iis

276 5384 512 5459 loquatur
537 5390 734 5456 Victor,
762 5405 880 5459 qua:
908 5398 1032 5443 ante
1062 5401 1269 5457 captam
1292 5389 1669 5457 Carthaginem
1704 5404 1840 5444 con-

277 5457 455 5530 ljgere.
488 5461 690 5530 hmctle
718 5457 831 5530 ipsa
856 5460 988 5515 urbe
1017 5458 1303 5530 Furnitan_a
1328 5462 1636 5528 accipienda
1666 5474 1842 5515 erunt.

276 5527 430 5601 Cujus
458 5532 559 5587 loci
587 5527 915 5587 Flore—minus
939 5533 1205 5601 episcopus
1241 5527 1559 5584 Furnitanus
1582 5548 1645 5584 ex
1672 5531 1846 5585 Dona-

281 5597 513 5671 tistarum
538 5614 680 5659 secta
709 5597 1244 5671 interluit'colla’tioni
1280 5601 1533 5671 Carthag.
1558 5617 1676 5671 cap.
1714 5603 1837 5657 198.

282 5669 342 5744 Et
362 5673 565 5729 Simeon
594 5676 862 5744 episcopus
884 5672 1042 5744 plebis
1060 5669 1368 5744 Furnitante
1390 5669 1845 5744 sub‘scripsitcon-

282 5741 391 5816 (alio
405 5741 654 5816 Carthag.
671 5741 776 5801 sub
798 5741 1093 5808 Bonifacio;
1114 5745 1203 5815 qui
1226 5743 1368 5816 idem
1388 5741 1687 5816 Bonifacius
1704 5746 1840 5816 apud

286 5810 478 5876 Fumat
504 5810 790 5878 ecclesiam
818 5810 1163 5877 consecrasse
1206 5814 1402 5874 dicitur
1431 5816 1483 5871 in
1521 5815 1633 5871 Vita
1667 5810 1838 5871 sancti

1953 4603 2059 4656 illic
2109 4604 2325 4668 denique
2370 4617 2543 4655 onmcs
2574 4618 2746 4655 rerum
2776 4603 3147 4671 dispensatores
3178 4612 3223 4655 et
3254 4602 3545 4669 di/fcrentes

1950 4673 2081 4727 inter
2106 4690 2158 4726 se
2185 4684 2286 4726 tant
2317 4674 2502 4741 gradu,
2529 4689 2684 4739 quam
2711 4672 2954 4742 vocabulo
2983 4673 3279 4742 dignitates.

2030 4756 2053 4780 ο
2084 4744 2241 4797 Colb.
2301 4740 2331 4794 1⁷
2362 4753 2417 4795 et
2448 4742 2603 4795 Mart.
2637 4742 2871 4808 Efesum.
2904 4740 3153 4809 Orthnd.,
3205 4742 3451 4795 Rhenan.
3491 4750 3546 4796 et

1951 4812 2231 4866 Loricbius
2258 4814 2393 4865 hanc
2434 4827 2615 4865 vocem
2650 4812 2921 4864 omittunt.
2977 4814 3212 4866 Ebusum
3261 4813 3431 4866 insula
3462 4821 3544 4867 est

1949 4884 2114 4937 maris
2144 4883 2538 4948 Mediterranei,
2564 4883 2719 4949 cujus
2741 4883 3047 4951 episcopus,
3086 4883 3258 4951 Opilio
3288 4883 3352 4935 de
3375 4880 3545 4937 Evuso

1949 4964 2261 5009 recensetur
2292 4954 2426 5008 infra
2451 4953 2501 5007 in
2543 4954 2738 5008 Notitia
2788 4953 3036 5009 Africana
3060 4954 3298 5008 omnium
3331 4961 3542 5022 postre-

1953 5040 2092 5080 mus.
2124 5026 2249 5081 Inde
2305 5033 2450 5095 patet
2496 5041 2612 5080 eam
2670 5040 2884 5095 quoque
2925 5026 3149 5081 insulam
3205 5024 3455 5079 Vandalis
3488 5026 3541 5081 in

1953 5096 2129 5151 Africa
2162 5097 2506 5159 regnantibus
2535 5096 2830 5167 subjectam
2862 5097 3045 5162 fuisse,
3079 5095 3411 5167 proindeque
3439 5097 3542 5151 im-

1954 5171 2150 5224 merito
2174 5168 2259 5224 hic
2283 5185 2401 5224 eam
2449 5170 2501 5223 in
2534 5171 2737 5240 aliquot
2789 5168 3351 5240 editionibusfomitti.
3411 5167 3542 5225 Vide

1951 5250 2129 5295 autem
2159 5258 2277 5311 qua:
2317 5242 2384 5296 de
2408 5258 2467 5297 ea
2500 5239 2726 5311 aliisque
2754 5240 2886 5311 locis
2920 5241 3004 5293 hic
3036 5254 3071 5311 7a
3104 5239 3315 5294 Victore
3342 5254 3543 5296 memo~

1952 5314 2103 5375 ratis,
2125 5309 2476 5368 observamus
2508 5309 2652 5366 infra
2677 5315 2727 5366 in
2760 5309 2902 5364 notis
2931 5311 2995 5363 ad
3027 5310 3279 5365 Notitiam
3316 5313 3542 5366 .Africa-

1954 5400 2098 5439 nam.
2126 5385 2233 5455 65
2262 5386 2333 5439 [te
2362 5385 2606 5439 Odoacro
2645 5392 2833 5455 autem
2859 5382 3175 5455 llerttloruttt
3210 5399 3356 5452 rege,
3392 5384 3481 5453 qui
3512 5398 3542 5439 a

1951 5453 2245 5510 Censorio—0
2272 5457 2507 5511 Siciliam
2532 5456 2634 5508 sub
2654 5453 2836 5508 tributi
2860 5453 3040 5507 debito
3068 5455 3153 5509 hic
3176 5455 3542 5509 dicituracce-

1955 5529 2117 5594 pisse,
2153 5528 2285 5581 nihil
2316 5526 2712 5581 observandum
2743 5525 2993 5589 occurrit,
3020 5540 3140 5581 cum
3164 5527 3281 5595 ejus
3307 5534 3452 5596 gesta
3475 5540 3541 5582 ex

1948 5598 2176 5667 vulgatis
2206 5598 2405 5667 passim
2435 5597 2745 5651 auctoribus
2774 5603 2898 5667 nota
2929 5596 3054 5651 sint.
3110 5599 3320 5651 Primus
3360 5607 3442 5651 est
3474 5612 3541 5651 ex

1948 5666 2329 5738 barbaris’qni,
2356 5668 2624 5722 exstincto
2662 5666 2992 5723 Occidentali
3022 5668 3273 5736 Imperio,
3309 5668 3360 5721 in
3392 5667 3542 5721 Italia

1949 5740 2087 5803 regis
2119 5755 2313 5793 nomen
2346 5738 2600 5793 obtinuit.
2630 5739 2764 5793 Eum
2795 5745 3012 5791 secutus
3054 5752 3137 5792 est
3167 5738 3540 5792 Tbeodoricus

1948 5812 2171 5882 Magnus
2218 5810 2305 5878 qui
2325 5810 2775 5884 Ostrogothorum
2799 5821 3027 5875 regnum
3050 5810 3102 5863 in
3126 5809 3269 5863 Italia
3293 5807 3543 5869 instituit.
