4082 6320
520 345 622 403 191

1827 336 2134 394 VICTORIS
2174 334 2476 394 VITENSlS

3697 328 3795 387 192

515 465 787 526 Oeosem;
828 468 879 513 ct
910 457 1269 515 Adiumctitm
1318 456 1554 512 civitatis
1605 456 1833 511 Felicem
1881 456 2088 524 episeoo
2116 455 2401 516 Arcntnr.
2435 451 2501 506 Et
2526 452 2646 522 quia
2675 451 2789 505 loca
2821 449 2965 504 nulla
3007 448 3343 505 sufﬁciebant
3388 448 3453 502 ad
3500 463 3795 519 capessen-

518 571 665 625 pum,
713 554 783 605 ob
831 551 928 604 hoc
960 548 1098 619 quod
1125 549 1453 618 suscepisset
1483 547 1769 619 quemdam
1798 546 2094 601 Johannem
2197 546 2317 602 dam
2349 544 2743 600 multitudinem
2767 552 2989 609 tantam,
3020 543 3270 599 basilicas
3292 543 3426 598 duas
3469 543 3782 598 nominatas

518 645 835 703 monachum
861 643 1307 706 transmarinum;
1345 641 1440 697 sed
1471 651 1524 697 et
1546 642 1681 696 alios
1714 640 1935 706 multos,
1962 653 2098 708 quos

522 739 736 808 longum
760 746 843 791 est
869 744 920 789 et
946 750 1223 790 enarrare.
1258 735 1462 802 Quibus
1489 742 1664 790 tamen
1698 734 1751 788 in
1779 732 1969 788 exsilio
2000 747 2097 801 po-

519 832 636 886 sitis
667 831 790 883 dum
818 829 996 884 obitus
1026 828 1353 893 obvenisset,
1388 842 1495 882 non
1526 828 1722 883 licebat
1746 826 1880 881 alios
1910 840 2099 881 eorum

515 923 823 980 civitatibus
849 922 1086 977 ordinari
1119 921 1425 990 episcopos.
1480 921 1625 977 Inter
1666 919 1781 974 haec
1803 927 1978 973 tamen
2004 917 2099 972 Dei

516 1015 743 1084 populus
767 1014 820 1067 in
850 1013 955 1068 Iide
982 1013 1310 1075 consistens,
1342 1021 1400 1065 ttt
1429 1027 1659 1066 examen
1706 1026 1864 1080 apum
1918 1024 2101 1065 cereas

516 1106 792 1161 mdiﬁcans
824 1104 1131 1159 mansiones
1154 1146 1168 1169 ,
1216 1104 1510 1159 crescendo
1541 1102 1749 1159 melleis
1782 1102 1903 1156 ﬁdei
1933 1112 1956 1138 ο
1991 1102 2103 1156 eal-

515 1200 648 1253 culis
679 1199 1016 1263 ﬁrmabatur;
1046 1208 1103 1253 ut
1125 1198 1440 1267 impleretur
1463 1199 1553 1253 illa
1573 1196 1867 1253 sententia:
1897 1197 2102 1260 Quanto

524 1294 691 1363 magis
716 1309 801 1345 eos
822 1291 1142 1362 afﬂigebanl,
1168 1300 1307 1344 tanto
1337 1291 1498 1363 magis
1526 1287 2027 1360 multiplicabuntur,
2057 1295 2103 1340 et

519 1386 890 1440 invalescebant
918 1386 1071 1438 nimis
1099 1384 1293 1455 (Exod.
1329 1400 1370 1451 ι,
1403 1382 1518 1454 12).

597 1477 726 1530 VIII.
763 1477 1066 1546 Deogratias
1118 1477 1347 1551 virtutes.
1372 1506 1443 1518 -—
1469 1476 1598 1529 Post
1628 1475 1743 1530 haec
1774 1474 1968 1529 factum
1999 1479 2103 1536 est,

520 1571 853 1638 supplicante
918 1568 1287 1622 Valentiniano
1346 1569 1632 1636 Augusto,
1699 1564 2104 1635 Carthaginensi

524 1662 778 1716 Ecclesia:
802 1670 920 1731 post
948 1661 1162 1729 longum
1196 1660 1467 1714 silentium
1500 1658 1863 1723 desolationis,
1897 1657 2106 1727 episco-

526 1771 647 1823 pum
678 1754 916 1808 ordinari
948 1754 1162 1808 nomine
1216 1752 1530 1822 Deogratias
1565 1770 1577 1805 :
1627 1752 1778 1819 cujus
1818 1752 1863 1806 si
1906 1750 2105 1804 nitatur

2208 647 2264 694 et
2292 637 2521 706 amplas,
2544 635 2571 675 δ
2599 636 2801 703 Fausti,
2836 646 2890 692 et
2916 634 3208 703 Novarum,
3234 650 3356 692 cum
3393 635 3600 691 lectulis
3626 642 3797 706 atque

2200 730 2548 795 straminibus
2574 729 2872 801 deputavit,
2920 730 3220 785 decernens
3262 744 3356 799 per
3392 728 3631 798 singulos
3680 726 3797 782 dies

2200 835 2455 895 quantum
2480 824 2598 894 quis
2623 839 2719 892 pro
2746 823 2939 878 merito
2961 822 3244 891 acciperet.
3273 822 3334 876 Et
3362 821 3482 891 quia
3506 822 3799 891 plerosque

2204 915 2298 987 [αι.
2332 912 2562 983 mansio]
2594 913 2876 969 insnetudo
2921 913 3114 984 navigii
3154 922 3210 969 et
3247 911 3536 969 crudelitas
3566 911 3800 980 captivi-

2204 1007 2326 1061 tatis
2353 1005 2638 1072 afﬂixerat,
2672 1021 2776 1060 non
2800 1020 2997 1077 parvus
3024 1005 3165 1061 inter
3190 1020 3284 1061 eos
3319 1019 3574 1061 numerus
3615 1004 3798 1059 fuerat

2202 1108 2544 1168 aegrotorum,
2576 1112 2708 1167 quos
2738 1096 2827 1153 ille
2850 1098 3036 1152 beatus
3067 1098 3312 1163 antistes,
3355 1107 3413 1151 ut
3452 1095 3633 1151 nutrix
3685 1097 3797 1165 pia,

2207 1204 2302 1259 per
2329 1200 2597 1244 momenta
2623 1190 2829 1260 singula
2857 1204 2978 1244 cum
3016 1187 3120 1261 [al.
3152 1188 3267 1243 vice
3298 1186 3527 1258 medici]
3566 1185 3799 1241 medicis

2205 1281 2551 1346 circumibat;
2594 1280 2938 1350 sequentibus
2960 1278 3116 1347 cibis,
3142 1289 3200 1333 ut
3221 1280 3459 1349 inspecta
3481 1291 3645 1344 vena,
3670 1277 3798 1348 quid

2206 1373 2291 1427 cui
2316 1389 2449 1441 Opus
2479 1381 2644 1436 esset,
2665 1371 2755 1426 illo
2778 1380 3043 1442 praesente
3066 1371 3300 1426 daretur.
3323 1370 3430 1428 Sed
3454 1385 3549 1426 nec
3570 1379 3798 1425 noctur-

2208 1464 2291 1519 nis
2318 1464 2463 1519 horis
2482 1463 2550 1518 ab
2581 1463 2681 1517 hoc
2709 1477 2872 1532 opere
2900 1461 3287 1519 misericordiae
3318 1461 3654 1526 feriabatur;
3704 1459 3798 1517 sed

2211 1556 2468 1626 pergebat
2508 1569 2804 1610 excurrens
2846 1568 2940 1624 per
2988 1554 3225 1624 singulos
3269 1553 3465 1620 lectos,
3513 1551 3799 1608 sciscitans

2209 1647 2437 1715 qualiter
2472 1646 2696 1716 quisque
2743 1660 2804 1699 se
2850 1643 3090 1700 haberet.
3148 1644 3224 1699 Ita
3265 1659 3323 1701 se
3354 1643 3477 1698 huic
3503 1642 3799 1699 tradiderat

2211 1738 2380 1809 [Colb.
2412 1743 2461 1803 1,
2488 1739 2653 1812 omni]
2685 1740 2903 1794 omnino
2929 1738 3124 1806 labori,
3156 1748 3216 1793 ut
3243 1752 3343 1795 nec
3372 1737 3603 1794 defessis
3624 1752 3799 1793 mem-

524 1846 804 1915 quisquam
830 1860 964 1914 quas
994 1860 1088 1913 per
1138 1845 1287 1899 illum
1328 1844 1549 1899 virtutes
1587 1844 1847 1898 Dominus
1896 1841 2102 1907 fecerit,
2134 1834 2182 1895 B
2209 1832 2341 1897 bris.
2403 1849 2500 1888 nec
2544 1835 2769 1888 cariosae
2814 1832 2923 1902 jam
2974 1831 3240 1887 senectuti
3289 1839 3551 1900 parceret.
3620 1830 3799 1898 Quare

504 1938 778 2007 paulatim
833 1938 936 2009 [aL
968 1936 1289 2008 excurrare]
1340 1945 1613 2002 excutere,
1668 1945 1796 1989 ante
1846 1934 2106 2001 incipient

521 2031 684 2085 verba
741 2030 973 2084 deiicere
1023 2044 1179 2097 quam
1233 2028 1324 2083 ille
1366 2028 1566 2097 aliquid
1612 2027 1788 2082 valeat
1817 2026 2103 2095 explicare.

522 2122 618 2176 Illo
648 2123 807 2191 igitur
848 2121 1100 2191 episcopo
1144 2120 1438 2174 constituto
1480 2119 1675 2175 factum
1723 2125 1827 2182 est,
1874 2115 2106 2187 peccatis

522 2215 862 2284 urgentibus,
908 2224 964 2269 ut
998 2215 1183 2269 urbem
1226 2214 1373 2267 illam
1417 2213 1685 2284 quondam
1718 2210 2104 2265 nobilissimam

528 2316 688 2376 atque
719 2306 1131 2360 famosissimam
1162 2306 1348 2374 quinto
1396 2304 1610 2359 decimo
1649 2303 1799 2371 regni
1841 2302 1921 2356 sui
1968 2317 2108 2354 anno

526 2397 828 2453 Gcisericus
856 2406 1070 2466 caperet
1092 2398 1315 2451 Romam
1342 2397 1453 2466 (an.
1478 2396 1637 2465 455);
1666 2405 1721 2451 et
1738 2395 1896 2450 simul
1916 2394 2109 2449 exinde

527 2506 712 2558 rogum
766 2490 1057 2545 multorum
1110 2490 1325 2544 divitias
1372 2504 1493 2543 cum
1545 2488 1754 2559 populis
1798 2487 2106 2558 captivavit.

525 2582 655 2648 Qua:
684 2582 808 2636 dunt
844 2581 1127 2637 multitudo
1156 2580 1484 2651 captivorum
1517 2579 1826 2635 Africanum
1874 2579 2105 2649 attinge-

532 2683 616 2728 ret
644 2675 811 2741 littus,
852 2673 1213 2729 dividentibus
1244 2672 1501 2728 Vandalis
1528 2682 1583 2728 et
1612 2671 1808 2726 Mauris
1839 2671 2109 2740 ingentem

528 2766 710 2836 populi
736 2766 1110 2836 quantitatem,
1136 2774 1192 2820 ut
1219 2764 1385 2819 moris
1413 2774 1498 2819 est
1520 2762 1784 2826 barbaris,
1838 2762 2014 2816 mariti
2042 2761 2109 2816 ab

529 2857 801 2924 uxoribus,
855 2866 909 2912 et
938 2858 1088 2913 liberi
1121 2873 1149 2911 a
1177 2857 1490 2927 parentibus
1522 2855 1928 2926 separabantur.
1984 2853 2111 2908 Sta-

527 2949 620 3003 tim
649 2949 842 3019 sategit
871 2949 953 3003 vir
985 2950 1092 3004 Deo
1122 2949 1312 3018 plenus
1343 2955 1397 3002 et
1425 2962 1600 3011 carus,
1650 2945 1899 3002 universa
1950 2944 2111 2999 mini-

526 3037 674 3093 sterii
704 3051 824 3091 vasa
856 3052 1014 3092 aurea
1042 3037 1123 3093 vel
1154 3044 1409 3107 argentea
1454 3036 1774 3101 distrahere,
1807 3044 1861 3089 et
1891 3035 2111 3090 liberta-

528 3139 635 3185 tem
659 3130 724 3186 de
750 3133 1007 3187 servitute
1038 3131 1314 3186 barbarica
1348 3132 1608 3197 liberare,
1657 3140 1713 3186 et
1757 3140 1813 3185 ut
1862 3130 2107 3201 coniugia

2212 1925 2381 1979 livore
2408 1924 2591 1979 Ariani
2615 1924 2881 1991 succensi,
2925 1922 3061 1978 dolis
3088 1937 3210 1978 eum
3244 1919 3666 1993 quamplurimis
3709 1935 3800 1977 vo-

2210 2019 2422 2072 luerunt
2451 2018 2647 2087 srepius
2674 2032 2920 2075 enecare.
2953 2016 3107 2084 Quod
3139 2015 3321 2086 credo,
3353 2013 3661 2087 praevidens
3690 2015 3799 2070 Do-

2210 2113 2418 2180 minus,
2465 2112 2570 2166 cito
2608 2126 2881 2181 passerem
2912 2126 3067 2165 suum
3099 2110 3168 2165 de
3202 2110 3446 2167 manibus
3475 2111 3797 2183 accipitrum

2210 2206 2377 2259 voluit
2423 2204 2675 2259 liberare.
2738 2202 2904 2273 Cujus
2940 2203 3140 2260 exitum
3183 2205 3253 2259 ita
3293 2214 3317 2243 ε
3373 2205 3552 2262 Urbici
3602 2205 3798 2276 captivi

2212 2296 2556 2365 planxerunt,
2585 2302 2641 2349 ut
2667 2304 2792 2350 tunc
2822 2310 2881 2351 se
2909 2304 3157 2373 putarent
3183 2295 3350 2365 magis
3381 2296 3522 2352 tradi
3546 2298 3799 2353 manibus

2214 2388 2571 2443 Barbarorum
2602 2388 2814 2458 quando
2833 2388 2921 2443 ille
2945 2388 3177 2458 perrexit
3201 2388 3267 2442 ad
3290 2388 3509 2444 calum.
3552 2388 3796 2446 Functus

2212 2494 2294 2537 eat
2333 2489 2509 2536 autem
2560 2480 2859 2535 sacerdotio
2907 2482 3061 2535 annis
3090 2481 3281 2536 tribus.
3335 2479 3501 2551 Cujus
3528 2496 3724 2537 amore
3748 2489 3800 2537 et

2214 2573 2483 2630 desiderio
2514 2574 2742 2644 populus
2788 2574 3021 2629 intentus
3068 2582 3315 2643 potuerat
3364 2572 3607 2631 membra
3655 2574 3800 2645 digni

2213 2668 2454 2736 corporis
2482 2681 2704 2735 rapere,
2748 2667 2851 2722 nisi
2893 2666 3119 2723 consilio
3156 2666 3440 2737 prudenti,
3485 2667 3615 2723 dum
3645 2668 3678 2705 ά
3706 2682 3799 2739 pro

2215 2773 2366 2814 more
2392 2758 2623 2813 orationi
2652 2766 2897 2825 vacatur,
2926 2759 3201 2815 nesciente
3229 2759 3573 2816 multitudine
3603 2759 3801 2831 sepeli~

2214 2860 2383 2907 retur.

2286 2944 2378 2999 IX.
2419 2942 2645 2998 Thomas
2673 2947 2955 3015 confessor.
2983 2974 3056 2984 —
3099 2942 3167 2999 Et
3192 2943 3315 3014 quia
3343 2943 3627 3000 tacendum
3658 2958 3800 3001 sern-

2216 3052 2312 3107 per
2341 3052 2445 3091 non
2470 3035 2641 3091 estde
2668 3033 3033 3104 impietatibtts
3061 3034 3436 3092 haereticorum
3454 3075 3470 3102 ,
3511 3049 3615 3092 nec
3640 3051 3800 3093 vere-

2215 3127 2447 3183 cundum
2466 3128 2660 3197 poterit
2680 3142 2803 3182 esse
2824 3126 2964 3198 quod
2980 3126 3046 3183 ad
3069 3127 3281 3184 laudem
3293 3128 3504 3198 prolicit
3516 3129 3799 3199 patientis;

529 3222 785 3279 lmderata
834 3231 1135 3290 manerent,
1175 3231 1230 3279 et
1269 3223 1491 3292 pignora
1533 3221 1866 3293 genitoribus
1914 3222 2107 3277 redde-
2133 3210 2180 3271 C
2213 3221 2487 3276 ordinatus
2511 3219 2778 3291 quondam
2805 3219 3058 3276 sacerdos
3082 3220 3300 3276 nomine
3333 3230 3358 3259 °
3381 3220 3641 3291 Thomas,
3672 3221 3800 3278 dum

600 3365 627 3395 ι
657 3356 746 3410 Sic
775 3356 929 3412 Colb.
959 3359 986 3413 1
1022 3366 1075 3412 et
1099 3356 1225 3411 editi
1257 3366 1384 3411 tres.
1435 3358 1504 3410 At
1534 3354 1834 3410 ()rthodox.
1866 3364 1920 3409 ct
1950 3354 2104 3408 Lorio

531 3429 705 3491 chius,
743 3429 1020 3482 claviculis.
1060 3426 1316 3491 Chiﬂlet.,
1361 3427 1612 3480 caliculis.
1666 3427 1828 3479 Paulo
1869 3439 2011 3493 ante,
2055 3435 2109 3479 ut

532 3515 761 3563 examen,
795 3510 899 3571 etc.
938 3498 1215 3555 Loricbius
1248 3498 1435 3562 habet,
1480 3506 1535 3550 ut
1585 3497 1817 3551 momina
1848 3514 2002 3567 apum
2028 3513 2110 3551 ce-
2149 3564 2153 3571 η

532 3588 644 3626 reas
675 3570 1001 3636 adi/icantia,
1029 3577 1133 3625 etc.

602 3642 628 3681 δ
662 3639 886 3696 Orthod.
917 3657 1036 3695 cum
1077 3639 1325 3696 Lorichio
1351 3646 1405 3693 et
1424 3640 1672 3704 versione
1701 3638 1886 3705 gallica
1935 3638 2109 3694 Bello-

531 3714 700 3776 restii,
725 3709 911 3765 Fausti
942 3721 986 3765 et
1032 3711 1191 3765 Varii.
1220 3710 1372 3764 Colb.
1392 3710 1672 3779 Lamplas,
1700 3727 1812 3779 qua?
1834 3711 1883 3763 in
1908 3712 2109 3763 nomine

531 3782 717 3839 Fausti
746 3794 889 3836 erant
920 3793 1245 3844 constructw,
1279 3794 1325 3834 et
1360 3781 1642 3835 Novarum.
1693 3783 1753 3835 Et
1785 3783 1939 3846 paulo
1971 3781 2107 3835 inle-

531 3855 664 3917 rins,
695 3868 789 3921 pro
824 3870 939 3905 cum
972 3855 1188 3917 lectulis,
1231 3851 1509 3905 Loricbius
1541 3850 1719 3915 habet,
1753 3868 1926 3904 corum
1955 3853 2111 3904 [ccltt—

532 3926 618 3979 lis.
672 3920 838 3978 Porro
882 3924 1110 3979 celebris
1160 3932 1276 3975 erat
1315 3922 1452 3989 apud
1500 3920 1875 3987 Carthaginem
1929 3921 2111 3976 Fausti

532 3994 778 4058 ecclesia,
803 3994 855 4047 in
884 4009 985 4063 qua
1010 3996 1209 4062 aliquot
1238 3993 1500 4046 Africana:
1526 3990 1778 4046 Ecclesiae
1809 3994 1997 4060 synodi
2023 4009 2112 4046 ce-

533 4065 753 4120 lebrata:
782 4074 922 4117 sunt.
975 4063 1030 4117 In
1071 4081 1132 4116 ca
1171 4073 1387 4118 sanctus
1430 4064 1757 4129 Augustinus
1806 4076 2108 4117 sermonem

533 4135 717 4187 habuit
751 4134 870 4192 12-2,
902 4134 991 4189 tibi
1018 4135 1177 4187 etiam
1206 4133 1482 4187 ordinatus
1521 4133 1617 4186 luit
1654 4132 1963 4193 Deogratias
1988 4149 2109 4187 san-

534 4205 803 4260 etissimus
833 4206 1076 4270 antistes,
1109 4203 1259 4272 cujus
1291 4202 1375 4257 hic
1404 4203 1689 4272 praaclaras
1720 4203 1941 4257 virtutes
1968 4217 2113 4258 com-

536 4284 798 4329 memorat
825 4274 1025 4329 Victor.
1070 4274 1219 4328 Tunc
1251 4277 1392 4327 enim
1437 4287 1551 4328 erat
1584 4274 1856 4339 primaria,
1894 4286 1946 4327 et
1980 4289 2114 4342 pra:-

535 4348 689 4415 cipua
717 4343 1115 4399 Catholicornm
1145 4343 1371 4398 ecclesia
1398 4345 1535 4413 apud
1559 4344 1953 4412 Carthaginem,
1989 4360 2110 4400 cum

537 4417 812 4470 basilicam
859 4416 1176 4470 Restitutam
1215 4416 1421 4479 Ariani,
1460 4425 1516 4468 ιιι
1556 4429 1717 4481 supra
1754 4415 1952 4468 dictum
1996 4426 2111 4480 est,

534 4495 908 4556 occupassent.
943 4487 995 4539 In
1030 4486 1142 4554 ipsa
1166 4488 1325 4539 etiam
1360 4486 1701 4554 haptismales
1729 4484 1905 4539 fontes
1933 4494 2109 4551 erant,

574 4558 676 4611 nod
726 4566 869 4626 patet
911 4572 976 4611 ex
1020 4558 1133 4625 ipso
1185 4556 1397 4610 Victore
1429 4555 1560 4611 infra
1595 4558 1688 4610 lib.
1733 4558 1788 4621 2,
1827 4572 1974 4610 ιιιιιιι.
2024 4558 2109 4609 17.

533 4574 697 4694 auio,
740 4637 795 4683 et
830 4628 1192 4694 cumpluribus
1217 4639 1521 4681 sanctorum
1552 4637 1839 4694 martyrum
1871 4628 2109 4694 reliquiis

2218 3354 2429 3410 videtur
2447 3368 2567 3409 esse
2588 3369 2746 3425 quam
2774 3354 3097 3417 Augusdnus
3117 3356 3171 3412 in
3202 3356 3475 3413 breviculo
3495 3357 3801 3413 collationis

2212 3427 2315 3480 diei
2345 3426 2536 3497 tertiae,
2561 3440 2611 3479 c.
2646 3428 2734 3488 15.
2759 3442 2813 3480 ιι.
2841 3427 3210 3492 15,ὁαείιίεαηι
3243 3426 3509 3483 Novarum
3540 3429 3797 3497 appellat.

2289 3508 2310 3535 ο
2343 3496 2435 3552 Sic
2456 3496 2679 3566 Optatus
2702 3497 2839 3551 libro
2861 3498 3034 3567 primo
3072 3498 3333 3554 adversus
3370 3496 3799 3566 Parmeniarum,

2212 3567 2572 3639 Zephyrinnm
2613 3568 2913 3640 Romanum
2944 3571 3293 3640 pontiﬁcem,
3343 3572 3571 3624 urbicum
3602 3570 3802 3640 episco-

2214 3656 2335 3705 pum
2364 3638 2616 3709 appellat.
2657 3639 2724 3694 Et
2761 3639 2901 3694 idem
2933 3638 3156 3709 Optatus
3178 3641 3403 3695 urbicam
3436 3638 3803 3695 commentam-

2213 3708 2408 3765 tionem
2432 3708 2557 3765 dicit
2586 3711 2676 3765 lib.
2712 3726 2770 3765 ιι.
2812 3708 2942 3764 Vide
2979 3708 3232 3781 Cypriani
3270 3712 3428 3780 epist.
3464 3712 3553 3775 4'5,
3601 3712 3674 3766 al.
3710 3714 3800 3768 40.

2215 3780 2483 3850 (ὶςιξιειιιιιι
2509 3797 2604 3850 pro
2627 3781 2808 3842 urbici,
2841 3782 2974 3836 edit.
3008 3780 3242 3837 Lorichii
3272 3784 3432 3837 habet
3458 3783 3618 3837 urbis.

2284 3849 2309 3889 ἀ
2343 3852 2432 3907 Sic
2458 3849 2758 3916 Loricbius,
2784 3851 3009 3907 Orthod.
3036 3866 3085 3907 et
3120 3852 3320 3908 Bellor.
3348 3855 3417 3909 At
3442 3851 3619 3909 Cbilll.
3640 3852 3803 3909 habet

2214 3922 2338 3975 dum
2383 3939 2539 3976 mora-
2568 3931 2813 3988 vocatur;
2861 3922 3105 3977 Rhenan.
3155 3926 3279 3978 dum
3314 3935 3571 3979 avocatur.
3633 3925 3803 3980 Porro

2214 4002 2433 4047 sanctus
2477 3993 2784 4061 Deogratias
2823 3994 3096 4050 ordinatus
3142 3994 3314 4050 fuerat
3343 3994 3491 4050 Etio
3529 4005 3584 4051 et
3611 3994 3804 4050 Studio

2214 4063 2548 4136 consulibus,
2580 4064 2631 4136 id
2663 4073 2745 4118 est
2769 4080 2906 4119 anno
2931 4065 3058 4131 434,
3088 4065 3140 4120 in
3173 4066 3394 4121 basilica
3426 4065 3631 4122 Fausti.
3669 4066 3802 4136 Ejus

2216 4132 2477 4207 festivitas
2503 4135 2806 4207 celebratur
2838 4136 2888 4189 in
2930 4136 3309 4207 Martyrologio
3340 4137 3583 4192 Romano
3612 4132 3803 4193 (118⁷22

2217 4204 2411 4276 Martii,
2442 4214 2496 4259 et
2527 4206 2579 4260 in
2608 4206 2918 4260 kalendario
2949 4204 3355 4276 Cart'ltagin'ensi
3397 4208 3552 4262 nonis
3572 4208 3798 4264 Januar.

2292 4285 2313 4312 ε
2349 4275 2435 4330 Lis
2461 4286 2543 4330 est
2571 4278 2710 4331 inter
2736 4286 2982 4331 auctores
3008 4294 3073 4332 an
3100 4275 3334 4333 Thomas
3364 4278 3450 4333 hic
3473 4290 3802 4334 memoratus

2217 4346 2268 4420 in
2292 4346 3333 4420 Δεειιίεεςιροιίιιιιᾉθεῂςειιιιιίιείιιεξιιςιὶιιιιι
3356 4350 3595 4420 catalogo
3620 4350 3800 4405 locum

2216 4417 2418 4472 habere
2434 4416 2645 4472 debeat.
2661 4416 2953 4487 Et’quidetn
2972 4416 3091 4489 cuin
3107 4435 3367 4489 nusquam
3381 4420 3512 4475 alias
3525 4416 3643 4488 éjns
3656 4438 3802 4476 men—

2218 4488 2293 4541 tio
2322 4488 2600 4554 habeatur,
2637 4503 2723 4544 res
2749 4500 2830 4543 est
2870 4504 2935 4543 ex
2977 4488 3077 4543 hoc
3119 4488 3349 4545 Victoris
3383 4492 3501 4547 loco
3544 4492 3800 4546 finienda.

2216 4558 2392 4624 Quare
2422 4560 2658 4613 omnium
2687 4574 2822 4628 quos
2858 4558 3039 4616 videre
3076 4560 3225 4616 licuit
3265 4561 3510 4617 codicum
3541 4562 3802 4617 lectiones

585 4628 697 4718 uin,
740 4628 1192 4718 el'c9lll[)lll.l:ibl.ls
1217 4639 1536 4709 sanctorum
1552 4637 1839 4709 martyrum
1871 4628 2112 4718 reliquiis
2140 4658 2190 4718 ο
2219 4629 2852 4718 proferam,.utjquisqune,
2880 4631 3161 4718 proluts'inbi
3186 4631 3385 4714 inelius
3417 4633 3585 4717 visum
3616 4634 3800 4698 luerit,

538 4700 761 4754 ditalam
811 4699 972 4751 luisse
1020 4698 1380 4769 discimusex
1431 4698 1663 4769 antiquis
1715 4698 2110 4769 rnartyrulogiis

534 4769 1026 4834 Adonis,Usuardi,
1052 4779 1182 4834 elc.,
1214 4768 1300 4822 ubi
1324 4769 1500 4823 idibus
1519 4768 1643 4823 Julii
1669 4769 1781 4823 lucc
1806 4768 2104 4823 habentur:

534 4839 602 4896 In
633 4842 830 4910 Africa,
860 4841 1057 4894 civitate
1084 4839 1407 4909 Carthagine,
1440 4842 1622 4893 natalis
1644 4849 1935 4894 sanctorum
1956 4841 2109 4894 Cato-

536 4911 627 4965 lini
655 4912 877 4978 diaconi,
900 4936 903 4939 -
925 4921 972 4964 ct
1012 4912 1325 4980 reliquorum
1351 4920 1656 4980 martyrum,
1681 4914 1767 4978 qui
1798 4912 2112 4980 requiescunt

536 4928 625 4965 um
655 4928 877 4978 atacom,
900 4936 903 4939 -
925 4928 972 4964 ct
1012 4928 1103 4964 reti
1146 4928 1325 4962 uorum
1351 4928 1656 4980 martyrum,
1681 4928 1766 4978 qui
1798 4928 2110 4980 requiescunt

535 4984 585 5036 in
618 4984 823 5036 basilica
863 4980 1065 5034 Fausti.
1100 4928 1202 5034 gro
1244 4978 1447 5042 Fausti,
1492 4993 1640 5035 vetus
1673 4982 2110 5051 martyrologium

535 5065 717 5122 s_ancto
764 5054 1087 5122 Hieronymo
1128 5052 1285 5119 vulgo
1312 5051 1668 5122 attributum,
1710 5051 1871 5104 habet
1921 5060 2113 5104 sancta:

535 5120 766 5176 Fausta’.
798 5123 923 5185 Sed,
965 5119 1023 5174 ut
1046 5122 1155 5190 jam
1201 5136 1228 5171 a
1274 5119 1401 5173 viris
1429 5122 1652 5173 eruditis
1683 5137 1787 5174 non
1828 5123 1988 5175 semel
2018 5124 2113 5175 ob-

534 5204 800 5246 servatum
826 5204 929 5257 est,
954 5194 1093 5261 apud
1120 5202 1329 5245 veteres
1353 5194 1656 5261 frequenter
1686 5204 1971 5245 occurrunt
1995 5192 2111 5246 ista:

535 5265 831 5318 litterarum
876 5260 1217 5317 mutationes.
1270 5263 1530 5314 Cmterum
1573 5260 1843 5314 Catulinas
1885 5265 1968 5315 hic
1999 5280 2114 5315 Illi?-

536 5343 791 5398 tnoratus,
826 5335 867 5385 is
898 5333 1009 5398 ipse
1038 5344 1120 5388 est
1149 5334 1348 5401 absque
1374 5330 1535 5384 dubio
1559 5333 1624 5384 de
1647 5347 1753 5400 quo
1782 5334 2109 5400 Augustinus

535 5404 718 5457 habuit
754 5419 1055 5457 sermonem
1088 5407 1173 5474 qui
1209 5422 1296 5472 per
1337 5401 2111 5474 Natalemrljatutiniiinscribi-

536 5487 638 5527 tur.
658 5475 784 5540 Ejus
813 5475 936 5526 item
961 5471 1213 5528 memoria
1233 5474 1456 5527 celebris
1477 5484 1558 5526 est
1585 5473 1633 5525 iu
1662 5471 2110 5526 kalendarioCar-

531 5542 854 5611 hbaginen-i,
880 5543 1053 5597 idibus
1079 5544 1629 5614 Julii.DeniqucApost
1656 5552 1923 5614 receptam
1956 5558 1983 5595 a
2010 5543 2104 5614 Ju-

535 5616 765 5668 stiniano
811 5615 1131 5681 imperatore
1180 5612 1432 5677 Africam,
1489 5612 1784 5682 Reparatus
1832 5613 2107 5679 Carthagi-

535 5686 714 5739 nmisis
762 5685 982 5737 antistes
1034 5684 1087 5737 in
1141 5683 1353 5737 basilica
1404 5685 1583 5738 Fausti
1639 5683 1821 5737 sedem
1874 5684 2109 5737 restituit

534 5756 913 5823 episcopalem,
954 5765 1009 5807 ut
1043 5757 1095 5808 in
1138 5754 1530 5823 Commentario
1570 5753 1828 5808 historico
1866 5755 2105 5809 dicemus

544 5822 663 5895 cap.
699 5822 786 5880 i2.
834 5826 1056 5880 Basilica
1094 5823 1358 5878 Novarum
1402 5822 1488 5877 hic
1527 5833 1845 5899 memorata,
1893 5841 1955 5882 ea
1993 5827 2105 5896 ipsa

2219 4714 2284 4755 ea
2312 4699 2379 4755 de
2405 4715 2464 4774 r_e
2500 4700 2755 4774 judicium
2785 4699 2940 4774 ferat.
2969 4702 3268 4774 Chimetius
3305 4714 3379 4770 et,
3405 4712 3464 4774 ut
3493 4706 3607 4774 ipse
3637 4715 3801 4760 testa-

2215 4780 2323 4845 tur,
2346 4770 2511 4845 codex
2536 4772 2782 4845 cartusicc
2812 4772 3092 4845 Portarum
3115 4773 3320 4845 habent
3344 4790 3357 4827 :
3386 4770 3670 4829 Ordinatur
3688 4777 3776 4845 qui
3785 4804 3800 4818 -

2216 4843 2335 4913 dam
2383 4842 2437 4913 in
2481 4842 3065 4913 sacerdotiumnominc
3110 4843 3353 4912 Thomas,
3394 4847 3479 4913 qui
3518 4846 3662 4909 dum,
3692 4842 3799 4902 etc.

2215 4912 2441 4985 Orthod.
2470 4919 2525 4985 ᾳ
2548 4913 2727 4985 versit)
2758 4912 2986 4985 Bellum,
3014 4912 3297 4969 Ordinatur
3320 4912 3533 4985 quidam
3554 4919 3797 4971 sacerdo—

2216 4984 2308 5044 tio,
2341 4992 2444 5036 etc.
2482 4982 2621 5037 Edit.
2657 4982 2898 5037 Rhenani
2930 4984 3173 5039 Balduini
3216 4995 3270 5041 et
3323 4982 3669 5043 Bibliotheca
3701 4987 3799 5041 Pa-

2218 5062 2380 5119 trum,
2410 5053 2691 5106 Urdinator
2718 5055 2977 5123 quondam
3019 5058 3283 5110 memorati
3310 5059 3611 5123 sacerdotis,
3641 5067 3747 5113 etc.
3782 5075 3796 5111 :

2216 5137 2377 5197 quam
2411 5125 2694 5197 lectionem
2727 5124 2800 5178 uti
2837 5140 3145 5197 germanam
3179 5140 3482 5197 propugnat
3512 5128 3791 5184 Batonius.

2217 5192 2387 5275 Porro
2409 5195 2459 5246 in
2474 5192 3026 5275 yrthodpxograpliia
3050 5206 3103 5275 ct
3122 5192 3326 5275 aliquot
3348 5192 3529 5267 éditis,
3548 5201 3797 5275 posthaec

2213 5263 2413 5327 verba,
2468 5262 2867 5320 0rdinatbr.....
2902 5262 3127 5321 'nontine
3182 5262 3432 5334 Thomas,
3482 5262 3794 5332 restituitur.

2215 5334 2441 5386 Thomas
2460 5336 2764 5409 venerabilis
2795 5338 3083 5409 episcopus,
3125 5340 3267 5403 dum,
3306 5349 3411 5395 etc.
3440 5358 3452 5393 :
3481 5356 3601 5409 qua:
3636 5344 3794 5396 verba

2213 5420 2276 5478 ex
2309 5405 2566 5473 margine,
2596 5408 2672 5478 uti
2701 5407 2752 5460 in
2782 5405 2913 5466 mss.
2935 5408 3087 5463 Colb.
3122 5411 3146 5464 1
3179 5419 3234 5465 et
3264 5411 3473 5465 Martio.
3500 5405 3792 5478 habentur,

2215 5476 2265 5528 in
2311 5483 2511 5529 textum
2543 5477 2793 5532 videntur
2826 5479 3081 5535 translata
3113 5479 3297 5536 fuisse.
3345 5482 3480 5537 Hinc
3506 5482 3668 5537 etiam
3696 5476 3794 5538 Loé

2215 5545 2539 5622 tichiussic
2586 5548 2745 5622 hal_tet
2775 5565 2788 5601 :
2824 5548 3106 5622 Ordinatur
3147 5552 3355 5622 quidam
3382 5554 3667 5609 sacerdotio
3697 5570 3792 5607 no-

2212 5620 2345 5669 mine
2378 5616 2622 5693 Thomas.
2653 5618 2786 5693 Tum
2805 5620 3002 5693 Atitulus
3024 5616 3243 5693 capituli
3266 5625 3539 5693 sequentis
3564 5622 3791 5678 Ordina-

2212 5696 2294 5765 tur
2323 5691 2532 5765 quidam
2563 5690 2849 5765 sacerdotio
2896 5690 3107 5765 nomine
3130 5690 3372 5747 Thomas.
3418 5694 3624 5753 Deinde
3653 5696 3791 5765 capi-

2213 5758 2381 5831 tulum
2406 5758 2485 5812 sic
2508 5759 2694 5831 incipit
2722 5776 2745 5831 :7
2767 5759 2985 5814 Thomas
3024 5763 3293 5831 episcopus
3319 5765 3641 5829 venerabilis,
3672 5758 3789 5818 dum

2212 5830 2388 5897 variis,
2410 5838 2516 5883 etc.
2543 5830 2708 5886 Porro
2737 5830 3023 5890 lectionem
3051 5830 3279 5893 duorum
3305 5835 3550 5893 codicum
3571 5836 3790 5897 Colbet-
