4082 6320
224 302 314 357 195

1161 287 1246 344 ΒΕ
1285 285 1799 344 PERSECUTIONE
1839 287 2225 342 VANDALICA
2265 289 2391 345 LIB.
2432 290 2468 345 Ι.

3328 289 3431 347 194

223 411 359 467 variis
378 407 439 463 ab
464 405 537 462 eis
557 402 761 460 insidiis
781 400 980 473 smpius
1006 410 1321 467 arctaretur,
1362 390 1591 471 quodam
1620 409 1756 456 tem-
1781 405 1834 466 Α
1859 401 2099 458 membra
2128 404 2231 459 mei
2276 405 2517 472 corporis
2545 403 2806 472 dedicavi,
2852 418 2951 460 nec
2991 418 3208 475 possum
3240 405 3432 463 buma-

218 518 330 575 pore
372 495 713 554 venerabilem
765 509 954 551 senem
1008 494 1059 548 in
1111 492 1206 567 [αι.
1249 492 1483 565 publica]
1536 493 1752 564 publico

219 597 333 654 facie
357 591 564 648 catomis
593 587 927 644 ceciderunt.
982 588 1133 656 Quod
1187 587 1277 642 ille
1319 602 1424 641 non
1464 587 1529 641 ad
1559 600 1754 655 oppro-

216 691 386 752 brium,
411 683 498 741 sed
521 683 588 737 ad
616 682 918 737 mercedem
948 688 1262 751 computans
1300 679 1482 750 gloria:
1520 694 1656 744 suta,
1698 680 1754 733 in

217 780 415 838 Domino
442 775 736 831 laztabatur.
771 773 919 830 Unde
958 772 1154 828 factum
1189 780 1271 827 est
1305 779 1361 826 ut
1404 779 1522 841 post
1550 770 1753 825 obitum

213 868 421 942 episcopi
454 869 508 939 8
534 864 891 935 Carthaginis,
931 864 1236 935 Zeugitanre
1276 870 1331 918 et
1380 860 1755 917 Proconsulari

213 961 475 1037 provinciae
494 960 775 1028 episcopos
796 956 1141 1013 interdiceret
1161 954 1510 1020 ordinandos,
1524 967 1752 1025 quorum

214 1062 317 1110 erat
333 1066 576 1108 numerus
603 1058 817 1105 centum
854 1047 1127 1118 sexaginta
1157 1055 1405 1117 quatuor.
1437 1045 1539 1113 Qui
1572 1044 1754 1115 paula-

209 1147 287 1202 tim
310 1143 634 1209 deﬁcientes,
660 1156 821 1209 nunc,
845 1140 891 1196 si
919 1140 1002 1196 vel
1027 1140 1127 1210 ipsi
1151 1149 1459 1208 supersunt,
1499 1146 1609 1193 tres
1637 1147 1758 1193 tan-

207 1250 297 1295 tum
335 1252 450 1295 esse
482 1236 768 1292 videntur:
798 1234 1107 1289 Vincentius
1135 1242 1162 1271 ι
1200 1232 1512 1303 Gigitanus,
1561 1230 1760 1287 Paulus

206 1328 627 1395 l’Sinnaritanus,
668 1341 796 1382 vere
836 1326 1032 1381 merito
1072 1335 1126 1381 et
1166 1324 1385 1380 nomine
1423 1324 1654 1390 Paulus;
1700 1330 1757 1379 et

202 1423 319 1479 alius
345 1421 688 1490 Quintianus,
737 1418 827 1490 qui
871 1433 1014 1473 nunc
1057 1417 1489 1488 persecutionem
1518 1414 1751 1487 fugiens,

203 1514 323 1585 apud
367 1524 388 1552 ε
436 1512 699 1569 Edessam
754 1508 1079 1566 Macedonia:
1129 1507 1401 1566 civitatem
1455 1520 1762 1564 commanet

203 1607 515 1679 peregrinus.

262 1701 325 1756 Χ.
354 1699 593 1755 Maxima
621 1708 668 1753 et
695 1698 788 1753 alii
816 1707 1063 1769 martyres
1091 1706 1137 1751 et
1166 1700 1495 1765 confessor“.
1524 1692 1631 1735 -ίί
1656 1690 1763 1750 Sed

1857 509 1983 549 num
2007 494 2191 550 sortiri
2219 494 2544 564 conjugium,
2581 496 2783 550 habens
2804 495 2915 565 jam
2951 496 3226 553 caelestem
3253 509 3306 554 et
3339 514 3431 555 ve-

1858 601 1974 640 rum
2007 600 2282 653 sponsum.
2315 586 2420 642 Sed
2444 588 2583 642 dabo
2606 588 2905 644 consilium.
2949 590 3005 646 Si
3043 592 3197 659 velis,
3234 594 3431 661 poteris

1856 687 1912 734 et
1940 678 2056 748 ipse
2088 679 2177 734 tibi
2210 689 2464 749 praestare
2489 720 2501 743 ,
2552 682 2678 734 dum
2710 681 2861 743 licet,
2912 693 2972 736 ut
2999 682 3085 738 cui
3114 699 3213 753 ego
3234 699 3431 741 concu-

1856 771 1963 841 pivi
1993 774 2210 837 nubere,
2240 772 2524 829 delecteris
2552 782 2606 828 et
2634 774 2747 844 ipse
2768 777 2988 831 servire.
3012 778 3083 830 Ita
3113 778 3308 833 factum
3330 790 3434 844 est,

1858 864 2085 919 Domino
2110 875 2460 935 procurante,
2496 874 2553 920 ut
2578 865 2836 920 obediens
2872 866 3068 935 Virgini
3106 870 3266 924 etiam
3308 871 3441 927 ado-

1860 954 2069 1012 lescens
2113 971 2266 1012 suum
2308 955 2539 1010 animam
2591 955 2906 1011 lucraretur.
2953 956 3236 1015 Nesciente
3278 961 3438 1031 igitur

1860 1048 2101 1103 Vandalo
2129 1048 2388 1119 spiritalis
2422 1048 2619 1103 secreti
2647 1049 3053 1117 commercium,
3086 1062 3437 1119 compunctus

1860 1154 2020 1210 atque
2048 1150 2279 1197 mutatus
2310 1142 2679 1207 Martinianns,
2711 1141 2873 1197 etiam
2902 1142 3013 1197 suis
3041 1142 3293 1198 fratribus
3317 1160 3438 1214 per-

1859 1234 2027 1290 suasit
2046 1244 2103 1289 ut
2125 1234 2431 1290 thesaurum
2452 1249 2610 1305 quem
2634 1234 2912 1290 invenerat
2933 1235 3212 1305 haberent,
3237 1245 3296 1291 ut
3318 1248 3442 1307 pote

1860 1330 2126 1401 germani,
2155 1343 2521 1384 communem.
2566 1328 2873 1383 Conversus
2908 1329 3086 1398 itaque
3121 1344 3243 1384 cum
3274 1329 3443 1384 tribus

1862 1423 2116 1479 fratribus
2145 1424 2278 1491 suis,
2328 1423 2418 1479 Dei
2444 1438 2655 1493 quoque
2709 1423 2884 1493 puella
2930 1424 3244 1487 comitante,
3286 1431 3443 1479 nocte

1862 1518 2002 1573 clam
2031 1516 2391 1588 egredientes,
2420 1517 2433 1554 ί
2467 1517 2777 1573 Tabraceno
2813 1517 3160 1583 monasterio,
3189 1518 3274 1572 cui
3316 1532 3443 1586 pra:-

1864 1620 1979 1666 erat
2006 1619 2131 1665 tunc
2160 1608 2352 1665 nobilis
2372 1618 2554 1679 pastor
2569 1608 2833 1674 Andreas,
2861 1609 3153 1664 sociantur.
3186 1608 3279 1664 Illa
3309 1623 3441 1664 vero

1869 1700 2011 1756 haud
2052 1702 2237 1770 procul
2285 1701 2665 1757 monasterium
2712 1701 2934 1757 incoluit
2966 1694 3278 1771 puellarum.
3330 1701 3444 1758 Sci-

200 1792 339 1848 etiam
369 1800 491 1846 tunc
511 1798 787 1863 martyres
822 1787 1200 1859 quamplurimi
1240 1786 1408 1843 fuisse
1447 1786 1762 1856 probantur.

1869 1795 2094 1849 scitante
2120 1793 2280 1861 igitur
2310 1793 2538 1848 barbam
2580 1793 3010 1864 inquisitionibus
3039 1802 3091 1848 et
3129 1794 3444 1848 muneribus

199 1881 566 1938 Confessorum
593 1891 773 1937 autem
802 1880 990 1952 ingens
1015 1889 1071 1936 et
1101 1879 1327 1949 plurima
1359 1877 1667 1944 multitudo,
1697 1893 1764 1933 ex

198 1974 368 2045 quibus
414 1975 637 2044 aliquos
683 1987 905 2027 narrare
955 1970 1190 2027 tentabo.
1234 1970 1399 2025 Erant
1450 1979 1577 2024 tunc
1622 1968 1765 2024 servi

196 2065 452 2134 cujusdam
486 2064 723 2121 Vandali
750 2082 762 2116 :
795 2062 894 2118 fuit
914 2073 1094 2119 autem
1127 2061 1215 2117 hic
1245 2061 1512 2116 Vandalus
1542 2061 1608 2116 de
1634 2061 1763 2129 illis,

198 2172 313 2226 quos
344 2156 677 2213 ilillenarios
704 2163 913 2220 vocant,
961 2163 985 2191 ο
1016 2154 1384 2219 Martinianus,
1424 2152 1760 2217 Saturianus,

199 2258 243 2303 et
280 2263 457 2303 eorum
509 2249 627 2303 duo
669 2246 944 2319 germani;
994 2254 1108 2302 erat
1138 2254 1192 2301 et
1217 2244 1462 2316 quaedam
1500 2258 1763 2299 conserva

198 2354 363 2395 eorum
391 2340 615 2412 egregia
640 2338 835 2393 Christi
856 2337 1052 2394 ancilla
1085 2339 1302 2393 nomine
1328 2336 1557 2392 Maxima
1578 2376 1594 2403 ,
1637 2351 1763 2392 eor-

194 2449 309 2502 pore
334 2434 497 2490 simul
521 2443 582 2489 et
614 2433 706 2505 [at.
735 2430 936 2504 mente]
959 2430 1122 2486 corde
1148 2430 1362 2486 decora.
1394 2430 1462 2485 Et
1482 2432 1602 2499 quia
1627 2430 1766 2485 Mar-

195 2525 408 2581 tinianus
438 2523 762 2581 armifactor
788 2532 924 2589 erat,
965 2532 1021 2577 et
1047 2521 1266 2577 domino
1303 2537 1402 2577 suo
1447 2522 1577 2577 satis
1618 2520 1765 2596 gide-

191 2616 334 2672 batur
355 2627 642 2688 acceptus,
675 2626 727 2672 et
756 2615 984 2671 Maxima
1015 2614 1278 2669 universa:
1304 2614 1483 2669 domui
1514 2613 1764 2670 domina-

190 2710 369 2775 batur,
428 2709 664 2766 credidit
717 2708 1016 2775 Vandalus,
1075 2716 1134 2762 ut
1186 2706 1369 2763 fideles
1433 2706 1534 2762 sibi
1596 2706 1799 2781 magis»

190 2813 508 2857 memoratos
542 2802 747 2856 faceret
773 2801 1016 2863 famulos,
1049 2800 1422 2855 Martinianum
1456 2799 1766 2856 Maximam-

189 2908 282 2962 que
306 2894 587 2964 coniugali
614 2892 888 2948 consortio
917 2893 1147 2947 sociare.
1188 2891 1542 2947 Martinianus
1585 2892 1769 2948 adole-

185 2986 549 3040 scentulorum
580 2984 919 3040 smculariunt
949 2998 1097 3039 more
1118 2984 1424 3053 conjugium
1450 2983 1765 3051 ail‘ecrabat;

186 3076 545 3147 Maximaque,
579 3077 688 3146 jam
727 3076 836 3131 Deo
863 3082 1093 3140 sacrata,
1140 3074 1403 3130 humanas
1434 3076 1645 3145 nuptias
1687 3092 1771 3131 rc-

1868 1885 2090 1953 crebris,
2114 1884 2254 1955 quod
2275 1894 2480 1956 gestum
2500 1894 2615 1942 erat
2630 1884 2792 1941 celari
2818 1900 2923 1940 non
2948 1884 3138 1955 potuit.
3166 1885 3447 1940 lnveniens

1866 1979 2046 2045 itaque
2094 1976 2203 2045 jam
2252 1990 2355 2031 non
2401 1991 2520 2042 sua,
2567 1976 2661 2031 sed
2688 1975 2883 2030 Christi
2913 1975 3200 2043 mancipia,
3232 1975 3449 2043 conjicit

1869 2070 1922 2125 in
1956 2069 2201 2133 vinculis,
2233 2076 2289 2123 et
2317 2069 2479 2123 variis
2517 2068 2798 2123 tormentis
2830 2068 2923 2122 Dei
2957 2067 3182 2121 famulos
3218 2054 3449 2121 inseeta—

1868 2169 1981 2226 tur;
2015 2175 2180 2228 agens
2206 2174 2327 2215 cum
2356 2161 2437 2215 eis
2466 2174 2571 2215 non
2606 2170 2809 2214 tantum
2835 2168 2893 2214 ut
2922 2159 3122 2229 pariter
3158 2160 3449 2215 misceren-

1870 2262 1974 2319 tur,
2006 2253 2124 2317 sed,
2158 2252 2299 2323 quod
2328 2253 2543 2323 gravius
2584 2262 2687 2319 est,
2735 2266 2830 2320 per
2864 2252 3303 2321 rebaptizationis
3342 2265 3450 2307 οωε

1868 2361 2019 2413 num,
2052 2344 2175 2400 fidei
2204 2359 2313 2399 sua:
2349 2350 2661 2399 ornamenta
2710 2351 3010 2413 turparent.
3058 2342 3305 2399 Pervenit.
3348 2341 3450 2397 hoc

1868 2424 2040 2507 ipsum
2073 2452 2242 2504 usque
2268 2435 2335 2491 ad
2362 2435 2606 2490 notitiam
2634 2434 2891 2491 Geiserici
2921 2434 3083 2503 regis,
3131 2435 3219 2504 qui
3250 2449 3451 2503 praece-

1869 2531 1947 2600 pit
1988 2537 2045 2585 ut
2089 2528 2270 2583 tandiu
2320 2526 2679 2597 implacabilis
2723 2526 2887 2581 herus
2935 2539 3121 2580 servos
3167 2523 3448 2595 afﬂigeret,

1868 2620 2105 2691 quandiu
2137 2620 2280 2675 illius
2306 2619 2721 2674 succumberent
2747 2618 3031 2673 voluntati.
3063 2617 3220 2672 Jubet
3252 2617 3304 2671 in
3336 2631 3451 2671 mo-

1870 2713 1995 2770 dum
2047 2711 2280 2768 ferarum
2323 2711 2488 2767 fustes
2527 2712 2775 2767 robustos
2813 2710 2978 2765 veluti
3020 2709 3284 2779 palmatos
3328 2724 3449 2764 cum

1872 2806 2131 2876 stirpibus
2159 2804 2295 2867 ﬁeri,
2326 2804 2416 2873 qui
2448 2802 2617 2875 [Colb.
2654 2803 2705 2869 1,
2737 2800 3059 2871 quatientes]
3088 2801 3451 2870 quatientihus

1873 2896 2037 2968 tergis
2062 2912 2168 2951 non
2192 2896 2366 2950 solum
2397 2909 2519 2949 ossa
2545 2891 2965 2962 confringerent,
2995 2891 3088 2945 sed
3117 2891 3279 2945 etiam
3310 2899 3451 2945 tere-

1874 2988 2092 3044 brantes
2142 2987 2314 3042 aculei
2369 2986 2691 3040 intrinsecus
2745 2992 3105 3038 remanerent.
3175 2983 3277 3047 Qui
3324 2982 3449 3035 dum

1872 3080 2087 3152 sanguis
2120 3078 2385 3143 efﬂueret,
2430 3087 2485 3132 et
2523 3076 2794 3143 dissipatis
2830 3073 3081 3129 carnibus
3108 3074 3316 3129 viscera
3352 3090 3450 3128 nu-

182 3166 400 3224 futabat.
442 3174 519 3223 At
548 3168 636 3224 ubi
666 3177 881 3223 ventum
912 3175 993 3222 est
1028 3174 1086 3221 ut
1108 3165 1339 3222 cubiculi
1370 3165 1646 3222 adirentur
1675 3182 1763 3222 se-
1792 3158 1842 3223 C
1872 3174 2150 3239 darentur,
2184 3169 2428 3241 sequenti
2450 3169 2560 3235 die,
2589 3166 2806 3222 Christo
2834 3166 3106 3232 medente,
3134 3180 3348 3235 semper
3371 3170 3446 3219 ῆι..

180 3271 316 3316 creta
349 3262 599 3328 silentia,
625 3271 681 3318 et
726 3261 1074 3318 Martinianus
1116 3260 1362 3318 nesciens
1397 3246 1525 3332 quid
1574 3261 1641 3317 de
1673 3262 1766 3319 illo

175 3354 493 3421 decreverat
524 3355 689 3420 Deus,
712 3355 942 3410 maritali
973 3353 1163 3409 fiducia
1204 3354 1354 3423 quasi
1388 3370 1511 3409 cum
1537 3356 1764 3427 conjuge

166 3458 387 3517 cuperet
432 3447 728 3514 cubitare,
781 3447 901 3501 viva
942 3461 1075 3501 voce
1120 3448 1167 3501 ei
1223 3456 1515 3501 memorata
1569 3447 1764 3503 famula

152 3538 353 3597 Christi
394 3553 532 3611 resp
555 3538 708 3594 ondit
734 3556 746 3590 :
775 3537 992 3592 Christo
1024 3552 1145 3606 ego,
1186 3552 1218 3591 ο
1244 3536 1556 3593 Martiniano
1578 3539 1761 3607 frater,

151 3716 388 3771 tinorum
422 3709 758 3779 selegimus,
780 3709 862 3763 cui
894 3724 1029 3778 pene
1057 3709 1345 3781 conformis
1368 3721 1531 3766 estea
1560 3728 1677 3781 quso
1710 3715 1764 3769 in

149 3787 303 3841 Colb.
342 3782 525 3838 tertio
571 3790 625 3836 et
652 3781 703 3835 iu
745 3780 929 3835 codice
957 3782 1124 3835 sancti
1156 3780 1361 3835 Martini
1392 3780 1635 3848 habetur,
1678 3786 1767 3840 ubi

156 3859 433 3912 ordinatur
464 3852 742 3918 quondam
769 3851 1071 3915 sacerdotio,
1119 3861 1250 3918 etc.,
1278 3852 1419 3920 quod
1445 3856 1652 3909 cmteris
1688 3856 1769 3908 vi-

154 3930 343 3984 deatur
382 3922 578 3980 textui
605 3921 947 3976 conformior.
981 3922 1045 3976 Et
1070 3923 1283 3990 quidem
1310 3922 1411 3976 hoc
1440 3938 1525 3978 me
1555 3926 1762 3991 potissi-

159 4016 301 4053 mum
336 4002 571 4058 movet,
603 4002 658 4047 ut
698 3991 919 4046 Thomas
950 4007 1141 4047 nomen
1168 4008 1233 4047 ex
1264 3992 1760 4062 Cartlraginensium

163 4070 469 4124 antistitum
500 4064 748 4133 catalogo
778 4078 1099 4133 expungam,
1124 4064 1262 4133 quod
1288 4064 1429 4118 nulla
1457 4066 1623 4132 ipsius
1645 4082 1759 4122 me-

161 4142 329 4195 moria
365 4141 422 4195 in
475 4131 847 4190 vetustissimo
888 4131 1197 4188 kalendario
1225 4131 1627 4204 Carthaginensi
1663 4139 1759 4191 ha-

167 4213 375 4274 beatur,
407 4211 467 4262 in
499 4221 613 4276 quo
636 4214 813 4259 tamen
839 4207 1015 4258 cieteri
1050 4204 1273 4259 istorum
1303 4213 1601 4275 temporum
1627 4208 1760 4262 Car-

168 4281 526 4352 thaginienses
555 4276 789 4352 episcopi
814 4282 1057 4352 accurate
1078 4278 1524 4352 recensentur._Et
1545 4279 1757 4352 quidem

166 4353 212 4403 iu
237 4345 306 4407 ἆ),
334 4364 450 4404 non
484 4346 667 4402 solum
702 4346 953 4419 Aurelius,
982 4345 1283 4419 Capreolus,
1315 4345 1756 4419 autheog’ratias,

166 4422 246 4489 qui
278 4423 333 4475 in
357 4418 559 4474 Africa
583 4432 614 4472 e
635 4418 767 4470 vivis
793 4427 1161 4489 excesserunt,
1186 4418 1278 4472 sed
1305 4426 1361 4472 et
1392 4417 1758 4483 Quataultdeus

166 4487 213 4545 et
244 4490 557 4563 Eugenius,
590 4489 649 4563 in
673 4487 925 4563 externis
946 4488 1071 4542 licet
1118 4488 1403 4563 provinciis
1444 4489 1552 4543 fato
1593 4491 1756 4563 functi

166 4541 597 4617 magna;
622 4541 821 4612 Deinde
849 4541 976 4613 Ador
994 4541 1206 4614 saucios
1235 4541 1515 4629 episcopos
1527 4541 1643 4629 ‘qm‘
1650 4541 1759 4615 gas
1786 4541 1841 4603 D

168 4633 443 4688 Genserici
506 4630 885 4699 persecutione
916 4630 1054 4697 passi
1098 4628 1327 4694 fuerant,
1375 4628 1663 4688 recensens
1690 4646 1755 4687 ex

168 4702 395 4760 Victoris
429 4697 692 4762 historia,
726 4697 975 4752 Thomam
1003 4700 1143 4755 hunc
1169 4702 1366 4755 omisit.

231 4786 254 4811 ι
283 4773 534 4829 Orthod.
560 4781 615 4842 et
636 4769 914 4842 Loricltius
943 4771 1140 4842 habent
1167 4771 1454 4842 Vigitanus.
1480 4771 1536 4824 In
1565 4771 1757 4826 Notitia

169 4844 353 4900 Africa:
386 4841 641 4899 occurrit
674 4840 966 4894 Vincentius
993 4840 1258 4910 Ziggensis
1285 4842 1337 4894 in
1370 4843 1758 4907 proconsulari,

163 4933 311 4981 quem
337 4916 495 4971 hunc
527 4915 704 4982 ipsum
732 4926 854 4982 esse
877 4912 965 4980 qui
989 4912 1073 4964 hic
1100 4922 1446 4982 memoratur,
1468 4920 1617 4978 putat
1638 4926 1762 4982 eru-

164 4978 297 5041 ditus
335 4978 609 5042 Baluzins
652 4983 702 5036 in
735 4978 985 5036 notis’ad
1028 4996 1145 5048 cap.
1184 4978 1279 5035 128
1304 4980 1606 5034 collationis
1630 4980 1759 5035 Car-

167 5059 540 5127 thaginensis,
560 5053 648 5127 ubi
676 5051 1137 5127 interCatholicos
1163 5052 1428 5127 antistites
1451 5062 1761 5127 recensetur

164 5120 465 5191 Quadratus
481 5126 765 5196 episwpus
780 5122 937 5191 plebis
954 5122 1233 5196 Gegitamr.
1258 5120 1459 5176 Videsis
1471 5121 1606 5196 infra
1617 5121 1762 5196 (σοι,

163 5198 283 5267 288)
299 5208 496 5253 notam
514 5193 587 5249 J11
608 5196 660 5248 in
677 5196 952 5267 episcopos
968 5193 1253 5267 provincia;
1266 5194 1657 5267 proconsularis
1674 5195 1763 5263 qui

162 5270 210 5324 in
240 5263 447 5326 Notitia
497 5267 795 5321 habentur.
832 5264 999 5318 Porro
1026 5265 1209 5320 sedem
1242 5264 1327 5319 hic
1351 5278 1381 5318 a
1414 5263 1625 5320 Victore
1648 5266 1762 5320 me-

163 5351 426 5397 moratam
446 5352 584 5395 csse
606 5334 821 5405 Gegetu,
852 5351 969 5404 quae
992 5335 1126 5388 ultra
1167 5334 1524 5404 Naraggaram
1572 5350 1762 5391 versus

162 5409 475 5466 Numidiam
508 5410 622 5463 sita
666 5418 747 5461 est
788 5408 838 5459 irt
877 5406 1070 5461 tabulis
1106 5405 1546 5472 Peutingerianis,
1578 5416 1761 5461 censet

160 5481 407 5537 Norisius
460 5482 523 5535 in
579 5492 805 5532 censura
855 5485 1097 5531 notarum
1140 5474 1380 5529 Garnerii
1431 5476 1481 5527 in
1536 5476 1756 5532 Marium

162 5552 563 5609 Mercatorem.
600 5549 735 5602 llinc
760 5561 1054 5616 anonymus
1082 5546 1361 5616 Ravenuas
1378 5545 1483 5616 lib.
1516 5560 1756 5608 tn,num.

162 5622 206 5687 6,
236 5621 445 5694 Cegetu
478 5621 720 5694 collocat
751 5620 802 5672 in
842 5614 1109 5694 Numidia.
1138 5614 1282 5694 Inter
1305 5614 1586 5694 episcopos
1616 5617 1761 5669 Mau-

161 5683 368 5750 ritania:
397 5692 692 5750 Sitifensis
719 5704 862 5743 num.
898 5688 961 5742 15
987 5693 1036 5743 in
1070 5686 1261 5741 Notitia
1292 5683 1539 5737 Africana
1572 5701 1760 5739 recen-

162 5778 306 5823 setur
340 5765 699 5821 Constantius
723 5760 1013 5827 Gcgitanns.
1046 5757 1150 5815 Sed
1180 5756 1263 5811 hic
1293 5757 1525 5823 aliquem
1552 5760 1758 5811 antisti-

1872 3264 2111 3322 columes
2141 3260 2521 3317 reddebantur.
2556 3257 2667 3312 Hoc
2703 3257 2896 3325 sapius
2935 3271 2996 3311 ac
3040 3256 3206 3310 multo
3256 3256 3449 3311 factum

1866 3368 1947 3414 est
1972 3368 2234 3426 tempore,
2267 3353 2456 3426 [Mart.
2496 3352 2583 3426 ut]
2622 3362 2676 3409 et
2726 3354 2869 3407 nulla
2916 3353 3186 3422 plagarum
3227 3349 3449 3418 vestigia

1865 3451 2200 3512 videbantur,
2232 3455 2419 3500 sancto
2445 3445 2649 3515 Spiritu
2680 3446 2903 3500 subinde
2928 3453 3169 3499 curante.
3201 3442 3329 3495 Post
3352 3441 3452 3495 hoc

1871 3552 1895 3587 κ
1926 3548 2199 3595 arctantur
2234 3537 2465 3591 maxime
2494 3536 2624 3589 dura
2646 3536 2911 3605 custodia,
2934 3533 3298 3604 compedeque
3339 3547 3453 3585 cru-

1874 3725 1980 3769 tem
2006 3730 2036 3769 e
2060 3711 2530 3783 proconsularibus
2551 3711 2800 3766 aVictore
2819 3710 3037 3765 indicari
3061 3719 3209 3764 extra
3228 3712 3449 3768 dubium

1872 3795 1975 3841 est.

1941 3856 1967 3894 δ
1998 3856 2086 3910 Sic
2114 3854 2266 3908 Colb.
2299 3854 2333 3905 ‘2
2353 3868 2473 3913 cum
2506 3852 2764 3906 lthenano
2790 3862 2843 3907 et
2864 3853 2982 3906 aliis
3010 3852 3184 3906 editis.
3209 3855 3273 3906 At
3294 3852 3446 3908 Mart.

1869 3937 1920 3982 et
1952 3927 2101 3980 Colb.
2139 3927 2161 3978 1
2200 3923 2395 3978 habent
2420 3921 2808 3977 Silinaritamts.
2845 3923 3036 3977 [⁸](Ιίιᾶ
3060 3924 3447 3979 Sitmaritanus.

1867 3998 2077 4053 Nostra:
2123 3996 2371 4050 lectionis
2404 3994 2598 4049 veritas
2629 4008 2690 4047 ex
2739 3993 2930 4048 N0titia
2974 3992 3222 4050 Africana
3255 3997 3481 4059 conlirg

1868 4077 2063 4131 matur,
2110 4067 2196 4120 ubi
2232 4067 2370 4121 inter
2392 4066 2674 4135 episcOpos
2705 4064 2991 4133 provincia:
3024 4067 3443 4131 proconsularis,

1869 4155 2016 4193 num.
2049 4140 2103 4203 5,
2141 4135 2337 4191 Paulus
2365 4135 2715 4199 Sinnarensis,’
2744 4140 2817 4189 uti
2858 4150 2923 4188 ex
2953 4136 3072 4190 cod.
3107 4136 3449 4193 Laudunensi

1868 4210 2218 4273 restituimus,
2233 4208 2485 4262 occurrit.
2508 4206 2803 4260 Videnotas
2822 4206 2873 4260 in
2888 4222 3009 4261 cum
3030 4206 3440 4264 Notitiaelocum.

1943 4291 1965 4320 ε
1997 4278 2296 4343 Lorichius,
2330 4278 2593 4331 Adeuam.
2621 4277 2850 4332 [Edessa
2899 4293 3057 4339 porro
3087 4279 3212 4333 urbs
3238 4289 3319 4333 est
3343 4279 3451 4334 Ma-

1868 4351 2106 4406 cedoniae
2132 4349 2186 4403 in
2219 4348 2515 4411 Emathia,
2548 4364 2666 4419 qua:
2698 4349 2853 4418 vulgo
2892 4348 3101 4402 Vodena
3127 4350 3448 4417 appellatur.

1870 4421 1929 4476 ln
1958 4420 2155 4475 Notitia
2202 4419 2394 4474 Africm
2438 4419 2577 4473 inter
2610 4419 2903 4489 Episcopos
2936 4421 3329 4488 proconsularis
3360 4436 3448 4474 re-

1869 4502 2121 4548 censetur
2165 4490 2474 4556 Quintianus
2517 4489 2809 4553 Urcitamts,
2854 4490 2941 4557 qui
2984 4490 3227 4545 fortassis
3260 4491 3304 4543 is
3335 4491 3450 4560 ipse

1867 4573 1949 4618 est
1980 4562 2289 4629 Quintianus
2315 4575 2471 4628 quem
2506 4560 2591 4614 hic
2624 4560 2806 4614 Victor
2834 4571 3019 4615 ucster
3049 4562 3244 4613 laudat.

1936 4632 1964 4670 ἀ
1994 4634 2083 4687 Sic
2110 4630 2264 4686 Colb.
2292 4633 2343 4686 1.
2370 4630 2586 4693 Caneri,
2607 4630 2711 4685 Sed
2735 4632 2887 4684 etiam
2906 4632 3151 4698 martyrio
3182 4631 3451 4700 quamplu-

1865 4705 1997 4757 rima
2028 4719 2222 4755 esse....
2257 4717 2319 4753 ea:
2345 4700 2526 4769 quibus
2556 4700 2748 4767 aliqua,
2781 4709 2884 4753 etc.

1944 4783 1968 4812 ε
1990 4771 2239 4832 0rthod.,
2387 4769 2743 4840 Maturianus;
2764 4768 3064 4840 Lorit-hius,
3085 4767 3410 4840 illanritanus
3429 4785 3449 4833 ;

1867 4843 1961 4898 sed
1982 4843 2199 4897 inferius
2215 4837 2431 4905 semper
2444 4839 2631 4892 scribit
2645 4837 2989 4891 Maturianus.
3005 4838 3152 4891 Colb.
3173 4841 3195 4892 1
3215 4854 3448 4907 sequen-

1869 4924 1976 4969 tem
1998 4912 2231 4980 appellat
2259 4910 2650 4980 Saturniaiiurrt.
2688 4909 3057 4980 Martyrologia
3084 4919 3261 4980 vetera
3302 4909 3448 4980 Ado—

1869 4985 1972 5050 nis,
2011 4978 2256 5047 Ushardi,
2289 4979 2452 5043 Flori,
2473 4990 2577 5033 etc.
2604 4982 2690 5036 die
2715 4984 2779 5036 16
2806 4978 3051 5036 Octobris
3082 4979 3273 5034 habent
3301 4978 3448 5031 Mar-

1872 5049 2041 5108 tianus
2067 5061 2116 5107 et
2144 5051 2475 5122 Satyrianus.
2511 5049 2585 5104 De
2609 5051 2918 5106 Millenariis
2956 5067 3085 5107 vero
3130 5051 3213 5103 hic
3246 5066 3445 5104 memo-

1870 5126 2000 5249 zgtiis
2020 5166 2032 5189 ,
2056 5125 2166 5249 jatan)
2183 5121 2343 5193 supra
2378 5122 2609 5178 diximus
2635 5138 2698 5179 ex
2728 5123 2989 5195 Proc0pio
3020 5121 3133 5194 (Ad
3160 5122 3313 5175 imam
3344 5122 3442 5176 col.

1981 5237 1996 5249 .
2026 5213 2078 5249 n.
2176 5237 2189 5249 .

1906 5197 1996 5259 81,
2026 5213 2078 5250 n.
2115 5197 2189 5259 a).

2026 5213 2078 5250 ι.
2115 5205 2139 5232 ⁸
2176 5237 2189 5251 .

1943 5196 2228 5321 ἓ’Τέιιπίέοξι
2267 5265 2394 5319 urbs
2434 5273 2517 5319 est
2557 5277 2679 5318 nota
2714 5266 2855 5334 apud
2894 5264 3140 5332 antiquos
3175 5272 3442 5334 auctores,

1865 5338 2009 5392 inter
2036 5337 2477 5391 Proconsnlarem
2500 5344 2554 5390 et
2576 5335 2897 5400 Numidiam,
2924 5336 2973 5388 in
3006 5334 3263 5389 hodierno
3285 5333 3444 5404 Alge-

1865 5409 1931 5463 rii
1966 5422 2126 5477 regno
2156 5409 2276 5471 sita,
2306 5407 2459 5476 cujus
2487 5406 2771 5477 episcopus
2814 5405 3099 5477 Victorini;
3123 5422 3153 5457 α
3184 5404 3447 5477 Thabraca

1864 5475 2183 5533 sententiam
2227 5475 2548 5531 dixit’num.
2590 5476 2661 5530 ‘25
2703 5476 2754 5528 in
2795 5476 3024 5530 concilio
3065 5475 3311 5543 Carthag.
3346 5476 3445 5529 sub

1866 5559 2052 5620 sancto
2079 5548 2381 5620 Cypriano;
2416 5555 2469 5620 et
2495 5546 2817 5620 Rusticianus
2844 5546 3109 5620 collationi
3132 5547 3440 5620 Carthagin.

1864 5618 2052 5682 adfuit,
2078 5617 2198 5671 eum
2225 5618 2492 5672 Clarentio
2513 5617 2628 5683 ejus
2653 5618 2957 5672 adversario
2986 5633 3048 5671 ex
3079 5628 3226 5684 parte
3252 5617 3440 5671 Donati

1865 5688 2072 5757 Cognit.
2114 5690 2160 5750 1,
2190 5704 2306 5757 cap.
2348 5687 2443 5741 125
2466 5688 2665 5741 ct187.

1941 5754 1968 5806 ἱ
1997 5760 2085 5815 Sic
2116 5754 2441 5814 restit—uimus
2462 5772 2526 5812 ex
2551 5757 2756 5814 duobus
2780 5775 2934 5825 mss.,
2960 5776 3065 5813 uno
3091 5759 3296 5813 scilicet
3320 5754 3441 5810 Col-
