  <div class='ocr_page' id='page_1' title='image "/cluster/home/n/w/nwhite01/storage/ocr_20150623/58/hvd.32044015706401/105.png"; bbox 0 0 4082 6320; ppageno 0'>
   <div class='ocr_carea' id='block_1_1' title="bbox 584 322 690 383">
    <p class='ocr_par' dir='ltr' id='par_1_1' title="bbox 584 322 690 383">
     <span class='ocr_line' id='line_1_1' title="bbox 584 322 690 383; baseline 0.038 -4"><span class='ocrx_word' id='word_1_1' title='bbox 584 322 690 383; x_wconf 78' lang='grc'>199</span> 
     </span>
    </p>
   </div>
   <div class='ocr_carea' id='block_1_2' title="bbox 1890 313 2542 374">
    <p class='ocr_par' dir='ltr' id='par_1_2' title="bbox 1890 313 2542 374">
     <span class='ocr_line' id='line_1_2' title="bbox 1890 313 2542 374; baseline 0.006 -4"><span class='ocrx_word' id='word_1_2' title='bbox 1890 314 2199 372; x_wconf 80' lang='lat' dir='ltr'><strong>VICTORIS</strong></span> <span class='ocrx_word' id='word_1_3' title='bbox 2238 313 2542 374; x_wconf 83' lang='lat' dir='ltr'><strong>VlTENSlS</strong></span> 
     </span>
    </p>
   </div>
   <div class='ocr_carea' id='block_1_3' title="bbox 3756 317 3847 376">
    <p class='ocr_par' dir='ltr' id='par_1_3' title="bbox 3756 317 3847 376">
     <span class='ocr_line' id='line_1_3' title="bbox 3756 317 3847 376; baseline 0 0"><span class='ocrx_word' id='word_1_4' title='bbox 3756 317 3847 376; x_wconf 50' lang='grc' dir='ltr'><strong>θοι</strong></span> 
     </span>
    </p>
   </div>
   <div class='ocr_carea' id='block_1_4' title="bbox 584 430 3848 501">
    <p class='ocr_par' dir='ltr' id='par_1_4' title="bbox 584 430 3848 501">
     <span class='ocr_line' id='line_1_4' title="bbox 584 430 3848 501; baseline -0.002 -5"><span class='ocrx_word' id='word_1_5' title='bbox 584 437 795 497; x_wconf 85' lang='lat' dir='ltr'><strong>Poteris</strong></span> <span class='ocrx_word' id='word_1_6' title='bbox 823 450 945 494; x_wconf 89' lang='lat' dir='ltr'><strong>eum</strong></span> <span class='ocrx_word' id='word_1_7' title='bbox 975 434 1203 492; x_wconf 84' lang='lat' dir='ltr'><strong>diversis</strong></span> <span class='ocrx_word' id='word_1_8' title='bbox 1248 431 1627 488; x_wconf 75' lang='lat' dir='ltr'><strong>afﬂictionibus</strong></span> <span class='ocrx_word' id='word_1_9' title='bbox 1675 431 1994 488; x_wconf 82' lang='lat' dir='ltr'><strong>interﬁcere.</strong></span> <span class='ocrx_word' id='word_1_10' title='bbox 2036 430 2167 486; x_wconf 87' lang='lat' dir='ltr'><strong>Nam</strong></span> <span class='ocrx_word' id='word_1_11' title='bbox 2196 435 2249 492; x_wconf 78' lang='grc' dir='ltr'>Α</span> <span class='ocrx_word' id='word_1_12' title='bbox 2277 431 2385 496; x_wconf 89' lang='lat' dir='ltr'><strong>ire;</strong></span> <span class='ocrx_word' id='word_1_13' title='bbox 2427 431 2515 501; x_wconf 93' lang='lat' dir='ltr'><strong>qui</strong></span> <span class='ocrx_word' id='word_1_14' title='bbox 2551 444 2671 487; x_wconf 92' lang='lat' dir='ltr'><strong>cum</strong></span> <span class='ocrx_word' id='word_1_15' title='bbox 2721 432 2904 488; x_wconf 90' lang='lat' dir='ltr'><strong>multis</strong></span> <span class='ocrx_word' id='word_1_16' title='bbox 2935 430 3144 487; x_wconf 80' lang='lat' dir='ltr'><strong>insidiis</strong></span> <span class='ocrx_word' id='word_1_17' title='bbox 3192 438 3530 501; x_wconf 73' lang='lat' dir='ltr'><strong>premeretur</strong></span> <span class='ocrx_word' id='word_1_18' title='bbox 3556 441 3614 487; x_wconf 92' lang='lat' dir='ltr'><strong>ut</strong></span> <span class='ocrx_word' id='word_1_19' title='bbox 3635 433 3848 490; x_wconf 86' lang='lat' dir='ltr'><strong>catholi-</strong></span> 
     </span>
    </p>
   </div>
   <div class='ocr_carea' id='block_1_5' title="bbox 583 524 2172 604">
    <p class='ocr_par' dir='ltr' id='par_1_5' title="bbox 583 524 2172 604">
     <span class='ocr_line' id='line_1_5' title="bbox 583 524 2172 604; baseline -0.008 -16"><span class='ocrx_word' id='word_1_20' title='bbox 583 534 629 589; x_wconf 88' lang='lat' dir='ltr'><strong>si</strong></span> <span class='ocrx_word' id='word_1_21' title='bbox 653 530 830 604; x_wconf 88' lang='lat' dir='ltr'><strong>gladio</strong></span> <span class='ocrx_word' id='word_1_22' title='bbox 859 527 1168 600; x_wconf 87' lang='lat' dir='ltr'><strong>peremeris,</strong></span> <span class='ocrx_word' id='word_1_23' title='bbox 1204 526 1460 595; x_wconf 91' lang='lat' dir='ltr'><strong>incipient</strong></span> <span class='ocrx_word' id='word_1_24' title='bbox 1505 540 1628 580; x_wconf 90' lang='lat' dir='ltr'><strong>eum</strong></span> <span class='ocrx_word' id='word_1_25' title='bbox 1659 533 1684 561; x_wconf 73' lang='grc' dir='ltr'><strong>ι</strong></span> <span class='ocrx_word' id='word_1_26' title='bbox 1712 524 1941 580; x_wconf 83' lang='lat' dir='ltr'><strong>Romani</strong></span> <span class='ocrx_word' id='word_1_27' title='bbox 1969 532 2172 595; x_wconf 84' lang='lat' dir='ltr'><strong>marty-</strong></span> 
     </span>
    </p>
   </div>
   <div class='ocr_carea' id='block_1_6' title="bbox 584 615 2169 694">
    <p class='ocr_par' dir='ltr' id='par_1_6' title="bbox 584 615 2169 694">
     <span class='ocr_line' id='line_1_6' title="bbox 584 615 2169 694; baseline -0.009 -12"><span class='ocrx_word' id='word_1_28' title='bbox 584 641 697 682; x_wconf 89' lang='lat' dir='ltr'><strong>rem</strong></span> <span class='ocrx_word' id='word_1_29' title='bbox 753 622 1061 694; x_wconf 69' lang='lat' dir='ltr'><strong>praedicare.</strong></span> <span class='ocrx_word' id='word_1_30' title='bbox 1111 619 1261 674; x_wconf 89' lang='lat' dir='ltr'><strong>Tune</strong></span> <span class='ocrx_word' id='word_1_31' title='bbox 1307 617 1677 674; x_wconf 83' lang='lat' dir='ltr'><strong>Theodericus</strong></span> <span class='ocrx_word' id='word_1_32' title='bbox 1724 617 1776 671; x_wconf 92' lang='lat' dir='ltr'><strong>in</strong></span> <span class='ocrx_word' id='word_1_33' title='bbox 1839 615 2169 687; x_wconf 82' lang='lat' dir='ltr'><strong>Byzacenam</strong></span> 
     </span>
    </p>
   </div>
   <div class='ocr_carea' id='block_1_7' title="bbox 584 704 2167 789">
    <p class='ocr_par' dir='ltr' id='par_1_7' title="bbox 584 704 2167 789">
     <span class='ocr_line' id='line_1_7' title="bbox 584 704 2167 789; baseline -0.01 -16"><span class='ocrx_word' id='word_1_34' title='bbox 584 716 913 789; x_wconf 84' lang='lat' dir='ltr'><strong>provinciam</strong></span> <span class='ocrx_word' id='word_1_35' title='bbox 964 712 1030 767; x_wconf 91' lang='lat' dir='ltr'><strong>ad</strong></span> <span class='ocrx_word' id='word_1_36' title='bbox 1058 710 1339 766; x_wconf 85' lang='lat' dir='ltr'><strong>fodiendas</strong></span> <span class='ocrx_word' id='word_1_37' title='bbox 1387 725 1508 764; x_wconf 91' lang='lat' dir='ltr'><strong>eum</strong></span> <span class='ocrx_word' id='word_1_38' title='bbox 1560 707 1887 764; x_wconf 89' lang='lat' dir='ltr'><strong>condemnat</strong></span> <span class='ocrx_word' id='word_1_39' title='bbox 1927 704 2167 761; x_wconf 88' lang='lat' dir='ltr'><strong>scrobes.</strong></span> 
     </span>
    </p>
   </div>
   <div class='ocr_carea' id='block_1_8' title="bbox 589 797 2170 876">
    <p class='ocr_par' dir='ltr' id='par_1_8' title="bbox 589 797 2170 876">
     <span class='ocr_line' id='line_1_8' title="bbox 589 797 2170 876; baseline -0.007 -13"><span class='ocrx_word' id='word_1_40' title='bbox 589 808 783 863; x_wconf 82' lang='lat' dir='ltr'><strong>Postea</strong></span> <span class='ocrx_word' id='word_1_41' title='bbox 806 805 958 876; x_wconf 92' lang='lat' dir='ltr'><strong>quasi</strong></span> <span class='ocrx_word' id='word_1_42' title='bbox 983 802 1047 859; x_wconf 91' lang='lat' dir='ltr'><strong>ad</strong></span> <span class='ocrx_word' id='word_1_43' title='bbox 1068 802 1236 873; x_wconf 86' lang='lat' dir='ltr'><strong>majus</strong></span> <span class='ocrx_word' id='word_1_44' title='bbox 1265 800 1634 872; x_wconf 88' lang='lat' dir='ltr'><strong>opprobrium,</strong></span> <span class='ocrx_word' id='word_1_45' title='bbox 1666 800 1803 855; x_wconf 84' lang='lat' dir='ltr'><strong>haud</strong></span> <span class='ocrx_word' id='word_1_46' title='bbox 1828 800 2015 870; x_wconf 86' lang='lat' dir='ltr'><strong>procul</strong></span> <span class='ocrx_word' id='word_1_47' title='bbox 2038 797 2170 853; x_wconf 86' lang='lat' dir='ltr'><strong>Car-</strong></span> 
     </span>
    </p>
   </div>
   <div class='ocr_carea' id='block_1_9' title="bbox 582 895 2166 970">
    <p class='ocr_par' dir='ltr' id='par_1_9' title="bbox 582 895 2166 970">
     <span class='ocr_line' id='line_1_9' title="bbox 582 895 2166 970; baseline -0.004 -16"><span class='ocrx_word' id='word_1_48' title='bbox 582 898 819 970; x_wconf 88' lang='lat' dir='ltr'><strong>thagine,</strong></span> <span class='ocrx_word' id='word_1_49' title='bbox 855 897 943 954; x_wconf 89' lang='lat' dir='ltr'><strong>ubi</strong></span> <span class='ocrx_word' id='word_1_50' title='bbox 992 897 1059 953; x_wconf 88' lang='lat' dir='ltr'><strong>ab</strong></span> <span class='ocrx_word' id='word_1_51' title='bbox 1085 896 1335 952; x_wconf 91' lang='lat' dir='ltr'><strong>omnibus</strong></span> <span class='ocrx_word' id='word_1_52' title='bbox 1381 895 1689 963; x_wconf 76' lang='lat' dir='ltr'><strong>videretur,</strong></span> <span class='ocrx_word' id='word_1_53' title='bbox 1732 910 1854 950; x_wconf 89' lang='lat' dir='ltr'><strong>eum</strong></span> <span class='ocrx_word' id='word_1_54' title='bbox 1897 903 2166 965; x_wconf 75' lang='lat' dir='ltr'><strong>pastorem</strong></span> 
     </span>
    </p>
   </div>
   <div class='ocr_carea' id='block_1_10' title="bbox 582 987 2169 1061">
    <p class='ocr_par' dir='ltr' id='par_1_10' title="bbox 582 987 2169 1061">
     <span class='ocr_line' id='line_1_10' title="bbox 582 987 2169 1061; baseline -0.001 -16"><span class='ocrx_word' id='word_1_55' title='bbox 582 991 838 1061; x_wconf 63' lang='lat' dir='ltr'><strong>praecepit</strong></span> <span class='ocrx_word' id='word_1_56' title='bbox 884 1003 1005 1045; x_wconf 89' lang='lat' dir='ltr'><strong>esse</strong></span> <span class='ocrx_word' id='word_1_57' title='bbox 1048 1003 1353 1045; x_wconf 87' lang='lat' dir='ltr'><strong>vaccarum.</strong></span> <span class='ocrx_word' id='word_1_58' title='bbox 1403 988 1549 1043; x_wconf 90' lang='lat' dir='ltr'><strong>lnter</strong></span> <span class='ocrx_word' id='word_1_59' title='bbox 1575 987 1711 1055; x_wconf 80' lang='lat' dir='ltr'><strong>bzec,</strong></span> <span class='ocrx_word' id='word_1_60' title='bbox 1743 988 1869 1043; x_wconf 92' lang='lat' dir='ltr'><strong>dum</strong></span> <span class='ocrx_word' id='word_1_61' title='bbox 1890 1028 1905 1054; x_wconf 92' lang='lat'><strong>,</strong></span> <span class='ocrx_word' id='word_1_62' title='bbox 1937 987 2169 1043; x_wconf 88' lang='lat' dir='ltr'><strong>Domino</strong></span> 
     </span>
    </p>
   </div>
   <div class='ocr_carea' id='block_1_11' title="bbox 581 1078 2161 1151">
    <p class='ocr_par' dir='ltr' id='par_1_11' title="bbox 581 1078 2161 1151">
     <span class='ocr_line' id='line_1_11' title="bbox 581 1078 2161 1151; baseline -0.002 -14"><span class='ocrx_word' id='word_1_63' title='bbox 581 1081 879 1151; x_wconf 78' lang='lat' dir='ltr'><strong>rcvelante,</strong></span> <span class='ocrx_word' id='word_1_64' title='bbox 910 1079 1248 1136; x_wconf 89' lang='lat' dir='ltr'><strong>dormitionis</strong></span> <span class='ocrx_word' id='word_1_65' title='bbox 1276 1094 1387 1134; x_wconf 66' lang='lat' dir='ltr'><strong>sua:</strong></span> <span class='ocrx_word' id='word_1_66' title='bbox 1415 1078 1715 1149; x_wconf 82' lang='lat' dir='ltr'><strong>proximum</strong></span> <span class='ocrx_word' id='word_1_67' title='bbox 1738 1078 2161 1147; x_wconf 87' lang='lat' dir='ltr'><strong>cerneretdiem,</strong></span> 
     </span>
    </p>
   </div>
   <div class='ocr_carea' id='block_1_12' title="bbox 579 1168 2167 1242">
    <p class='ocr_par' dir='ltr' id='par_1_12' title="bbox 579 1168 2167 1242">
     <span class='ocr_line' id='line_1_12' title="bbox 579 1168 2167 1242; baseline -0.003 -15"><span class='ocrx_word' id='word_1_68' title='bbox 579 1172 807 1228; x_wconf 90' lang='lat' dir='ltr'><strong>advocat</strong></span> <span class='ocrx_word' id='word_1_69' title='bbox 864 1170 1149 1242; x_wconf 87' lang='lat' dir='ltr'><strong>quemdam</strong></span> <span class='ocrx_word' id='word_1_70' title='bbox 1201 1169 1457 1239; x_wconf 86' lang='lat' dir='ltr'><strong>Felicem,</strong></span> <span class='ocrx_word' id='word_1_71' title='bbox 1494 1170 1851 1226; x_wconf 84' lang='lat' dir='ltr'><strong>venerabilem</strong></span> <span class='ocrx_word' id='word_1_72' title='bbox 1909 1168 2167 1226; x_wconf 88' lang='lat' dir='ltr'><strong>Christia-</strong></span> 
     </span>
    </p>
   </div>
   <div class='ocr_carea' id='block_1_13' title="bbox 579 1262 2163 1334">
    <p class='ocr_par' dir='ltr' id='par_1_13' title="bbox 579 1262 2163 1334">
     <span class='ocr_line' id='line_1_13' title="bbox 579 1262 2163 1334; baseline 0 -15"><span class='ocrx_word' id='word_1_73' title='bbox 579 1279 733 1331; x_wconf 89' lang='lat' dir='ltr'><strong>num,</strong></span> <span class='ocrx_word' id='word_1_74' title='bbox 785 1274 1191 1334; x_wconf 77' lang='lat' dir='ltr'><strong>procuratorem</strong></span> <span class='ocrx_word' id='word_1_75' title='bbox 1241 1262 1436 1319; x_wconf 91' lang='lat' dir='ltr'><strong>domus</strong></span> <span class='ocrx_word' id='word_1_76' title='bbox 1463 1263 1557 1319; x_wconf 81' lang='lat' dir='ltr'><strong>lilii</strong></span> <span class='ocrx_word' id='word_1_77' title='bbox 1586 1264 1750 1334; x_wconf 81' lang='lat' dir='ltr'><strong>regis,</strong></span> <span class='ocrx_word' id='word_1_78' title='bbox 1781 1264 1871 1334; x_wconf 87' lang='lat' dir='ltr'><strong>qui</strong></span> <span class='ocrx_word' id='word_1_79' title='bbox 1899 1264 2163 1334; x_wconf 81' lang='lat' dir='ltr'><strong>Armoga-</strong></span> 
     </span>
    </p>
   </div>
   <div class='ocr_carea' id='block_1_14' title="bbox 576 1345 2163 1427">
    <p class='ocr_par' dir='ltr' id='par_1_14' title="bbox 576 1345 2163 1427">
     <span class='ocr_line' id='line_1_14' title="bbox 576 1345 2163 1427; baseline 0 -14"><span class='ocrx_word' id='word_1_80' title='bbox 576 1365 713 1413; x_wconf 85' lang='lat' dir='ltr'><strong>stem</strong></span> <span class='ocrx_word' id='word_1_81' title='bbox 738 1365 798 1412; x_wconf 87' lang='lat' dir='ltr'><strong>ut</strong></span> <span class='ocrx_word' id='word_1_82' title='bbox 828 1356 1130 1427; x_wconf 84' lang='lat' dir='ltr'><strong>apostolum</strong></span> <span class='ocrx_word' id='word_1_83' title='bbox 1161 1345 1553 1424; x_wconf 68' lang='lat' dir='ltr'><strong>venerabatur;</strong></span> <span class='ocrx_word' id='word_1_84' title='bbox 1584 1357 1817 1425; x_wconf 79' lang='lat' dir='ltr'><strong>dicitque</strong></span> <span class='ocrx_word' id='word_1_85' title='bbox 1845 1357 1921 1411; x_wconf 87' lang='lat' dir='ltr'><strong>illi</strong></span> <span class='ocrx_word' id='word_1_86' title='bbox 1950 1374 1964 1410; x_wconf 91' lang='lat'><strong>:</strong></span> <span class='ocrx_word' id='word_1_87' title='bbox 2003 1357 2163 1413; x_wconf 88' lang='lat' dir='ltr'><strong>Tem-</strong></span> 
     </span>
    </p>
   </div>
   <div class='ocr_carea' id='block_1_15' title="bbox 580 1449 2162 1520">
    <p class='ocr_par' dir='ltr' id='par_1_15' title="bbox 580 1449 2162 1520">
     <span class='ocr_line' id='line_1_15' title="bbox 580 1449 2162 1520; baseline 0 -15"><span class='ocrx_word' id='word_1_88' title='bbox 580 1465 681 1520; x_wconf 87' lang='lat' dir='ltr'><strong>pus</strong></span> <span class='ocrx_word' id='word_1_89' title='bbox 710 1465 844 1505; x_wconf 69' lang='lat' dir='ltr'><strong>mete</strong></span> <span class='ocrx_word' id='word_1_90' title='bbox 873 1450 1219 1505; x_wconf 86' lang='lat' dir='ltr'><strong>resolutionis</strong></span> <span class='ocrx_word' id='word_1_91' title='bbox 1250 1450 1488 1505; x_wconf 86' lang='lat' dir='ltr'><strong>advenit.</strong></span> <span class='ocrx_word' id='word_1_92' title='bbox 1523 1450 1760 1505; x_wconf 87' lang='lat' dir='ltr'><strong>Obsecro</strong></span> <span class='ocrx_word' id='word_1_93' title='bbox 1799 1458 1852 1505; x_wconf 90' lang='lat' dir='ltr'><strong>te</strong></span> <span class='ocrx_word' id='word_1_94' title='bbox 1879 1464 1973 1519; x_wconf 88' lang='lat' dir='ltr'><strong>per</strong></span> <span class='ocrx_word' id='word_1_95' title='bbox 2002 1449 2162 1505; x_wconf 88' lang='lat' dir='ltr'><strong>fidem</strong></span> 
     </span>
    </p>
   </div>
   <div class='ocr_carea' id='block_1_16' title="bbox 578 1540 2165 1613">
    <p class='ocr_par' dir='ltr' id='par_1_16' title="bbox 578 1540 2165 1613">
     <span class='ocr_line' id='line_1_16' title="bbox 578 1540 2165 1613; baseline 0 -17"><span class='ocrx_word' id='word_1_96' title='bbox 578 1556 743 1613; x_wconf 90' lang='lat' dir='ltr'><strong>quam</strong></span> <span class='ocrx_word' id='word_1_97' title='bbox 767 1542 978 1612; x_wconf 87' lang='lat' dir='ltr'><strong>utrique</strong></span> <span class='ocrx_word' id='word_1_98' title='bbox 1020 1553 1289 1608; x_wconf 89' lang='lat' dir='ltr'><strong>tenemus,</strong></span> <span class='ocrx_word' id='word_1_99' title='bbox 1334 1550 1392 1596; x_wconf 91' lang='lat' dir='ltr'><strong>ut</strong></span> <span class='ocrx_word' id='word_1_100' title='bbox 1420 1540 1449 1579; x_wconf 69' lang='grc' dir='ltr'>ι)</span> <span class='ocrx_word' id='word_1_101' title='bbox 1478 1541 1578 1597; x_wconf 91' lang='lat' dir='ltr'><strong>sub</strong></span> <span class='ocrx_word' id='word_1_102' title='bbox 1600 1541 1702 1596; x_wconf 88' lang='lat' dir='ltr'><strong>hac</strong></span> <span class='ocrx_word' id='word_1_103' title='bbox 1731 1540 1871 1608; x_wconf 85' lang='lat' dir='ltr'><strong>ilice,</strong></span> <span class='ocrx_word' id='word_1_104' title='bbox 1901 1555 1988 1596; x_wconf 90' lang='lat' dir='ltr'><strong>me</strong></span> <span class='ocrx_word' id='word_1_105' title='bbox 2009 1554 2165 1611; x_wconf 90' lang='lat' dir='ltr'><strong>sepe-</strong></span> 
     </span>
    </p>
   </div>
   <div class='ocr_carea' id='block_1_17' title="bbox 535 1620 2162 1705">
    <p class='ocr_par' dir='ltr' id='par_1_17' title="bbox 535 1620 2162 1705">
     <span class='ocr_line' id='line_1_17' title="bbox 535 1620 2162 1705; baseline 0 -17"><span class='ocrx_word' id='word_1_106' title='bbox 535 1620 545 1628; x_wconf 76' lang='grc'><em>’</em></span> <span class='ocrx_word' id='word_1_107' title='bbox 582 1632 685 1689; x_wconf 89' lang='lat' dir='ltr'><strong>lire</strong></span> <span class='ocrx_word' id='word_1_108' title='bbox 700 1633 957 1704; x_wconf 77' lang='lat' dir='ltr'><strong>digneris,</strong></span> <span class='ocrx_word' id='word_1_109' title='bbox 982 1632 1293 1688; x_wconf 88' lang='lat' dir='ltr'><strong>redditurus</strong></span> <span class='ocrx_word' id='word_1_110' title='bbox 1314 1630 1409 1705; x_wconf 84' lang='grc' dir='ltr'><strong>[αι.</strong></span> <span class='ocrx_word' id='word_1_111' title='bbox 1433 1633 1683 1705; x_wconf 78' lang='lat' dir='ltr'><strong>Domino]</strong></span> <span class='ocrx_word' id='word_1_112' title='bbox 1708 1633 1821 1689; x_wconf 85' lang='lat' dir='ltr'><strong>Deo&#39;</strong></span> <span class='ocrx_word' id='word_1_113' title='bbox 1839 1644 2045 1704; x_wconf 85' lang='lat' dir='ltr'><strong>nostro,</strong></span> <span class='ocrx_word' id='word_1_114' title='bbox 2060 1633 2162 1689; x_wconf 83' lang='lat' dir='ltr'><strong>nisi</strong></span> 
     </span>
    </p>
   </div>
   <div class='ocr_carea' id='block_1_18' title="bbox 576 1724 2162 1798">
    <p class='ocr_par' dir='ltr' id='par_1_18' title="bbox 576 1724 2162 1798">
     <span class='ocr_line' id='line_1_18' title="bbox 576 1724 2162 1798; baseline 0.001 -17"><span class='ocrx_word' id='word_1_115' title='bbox 576 1724 797 1792; x_wconf 78' lang='lat' dir='ltr'><strong>feceris,</strong></span> <span class='ocrx_word' id='word_1_116' title='bbox 828 1726 1112 1781; x_wconf 90' lang='lat' dir='ltr'><strong>rationem.</strong></span> <span class='ocrx_word' id='word_1_117' title='bbox 1138 1725 1255 1780; x_wconf 84' lang='lat' dir='ltr'><strong>Non</strong></span> <span class='ocrx_word' id='word_1_118' title='bbox 1275 1724 1417 1795; x_wconf 92' lang='lat' dir='ltr'><strong>quod</strong></span> <span class='ocrx_word' id='word_1_119' title='bbox 1448 1724 1538 1781; x_wconf 92' lang='lat' dir='ltr'><strong>ille</strong></span> <span class='ocrx_word' id='word_1_120' title='bbox 1568 1735 1780 1781; x_wconf 88' lang='lat' dir='ltr'><strong>curaret</strong></span> <span class='ocrx_word' id='word_1_121' title='bbox 1802 1725 1889 1780; x_wconf 92' lang='lat' dir='ltr'><strong>ubi</strong></span> <span class='ocrx_word' id='word_1_122' title='bbox 1921 1734 2011 1780; x_wconf 92' lang='lat' dir='ltr'><strong>aut</strong></span> <span class='ocrx_word' id='word_1_123' title='bbox 2030 1741 2162 1798; x_wconf 87' lang='lat' dir='ltr'><strong>qua-</strong></span> 
     </span>
    </p>
   </div>
   <div class='ocr_carea' id='block_1_19' title="bbox 2272 524 3847 603">
    <p class='ocr_par' dir='ltr' id='par_1_19' title="bbox 2272 524 3847 603">
     <span class='ocr_line' id='line_1_19' title="bbox 2272 524 3847 603; baseline 0.003 -26"><span class='ocrx_word' id='word_1_124' title='bbox 2272 539 2389 578; x_wconf 89' lang='lat' dir='ltr'><strong>cam</strong></span> <span class='ocrx_word' id='word_1_125' title='bbox 2413 524 2685 580; x_wconf 87' lang='lat' dir='ltr'><strong>amitteret</strong></span> <span class='ocrx_word' id='word_1_126' title='bbox 2715 524 2894 603; x_wconf 84' lang='lat' dir='ltr'><strong>fidem,</strong></span> <span class='ocrx_word' id='word_1_127' title='bbox 2923 525 3038 594; x_wconf 90' lang='lat' dir='ltr'><strong>ipse</strong></span> <span class='ocrx_word' id='word_1_128' title='bbox 3060 539 3179 580; x_wconf 90' lang='lat' dir='ltr'><strong>eum</strong></span> <span class='ocrx_word' id='word_1_129' title='bbox 3202 539 3294 580; x_wconf 88' lang='lat' dir='ltr'><strong>rex</strong></span> <span class='ocrx_word' id='word_1_130' title='bbox 3327 534 3509 595; x_wconf 86' lang='lat' dir='ltr'><strong>postea</strong></span> <span class='ocrx_word' id='word_1_131' title='bbox 3535 526 3847 583; x_wconf 87' lang='lat' dir='ltr'><strong>blandiendo</strong></span> 
     </span>
    </p>
   </div>
   <div class='ocr_carea' id='block_1_20' title="bbox 2272 616 3845 687">
    <p class='ocr_par' dir='ltr' id='par_1_20' title="bbox 2272 616 3845 687">
     <span class='ocr_line' id='line_1_20' title="bbox 2272 616 3845 687; baseline 0.003 -17"><span class='ocrx_word' id='word_1_132' title='bbox 2272 616 2525 672; x_wconf 81' lang='lat' dir='ltr'><strong>affatibus</strong></span> <span class='ocrx_word' id='word_1_133' title='bbox 2580 618 2931 673; x_wconf 73' lang='lat' dir='ltr'><strong>smcularibus</strong></span> <span class='ocrx_word' id='word_1_134' title='bbox 2979 618 3263 683; x_wconf 88' lang='lat' dir='ltr'><strong>invitabat,</strong></span> <span class='ocrx_word' id='word_1_135' title='bbox 3314 618 3633 687; x_wconf 86' lang='lat' dir='ltr'><strong>promittens</strong></span> <span class='ocrx_word' id='word_1_136' title='bbox 3677 619 3845 675; x_wconf 89' lang='lat' dir='ltr'><strong>multis</strong></span> 
     </span>
    </p>
   </div>
   <div class='ocr_carea' id='block_1_21' title="bbox 2270 710 3845 784">
    <p class='ocr_par' dir='ltr' id='par_1_21' title="bbox 2270 710 3845 784">
     <span class='ocr_line' id='line_1_21' title="bbox 2270 710 3845 784; baseline 0.001 -20"><span class='ocrx_word' id='word_1_137' title='bbox 2270 725 2391 764; x_wconf 90' lang='lat' dir='ltr'><strong>eum</strong></span> <span class='ocrx_word' id='word_1_138' title='bbox 2428 711 2523 784; x_wconf 79' lang='grc' dir='ltr'><strong>[αι.</strong></span> <span class='ocrx_word' id='word_1_139' title='bbox 2557 710 2789 783; x_wconf 82' lang='lat' dir='ltr'><strong>deliciis]</strong></span> <span class='ocrx_word' id='word_1_140' title='bbox 2838 711 3042 767; x_wconf 90' lang='lat' dir='ltr'><strong>divitiis</strong></span> <span class='ocrx_word' id='word_1_141' title='bbox 3071 711 3473 779; x_wconf 89' lang='lat' dir='ltr'><strong>cumulandum,</strong></span> <span class='ocrx_word' id='word_1_142' title='bbox 3520 710 3845 767; x_wconf 51' lang='lat' dir='ltr'><strong>si&#39;voluntati</strong></span> 
     </span>
    </p>
   </div>
   <div class='ocr_carea' id='block_1_22' title="bbox 2271 804 3845 871">
    <p class='ocr_par' dir='ltr' id='par_1_22' title="bbox 2271 804 3845 871">
     <span class='ocr_line' id='line_1_22' title="bbox 2271 804 3845 871; baseline 0.001 -14"><span class='ocrx_word' id='word_1_143' title='bbox 2271 805 2388 871; x_wconf 89' lang='lat' dir='ltr'><strong>ejus</strong></span> <span class='ocrx_word' id='word_1_144' title='bbox 2430 804 2672 859; x_wconf 87' lang='lat' dir='ltr'><strong>auditum</strong></span> <span class='ocrx_word' id='word_1_145' title='bbox 2727 804 2939 861; x_wconf 76' lang='lat' dir='ltr'><strong>facilem</strong></span> <span class='ocrx_word' id='word_1_146' title='bbox 2982 806 3402 860; x_wconf 86' lang='lat' dir='ltr'><strong>commodasset.</strong></span> <span class='ocrx_word' id='word_1_147' title='bbox 3431 804 3531 870; x_wconf 77' lang='lat' dir='ltr'><strong>Qui</strong></span> <span class='ocrx_word' id='word_1_148' title='bbox 3558 818 3678 858; x_wconf 80' lang='lat' dir='ltr'><strong>cum</strong></span> <span class='ocrx_word' id='word_1_149' title='bbox 3707 804 3845 859; x_wconf 86' lang='lat' dir='ltr'><strong>fortis</strong></span> 
     </span>
    </p>
   </div>
   <div class='ocr_carea' id='block_1_23' title="bbox 2270 896 3844 965">
    <p class='ocr_par' dir='ltr' id='par_1_23' title="bbox 2270 896 3844 965">
     <span class='ocr_line' id='line_1_23' title="bbox 2270 896 3844 965; baseline 0.002 -16"><span class='ocrx_word' id='word_1_150' title='bbox 2270 906 2430 965; x_wconf 89' lang='lat' dir='ltr'><strong>atque</strong></span> <span class='ocrx_word' id='word_1_151' title='bbox 2481 896 2712 952; x_wconf 90' lang='lat' dir='ltr'><strong>invictus</strong></span> <span class='ocrx_word' id='word_1_152' title='bbox 2755 898 2809 952; x_wconf 93' lang='lat' dir='ltr'><strong>in</strong></span> <span class='ocrx_word' id='word_1_153' title='bbox 2857 897 2964 953; x_wconf 83' lang='lat' dir='ltr'><strong>fide</strong></span> <span class='ocrx_word' id='word_1_154' title='bbox 3002 905 3262 963; x_wconf 90' lang='lat' dir='ltr'><strong>maneret,</strong></span> <span class='ocrx_word' id='word_1_155' title='bbox 3314 897 3461 965; x_wconf 88' lang='lat' dir='ltr'><strong>jubet</strong></span> <span class='ocrx_word' id='word_1_156' title='bbox 3508 912 3631 952; x_wconf 89' lang='lat' dir='ltr'><strong>eum</strong></span> <span class='ocrx_word' id='word_1_157' title='bbox 3676 897 3844 953; x_wconf 89' lang='lat' dir='ltr'><strong>subire</strong></span> 
     </span>
    </p>
   </div>
   <div class='ocr_carea' id='block_1_24' title="bbox 2269 988 3845 1060">
    <p class='ocr_par' dir='ltr' id='par_1_24' title="bbox 2269 988 3845 1060">
     <span class='ocr_line' id='line_1_24' title="bbox 2269 988 3845 1060; baseline -0.001 -16"><span class='ocrx_word' id='word_1_158' title='bbox 2269 991 2592 1046; x_wconf 90' lang='lat' dir='ltr'><strong>sententiam</strong></span> <span class='ocrx_word' id='word_1_159' title='bbox 2641 989 2967 1060; x_wconf 89' lang='lat' dir='ltr'><strong>capitalem;</strong></span> <span class='ocrx_word' id='word_1_160' title='bbox 3022 991 3094 1045; x_wconf 87' lang='lat' dir='ltr'><strong>ita</strong></span> <span class='ocrx_word' id='word_1_161' title='bbox 3138 998 3317 1045; x_wconf 90' lang='lat' dir='ltr'><strong>tamen</strong></span> <span class='ocrx_word' id='word_1_162' title='bbox 3374 988 3600 1044; x_wconf 88' lang='lat' dir='ltr'><strong>callidus</strong></span> <span class='ocrx_word' id='word_1_163' title='bbox 3646 988 3845 1044; x_wconf 83' lang='lat' dir='ltr'><strong>occulte</strong></span> 
     </span>
    </p>
   </div>
   <div class='ocr_carea' id='block_1_25' title="bbox 2270 1080 3843 1154">
    <p class='ocr_par' dir='ltr' id='par_1_25' title="bbox 2270 1080 3843 1154">
     <span class='ocr_line' id='line_1_25' title="bbox 2270 1080 3843 1154; baseline -0.004 -15"><span class='ocrx_word' id='word_1_164' title='bbox 2270 1083 2613 1154; x_wconf 87' lang='lat' dir='ltr'><strong>praecipiens,</strong></span> <span class='ocrx_word' id='word_1_165' title='bbox 2647 1083 2773 1137; x_wconf 88' lang='lat' dir='ltr'><strong>utsi</strong></span> <span class='ocrx_word' id='word_1_166' title='bbox 2816 1083 2867 1137; x_wconf 94' lang='lat' dir='ltr'><strong>in</strong></span> <span class='ocrx_word' id='word_1_167' title='bbox 2915 1082 3003 1136; x_wconf 88' lang='lat' dir='ltr'><strong>illa</strong></span> <span class='ocrx_word' id='word_1_168' title='bbox 3056 1082 3184 1136; x_wconf 91' lang='lat' dir='ltr'><strong>hora</strong></span> <span class='ocrx_word' id='word_1_169' title='bbox 3217 1080 3477 1135; x_wconf 87' lang='lat' dir='ltr'><strong>vibrantis</strong></span> <span class='ocrx_word' id='word_1_170' title='bbox 3502 1080 3666 1150; x_wconf 93' lang='lat' dir='ltr'><strong>gladii</strong></span> <span class='ocrx_word' id='word_1_171' title='bbox 3691 1080 3843 1148; x_wconf 87' lang='lat' dir='ltr'><strong>perti-</strong></span> 
     </span>
    </p>
   </div>
   <div class='ocr_carea' id='block_1_26' title="bbox 2266 1173 3843 1245">
    <p class='ocr_par' dir='ltr' id='par_1_26' title="bbox 2266 1173 3843 1245">
     <span class='ocr_line' id='line_1_26' title="bbox 2266 1173 3843 1245; baseline -0.003 -16"><span class='ocrx_word' id='word_1_172' title='bbox 2266 1183 2538 1232; x_wconf 90' lang='lat' dir='ltr'><strong>mesceret</strong></span> <span class='ocrx_word' id='word_1_173' title='bbox 2566 1174 2755 1242; x_wconf 91' lang='lat' dir='ltr'><strong>ictum,</strong></span> <span class='ocrx_word' id='word_1_174' title='bbox 2790 1174 2959 1245; x_wconf 91' lang='lat' dir='ltr'><strong>magis</strong></span> <span class='ocrx_word' id='word_1_175' title='bbox 2985 1188 3107 1230; x_wconf 91' lang='lat' dir='ltr'><strong>eum</strong></span> <span class='ocrx_word' id='word_1_176' title='bbox 3144 1173 3434 1239; x_wconf 89' lang='lat' dir='ltr'><strong>occideret,</strong></span> <span class='ocrx_word' id='word_1_177' title='bbox 3470 1188 3539 1228; x_wconf 90' lang='lat' dir='ltr'><strong>ne</strong></span> <span class='ocrx_word' id='word_1_178' title='bbox 3563 1183 3843 1242; x_wconf 84' lang='lat' dir='ltr'><strong>martyrem</strong></span> 
     </span>
    </p>
   </div>
   <div class='ocr_carea' id='block_1_27' title="bbox 2266 1263 3844 1339">
    <p class='ocr_par' dir='ltr' id='par_1_27' title="bbox 2266 1263 3844 1339">
     <span class='ocr_line' id='line_1_27' title="bbox 2266 1263 3844 1339; baseline -0.003 -17"><span class='ocrx_word' id='word_1_179' title='bbox 2266 1267 2564 1339; x_wconf 87' lang='lat' dir='ltr'><strong>gloriosum</strong></span> <span class='ocrx_word' id='word_1_180' title='bbox 2595 1266 2846 1332; x_wconf 80' lang='lat' dir='ltr'><strong>fecisset;</strong></span> <span class='ocrx_word' id='word_1_181' title='bbox 2892 1266 2937 1321; x_wconf 92' lang='lat' dir='ltr'><strong>si</strong></span> <span class='ocrx_word' id='word_1_182' title='bbox 2978 1274 3159 1321; x_wconf 88' lang='lat' dir='ltr'><strong>autem</strong></span> <span class='ocrx_word' id='word_1_183' title='bbox 3190 1265 3384 1320; x_wconf 80' lang='lat' dir='ltr'><strong>fortem</strong></span> <span class='ocrx_word' id='word_1_184' title='bbox 3421 1266 3475 1319; x_wconf 90' lang='lat' dir='ltr'><strong>in</strong></span> <span class='ocrx_word' id='word_1_185' title='bbox 3516 1263 3844 1319; x_wconf 90' lang='lat' dir='ltr'><strong>confessione</strong></span> 
     </span>
    </p>
   </div>
   <div class='ocr_carea' id='block_1_28' title="bbox 2268 1356 3844 1429">
    <p class='ocr_par' dir='ltr' id='par_1_28' title="bbox 2268 1356 3844 1429">
     <span class='ocr_line' id='line_1_28' title="bbox 2268 1356 3844 1429; baseline -0.003 -14"><span class='ocrx_word' id='word_1_186' title='bbox 2268 1359 2631 1429; x_wconf 85' lang='lat' dir='ltr'><strong>conspiceret,</strong></span> <span class='ocrx_word' id='word_1_187' title='bbox 2663 1373 2692 1412; x_wconf 94' lang='lat' dir='ltr'><strong>a</strong></span> <span class='ocrx_word' id='word_1_188' title='bbox 2718 1357 2897 1428; x_wconf 89' lang='lat' dir='ltr'><strong>gladio</strong></span> <span class='ocrx_word' id='word_1_189' title='bbox 2928 1365 3274 1427; x_wconf 85' lang='lat' dir='ltr'><strong>temperaret.</strong></span> <span class='ocrx_word' id='word_1_190' title='bbox 3305 1356 3409 1412; x_wconf 86' lang='lat' dir='ltr'><strong>Sed</strong></span> <span class='ocrx_word' id='word_1_191' title='bbox 3445 1356 3537 1411; x_wconf 89' lang='lat' dir='ltr'><strong>ille</strong></span> <span class='ocrx_word' id='word_1_192' title='bbox 3567 1364 3621 1409; x_wconf 91' lang='lat' dir='ltr'><strong>ut</strong></span> <span class='ocrx_word' id='word_1_193' title='bbox 3651 1356 3844 1410; x_wconf 82' lang='lat' dir='ltr'><strong>colum-</strong></span> 
     </span>
    </p>
   </div>
   <div class='ocr_carea' id='block_1_29' title="bbox 2267 1446 3844 1513">
    <p class='ocr_par' dir='ltr' id='par_1_29' title="bbox 2267 1446 3844 1513">
     <span class='ocr_line' id='line_1_29' title="bbox 2267 1446 3844 1513; baseline -0.004 -6"><span class='ocrx_word' id='word_1_194' title='bbox 2267 1467 2336 1507; x_wconf 89' lang='lat' dir='ltr'><strong>na</strong></span> <span class='ocrx_word' id='word_1_195' title='bbox 2366 1450 2654 1507; x_wconf 85' lang='lat' dir='ltr'><strong>immobilis</strong></span> <span class='ocrx_word' id='word_1_196' title='bbox 2697 1449 2913 1505; x_wconf 84' lang='lat' dir='ltr'><strong>Christo</strong></span> <span class='ocrx_word' id='word_1_197' title='bbox 2957 1448 3224 1503; x_wconf 89' lang='lat' dir='ltr'><strong>solidante</strong></span> <span class='ocrx_word' id='word_1_198' title='bbox 3267 1448 3421 1503; x_wconf 89' lang='lat' dir='ltr'><strong>fortis</strong></span> <span class='ocrx_word' id='word_1_199' title='bbox 3446 1446 3696 1513; x_wconf 65' lang='lat' dir='ltr'><strong>effectus,</strong></span> <span class='ocrx_word' id='word_1_200' title='bbox 3724 1459 3844 1501; x_wconf 84' lang='lat' dir='ltr'><strong>con-</strong></span> 
     </span>
    </p>
   </div>
   <div class='ocr_carea' id='block_1_30' title="bbox 2266 1537 3845 1612">
    <p class='ocr_par' dir='ltr' id='par_1_30' title="bbox 2266 1537 3845 1612">
     <span class='ocr_line' id='line_1_30' title="bbox 2266 1537 3845 1612; baseline -0.005 -13"><span class='ocrx_word' id='word_1_201' title='bbox 2266 1544 2439 1601; x_wconf 89' lang='lat' dir='ltr'><strong>fessor</strong></span> <span class='ocrx_word' id='word_1_202' title='bbox 2486 1543 2774 1600; x_wconf 89' lang='lat' dir='ltr'><strong>revertitur</strong></span> <span class='ocrx_word' id='word_1_203' title='bbox 2808 1540 3098 1612; x_wconf 88' lang='lat' dir='ltr'><strong>gloriosus.</strong></span> <span class='ocrx_word' id='word_1_204' title='bbox 3148 1540 3261 1595; x_wconf 89' lang='lat' dir='ltr'><strong>Etsi</strong></span> <span class='ocrx_word' id='word_1_205' title='bbox 3308 1548 3599 1609; x_wconf 87' lang='lat' dir='ltr'><strong>martyrem</strong></span> <span class='ocrx_word' id='word_1_206' title='bbox 3644 1537 3845 1592; x_wconf 85' lang='lat' dir='ltr'><strong>invidus</strong></span> 
     </span>
    </p>
   </div>
   <div class='ocr_carea' id='block_1_31' title="bbox 2267 1632 3844 1703">
    <p class='ocr_par' dir='ltr' id='par_1_31' title="bbox 2267 1632 3844 1703">
     <span class='ocr_line' id='line_1_31' title="bbox 2267 1632 3844 1703; baseline -0.004 -10"><span class='ocrx_word' id='word_1_207' title='bbox 2267 1639 2437 1695; x_wconf 89' lang='lat' dir='ltr'><strong>hostis</strong></span> <span class='ocrx_word' id='word_1_208' title='bbox 2493 1636 2668 1692; x_wconf 90' lang='lat' dir='ltr'><strong>noluit</strong></span> <span class='ocrx_word' id='word_1_209' title='bbox 2711 1636 2922 1703; x_wconf 89' lang='lat' dir='ltr'><strong>facere,</strong></span> <span class='ocrx_word' id='word_1_210' title='bbox 2975 1632 3342 1690; x_wconf 81' lang='lat' dir='ltr'><strong>confessorem</strong></span> <span class='ocrx_word' id='word_1_211' title='bbox 3390 1641 3570 1687; x_wconf 89' lang='lat' dir='ltr'><strong>tamen</strong></span> <span class='ocrx_word' id='word_1_212' title='bbox 3610 1638 3844 1687; x_wconf 86' lang='lat' dir='ltr'><strong>nostrum</strong></span> 
     </span>
    </p>
   </div>
   <div class='ocr_carea' id='block_1_32' title="bbox 2265 1729 2830 1799">
    <p class='ocr_par' dir='ltr' id='par_1_32' title="bbox 2265 1729 2830 1799">
     <span class='ocr_line' id='line_1_32' title="bbox 2265 1729 2830 1799; baseline -0.005 -14"><span class='ocrx_word' id='word_1_213' title='bbox 2265 1746 2372 1786; x_wconf 90' lang='lat' dir='ltr'><strong>non</strong></span> <span class='ocrx_word' id='word_1_214' title='bbox 2403 1730 2576 1799; x_wconf 91' lang='lat' dir='ltr'><strong>potuit</strong></span> <span class='ocrx_word' id='word_1_215' title='bbox 2608 1729 2830 1786; x_wconf 89' lang='lat' dir='ltr'><strong>violare.</strong></span> 
     </span>
    </p>
   </div>
   <div class='ocr_carea' id='block_1_33' title="bbox 570 1816 3840 1893">
    <p class='ocr_par' dir='ltr' id='par_1_33' title="bbox 570 1816 3840 1893">
     <span class='ocr_line' id='line_1_33' title="bbox 570 1816 3840 1893; baseline -0.002 -19"><span class='ocrx_word' id='word_1_216' title='bbox 570 1817 694 1875; x_wconf 89' lang='lat' dir='ltr'><strong>liter</strong></span> <span class='ocrx_word' id='word_1_217' title='bbox 730 1832 885 1874; x_wconf 88' lang='lat' dir='ltr'><strong>suum</strong></span> <span class='ocrx_word' id='word_1_218' title='bbox 933 1816 1256 1887; x_wconf 90' lang='lat' dir='ltr'><strong>sepeliretur</strong></span> <span class='ocrx_word' id='word_1_219' title='bbox 1283 1830 1506 1886; x_wconf 90' lang='lat' dir='ltr'><strong>corpus;</strong></span> <span class='ocrx_word' id='word_1_220' title='bbox 1548 1816 1643 1872; x_wconf 90' lang='lat' dir='ltr'><strong>sed</strong></span> <span class='ocrx_word' id='word_1_221' title='bbox 1674 1826 1730 1871; x_wconf 94' lang='lat' dir='ltr'><strong>ut</strong></span> <span class='ocrx_word' id='word_1_222' title='bbox 1775 1816 1906 1872; x_wconf 90' lang='lat' dir='ltr'><strong>illud</strong></span> <span class='ocrx_word' id='word_1_223' title='bbox 1935 1817 2158 1872; x_wconf 91' lang='lat' dir='ltr'><strong>demon-</strong></span> <span class='ocrx_word' id='word_1_224' title='bbox 2184 1818 2235 1881; x_wconf 87' lang='lat' dir='ltr'><strong>B</strong></span> <span class='ocrx_word' id='word_1_225' title='bbox 2337 1823 2474 1879; x_wconf 79' lang='lat' dir='ltr'><strong>va.</strong></span> <span class='ocrx_word' id='word_1_226' title='bbox 2504 1823 2685 1879; x_wconf 77' lang='lat' dir='ltr'><strong>Saturi</strong></span> <span class='ocrx_word' id='word_1_227' title='bbox 2708 1822 2857 1893; x_wconf 69' lang='lat' dir='ltr'><strong>ﬁdes.</strong></span> <span class='ocrx_word' id='word_1_228' title='bbox 2889 1850 2960 1861; x_wconf 92' lang='lat'>—</span> <span class='ocrx_word' id='word_1_229' title='bbox 2990 1819 3243 1876; x_wconf 83' lang='lat' dir='ltr'><strong>Novimus</strong></span> <span class='ocrx_word' id='word_1_230' title='bbox 3270 1828 3325 1875; x_wconf 84' lang='lat' dir='ltr'><strong>et</strong></span> <span class='ocrx_word' id='word_1_231' title='bbox 3349 1818 3512 1874; x_wconf 86' lang='lat' dir='ltr'><strong>alium</strong></span> <span class='ocrx_word' id='word_1_232' title='bbox 3547 1831 3612 1872; x_wconf 89' lang='lat' dir='ltr'><strong>ea</strong></span> <span class='ocrx_word' id='word_1_233' title='bbox 3642 1825 3840 1885; x_wconf 83' lang='lat' dir='ltr'><strong>tempe-</strong></span> 
     </span>
    </p>
   </div>
   <div class='ocr_carea' id='block_1_34' title="bbox 573 1906 2159 1981">
    <p class='ocr_par' dir='ltr' id='par_1_34' title="bbox 573 1906 2159 1981">
     <span class='ocr_line' id='line_1_34' title="bbox 573 1906 2159 1981; baseline -0.001 -15"><span class='ocrx_word' id='word_1_234' title='bbox 573 1918 839 1966; x_wconf 89' lang='lat' dir='ltr'><strong>straretur</strong></span> <span class='ocrx_word' id='word_1_235' title='bbox 859 1909 1001 1979; x_wconf 91' lang='lat' dir='ltr'><strong>quod</strong></span> <span class='ocrx_word' id='word_1_236' title='bbox 1026 1924 1183 1965; x_wconf 85' lang='lat' dir='ltr'><strong>servo</strong></span> <span class='ocrx_word' id='word_1_237' title='bbox 1211 1923 1310 1963; x_wconf 91' lang='lat' dir='ltr'><strong>suo</strong></span> <span class='ocrx_word' id='word_1_238' title='bbox 1333 1910 1663 1964; x_wconf 86' lang='lat' dir='ltr'><strong>revelaverat</strong></span> <span class='ocrx_word' id='word_1_239' title='bbox 1693 1910 1786 1981; x_wconf 76' lang='grc' dir='ltr'><strong>[αι.</strong></span> <span class='ocrx_word' id='word_1_240' title='bbox 1820 1908 1981 1980; x_wconf 90' lang='lat' dir='ltr'><strong>Deus]</strong></span> <span class='ocrx_word' id='word_1_241' title='bbox 2004 1906 2159 1964; x_wconf 89' lang='lat' dir='ltr'><strong>Chri-</strong></span> 
     </span>
    </p>
   </div>
   <div class='ocr_carea' id='block_1_35' title="bbox 568 2001 2158 2073">
    <p class='ocr_par' dir='ltr' id='par_1_35' title="bbox 568 2001 2158 2073">
     <span class='ocr_line' id='line_1_35' title="bbox 568 2001 2158 2073; baseline -0.001 -15"><span class='ocrx_word' id='word_1_242' title='bbox 568 2010 707 2058; x_wconf 87' lang='lat' dir='ltr'><strong>stus.</strong></span> <span class='ocrx_word' id='word_1_243' title='bbox 754 2001 1051 2073; x_wconf 81' lang='lat' dir='ltr'><strong>Respondit</strong></span> <span class='ocrx_word' id='word_1_244' title='bbox 1101 2002 1270 2067; x_wconf 85' lang='lat' dir='ltr'><strong>Felix,</strong></span> <span class='ocrx_word' id='word_1_245' title='bbox 1301 2009 1357 2057; x_wconf 91' lang='lat' dir='ltr'><strong>et</strong></span> <span class='ocrx_word' id='word_1_246' title='bbox 1390 2001 1557 2056; x_wconf 82' lang='lat' dir='ltr'><strong>dixit:</strong></span> <span class='ocrx_word' id='word_1_247' title='bbox 1584 2002 1739 2057; x_wconf 89' lang='lat' dir='ltr'><strong>Absit</strong></span> <span class='ocrx_word' id='word_1_248' title='bbox 1764 2016 1795 2056; x_wconf 87' lang='lat' dir='ltr'><strong>a</strong></span> <span class='ocrx_word' id='word_1_249' title='bbox 1826 2002 1999 2068; x_wconf 90' lang='lat' dir='ltr'><strong>nobis,</strong></span> <span class='ocrx_word' id='word_1_250' title='bbox 2029 2016 2158 2057; x_wconf 92' lang='lat' dir='ltr'><strong>con-</strong></span> 
     </span>
    </p>
   </div>
   <div class='ocr_carea' id='block_1_36' title="bbox 567 2095 2155 2167">
    <p class='ocr_par' dir='ltr' id='par_1_36' title="bbox 567 2095 2155 2167">
     <span class='ocr_line' id='line_1_36' title="bbox 567 2095 2155 2167; baseline -0.001 -16"><span class='ocrx_word' id='word_1_251' title='bbox 567 2095 740 2152; x_wconf 90' lang='lat' dir='ltr'><strong>fessor</strong></span> <span class='ocrx_word' id='word_1_252' title='bbox 759 2095 1117 2161; x_wconf 85' lang='lat' dir='ltr'><strong>venerabilis;</strong></span> <span class='ocrx_word' id='word_1_253' title='bbox 1140 2095 1235 2151; x_wconf 90' lang='lat' dir='ltr'><strong>sed</strong></span> <span class='ocrx_word' id='word_1_254' title='bbox 1261 2096 1516 2167; x_wconf 90' lang='lat' dir='ltr'><strong>sepeliam</strong></span> <span class='ocrx_word' id='word_1_255' title='bbox 1537 2105 1587 2150; x_wconf 92' lang='lat' dir='ltr'><strong>te</strong></span> <span class='ocrx_word' id='word_1_256' title='bbox 1609 2096 1662 2149; x_wconf 93' lang='lat' dir='ltr'><strong>in</strong></span> <span class='ocrx_word' id='word_1_257' title='bbox 1686 2110 1790 2150; x_wconf 93' lang='lat' dir='ltr'><strong>una</strong></span> <span class='ocrx_word' id='word_1_258' title='bbox 1815 2096 2155 2151; x_wconf 90' lang='lat' dir='ltr'><strong>basilicarum</strong></span> 
     </span>
    </p>
   </div>
   <div class='ocr_carea' id='block_1_37' title="bbox 568 2185 2155 2258">
    <p class='ocr_par' dir='ltr' id='par_1_37' title="bbox 568 2185 2155 2258">
     <span class='ocr_line' id='line_1_37' title="bbox 568 2185 2155 2258; baseline -0.001 -15"><span class='ocrx_word' id='word_1_259' title='bbox 568 2201 690 2243; x_wconf 92' lang='lat' dir='ltr'><strong>cum</strong></span> <span class='ocrx_word' id='word_1_260' title='bbox 746 2188 1016 2258; x_wconf 90' lang='lat' dir='ltr'><strong>triumpho</strong></span> <span class='ocrx_word' id='word_1_261' title='bbox 1058 2198 1112 2243; x_wconf 90' lang='lat' dir='ltr'><strong>et</strong></span> <span class='ocrx_word' id='word_1_262' title='bbox 1139 2188 1308 2257; x_wconf 82' lang='lat' dir='ltr'><strong>gratia</strong></span> <span class='ocrx_word' id='word_1_263' title='bbox 1335 2203 1494 2258; x_wconf 91' lang='lat' dir='ltr'><strong>quam</strong></span> <span class='ocrx_word' id='word_1_264' title='bbox 1548 2188 1794 2243; x_wconf 92' lang='lat' dir='ltr'><strong>mereris.</strong></span> <span class='ocrx_word' id='word_1_265' title='bbox 1822 2185 1921 2242; x_wconf 91' lang='lat' dir='ltr'><strong>Cui</strong></span> <span class='ocrx_word' id='word_1_266' title='bbox 1967 2187 2155 2242; x_wconf 89' lang='lat' dir='ltr'><strong>beatus</strong></span> 
     </span>
    </p>
   </div>
   <div class='ocr_carea' id='block_1_38' title="bbox 566 2276 2157 2350">
    <p class='ocr_par' dir='ltr' id='par_1_38' title="bbox 566 2276 2157 2350">
     <span class='ocr_line' id='line_1_38' title="bbox 566 2276 2157 2350; baseline -0.001 -16"><span class='ocrx_word' id='word_1_267' title='bbox 566 2280 913 2350; x_wconf 83' lang='lat' dir='ltr'><strong>Armogastes</strong></span> <span class='ocrx_word' id='word_1_268' title='bbox 939 2296 951 2331; x_wconf 91' lang='lat'>:</span> <span class='ocrx_word' id='word_1_269' title='bbox 976 2279 1112 2342; x_wconf 87' lang='lat' dir='ltr'><strong>Non,</strong></span> <span class='ocrx_word' id='word_1_270' title='bbox 1139 2278 1232 2333; x_wconf 88' lang='lat' dir='ltr'><strong>sed</strong></span> <span class='ocrx_word' id='word_1_271' title='bbox 1259 2282 1357 2349; x_wconf 80' lang='grc' dir='ltr'><strong>ιι</strong></span> <span class='ocrx_word' id='word_1_272' title='bbox 1378 2277 1521 2347; x_wconf 84' lang='lat' dir='ltr'><strong>quod</strong></span> <span class='ocrx_word' id='word_1_273' title='bbox 1547 2276 1656 2332; x_wconf 89' lang='lat' dir='ltr'><strong>dixi</strong></span> <span class='ocrx_word' id='word_1_274' title='bbox 1688 2276 1925 2333; x_wconf 85' lang='lat' dir='ltr'><strong>facturus</strong></span> <span class='ocrx_word' id='word_1_275' title='bbox 1952 2292 2030 2332; x_wconf 90' lang='lat' dir='ltr'><strong>es.</strong></span> <span class='ocrx_word' id='word_1_276' title='bbox 2065 2278 2157 2333; x_wconf 87' lang='lat' dir='ltr'><strong>llle</strong></span> 
     </span>
    </p>
   </div>
   <div class='ocr_carea' id='block_1_39' title="bbox 565 2370 2155 2440">
    <p class='ocr_par' dir='ltr' id='par_1_39' title="bbox 565 2370 2155 2440">
     <span class='ocr_line' id='line_1_39' title="bbox 565 2370 2155 2440; baseline 0 -14"><span class='ocrx_word' id='word_1_277' title='bbox 565 2372 764 2427; x_wconf 86' lang='lat' dir='ltr'><strong>timens</strong></span> <span class='ocrx_word' id='word_1_278' title='bbox 792 2370 888 2425; x_wconf 81' lang='lat' dir='ltr'><strong>Dei</strong></span> <span class='ocrx_word' id='word_1_279' title='bbox 920 2370 1193 2425; x_wconf 90' lang='lat' dir='ltr'><strong>hominem</strong></span> <span class='ocrx_word' id='word_1_280' title='bbox 1223 2371 1562 2434; x_wconf 88' lang='lat' dir='ltr'><strong>contristare,</strong></span> <span class='ocrx_word' id='word_1_281' title='bbox 1586 2371 1852 2426; x_wconf 87' lang='lat' dir='ltr'><strong>veraciter</strong></span> <span class='ocrx_word' id='word_1_282' title='bbox 1871 2370 2015 2440; x_wconf 90' lang='lat' dir='ltr'><strong>quod</strong></span> <span class='ocrx_word' id='word_1_283' title='bbox 2041 2371 2155 2440; x_wconf 85' lang='lat' dir='ltr'><strong>jus-</strong></span> 
     </span>
    </p>
   </div>
   <div class='ocr_carea' id='block_1_40' title="bbox 566 2461 2153 2534">
    <p class='ocr_par' dir='ltr' id='par_1_40' title="bbox 566 2461 2153 2534">
     <span class='ocr_line' id='line_1_40' title="bbox 566 2461 2153 2534; baseline -0.001 -13"><span class='ocrx_word' id='word_1_284' title='bbox 566 2474 707 2521; x_wconf 88' lang='lat' dir='ltr'><strong>serat</strong></span> <span class='ocrx_word' id='word_1_285' title='bbox 752 2463 995 2534; x_wconf 89' lang='lat' dir='ltr'><strong>promisit</strong></span> <span class='ocrx_word' id='word_1_286' title='bbox 1039 2478 1101 2518; x_wconf 90' lang='lat' dir='ltr'><strong>se</strong></span> <span class='ocrx_word' id='word_1_287' title='bbox 1143 2477 1263 2519; x_wconf 88' lang='lat' dir='ltr'><strong>esse</strong></span> <span class='ocrx_word' id='word_1_288' title='bbox 1304 2461 1589 2517; x_wconf 84' lang='lat' dir='ltr'><strong>facturum.</strong></span> <span class='ocrx_word' id='word_1_289' title='bbox 1619 2462 1807 2518; x_wconf 86' lang='lat' dir='ltr'><strong>Statim</strong></span> <span class='ocrx_word' id='word_1_290' title='bbox 1840 2462 1977 2520; x_wconf 90' lang='lat' dir='ltr'><strong>intra</strong></span> <span class='ocrx_word' id='word_1_291' title='bbox 2022 2479 2153 2534; x_wconf 91' lang='lat' dir='ltr'><strong>pau-</strong></span> 
     </span>
    </p>
   </div>
   <div class='ocr_carea' id='block_1_41' title="bbox 568 2552 2148 2611">
    <p class='ocr_par' dir='ltr' id='par_1_41' title="bbox 568 2552 2148 2611">
     <span class='ocr_line' id='line_1_41' title="bbox 568 2552 2148 2611; baseline -0.001 0"><span class='ocrx_word' id='word_1_292' title='bbox 568 2554 817 2611; x_wconf 90' lang='lat' dir='ltr'><strong>cissimos</strong></span> <span class='ocrx_word' id='word_1_293' title='bbox 842 2554 957 2610; x_wconf 92' lang='lat' dir='ltr'><strong>dies</strong></span> <span class='ocrx_word' id='word_1_294' title='bbox 984 2564 1005 2592; x_wconf 78' lang='grc' dir='ltr'><strong><em>ο</em></strong></span> <span class='ocrx_word' id='word_1_295' title='bbox 1030 2568 1211 2610; x_wconf 91' lang='lat' dir='ltr'><strong>comes</strong></span> <span class='ocrx_word' id='word_1_296' title='bbox 1238 2553 1394 2609; x_wconf 84' lang='lat' dir='ltr'><strong>bonae</strong></span> <span class='ocrx_word' id='word_1_297' title='bbox 1424 2552 1784 2610; x_wconf 80' lang='lat' dir='ltr'><strong>confessionis</strong></span> <span class='ocrx_word' id='word_1_298' title='bbox 1812 2553 1880 2609; x_wconf 91' lang='lat' dir='ltr'><strong>de</strong></span> <span class='ocrx_word' id='word_1_299' title='bbox 1919 2554 2019 2610; x_wconf 92' lang='lat' dir='ltr'><strong>hac</strong></span> <span class='ocrx_word' id='word_1_300' title='bbox 2044 2555 2148 2610; x_wconf 87' lang='lat' dir='ltr'><strong>vita</strong></span> 
     </span>
    </p>
   </div>
   <div class='ocr_carea' id='block_1_42' title="bbox 566 2644 2153 2718">
    <p class='ocr_par' dir='ltr' id='par_1_42' title="bbox 566 2644 2153 2718">
     <span class='ocr_line' id='line_1_42' title="bbox 566 2644 2153 2718; baseline -0.001 -15"><span class='ocrx_word' id='word_1_301' title='bbox 566 2647 835 2718; x_wconf 83' lang='lat' dir='ltr'><strong>migravit.</strong></span> <span class='ocrx_word' id='word_1_302' title='bbox 866 2646 1162 2703; x_wconf 89' lang='lat' dir='ltr'><strong>Festinavit</strong></span> <span class='ocrx_word' id='word_1_303' title='bbox 1205 2645 1368 2716; x_wconf 86' lang='lat' dir='ltr'><strong>igitur</strong></span> <span class='ocrx_word' id='word_1_304' title='bbox 1394 2644 1542 2700; x_wconf 84' lang='lat' dir='ltr'><strong>Felix</strong></span> <span class='ocrx_word' id='word_1_305' title='bbox 1588 2645 1690 2700; x_wconf 89' lang='lat' dir='ltr'><strong>sibi</strong></span> <span class='ocrx_word' id='word_1_306' title='bbox 1719 2646 2022 2717; x_wconf 87' lang='lat' dir='ltr'><strong>delegatum</strong></span> <span class='ocrx_word' id='word_1_307' title='bbox 2051 2646 2153 2702; x_wconf 89' lang='lat' dir='ltr'><strong>sub</strong></span> 
     </span>
    </p>
   </div>
   <div class='ocr_carea' id='block_1_43' title="bbox 564 2738 2152 2810">
    <p class='ocr_par' dir='ltr' id='par_1_43' title="bbox 564 2738 2152 2810">
     <span class='ocr_line' id='line_1_43' title="bbox 564 2738 2152 2810; baseline -0.001 -15"><span class='ocrx_word' id='word_1_308' title='bbox 564 2741 754 2796; x_wconf 86' lang='lat' dir='ltr'><strong>arbore</strong></span> <span class='ocrx_word' id='word_1_309' title='bbox 784 2739 970 2795; x_wconf 90' lang='lat' dir='ltr'><strong>fodere</strong></span> <span class='ocrx_word' id='word_1_310' title='bbox 999 2739 1329 2810; x_wconf 88' lang='lat' dir='ltr'><strong>sepulcrum.</strong></span> <span class='ocrx_word' id='word_1_311' title='bbox 1368 2738 1464 2793; x_wconf 90' lang='lat' dir='ltr'><strong>Cui</strong></span> <span class='ocrx_word' id='word_1_312' title='bbox 1494 2753 1615 2794; x_wconf 92' lang='lat' dir='ltr'><strong>cum</strong></span> <span class='ocrx_word' id='word_1_313' title='bbox 1644 2738 1838 2794; x_wconf 71' lang='lat' dir='ltr'><strong>intexte</strong></span> <span class='ocrx_word' id='word_1_314' title='bbox 1867 2739 2076 2795; x_wconf 88' lang='lat' dir='ltr'><strong>radices</strong></span> <span class='ocrx_word' id='word_1_315' title='bbox 2097 2748 2152 2794; x_wconf 92' lang='lat' dir='ltr'><strong>et</strong></span> 
     </span>
    </p>
   </div>
   <div class='ocr_carea' id='block_1_44' title="bbox 564 2831 2151 2901">
    <p class='ocr_par' dir='ltr' id='par_1_44' title="bbox 564 2831 2151 2901">
     <span class='ocr_line' id='line_1_44' title="bbox 564 2831 2151 2901; baseline 0 -13"><span class='ocrx_word' id='word_1_316' title='bbox 564 2834 804 2889; x_wconf 90' lang='lat' dir='ltr'><strong>soliditas</strong></span> <span class='ocrx_word' id='word_1_317' title='bbox 835 2832 997 2888; x_wconf 73' lang='lat' dir='ltr'><strong>arida:</strong></span> <span class='ocrx_word' id='word_1_318' title='bbox 1033 2833 1242 2889; x_wconf 86' lang='lat' dir='ltr'><strong>telluris</strong></span> <span class='ocrx_word' id='word_1_319' title='bbox 1290 2847 1494 2887; x_wconf 90' lang='lat' dir='ltr'><strong>moram</strong></span> <span class='ocrx_word' id='word_1_320' title='bbox 1538 2831 1805 2901; x_wconf 89' lang='lat' dir='ltr'><strong>facerent,</strong></span> <span class='ocrx_word' id='word_1_321' title='bbox 1858 2842 1911 2887; x_wconf 92' lang='lat' dir='ltr'><strong>et</strong></span> <span class='ocrx_word' id='word_1_322' title='bbox 1964 2833 2151 2888; x_wconf 88' lang='lat' dir='ltr'><strong>labore</strong></span> 
     </span>
    </p>
   </div>
   <div class='ocr_carea' id='block_1_45' title="bbox 563 2924 2149 2997">
    <p class='ocr_par' dir='ltr' id='par_1_45' title="bbox 563 2924 2149 2997">
     <span class='ocr_line' id='line_1_45' title="bbox 563 2924 2149 2997; baseline -0.001 -16"><span class='ocrx_word' id='word_1_323' title='bbox 563 2938 851 2997; x_wconf 84' lang='lat' dir='ltr'><strong>angeretur</strong></span> <span class='ocrx_word' id='word_1_324' title='bbox 878 2925 1019 2996; x_wconf 90' lang='lat' dir='ltr'><strong>quod</strong></span> <span class='ocrx_word' id='word_1_325' title='bbox 1066 2924 1268 2980; x_wconf 89' lang='lat' dir='ltr'><strong>tardius</strong></span> <span class='ocrx_word' id='word_1_326' title='bbox 1296 2924 1467 2979; x_wconf 90' lang='lat' dir='ltr'><strong>sancti</strong></span> <span class='ocrx_word' id='word_1_327' title='bbox 1505 2924 1744 2979; x_wconf 87' lang='lat' dir='ltr'><strong>membra</strong></span> <span class='ocrx_word' id='word_1_328' title='bbox 1777 2924 2021 2993; x_wconf 89' lang='lat' dir='ltr'><strong>corporis</strong></span> <span class='ocrx_word' id='word_1_329' title='bbox 2050 2926 2149 2981; x_wconf 88' lang='lat' dir='ltr'><strong>hu-</strong></span> 
     </span>
    </p>
   </div>
   <div class='ocr_carea' id='block_1_46' title="bbox 564 3017 2149 3085">
    <p class='ocr_par' dir='ltr' id='par_1_46' title="bbox 564 3017 2149 3085">
     <span class='ocr_line' id='line_1_46' title="bbox 564 3017 2149 3085; baseline 0.001 -11"><span class='ocrx_word' id='word_1_330' title='bbox 564 3030 864 3085; x_wconf 82' lang='lat' dir='ltr'><strong>marentur,</strong></span> <span class='ocrx_word' id='word_1_331' title='bbox 916 3019 1131 3074; x_wconf 90' lang='lat' dir='ltr'><strong>tandem</strong></span> <span class='ocrx_word' id='word_1_332' title='bbox 1164 3017 1418 3074; x_wconf 87' lang='lat' dir='ltr'><strong>abscissis</strong></span> <span class='ocrx_word' id='word_1_333' title='bbox 1467 3018 1736 3073; x_wconf 90' lang='lat' dir='ltr'><strong>radicibus</strong></span> <span class='ocrx_word' id='word_1_334' title='bbox 1777 3020 1948 3074; x_wconf 90' lang='lat' dir='ltr'><strong>multo</strong></span> <span class='ocrx_word' id='word_1_335' title='bbox 1990 3020 2149 3076; x_wconf 89' lang='lat' dir='ltr'><strong>altius</strong></span> 
     </span>
    </p>
   </div>
   <div class='ocr_carea' id='block_1_47' title="bbox 562 3110 2146 3182">
    <p class='ocr_par' dir='ltr' id='par_1_47' title="bbox 562 3110 2146 3182">
     <span class='ocr_line' id='line_1_47' title="bbox 562 3110 2146 3182; baseline 0.001 -15"><span class='ocrx_word' id='word_1_336' title='bbox 562 3120 763 3167; x_wconf 88' lang='lat' dir='ltr'><strong>terram</strong></span> <span class='ocrx_word' id='word_1_337' title='bbox 795 3114 1024 3178; x_wconf 82' lang='lat' dir='ltr'><strong>cavans,’</strong></span> <span class='ocrx_word' id='word_1_338' title='bbox 1040 3111 1304 3181; x_wconf 91' lang='lat' dir='ltr'><strong>conspicit</strong></span> <span class='ocrx_word' id='word_1_339' title='bbox 1336 3110 1674 3182; x_wconf 75' lang='lat' dir='ltr'><strong>sarcofagum</strong></span> <span class='ocrx_word' id='word_1_340' title='bbox 1727 3110 2146 3182; x_wconf 88' lang='lat' dir='ltr'><strong>splendidissimi</strong></span> 
     </span>
    </p>
   </div>
   <div class='ocr_carea' id='block_1_48' title="bbox 2262 1912 3842 1986">
    <p class='ocr_par' dir='ltr' id='par_1_48' title="bbox 2262 1912 3842 1986">
     <span class='ocr_line' id='line_1_48' title="bbox 2262 1912 3842 1986; baseline -0.007 -11"><span class='ocrx_word' id='word_1_341' title='bbox 2262 1928 2403 1975; x_wconf 90' lang='lat' dir='ltr'><strong>state</strong></span> <span class='ocrx_word' id='word_1_342' title='bbox 2426 1919 2645 1973; x_wconf 88' lang='lat' dir='ltr'><strong>nomine</strong></span> <span class='ocrx_word' id='word_1_343' title='bbox 2669 1916 2921 1972; x_wconf 92' lang='lat' dir='ltr'><strong>Saturum</strong></span> <span class='ocrx_word' id='word_1_344' title='bbox 2944 1933 2957 1968; x_wconf 89' lang='lat'><strong>:</strong></span> <span class='ocrx_word' id='word_1_345' title='bbox 2977 1914 3089 1986; x_wconf 88' lang='lat' dir='ltr'><strong>qui,</strong></span> <span class='ocrx_word' id='word_1_346' title='bbox 3117 1928 3239 1969; x_wconf 92' lang='lat' dir='ltr'><strong>cum</strong></span> <span class='ocrx_word' id='word_1_347' title='bbox 3270 1912 3501 1968; x_wconf 92' lang='lat' dir='ltr'><strong>lucidum</strong></span> <span class='ocrx_word' id='word_1_348' title='bbox 3518 1918 3666 1966; x_wconf 87' lang='lat' dir='ltr'><strong>esset</strong></span> <span class='ocrx_word' id='word_1_349' title='bbox 3686 1924 3842 1965; x_wconf 87' lang='lat' dir='ltr'><strong>mem-</strong></span> 
     </span>
    </p>
   </div>
   <div class='ocr_carea' id='block_1_49' title="bbox 2259 2004 3841 2077">
    <p class='ocr_par' dir='ltr' id='par_1_49' title="bbox 2259 2004 3841 2077">
     <span class='ocr_line' id='line_1_49' title="bbox 2259 2004 3841 2077; baseline -0.007 -9"><span class='ocrx_word' id='word_1_350' title='bbox 2259 2014 2415 2070; x_wconf 86' lang='lat' dir='ltr'><strong>brum</strong></span> <span class='ocrx_word' id='word_1_351' title='bbox 2468 2010 2727 2067; x_wconf 79' lang='lat' dir='ltr'><strong>Eeclesiac</strong></span> <span class='ocrx_word' id='word_1_352' title='bbox 2775 2008 3002 2073; x_wconf 90' lang='lat' dir='ltr'><strong>Christi,</strong></span> <span class='ocrx_word' id='word_1_353' title='bbox 3056 2017 3107 2063; x_wconf 91' lang='lat' dir='ltr'><strong>et</strong></span> <span class='ocrx_word' id='word_1_354' title='bbox 3158 2008 3476 2077; x_wconf 86' lang='lat' dir='ltr'><strong>pravitatem</strong></span> <span class='ocrx_word' id='word_1_355' title='bbox 3530 2004 3841 2058; x_wconf 85' lang='lat' dir='ltr'><strong>Arianorum</strong></span> 
     </span>
    </p>
   </div>
   <div class='ocr_carea' id='block_1_50' title="bbox 2262 2094 3842 2170">
    <p class='ocr_par' dir='ltr' id='par_1_50' title="bbox 2262 2094 3842 2170">
     <span class='ocr_line' id='line_1_50' title="bbox 2262 2094 3842 2170; baseline -0.008 -11"><span class='ocrx_word' id='word_1_356' title='bbox 2262 2103 2513 2160; x_wconf 90' lang='lat' dir='ltr'><strong>libertate</strong></span> <span class='ocrx_word' id='word_1_357' title='bbox 2542 2101 2803 2157; x_wconf 87' lang='lat' dir='ltr'><strong>catholica</strong></span> <span class='ocrx_word' id='word_1_358' title='bbox 2828 2099 3137 2170; x_wconf 83' lang='lat' dir='ltr'><strong>frequenter</strong></span> <span class='ocrx_word' id='word_1_359' title='bbox 3163 2106 3412 2168; x_wconf 88' lang='lat' dir='ltr'><strong>argueret</strong></span> <span class='ocrx_word' id='word_1_360' title='bbox 3439 2094 3560 2165; x_wconf 85' lang='lat' dir='ltr'><strong>(fuit</strong></span> <span class='ocrx_word' id='word_1_361' title='bbox 3592 2094 3685 2149; x_wconf 85' lang='lat' dir='ltr'><strong>hic</strong></span> <span class='ocrx_word' id='word_1_362' title='bbox 3727 2109 3842 2162; x_wconf 85' lang='lat' dir='ltr'><strong>pro-</strong></span> 
     </span>
    </p>
   </div>
   <div class='ocr_carea' id='block_1_51' title="bbox 2255 2186 3841 2265">
    <p class='ocr_par' dir='ltr' id='par_1_51' title="bbox 2255 2186 3841 2265">
     <span class='ocr_line' id='line_1_51' title="bbox 2255 2186 3841 2265; baseline -0.009 -11"><span class='ocrx_word' id='word_1_363' title='bbox 2255 2208 2479 2254; x_wconf 85' lang='lat' dir='ltr'><strong>curator</strong></span> <span class='ocrx_word' id='word_1_364' title='bbox 2490 2196 2683 2253; x_wconf 88' lang='lat' dir='ltr'><strong>domus</strong></span> <span class='ocrx_word' id='word_1_365' title='bbox 2706 2192 3008 2265; x_wconf 86' lang='lat' dir='ltr'><strong>Hunerici),</strong></span> <span class='ocrx_word' id='word_1_366' title='bbox 3032 2191 3368 2255; x_wconf 91' lang='lat' dir='ltr'><strong>convenitur,</strong></span> <span class='ocrx_word' id='word_1_367' title='bbox 3386 2198 3678 2245; x_wconf 89' lang='lat' dir='ltr'><strong>accusante</strong></span> <span class='ocrx_word' id='word_1_368' title='bbox 3697 2197 3720 2224; x_wconf 76' lang='grc' dir='ltr'>ε</span> <span class='ocrx_word' id='word_1_369' title='bbox 3741 2186 3841 2241; x_wconf 76' lang='lat' dir='ltr'><strong>Ma-</strong></span> 
     </span>
    </p>
   </div>
   <div class='ocr_carea' id='block_1_52' title="bbox 2260 2280 3841 2358">
    <p class='ocr_par' dir='ltr' id='par_1_52' title="bbox 2260 2280 3841 2358">
     <span class='ocr_line' id='line_1_52' title="bbox 2260 2280 3841 2358; baseline -0.011 -9"><span class='ocrx_word' id='word_1_370' title='bbox 2260 2289 2449 2349; x_wconf 84' lang='lat' dir='ltr'><strong>rivado</strong></span> <span class='ocrx_word' id='word_1_371' title='bbox 2478 2288 2707 2358; x_wconf 89' lang='lat' dir='ltr'><strong>quodam</strong></span> <span class='ocrx_word' id='word_1_372' title='bbox 2741 2286 2988 2350; x_wconf 91' lang='lat' dir='ltr'><strong>diacono,</strong></span> <span class='ocrx_word' id='word_1_373' title='bbox 3033 2300 3194 2354; x_wconf 91' lang='lat' dir='ltr'><strong>quem</strong></span> <span class='ocrx_word' id='word_1_374' title='bbox 3241 2283 3541 2338; x_wconf 87' lang='lat' dir='ltr'><strong>Hunericus</strong></span> <span class='ocrx_word' id='word_1_375' title='bbox 3586 2280 3841 2335; x_wconf 89' lang='lat' dir='ltr'><strong>infaustus</strong></span> 
     </span>
    </p>
   </div>
   <div class='ocr_carea' id='block_1_53' title="bbox 2259 2374 3839 2451">
    <p class='ocr_par' dir='ltr' id='par_1_53' title="bbox 2259 2374 3839 2451">
     <span class='ocr_line' id='line_1_53' title="bbox 2259 2374 3839 2451; baseline -0.007 -15"><span class='ocrx_word' id='word_1_376' title='bbox 2259 2380 2605 2451; x_wconf 87' lang='lat' dir='ltr'><strong>singulariter</strong></span> <span class='ocrx_word' id='word_1_377' title='bbox 2649 2378 2969 2445; x_wconf 84' lang='lat' dir='ltr'><strong>honorabat,</strong></span> <span class='ocrx_word' id='word_1_378' title='bbox 3020 2384 3078 2431; x_wconf 93' lang='lat' dir='ltr'><strong>ut</strong></span> <span class='ocrx_word' id='word_1_379' title='bbox 3124 2375 3278 2431; x_wconf 85' lang='lat' dir='ltr'><strong>fieret</strong></span> <span class='ocrx_word' id='word_1_380' title='bbox 3324 2374 3549 2430; x_wconf 89' lang='lat' dir='ltr'><strong>Saturus</strong></span> <span class='ocrx_word' id='word_1_381' title='bbox 3591 2374 3839 2427; x_wconf 88' lang='lat' dir='ltr'><strong>Arianus.</strong></span> 
     </span>
    </p>
   </div>
   <div class='ocr_carea' id='block_1_54' title="bbox 2258 2464 3836 2531">
    <p class='ocr_par' dir='ltr' id='par_1_54' title="bbox 2258 2464 3836 2531">
     <span class='ocr_line' id='line_1_54' title="bbox 2258 2464 3836 2531; baseline -0.006 -4"><span class='ocrx_word' id='word_1_382' title='bbox 2258 2473 2656 2527; x_wconf 82' lang='lat' dir='ltr'><strong>Promittontur</strong></span> <span class='ocrx_word' id='word_1_383' title='bbox 2687 2470 2921 2524; x_wconf 84' lang='lat' dir='ltr'><strong>honores</strong></span> <span class='ocrx_word' id='word_1_384' title='bbox 2947 2477 3003 2523; x_wconf 92' lang='lat' dir='ltr'><strong>et</strong></span> <span class='ocrx_word' id='word_1_385' title='bbox 3041 2467 3245 2522; x_wconf 75' lang='lat' dir='ltr'><strong>divitia:</strong></span> <span class='ocrx_word' id='word_1_386' title='bbox 3290 2467 3474 2522; x_wconf 71' lang='lat' dir='ltr'><strong>multa:</strong></span> <span class='ocrx_word' id='word_1_387' title='bbox 3517 2465 3565 2520; x_wconf 87' lang='lat' dir='ltr'><strong>si</strong></span> <span class='ocrx_word' id='word_1_388' title='bbox 3612 2464 3836 2531; x_wconf 88' lang='lat' dir='ltr'><strong>faceret,</strong></span> 
     </span>
    </p>
   </div>
   <div class='ocr_carea' id='block_1_55' title="bbox 2259 2557 3840 2634">
    <p class='ocr_par' dir='ltr' id='par_1_55' title="bbox 2259 2557 3840 2634">
     <span class='ocr_line' id='line_1_55' title="bbox 2259 2557 3840 2634; baseline -0.004 -16"><span class='ocrx_word' id='word_1_389' title='bbox 2259 2572 2625 2634; x_wconf 68' lang='lat' dir='ltr'><strong>praeparantur</strong></span> <span class='ocrx_word' id='word_1_390' title='bbox 2675 2560 2934 2630; x_wconf 89' lang='lat' dir='ltr'><strong>supplicia</strong></span> <span class='ocrx_word' id='word_1_391' title='bbox 2974 2558 3086 2615; x_wconf 76' lang='lat' dir='ltr'><strong>dira</strong></span> <span class='ocrx_word' id='word_1_392' title='bbox 3120 2560 3164 2613; x_wconf 92' lang='lat' dir='ltr'><strong>si</strong></span> <span class='ocrx_word' id='word_1_393' title='bbox 3197 2558 3364 2612; x_wconf 87' lang='lat' dir='ltr'><strong>nollet</strong></span> <span class='ocrx_word' id='word_1_394' title='bbox 3409 2575 3420 2608; x_wconf 91' lang='lat'><strong>:</strong></span> <span class='ocrx_word' id='word_1_395' title='bbox 3464 2557 3566 2610; x_wconf 90' lang='lat' dir='ltr'><strong>hac</strong></span> <span class='ocrx_word' id='word_1_396' title='bbox 3621 2558 3840 2625; x_wconf 84' lang='lat' dir='ltr'><strong>optione</strong></span> 
     </span>
    </p>
   </div>
   <div class='ocr_carea' id='block_1_56' title="bbox 2256 2648 3838 2724">
    <p class='ocr_par' dir='ltr' id='par_1_56' title="bbox 2256 2648 3838 2724">
     <span class='ocr_line' id='line_1_56' title="bbox 2256 2648 3838 2724; baseline -0.004 -15"><span class='ocrx_word' id='word_1_397' title='bbox 2256 2654 2565 2724; x_wconf 88' lang='lat' dir='ltr'><strong>proposita,</strong></span> <span class='ocrx_word' id='word_1_398' title='bbox 2610 2660 2670 2707; x_wconf 92' lang='lat' dir='ltr'><strong>ut</strong></span> <span class='ocrx_word' id='word_1_399' title='bbox 2718 2652 2766 2706; x_wconf 91' lang='lat' dir='ltr'><strong>si</strong></span> <span class='ocrx_word' id='word_1_400' title='bbox 2812 2652 3081 2721; x_wconf 86' lang='lat' dir='ltr'><strong>regalibus</strong></span> <span class='ocrx_word' id='word_1_401' title='bbox 3128 2648 3364 2719; x_wconf 90' lang='lat' dir='ltr'><strong>jussibus</strong></span> <span class='ocrx_word' id='word_1_402' title='bbox 3410 2664 3517 2703; x_wconf 90' lang='lat' dir='ltr'><strong>non</strong></span> <span class='ocrx_word' id='word_1_403' title='bbox 3567 2648 3838 2709; x_wconf 87' lang='lat' dir='ltr'><strong>nbediret,</strong></span> 
     </span>
    </p>
   </div>
   <div class='ocr_carea' id='block_1_57' title="bbox 2255 2739 3837 2817">
    <p class='ocr_par' dir='ltr' id='par_1_57' title="bbox 2255 2739 3837 2817">
     <span class='ocr_line' id='line_1_57' title="bbox 2255 2739 3837 2817; baseline -0.005 -16"><span class='ocrx_word' id='word_1_404' title='bbox 2255 2748 2431 2817; x_wconf 91' lang='lat' dir='ltr'><strong>primo</strong></span> <span class='ocrx_word' id='word_1_405' title='bbox 2481 2746 2616 2800; x_wconf 89' lang='lat' dir='ltr'><strong>facta</strong></span> <span class='ocrx_word' id='word_1_406' title='bbox 2649 2743 3009 2809; x_wconf 84' lang='lat' dir='ltr'><strong>discussione,</strong></span> <span class='ocrx_word' id='word_1_407' title='bbox 3062 2751 3118 2797; x_wconf 90' lang='lat' dir='ltr'><strong>et</strong></span> <span class='ocrx_word' id='word_1_408' title='bbox 3156 2751 3281 2796; x_wconf 90' lang='lat' dir='ltr'><strong>ante</strong></span> <span class='ocrx_word' id='word_1_409' title='bbox 3310 2741 3505 2795; x_wconf 88' lang='lat' dir='ltr'><strong>amissa</strong></span> <span class='ocrx_word' id='word_1_410' title='bbox 3550 2739 3716 2794; x_wconf 91' lang='lat' dir='ltr'><strong>domo</strong></span> <span class='ocrx_word' id='word_1_411' title='bbox 3761 2739 3837 2794; x_wconf 83' lang='lat' dir='ltr'><strong>vel</strong></span> 
     </span>
    </p>
   </div>
   <div class='ocr_carea' id='block_1_58' title="bbox 2256 2833 3836 2908">
    <p class='ocr_par' dir='ltr' id='par_1_58' title="bbox 2256 2833 3836 2908">
     <span class='ocr_line' id='line_1_58' title="bbox 2256 2833 3836 2908; baseline -0.006 -12"><span class='ocrx_word' id='word_1_412' title='bbox 2256 2838 2579 2908; x_wconf 83' lang='lat' dir='ltr'><strong>substantia,</strong></span> <span class='ocrx_word' id='word_1_413' title='bbox 2634 2836 2906 2893; x_wconf 89' lang='lat' dir='ltr'><strong>distractis</strong></span> <span class='ocrx_word' id='word_1_414' title='bbox 2954 2834 3206 2890; x_wconf 90' lang='lat' dir='ltr'><strong>omnibus</strong></span> <span class='ocrx_word' id='word_1_415' title='bbox 3249 2833 3537 2903; x_wconf 88' lang='lat' dir='ltr'><strong>mancipiis</strong></span> <span class='ocrx_word' id='word_1_416' title='bbox 3578 2846 3644 2888; x_wconf 89' lang='lat' dir='ltr'><strong>ac</strong></span> <span class='ocrx_word' id='word_1_417' title='bbox 3681 2833 3836 2897; x_wconf 77' lang='lat' dir='ltr'><strong>fiilis,</strong></span> 
     </span>
    </p>
   </div>
   <div class='ocr_carea' id='block_1_59' title="bbox 2253 2925 3835 3001">
    <p class='ocr_par' dir='ltr' id='par_1_59' title="bbox 2253 2925 3835 3001">
     <span class='ocr_line' id='line_1_59' title="bbox 2253 2925 3835 3001; baseline -0.006 -14"><span class='ocrx_word' id='word_1_418' title='bbox 2253 2947 2388 2988; x_wconf 88' lang='lat' dir='ltr'><strong>uxor</strong></span> <span class='ocrx_word' id='word_1_419' title='bbox 2415 2931 2565 3001; x_wconf 86' lang='lat' dir='ltr'><strong>ejus,</strong></span> <span class='ocrx_word' id='word_1_420' title='bbox 2611 2930 2727 2999; x_wconf 90' lang='lat' dir='ltr'><strong>ipso</strong></span> <span class='ocrx_word' id='word_1_421' title='bbox 2773 2935 3062 2999; x_wconf 60' lang='lat' dir='ltr'><strong>prasente,</strong></span> <span class='ocrx_word' id='word_1_422' title='bbox 3110 2926 3402 2981; x_wconf 89' lang='lat' dir='ltr'><strong>camelario</strong></span> <span class='ocrx_word' id='word_1_423' title='bbox 3440 2925 3495 2978; x_wconf 91' lang='lat' dir='ltr'><strong>in</strong></span> <span class='ocrx_word' id='word_1_424' title='bbox 3533 2925 3835 2994; x_wconf 86' lang='lat' dir='ltr'><strong>eonjugium</strong></span> 
     </span>
    </p>
   </div>
   <div class='ocr_carea' id='block_1_60' title="bbox 2252 3017 3836 3091">
    <p class='ocr_par' dir='ltr' id='par_1_60' title="bbox 2252 3017 3836 3091">
     <span class='ocr_line' id='line_1_60' title="bbox 2252 3017 3836 3091; baseline -0.006 -11"><span class='ocrx_word' id='word_1_425' title='bbox 2252 3025 2581 3081; x_wconf 84' lang='lat' dir='ltr'><strong>traderetur.</strong></span> <span class='ocrx_word' id='word_1_426' title='bbox 2614 3021 2768 3088; x_wconf 85' lang='lat' dir='ltr'><strong>Quod</strong></span> <span class='ocrx_word' id='word_1_427' title='bbox 2807 3021 2897 3076; x_wconf 90' lang='lat' dir='ltr'><strong>ille</strong></span> <span class='ocrx_word' id='word_1_428' title='bbox 2924 3020 3115 3091; x_wconf 90' lang='lat' dir='ltr'><strong>plenus</strong></span> <span class='ocrx_word' id='word_1_429' title='bbox 3145 3020 3257 3074; x_wconf 89' lang='lat' dir='ltr'><strong>Deo</strong></span> <span class='ocrx_word' id='word_1_430' title='bbox 3286 3018 3454 3087; x_wconf 88' lang='lat' dir='ltr'><strong>magis</strong></span> <span class='ocrx_word' id='word_1_431' title='bbox 3500 3026 3557 3072; x_wconf 91' lang='lat' dir='ltr'><strong>ut</strong></span> <span class='ocrx_word' id='word_1_432' title='bbox 3589 3017 3836 3072; x_wconf 77' lang='lat' dir='ltr'><strong>velociter</strong></span> 
     </span>
    </p>
   </div>
   <div class='ocr_carea' id='block_1_61' title="bbox 2251 3111 3826 3191">
    <p class='ocr_par' dir='ltr' id='par_1_61' title="bbox 2251 3111 3826 3191">
     <span class='ocr_line' id='line_1_61' title="bbox 2251 3111 3826 3191; baseline -0.007 -17"><span class='ocrx_word' id='word_1_433' title='bbox 2251 3118 2580 3191; x_wconf 89' lang='lat' dir='ltr'><strong>proveniret,</strong></span> <span class='ocrx_word' id='word_1_434' title='bbox 2634 3115 2831 3186; x_wconf 89' lang='lat' dir='ltr'><strong>impios</strong></span> <span class='ocrx_word' id='word_1_435' title='bbox 2880 3113 3225 3185; x_wconf 89' lang='lat' dir='ltr'><strong>provocabat.</strong></span> <span class='ocrx_word' id='word_1_436' title='bbox 3284 3111 3363 3167; x_wconf 91' lang='lat' dir='ltr'><strong>0b</strong></span> <span class='ocrx_word' id='word_1_437' title='bbox 3403 3126 3561 3181; x_wconf 91' lang='lat' dir='ltr'><strong>quam</strong></span> <span class='ocrx_word' id='word_1_438' title='bbox 3613 3125 3826 3164; x_wconf 87' lang='lat' dir='ltr'><strong>causam</strong></span> 
     </span>
    </p>
   </div>
   <div class='ocr_carea' id='block_1_62' title="bbox 565 3201 3833 3280">
    <p class='ocr_par' dir='ltr' id='par_1_62' title="bbox 565 3201 3833 3280">
     <span class='ocr_line' id='line_1_62' title="bbox 565 3201 3833 3280; baseline -0.002 -20"><span class='ocrx_word' id='word_1_439' title='bbox 565 3204 851 3260; x_wconf 89' lang='lat' dir='ltr'><strong>marmoris</strong></span> <span class='ocrx_word' id='word_1_440' title='bbox 890 3213 1274 3273; x_wconf 79' lang='lat' dir='ltr'><strong>praeparatum,</strong></span> <span class='ocrx_word' id='word_1_441' title='bbox 1299 3203 1509 3272; x_wconf 86' lang='lat' dir='ltr'><strong>qualem</strong></span> <span class='ocrx_word' id='word_1_442' title='bbox 1538 3202 1674 3259; x_wconf 82' lang='lat' dir='ltr'><strong>forte</strong></span> <span class='ocrx_word' id='word_1_443' title='bbox 1713 3203 1893 3260; x_wconf 86' lang='lat' dir='ltr'><strong>nullus</strong></span> <span class='ocrx_word' id='word_1_444' title='bbox 1930 3206 2149 3261; x_wconf 84' lang='lat' dir='ltr'><strong>omnino</strong></span> <span class='ocrx_word' id='word_1_445' title='bbox 2175 3201 2223 3267; x_wconf 90' lang='lat' dir='ltr'><strong>C</strong></span> <span class='ocrx_word' id='word_1_446' title='bbox 2253 3228 2396 3269; x_wconf 82' lang='lat' dir='ltr'><strong>uxor</strong></span> <span class='ocrx_word' id='word_1_447' title='bbox 2422 3211 2539 3280; x_wconf 86' lang='lat' dir='ltr'><strong>ejus</strong></span> <span class='ocrx_word' id='word_1_448' title='bbox 2561 3208 2801 3265; x_wconf 89' lang='lat' dir='ltr'><strong>inducias</strong></span> <span class='ocrx_word' id='word_1_449' title='bbox 2823 3206 2936 3261; x_wconf 90' lang='lat' dir='ltr'><strong>visa</strong></span> <span class='ocrx_word' id='word_1_450' title='bbox 2959 3216 3041 3261; x_wconf 90' lang='lat' dir='ltr'><strong>est</strong></span> <span class='ocrx_word' id='word_1_451' title='bbox 3067 3205 3136 3259; x_wconf 90' lang='lat' dir='ltr'><strong>ab</strong></span> <span class='ocrx_word' id='word_1_452' title='bbox 3162 3205 3242 3258; x_wconf 88' lang='lat' dir='ltr'><strong>his</strong></span> <span class='ocrx_word' id='word_1_453' title='bbox 3264 3204 3355 3273; x_wconf 92' lang='lat' dir='ltr'><strong>qui</strong></span> <span class='ocrx_word' id='word_1_454' title='bbox 3378 3201 3833 3270; x_wconf 83' lang='lat' dir='ltr'><strong>exsequebantur,</strong></span> 
     </span>
    </p>
   </div>
   <div class='ocr_carea' id='block_1_63' title="bbox 565 3295 991 3365">
    <p class='ocr_par' dir='ltr' id='par_1_63' title="bbox 565 3295 991 3365">
     <span class='ocr_line' id='line_1_63' title="bbox 565 3295 991 3365; baseline 0 -16"><span class='ocrx_word' id='word_1_455' title='bbox 565 3295 755 3350; x_wconf 91' lang='lat' dir='ltr'><strong>habuit</strong></span> <span class='ocrx_word' id='word_1_456' title='bbox 786 3311 991 3365; x_wconf 87' lang='lat' dir='ltr'><strong>regum.</strong></span> 
     </span>
    </p>
   </div>
   <div class='ocr_carea' id='block_1_64' title="bbox 631 3387 2146 3460">
    <p class='ocr_par' dir='ltr' id='par_1_64' title="bbox 631 3387 2146 3460">
     <span class='ocr_line' id='line_1_64' title="bbox 631 3387 2146 3460; baseline 0.002 -17"><span class='ocrx_word' id='word_1_457' title='bbox 631 3388 749 3445; x_wconf 73' lang='lat' dir='ltr'><strong>XV.</strong></span> <span class='ocrx_word' id='word_1_458' title='bbox 802 3389 1129 3443; x_wconf 79' lang='lat' dir='ltr'><strong>Archinimus</strong></span> <span class='ocrx_word' id='word_1_459' title='bbox 1172 3393 1451 3458; x_wconf 75' lang='lat' dir='ltr'><strong>confessor.</strong></span> <span class='ocrx_word' id='word_1_460' title='bbox 1485 3418 1555 3427; x_wconf 87' lang='lat'><strong>——</strong></span> <span class='ocrx_word' id='word_1_461' title='bbox 1578 3387 1685 3445; x_wconf 89' lang='lat' dir='ltr'><strong>Sed</strong></span> <span class='ocrx_word' id='word_1_462' title='bbox 1734 3403 1834 3445; x_wconf 86' lang='lat' dir='ltr'><strong>nec</strong></span> <span class='ocrx_word' id='word_1_463' title='bbox 1861 3390 2146 3460; x_wconf 88' lang='lat' dir='ltr'><strong>quemdam</strong></span> 
     </span>
    </p>
   </div>
   <div class='ocr_carea' id='block_1_65' title="bbox 560 3482 2146 3556">
    <p class='ocr_par' dir='ltr' id='par_1_65' title="bbox 560 3482 2146 3556">
     <span class='ocr_line' id='line_1_65' title="bbox 560 3482 2146 3556; baseline 0.001 -15"><span class='ocrx_word' id='word_1_464' title='bbox 560 3482 588 3521; x_wconf 75' lang='grc' dir='ltr'><em>ά</em></span> <span class='ocrx_word' id='word_1_465' title='bbox 621 3482 992 3541; x_wconf 88' lang='lat' dir='ltr'><strong>Archinimum</strong></span> <span class='ocrx_word' id='word_1_466' title='bbox 1041 3483 1279 3550; x_wconf 87' lang='lat' dir='ltr'><strong>nomine,</strong></span> <span class='ocrx_word' id='word_1_467' title='bbox 1311 3483 1692 3550; x_wconf 78' lang='lat' dir='ltr'><strong>Masculanum,</strong></span> <span class='ocrx_word' id='word_1_468' title='bbox 1722 3483 1895 3540; x_wconf 89' lang='lat' dir='ltr'><strong>debeo</strong></span> <span class='ocrx_word' id='word_1_469' title='bbox 1925 3496 2146 3556; x_wconf 68' lang='lat' dir='ltr'><strong>praeter-</strong></span> 
     </span>
    </p>
   </div>
   <div class='ocr_carea' id='block_1_66' title="bbox 632 3640 2129 3717">
    <p class='ocr_par' dir='ltr' id='par_1_66' title="bbox 632 3640 2129 3717">
     <span class='ocr_line' id='line_1_66' title="bbox 632 3640 2129 3717; baseline -0.001 -14"><span class='ocrx_word' id='word_1_470' title='bbox 632 3658 655 3684; x_wconf 72' lang='grc' dir='ltr'>α</span> <span class='ocrx_word' id='word_1_471' title='bbox 700 3648 1079 3717; x_wconf 70' lang='grc' dir='ltr'>Βοιηιιηοτιιηι</span> <span class='ocrx_word' id='word_1_472' title='bbox 1105 3643 1323 3717; x_wconf 87' lang='lat' dir='ltr'><strong>nomine</strong></span> <span class='ocrx_word' id='word_1_473' title='bbox 1352 3640 1856 3717; x_wconf 10' lang='lat' dir='ltr'><strong>Catholicosifuisse</strong></span> <span class='ocrx_word' id='word_1_474' title='bbox 1885 3645 2129 3717; x_wconf 86' lang='lat' dir='ltr'><strong>designa-</strong></span> 
     </span>
    </p>
   </div>
   <div class='ocr_carea' id='block_1_67' title="bbox 562 3714 2135 3785">
    <p class='ocr_par' dir='ltr' id='par_1_67' title="bbox 562 3714 2135 3785">
     <span class='ocr_line' id='line_1_67' title="bbox 562 3714 2135 3785; baseline -0.001 -9"><span class='ocrx_word' id='word_1_475' title='bbox 562 3731 666 3785; x_wconf 90' lang='lat' dir='ltr'><strong>tos,</strong></span> <span class='ocrx_word' id='word_1_476' title='bbox 690 3716 1165 3775; x_wconf 66' lang='lat' dir='ltr'><strong>tumabhaereticis</strong></span> <span class='ocrx_word' id='word_1_477' title='bbox 1187 3715 1335 3785; x_wconf 90' lang='lat' dir='ltr'><strong>ipsis,</strong></span> <span class='ocrx_word' id='word_1_478' title='bbox 1369 3723 1427 3768; x_wconf 93' lang='lat' dir='ltr'><strong>ut</strong></span> <span class='ocrx_word' id='word_1_479' title='bbox 1453 3715 1502 3769; x_wconf 90' lang='lat' dir='ltr'><strong>in</strong></span> <span class='ocrx_word' id='word_1_480' title='bbox 1535 3714 1637 3769; x_wconf 92' lang='lat' dir='ltr'><strong>hoc</strong></span> <span class='ocrx_word' id='word_1_481' title='bbox 1667 3716 1808 3781; x_wconf 92' lang='lat' dir='ltr'><strong>loco,</strong></span> <span class='ocrx_word' id='word_1_482' title='bbox 1838 3724 1949 3771; x_wconf 92' lang='lat' dir='ltr'><strong>tum</strong></span> <span class='ocrx_word' id='word_1_483' title='bbox 1972 3714 2135 3773; x_wconf 74' lang='lat' dir='ltr'><strong>eiiam</strong></span> 
     </span>
    </p>
   </div>
   <div class='ocr_carea' id='block_1_68' title="bbox 557 3786 2139 3855">
    <p class='ocr_par' dir='ltr' id='par_1_68' title="bbox 557 3786 2139 3855">
     <span class='ocr_line' id='line_1_68' title="bbox 557 3786 2139 3855; baseline -0.002 -9"><span class='ocrx_word' id='word_1_484' title='bbox 557 3807 587 3846; x_wconf 92' lang='lat' dir='ltr'><strong>a</strong></span> <span class='ocrx_word' id='word_1_485' title='bbox 616 3789 892 3845; x_wconf 88' lang='lat' dir='ltr'><strong>catholicis</strong></span> <span class='ocrx_word' id='word_1_486' title='bbox 913 3786 1223 3843; x_wconf 90' lang='lat' dir='ltr'><strong>auctoribus</strong></span> <span class='ocrx_word' id='word_1_487' title='bbox 1238 3786 1431 3855; x_wconf 90' lang='lat' dir='ltr'><strong>probat</strong></span> <span class='ocrx_word' id='word_1_488' title='bbox 1460 3786 1641 3839; x_wconf 90' lang='lat' dir='ltr'><strong>multis</strong></span> <span class='ocrx_word' id='word_1_489' title='bbox 1663 3788 1930 3853; x_wconf 86' lang='lat' dir='ltr'><strong>exemplis</strong></span> <span class='ocrx_word' id='word_1_490' title='bbox 1956 3799 2139 3845; x_wconf 90' lang='lat' dir='ltr'><strong>noster</strong></span> 
     </span>
    </p>
   </div>
   <div class='ocr_carea' id='block_1_69' title="bbox 558 3855 2133 3927">
    <p class='ocr_par' dir='ltr' id='par_1_69' title="bbox 558 3855 2133 3927">
     <span class='ocr_line' id='line_1_69' title="bbox 558 3855 2133 3927; baseline -0.001 -11"><span class='ocrx_word' id='word_1_491' title='bbox 558 3861 897 3917; x_wconf 86' lang='lat' dir='ltr'><strong>Mabillonins</strong></span> <span class='ocrx_word' id='word_1_492' title='bbox 928 3859 982 3913; x_wconf 92' lang='lat' dir='ltr'><strong>in</strong></span> <span class='ocrx_word' id='word_1_493' title='bbox 1020 3857 1338 3927; x_wconf 61' lang='lat' dir='ltr'><strong>praefatione</strong></span> <span class='ocrx_word' id='word_1_494' title='bbox 1366 3856 1432 3909; x_wconf 92' lang='lat' dir='ltr'><strong>ad</strong></span> <span class='ocrx_word' id='word_1_495' title='bbox 1457 3855 1746 3927; x_wconf 83' lang='lat' dir='ltr'><strong>Liturgiam</strong></span> <span class='ocrx_word' id='word_1_496' title='bbox 1785 3855 2133 3915; x_wconf 88' lang='lat' dir='ltr'><strong>Gallicanam.</strong></span> 
     </span>
    </p>
   </div>
   <div class='ocr_carea' id='block_1_70' title="bbox 468 3925 2134 3998">
    <p class='ocr_par' dir='ltr' id='par_1_70' title="bbox 468 3925 2134 3998">
     <span class='ocr_line' id='line_1_70' title="bbox 468 3925 2134 3998; baseline -0.002 -11"><span class='ocrx_word' id='word_1_497' title='bbox 468 3934 476 3942; x_wconf 83' lang='lat'>&#39;</span> <span class='ocrx_word' id='word_1_498' title='bbox 556 3932 650 3987; x_wconf 72' lang='lat' dir='ltr'><strong>His</strong></span> <span class='ocrx_word' id='word_1_499' title='bbox 679 3925 1128 3998; x_wconf 28' lang='lat' dir='ltr'><strong>adjiciendus’est</strong></span> <span class='ocrx_word' id='word_1_500' title='bbox 1157 3925 1493 3998; x_wconf 81' lang='lat' dir='ltr'><strong>Theodosius</strong></span> <span class='ocrx_word' id='word_1_501' title='bbox 1526 3926 1724 3998; x_wconf 11' lang='lat' dir='ltr'><strong>‘Junior</strong></span> <span class='ocrx_word' id='word_1_502' title='bbox 1771 3928 2041 3997; x_wconf 84' lang='lat' dir='ltr'><strong>Augustus</strong></span> <span class='ocrx_word' id='word_1_503' title='bbox 2086 3932 2134 3985; x_wconf 91' lang='lat' dir='ltr'><strong>in</strong></span> 
     </span>
    </p>
   </div>
   <div class='ocr_carea' id='block_1_71' title="bbox 486 3996 2122 4069">
    <p class='ocr_par' dir='ltr' id='par_1_71' title="bbox 486 3996 2122 4069">
     <span class='ocr_line' id='line_1_71' title="bbox 486 3996 2122 4069; baseline -0.001 -12"><span class='ocrx_word' id='word_1_504' title='bbox 486 4010 487 4013; x_wconf 74' lang='lat'>‘</span> <span class='ocrx_word' id='word_1_505' title='bbox 556 3996 782 4069; x_wconf 79' lang='lat' dir='ltr'><strong>epistola</strong></span> <span class='ocrx_word' id='word_1_506' title='bbox 814 4000 879 4053; x_wconf 90' lang='lat' dir='ltr'><strong>ad</strong></span> <span class='ocrx_word' id='word_1_507' title='bbox 907 3997 1427 4069; x_wconf 19' lang='lat' dir='ltr'><strong>Acaciumialiosque</strong></span> <span class='ocrx_word' id='word_1_508' title='bbox 1452 3996 1732 4069; x_wconf 78' lang='lat' dir='ltr'><strong>episcopos</strong></span> <span class='ocrx_word' id='word_1_509' title='bbox 1759 4007 1814 4069; x_wconf 86' lang='lat' dir='ltr'><strong>et</strong></span> <span class='ocrx_word' id='word_1_510' title='bbox 1840 3996 2122 4055; x_wconf 86' lang='lat' dir='ltr'><strong>anachore-</strong></span> 
     </span>
    </p>
   </div>
   <div class='ocr_carea' id='block_1_72' title="bbox 556 4067 2141 4140">
    <p class='ocr_par' dir='ltr' id='par_1_72' title="bbox 556 4067 2141 4140">
     <span class='ocr_line' id='line_1_72' title="bbox 556 4067 2141 4140; baseline -0.002 -13"><span class='ocrx_word' id='word_1_511' title='bbox 556 4067 660 4139; x_wconf 82' lang='lat' dir='ltr'><strong>tas,</strong></span> <span class='ocrx_word' id='word_1_512' title='bbox 683 4086 800 4140; x_wconf 68' lang='lat' dir='ltr'><strong>quae</strong></span> <span class='ocrx_word' id='word_1_513' title='bbox 818 4071 870 4125; x_wconf 91' lang='lat' dir='ltr'><strong>in</strong></span> <span class='ocrx_word' id='word_1_514' title='bbox 893 4070 1122 4140; x_wconf 89' lang='lat' dir='ltr'><strong>concilio</strong></span> <span class='ocrx_word' id='word_1_515' title='bbox 1150 4068 1421 4140; x_wconf 73' lang='lat' dir='ltr'><strong>Ephesino</strong></span> <span class='ocrx_word' id='word_1_516' title='bbox 1449 4067 1697 4140; x_wconf 80' lang='lat' dir='ltr'><strong>refertur,</strong></span> <span class='ocrx_word' id='word_1_517' title='bbox 1718 4068 1809 4121; x_wconf 91' lang='lat' dir='ltr'><strong>ubi</strong></span> <span class='ocrx_word' id='word_1_518' title='bbox 1830 4083 1924 4123; x_wconf 91' lang='lat' dir='ltr'><strong>eos</strong></span> <span class='ocrx_word' id='word_1_519' title='bbox 1946 4070 2141 4124; x_wconf 92' lang='lat' dir='ltr'><strong>adhor-</strong></span> 
     </span>
    </p>
   </div>
   <div class='ocr_carea' id='block_1_73' title="bbox 557 4138 2140 4209">
    <p class='ocr_par' dir='ltr' id='par_1_73' title="bbox 557 4138 2140 4209">
     <span class='ocr_line' id='line_1_73' title="bbox 557 4138 2140 4209; baseline -0.001 -13"><span class='ocrx_word' id='word_1_520' title='bbox 557 4138 784 4197; x_wconf 34' lang='lat' dir='ltr'><strong>tatur—ut</strong></span> <span class='ocrx_word' id='word_1_521' title='bbox 820 4156 943 4195; x_wconf 87' lang='lat' dir='ltr'><strong>sese</strong></span> <span class='ocrx_word' id='word_1_522' title='bbox 985 4139 1222 4207; x_wconf 85' lang='lat' dir='ltr'><strong>probatos</strong></span> <span class='ocrx_word' id='word_1_523' title='bbox 1257 4138 1499 4191; x_wconf 69' lang='lat' dir='ltr'><strong>Romana!</strong></span> <span class='ocrx_word' id='word_1_524' title='bbox 1552 4138 1813 4209; x_wconf 79' lang='lat' dir='ltr'><strong>religionis</strong></span> <span class='ocrx_word' id='word_1_525' title='bbox 1855 4142 2140 4196; x_wconf 75' lang='lat' dir='ltr'><strong>sacerdotes</strong></span> 
     </span>
    </p>
   </div>
   <div class='ocr_carea' id='block_1_74' title="bbox 556 4209 2135 4268">
    <p class='ocr_par' dir='ltr' id='par_1_74' title="bbox 556 4209 2135 4268">
     <span class='ocr_line' id='line_1_74' title="bbox 556 4209 2135 4268; baseline -0.001 0"><span class='ocrx_word' id='word_1_526' title='bbox 556 4212 861 4268; x_wconf 82' lang='lat' dir='ltr'><strong>exhibeant.</strong></span> <span class='ocrx_word' id='word_1_527' title='bbox 902 4211 1032 4265; x_wconf 82' lang='lat' dir='ltr'><strong>Vide</strong></span> <span class='ocrx_word' id='word_1_528' title='bbox 1080 4209 1363 4263; x_wconf 87' lang='lat' dir='ltr'><strong>Baronium</strong></span> <span class='ocrx_word' id='word_1_529' title='bbox 1423 4218 1568 4263; x_wconf 87' lang='lat' dir='ltr'><strong>tomo</strong></span> <span class='ocrx_word' id='word_1_530' title='bbox 1610 4224 1639 4261; x_wconf 91' lang='lat' dir='ltr'><strong>v</strong></span> <span class='ocrx_word' id='word_1_531' title='bbox 1681 4210 1875 4263; x_wconf 86' lang='lat' dir='ltr'><strong>Annal.</strong></span> <span class='ocrx_word' id='word_1_532' title='bbox 1915 4211 1981 4265; x_wconf 91' lang='lat' dir='ltr'><strong>ad</strong></span> <span class='ocrx_word' id='word_1_533' title='bbox 2011 4226 2135 4266; x_wconf 90' lang='lat' dir='ltr'><strong>ann.</strong></span> 
     </span>
    </p>
   </div>
   <div class='ocr_carea' id='block_1_75' title="bbox 556 4279 2138 4347">
    <p class='ocr_par' dir='ltr' id='par_1_75' title="bbox 556 4279 2138 4347">
     <span class='ocr_line' id='line_1_75' title="bbox 556 4279 2138 4347; baseline -0.002 -8"><span class='ocrx_word' id='word_1_534' title='bbox 556 4285 662 4339; x_wconf 60' lang='grc' dir='ltr'><strong>ωε</strong></span> <span class='ocrx_word' id='word_1_535' title='bbox 703 4293 756 4338; x_wconf 90' lang='lat' dir='ltr'><strong>et</strong></span> <span class='ocrx_word' id='word_1_536' title='bbox 780 4282 907 4337; x_wconf 64' lang='lat'><strong>432.</strong></span> <span class='ocrx_word' id='word_1_537' title='bbox 942 4280 989 4335; x_wconf 91' lang='lat' dir='ltr'><strong>ls</strong></span> <span class='ocrx_word' id='word_1_538' title='bbox 1019 4290 1195 4334; x_wconf 89' lang='lat' dir='ltr'><strong>autem</strong></span> <span class='ocrx_word' id='word_1_539' title='bbox 1228 4294 1345 4333; x_wconf 87' lang='lat' dir='ltr'><strong>mos</strong></span> <span class='ocrx_word' id='word_1_540' title='bbox 1369 4279 1705 4347; x_wconf 86' lang='lat' dir='ltr'><strong>potissimum</strong></span> <span class='ocrx_word' id='word_1_541' title='bbox 1737 4280 1988 4346; x_wconf 88' lang='lat' dir='ltr'><strong>invaluit,</strong></span> <span class='ocrx_word' id='word_1_542' title='bbox 2018 4298 2138 4337; x_wconf 89' lang='lat' dir='ltr'><strong>cum</strong></span> 
     </span>
    </p>
   </div>
   <div class='ocr_carea' id='block_1_76' title="bbox 559 4349 2141 4422">
    <p class='ocr_par' dir='ltr' id='par_1_76' title="bbox 559 4349 2141 4422">
     <span class='ocr_line' id='line_1_76' title="bbox 559 4349 2141 4422; baseline -0.001 -13"><span class='ocrx_word' id='word_1_543' title='bbox 559 4354 766 4409; x_wconf 89' lang='lat' dir='ltr'><strong>barbari</strong></span> <span class='ocrx_word' id='word_1_544' title='bbox 797 4353 1011 4407; x_wconf 76' lang='lat' dir='ltr'><strong>Arianm</strong></span> <span class='ocrx_word' id='word_1_545' title='bbox 1027 4361 1187 4422; x_wconf 67' lang='lat' dir='ltr'><strong>sectae</strong></span> <span class='ocrx_word' id='word_1_546' title='bbox 1209 4350 1403 4422; x_wconf 82' lang='lat' dir='ltr'><strong>addicti</strong></span> <span class='ocrx_word' id='word_1_547' title='bbox 1419 4349 1670 4422; x_wconf 61' lang='lat' dir='ltr'><strong>[inmani</strong></span> <span class='ocrx_word' id='word_1_548' title='bbox 1689 4352 1898 4422; x_wconf 86' lang='lat' dir='ltr'><strong>Imperii</strong></span> <span class='ocrx_word' id='word_1_549' title='bbox 1922 4353 2141 4422; x_wconf 89' lang='lat' dir='ltr'><strong>provin-</strong></span> 
     </span>
    </p>
   </div>
   <div class='ocr_carea' id='block_1_77' title="bbox 557 4419 1878 4492">
    <p class='ocr_par' dir='ltr' id='par_1_77' title="bbox 557 4419 1878 4492">
     <span class='ocr_line' id='line_1_77' title="bbox 557 4419 1878 4492; baseline -0.002 -13"><span class='ocrx_word' id='word_1_550' title='bbox 557 4426 667 4481; x_wconf 85' lang='lat' dir='ltr'><strong>cias</strong></span> <span class='ocrx_word' id='word_1_551' title='bbox 694 4425 1057 4479; x_wconf 89' lang='lat' dir='ltr'><strong>devastaruut.</strong></span> <span class='ocrx_word' id='word_1_552' title='bbox 1082 4421 1217 4477; x_wconf 84' lang='lat' dir='ltr'><strong>Vide</strong></span> <span class='ocrx_word' id='word_1_553' title='bbox 1240 4421 1373 4492; x_wconf 78' lang='lat' dir='ltr'><strong>infra</strong></span> <span class='ocrx_word' id='word_1_554' title='bbox 1407 4419 1540 4492; x_wconf 83' lang='lat' dir='ltr'><strong>(Col.</strong></span> <span class='ocrx_word' id='word_1_555' title='bbox 1568 4421 1696 4486; x_wconf 74' lang='lat'><strong>255,</strong></span> <span class='ocrx_word' id='word_1_556' title='bbox 1721 4419 1779 4475; x_wconf 65' lang='lat' dir='ltr'><strong>n.</strong></span> <span class='ocrx_word' id='word_1_557' title='bbox 1803 4420 1878 4491; x_wconf 72' lang='grc' dir='ltr'><strong>ιι).</strong></span> 
     </span>
    </p>
   </div>
   <div class='ocr_carea' id='block_1_78' title="bbox 2257 3294 3834 3370">
    <p class='ocr_par' dir='ltr' id='par_1_78' title="bbox 2257 3294 3834 3370">
     <span class='ocr_line' id='line_1_78' title="bbox 2257 3294 3834 3370; baseline -0.006 -11"><span class='ocrx_word' id='word_1_558' title='bbox 2257 3306 2532 3359; x_wconf 90' lang='lat' dir='ltr'><strong>nesciente</strong></span> <span class='ocrx_word' id='word_1_559' title='bbox 2561 3303 2772 3369; x_wconf 91' lang='lat' dir='ltr'><strong>marito,</strong></span> <span class='ocrx_word' id='word_1_560' title='bbox 2808 3301 3025 3370; x_wconf 89' lang='lat' dir='ltr'><strong>petisse.</strong></span> <span class='ocrx_word' id='word_1_561' title='bbox 3058 3296 3279 3353; x_wconf 86' lang='lat' dir='ltr'><strong>Accedit</strong></span> <span class='ocrx_word' id='word_1_562' title='bbox 3330 3296 3396 3351; x_wconf 90' lang='lat' dir='ltr'><strong>ad</strong></span> <span class='ocrx_word' id='word_1_563' title='bbox 3448 3296 3695 3351; x_wconf 89' lang='lat' dir='ltr'><strong>maritum</strong></span> <span class='ocrx_word' id='word_1_564' title='bbox 3735 3294 3834 3349; x_wconf 89' lang='lat' dir='ltr'><strong>alia</strong></span> 
     </span>
    </p>
   </div>
   <div class='ocr_carea' id='block_1_79' title="bbox 2255 3385 3835 3463">
    <p class='ocr_par' dir='ltr' id='par_1_79' title="bbox 2255 3385 3835 3463">
     <span class='ocr_line' id='line_1_79' title="bbox 2255 3385 3835 3463; baseline -0.007 -12"><span class='ocrx_word' id='word_1_565' title='bbox 2255 3397 2364 3451; x_wconf 89' lang='lat' dir='ltr'><strong>Eva</strong></span> <span class='ocrx_word' id='word_1_566' title='bbox 2386 3394 2615 3450; x_wconf 91' lang='lat' dir='ltr'><strong>consilio</strong></span> <span class='ocrx_word' id='word_1_567' title='bbox 2644 3393 2951 3463; x_wconf 90' lang='lat' dir='ltr'><strong>magistrata</strong></span> <span class='ocrx_word' id='word_1_568' title='bbox 2978 3390 3242 3460; x_wconf 89' lang='lat' dir='ltr'><strong>serpentis</strong></span> <span class='ocrx_word' id='word_1_569' title='bbox 3278 3387 3433 3457; x_wconf 84' lang='lat' dir='ltr'><strong>(Gen.</strong></span> <span class='ocrx_word' id='word_1_570' title='bbox 3461 3388 3563 3457; x_wconf 87' lang='lat' dir='ltr'><strong>Ill).</strong></span> <span class='ocrx_word' id='word_1_571' title='bbox 3609 3386 3715 3443; x_wconf 89' lang='lat' dir='ltr'><strong>Sed</strong></span> <span class='ocrx_word' id='word_1_572' title='bbox 3748 3385 3835 3441; x_wconf 88' lang='lat' dir='ltr'><strong>ille</strong></span> 
     </span>
    </p>
   </div>
   <div class='ocr_carea' id='block_1_80' title="bbox 2255 3479 3835 3555">
    <p class='ocr_par' dir='ltr' id='par_1_80' title="bbox 2255 3479 3835 3555">
     <span class='ocr_line' id='line_1_80' title="bbox 2255 3479 3835 3555; baseline -0.008 -10"><span class='ocrx_word' id='word_1_573' title='bbox 2255 3490 2424 3545; x_wconf 88' lang='lat' dir='ltr'><strong>Adam</strong></span> <span class='ocrx_word' id='word_1_574' title='bbox 2456 3503 2563 3543; x_wconf 90' lang='lat' dir='ltr'><strong>non</strong></span> <span class='ocrx_word' id='word_1_575' title='bbox 2603 3486 2720 3553; x_wconf 82' lang='lat' dir='ltr'><strong>luit,</strong></span> <span class='ocrx_word' id='word_1_576' title='bbox 2750 3485 2838 3555; x_wconf 91' lang='lat' dir='ltr'><strong>qui</strong></span> <span class='ocrx_word' id='word_1_577' title='bbox 2872 3484 3183 3541; x_wconf 89' lang='lat' dir='ltr'><strong>illecebrosa</strong></span> <span class='ocrx_word' id='word_1_578' title='bbox 3227 3482 3319 3554; x_wconf 79' lang='grc' dir='ltr'><strong>[αι.</strong></span> <span class='ocrx_word' id='word_1_579' title='bbox 3358 3479 3501 3551; x_wconf 78' lang='lat' dir='ltr'><strong>vitae]</strong></span> <span class='ocrx_word' id='word_1_580' title='bbox 3534 3485 3706 3535; x_wconf 73' lang='lat' dir='ltr'><strong>vetitae</strong></span> <span class='ocrx_word' id='word_1_581' title='bbox 3747 3494 3835 3533; x_wconf 89' lang='lat' dir='ltr'><strong>ar-</strong></span> 
     </span>
    </p>
   </div>
   <div class='ocr_carea' id='block_1_81' title="bbox 2244 3644 3830 3719">
    <p class='ocr_par' dir='ltr' id='par_1_81' title="bbox 2244 3644 3830 3719">
     <span class='ocr_line' id='line_1_81' title="bbox 2244 3644 3830 3719; baseline -0.004 -16"><span class='ocrx_word' id='word_1_582' title='bbox 2244 3647 2629 3719; x_wconf 83' lang='lat' dir='ltr'><strong>autographum</strong></span> <span class='ocrx_word' id='word_1_583' title='bbox 2654 3662 2823 3719; x_wconf 84' lang='lat' dir='ltr'><strong>penes</strong></span> <span class='ocrx_word' id='word_1_584' title='bbox 2835 3662 2931 3719; x_wconf 88' lang='lat' dir='ltr'><strong>nos</strong></span> <span class='ocrx_word' id='word_1_585' title='bbox 2956 3646 3235 3707; x_wconf 87' lang='lat' dir='ltr'><strong>habemus,</strong></span> <span class='ocrx_word' id='word_1_586' title='bbox 3259 3645 3451 3719; x_wconf 73' lang='lat' dir='ltr'><strong>legitur</strong></span> <span class='ocrx_word' id='word_1_587' title='bbox 3472 3644 3796 3719; x_wconf 48' lang='lat' dir='ltr'><strong>Archiminus</strong></span> <span class='ocrx_word' id='word_1_588' title='bbox 3811 3661 3830 3708; x_wconf 85' lang='lat'><strong>;</strong></span> 
     </span>
    </p>
   </div>
   <div class='ocr_carea' id='block_1_82' title="bbox 2242 3714 3830 3789">
    <p class='ocr_par' dir='ltr' id='par_1_82' title="bbox 2242 3714 3830 3789">
     <span class='ocr_line' id='line_1_82' title="bbox 2242 3714 3830 3789; baseline -0.008 -14"><span class='ocrx_word' id='word_1_589' title='bbox 2242 3714 2401 3789; x_wconf 76' lang='lat' dir='ltr'><strong>quam</strong></span> <span class='ocrx_word' id='word_1_590' title='bbox 2434 3714 2719 3775; x_wconf 77' lang='lat' dir='ltr'><strong>lectionem</strong></span> <span class='ocrx_word' id='word_1_591' title='bbox 2743 3718 2999 3773; x_wconf 83' lang='lat' dir='ltr'><strong>exhibent</strong></span> <span class='ocrx_word' id='word_1_592' title='bbox 3022 3726 3251 3789; x_wconf 81' lang='lat' dir='ltr'><strong>quatuor</strong></span> <span class='ocrx_word' id='word_1_593' title='bbox 3281 3715 3405 3789; x_wconf 82' lang='lat' dir='ltr'><strong>item</strong></span> <span class='ocrx_word' id='word_1_594' title='bbox 3434 3714 3535 3789; x_wconf 80' lang='lat' dir='ltr'><strong>alia</strong></span> <span class='ocrx_word' id='word_1_595' title='bbox 3562 3722 3830 3789; x_wconf 75' lang='lat' dir='ltr'><strong>martyru-</strong></span> 
     </span>
    </p>
   </div>
   <div class='ocr_carea' id='block_1_83' title="bbox 2242 3785 3831 3860">
    <p class='ocr_par' dir='ltr' id='par_1_83' title="bbox 2242 3785 3831 3860">
     <span class='ocr_line' id='line_1_83' title="bbox 2242 3785 3831 3860; baseline -0.004 -14"><span class='ocrx_word' id='word_1_596' title='bbox 2242 3785 2401 3860; x_wconf 77' lang='lat' dir='ltr'><strong>logia,</strong></span> <span class='ocrx_word' id='word_1_597' title='bbox 2444 3806 2471 3843; x_wconf 88' lang='lat' dir='ltr'><strong>a</strong></span> <span class='ocrx_word' id='word_1_598' title='bbox 2528 3790 2887 3860; x_wconf 84' lang='lat' dir='ltr'><strong>Bollandianis</strong></span> <span class='ocrx_word' id='word_1_599' title='bbox 2938 3785 3139 3860; x_wconf 23' lang='lat' dir='ltr'><strong>die’29</strong></span> <span class='ocrx_word' id='word_1_600' title='bbox 3167 3786 3611 3860; x_wconf 61' lang='lat' dir='ltr'><strong>Martiidaudata.</strong></span> <span class='ocrx_word' id='word_1_601' title='bbox 3649 3785 3831 3839; x_wconf 74' lang='lat' dir='ltr'><strong>Codex</strong></span> 
     </span>
    </p>
   </div>
   <div class='ocr_carea' id='block_1_84' title="bbox 2242 3856 3825 3924">
    <p class='ocr_par' dir='ltr' id='par_1_84' title="bbox 2242 3856 3825 3924">
     <span class='ocr_line' id='line_1_84' title="bbox 2242 3856 3825 3924; baseline -0.004 -9"><span class='ocrx_word' id='word_1_602' title='bbox 2242 3856 2586 3916; x_wconf 77' lang='lat' dir='ltr'><strong>Colbertinus</strong></span> <span class='ocrx_word' id='word_1_603' title='bbox 2606 3858 2896 3924; x_wconf 88' lang='lat' dir='ltr'><strong>secundus,</strong></span> <span class='ocrx_word' id='word_1_604' title='bbox 2913 3858 3307 3912; x_wconf 83' lang='lat' dir='ltr'><strong>Archiminium.</strong></span> <span class='ocrx_word' id='word_1_605' title='bbox 3324 3856 3632 3910; x_wconf 84' lang='lat' dir='ltr'><strong>Notkherus</strong></span> <span class='ocrx_word' id='word_1_606' title='bbox 3654 3865 3825 3909; x_wconf 82' lang='lat' dir='ltr'><strong>autem</strong></span> 
     </span>
    </p>
   </div>
   <div class='ocr_carea' id='block_1_85' title="bbox 2244 3925 3825 4003">
    <p class='ocr_par' dir='ltr' id='par_1_85' title="bbox 2244 3925 3825 4003">
     <span class='ocr_line' id='line_1_85' title="bbox 2244 3925 3825 4003; baseline -0.004 -17"><span class='ocrx_word' id='word_1_607' title='bbox 2244 3932 2296 3986; x_wconf 90' lang='lat' dir='ltr'><strong>in</strong></span> <span class='ocrx_word' id='word_1_608' title='bbox 2324 3932 2707 4003; x_wconf 79' lang='lat' dir='ltr'><strong>martyrologio</strong></span> <span class='ocrx_word' id='word_1_609' title='bbox 2735 3932 2839 4002; x_wconf 76' lang='lat'><strong>72</strong></span> <span class='ocrx_word' id='word_1_610' title='bbox 2862 3930 3061 4003; x_wconf 12' lang='lat' dir='ltr'><strong>quodin</strong></span> <span class='ocrx_word' id='word_1_611' title='bbox 3098 3927 3313 4003; x_wconf 73' lang='lat' dir='ltr'><strong>Canisio</strong></span> <span class='ocrx_word' id='word_1_612' title='bbox 3340 3938 3484 4003; x_wconf 81' lang='lat' dir='ltr'><strong>tomo</strong></span> <span class='ocrx_word' id='word_1_613' title='bbox 3505 3925 3568 4003; x_wconf 66' lang='lat' dir='ltr'><strong>Vl</strong></span> <span class='ocrx_word' id='word_1_614' title='bbox 3595 3927 3825 4003; x_wconf 66' lang='lat' dir='ltr'><strong>antiqua:</strong></span> 
     </span>
    </p>
   </div>
   <div class='ocr_carea' id='block_1_86' title="bbox 2246 3997 3825 4073">
    <p class='ocr_par' dir='ltr' id='par_1_86' title="bbox 2246 3997 3825 4073">
     <span class='ocr_line' id='line_1_86' title="bbox 2246 3997 3825 4073; baseline -0.004 -17"><span class='ocrx_word' id='word_1_615' title='bbox 2246 3997 2490 4057; x_wconf 79' lang='lat' dir='ltr'><strong>lectionis</strong></span> <span class='ocrx_word' id='word_1_616' title='bbox 2515 3997 2912 4073; x_wconf 55' lang='lat' dir='ltr'><strong>vulgatum—Est,</strong></span> <span class='ocrx_word' id='word_1_617' title='bbox 2940 4000 3099 4073; x_wconf 79' lang='lat' dir='ltr'><strong>habet</strong></span> <span class='ocrx_word' id='word_1_618' title='bbox 3125 3999 3486 4073; x_wconf 68' lang='lat' dir='ltr'><strong>Archintimns.</strong></span> <span class='ocrx_word' id='word_1_619' title='bbox 3510 3998 3640 4073; x_wconf 59' lang='lat' dir='ltr'><strong>Quae</strong></span> <span class='ocrx_word' id='word_1_620' title='bbox 3665 3997 3825 4073; x_wconf 75' lang='lat' dir='ltr'><strong>lectio</strong></span> 
     </span>
    </p>
   </div>
   <div class='ocr_carea' id='block_1_87' title="bbox 2249 4066 3827 4133">
    <p class='ocr_par' dir='ltr' id='par_1_87' title="bbox 2249 4066 3827 4133">
     <span class='ocr_line' id='line_1_87' title="bbox 2249 4066 3827 4133; baseline -0.003 -6"><span class='ocrx_word' id='word_1_621' title='bbox 2249 4084 2332 4127; x_wconf 90' lang='lat' dir='ltr'><strong>est</strong></span> <span class='ocrx_word' id='word_1_622' title='bbox 2348 4075 2507 4127; x_wconf 88' lang='lat' dir='ltr'><strong>etiam</strong></span> <span class='ocrx_word' id='word_1_623' title='bbox 2542 4066 2742 4128; x_wconf 79' lang='lat' dir='ltr'><strong>codicis</strong></span> <span class='ocrx_word' id='word_1_624' title='bbox 2776 4072 2916 4127; x_wconf 89' lang='lat' dir='ltr'><strong>tertii</strong></span> <span class='ocrx_word' id='word_1_625' title='bbox 2959 4069 3281 4127; x_wconf 69' lang='lat' dir='ltr'><strong>Colbertinze</strong></span> <span class='ocrx_word' id='word_1_626' title='bbox 3323 4067 3662 4123; x_wconf 66' lang='lat' dir='ltr'><strong>bibliothecae</strong></span> <span class='ocrx_word' id='word_1_627' title='bbox 3687 4110 3702 4133; x_wconf 91' lang='lat'><strong>,</strong></span> <span class='ocrx_word' id='word_1_628' title='bbox 3737 4066 3827 4122; x_wconf 87' lang='lat' dir='ltr'><strong>sed</strong></span> 
     </span>
    </p>
   </div>
   <div class='ocr_carea' id='block_1_88' title="bbox 2249 4139 3909 4212">
    <p class='ocr_par' dir='ltr' id='par_1_88' title="bbox 2249 4139 3909 4212">
     <span class='ocr_line' id='line_1_88' title="bbox 2249 4139 3909 4212; baseline -0.004 -15"><span class='ocrx_word' id='word_1_629' title='bbox 2249 4145 2488 4197; x_wconf 78' lang='lat' dir='ltr'><strong>omnium</strong></span> <span class='ocrx_word' id='word_1_630' title='bbox 2520 4144 2853 4198; x_wconf 85' lang='lat' dir='ltr'><strong>recentioris.</strong></span> <span class='ocrx_word' id='word_1_631' title='bbox 2890 4141 3322 4212; x_wconf 81' lang='lat' dir='ltr'><strong>Martyrologium</strong></span> <span class='ocrx_word' id='word_1_632' title='bbox 3349 4140 3645 4194; x_wconf 87' lang='lat' dir='ltr'><strong>Leodiense</strong></span> <span class='ocrx_word' id='word_1_633' title='bbox 3674 4139 3828 4208; x_wconf 81' lang='lat' dir='ltr'><strong>Argi-</strong></span> <span class='ocrx_word' id='word_1_634' title='bbox 3900 4162 3909 4179; x_wconf 63' lang='grc' dir='ltr'>ε</span> 
     </span>
    </p>
   </div>
   <div class='ocr_carea' id='block_1_89' title="bbox 2249 4212 3828 4283">
    <p class='ocr_par' dir='ltr' id='par_1_89' title="bbox 2249 4212 3828 4283">
     <span class='ocr_line' id='line_1_89' title="bbox 2249 4212 3828 4283; baseline -0.004 -16"><span class='ocrx_word' id='word_1_635' title='bbox 2249 4216 2445 4267; x_wconf 81' lang='lat' dir='ltr'><strong>nimum</strong></span> <span class='ocrx_word' id='word_1_636' title='bbox 2473 4228 2592 4269; x_wconf 89' lang='lat' dir='ltr'><strong>eum</strong></span> <span class='ocrx_word' id='word_1_637' title='bbox 2623 4214 2875 4283; x_wconf 82' lang='lat' dir='ltr'><strong>appellat.</strong></span> <span class='ocrx_word' id='word_1_638' title='bbox 2900 4213 3016 4267; x_wconf 87' lang='lat' dir='ltr'><strong>Jam</strong></span> <span class='ocrx_word' id='word_1_639' title='bbox 3055 4228 3184 4267; x_wconf 85' lang='lat' dir='ltr'><strong>vero</strong></span> <span class='ocrx_word' id='word_1_640' title='bbox 3212 4212 3491 4283; x_wconf 5' lang='lat' dir='ltr'><strong>exemplar,</strong></span> <span class='ocrx_word' id='word_1_641' title='bbox 3514 4219 3777 4283; x_wconf 73' lang='lat' dir='ltr'><strong>vetustum</strong></span> <span class='ocrx_word' id='word_1_642' title='bbox 3799 4223 3828 4261; x_wconf 90' lang='lat' dir='ltr'><strong>a</strong></span> 
     </span>
    </p>
   </div>
   <div class='ocr_carea' id='block_1_90' title="bbox 2252 4280 3827 4348">
    <p class='ocr_par' dir='ltr' id='par_1_90' title="bbox 2252 4280 3827 4348">
     <span class='ocr_line' id='line_1_90' title="bbox 2252 4280 3827 4348; baseline -0.003 -11"><span class='ocrx_word' id='word_1_643' title='bbox 2252 4284 2480 4339; x_wconf 83' lang='lat' dir='ltr'><strong>Baronin</strong></span> <span class='ocrx_word' id='word_1_644' title='bbox 2505 4280 2776 4340; x_wconf 39' lang='lat' dir='ltr'><strong>lauda—tum</strong></span> <span class='ocrx_word' id='word_1_645' title='bbox 2810 4284 2969 4337; x_wconf 87' lang='lat' dir='ltr'><strong>habet</strong></span> <span class='ocrx_word' id='word_1_646' title='bbox 2995 4283 3371 4337; x_wconf 85' lang='lat' dir='ltr'><strong>Masculammt.</strong></span> <span class='ocrx_word' id='word_1_647' title='bbox 3400 4280 3495 4336; x_wconf 93' lang='lat' dir='ltr'><strong>Cui</strong></span> <span class='ocrx_word' id='word_1_648' title='bbox 3529 4280 3827 4348; x_wconf 69' lang='lat' dir='ltr'><strong>suifragan-</strong></span> 
     </span>
    </p>
   </div>
   <div class='ocr_carea' id='block_1_91' title="bbox 2249 4349 3828 4420">
    <p class='ocr_par' dir='ltr' id='par_1_91' title="bbox 2249 4349 3828 4420">
     <span class='ocr_line' id='line_1_91' title="bbox 2249 4349 3828 4420; baseline -0.002 -11"><span class='ocrx_word' id='word_1_649' title='bbox 2249 4364 2335 4409; x_wconf 91' lang='lat' dir='ltr'><strong>tur</strong></span> <span class='ocrx_word' id='word_1_650' title='bbox 2367 4356 2549 4409; x_wconf 76' lang='lat' dir='ltr'><strong>mss.2</strong></span> <span class='ocrx_word' id='word_1_651' title='bbox 2596 4356 2749 4409; x_wconf 90' lang='lat' dir='ltr'><strong>Colb.</strong></span> <span class='ocrx_word' id='word_1_652' title='bbox 2780 4365 2833 4409; x_wconf 91' lang='lat' dir='ltr'><strong>et</strong></span> <span class='ocrx_word' id='word_1_653' title='bbox 2860 4354 2988 4408; x_wconf 90' lang='lat' dir='ltr'><strong>edit.</strong></span> <span class='ocrx_word' id='word_1_654' title='bbox 3022 4352 3264 4407; x_wconf 83' lang='lat' dir='ltr'><strong>Rhenani</strong></span> <span class='ocrx_word' id='word_1_655' title='bbox 3287 4394 3301 4415; x_wconf 91' lang='lat'><strong>,</strong></span> <span class='ocrx_word' id='word_1_656' title='bbox 3335 4350 3609 4414; x_wconf 89' lang='lat' dir='ltr'><strong>Balduini,</strong></span> <span class='ocrx_word' id='word_1_657' title='bbox 3660 4349 3828 4420; x_wconf 85' lang='lat' dir='ltr'><strong>Bignii</strong></span> 
     </span>
    </p>
   </div>
   <div class='ocr_carea' id='block_1_92' title="bbox 2254 4421 3824 4496">
    <p class='ocr_par' dir='ltr' id='par_1_92' title="bbox 2254 4421 3824 4496">
     <span class='ocr_line' id='line_1_92' title="bbox 2254 4421 3824 4496; baseline -0.004 -15"><span class='ocrx_word' id='word_1_658' title='bbox 2254 4437 2307 4481; x_wconf 88' lang='lat' dir='ltr'><strong>et</strong></span> <span class='ocrx_word' id='word_1_659' title='bbox 2338 4425 2525 4481; x_wconf 91' lang='lat' dir='ltr'><strong>Colon.</strong></span> <span class='ocrx_word' id='word_1_660' title='bbox 2550 4466 2563 4489; x_wconf 87' lang='lat'><strong>,</strong></span> <span class='ocrx_word' id='word_1_661' title='bbox 2594 4427 2680 4480; x_wconf 89' lang='lat' dir='ltr'><strong>ubi</strong></span> <span class='ocrx_word' id='word_1_662' title='bbox 2719 4426 2909 4496; x_wconf 89' lang='lat' dir='ltr'><strong>legitur</strong></span> <span class='ocrx_word' id='word_1_663' title='bbox 2942 4424 3231 4479; x_wconf 81' lang='lat' dir='ltr'><strong>Masculan.</strong></span> <span class='ocrx_word' id='word_1_664' title='bbox 3264 4423 3472 4496; x_wconf 63' lang='lat' dir='ltr'><strong>Martinf</strong></span> <span class='ocrx_word' id='word_1_665' title='bbox 3495 4421 3659 4496; x_wconf 80' lang='lat' dir='ltr'><strong>habet</strong></span> <span class='ocrx_word' id='word_1_666' title='bbox 3688 4422 3824 4475; x_wconf 76' lang='lat' dir='ltr'><strong>uas-</strong></span> 
     </span>
    </p>
   </div>
   <div class='ocr_carea' id='block_1_93' title="bbox 628 4474 3828 4563">
    <p class='ocr_par' dir='ltr' id='par_1_93' title="bbox 628 4474 3828 4563">
     <span class='ocr_line' id='line_1_93' title="bbox 628 4474 3828 4563; baseline -0.001 -13"><span class='ocrx_word' id='word_1_667' title='bbox 628 4474 665 4535; x_wconf 54' lang='grc' dir='ltr'><em>ἶ</em></span> <span class='ocrx_word' id='word_1_668' title='bbox 1189 4474 1246 4546; x_wconf 82' lang='lat' dir='ltr'><strong>et</strong></span> <span class='ocrx_word' id='word_1_669' title='bbox 1295 4474 1767 4557; x_wconf 31' lang='lat' dir='ltr'><strong>LorichiussA&#39;lii,</strong></span> <span class='ocrx_word' id='word_1_670' title='bbox 1816 4474 1907 4547; x_wconf 68' lang='grc' dir='ltr'><strong>εἰῶ</strong></span> <span class='ocrx_word' id='word_1_671' title='bbox 1949 4494 2149 4563; x_wconf 71' lang='lat' dir='ltr'><strong>siliqua:</strong></span> <span class='ocrx_word' id='word_1_672' title='bbox 2176 4474 2226 4533; x_wconf 80' lang='grc' dir='ltr'><strong>Ῑ)</strong></span> <span class='ocrx_word' id='word_1_673' title='bbox 2252 4474 3703 4563; x_wconf 24' lang='lat' dir='ltr'><strong>“Avrchinimunt</strong></span> <span class='ocrx_word' id='word_1_674' title='bbox 3737 4474 3828 4546; x_wconf 85' lang='lat' dir='ltr'><strong>no-</strong></span> 
     </span>
    </p>
   </div>
   <div class='ocr_carea' id='block_1_94' title="bbox 616 4568 875 4621">
    <p class='ocr_par' dir='ltr' id='par_1_94' title="bbox 616 4568 875 4621">
     <span class='ocr_line' id='line_1_94' title="bbox 616 4568 875 4621; baseline -0.012 0"><span class='ocrx_word' id='word_1_675' title='bbox 616 4568 752 4621; x_wconf 79' lang='lat' dir='ltr'><strong>bore.</strong></span> <span class='ocrx_word' id='word_1_676' title='bbox 770 4575 875 4621; x_wconf 92' lang='lat' dir='ltr'><strong>etc.</strong></span> 
     </span>
    </p>
   </div>
   <div class='ocr_carea' id='block_1_95' title="bbox 557 4581 2143 4704">
    <p class='ocr_par' dir='ltr' id='par_1_95' title="bbox 557 4581 2143 4704">
     <span class='ocr_line' id='line_1_95' title="bbox 557 4581 875 4622; baseline -0.013 0"><span class='ocrx_word' id='word_1_677' title='bbox 557 4585 588 4622; x_wconf 91' lang='lat' dir='ltr'><strong>a</strong></span> <span class='ocrx_word' id='word_1_678' title='bbox 616 4581 733 4622; x_wconf 77' lang='grc' dir='ltr'><strong>σοι-ε</strong></span> <span class='ocrx_word' id='word_1_679' title='bbox 770 4581 875 4621; x_wconf 92' lang='lat' dir='ltr'><strong>etc.</strong></span> 
     </span>
     <span class='ocr_line' id='line_1_96' title="bbox 590 4586 2143 4704; baseline -0.003 -11"><span class='ocrx_word' id='word_1_680' title='bbox 590 4586 658 4677; x_wconf 39' lang='lat' dir='ltr'><strong>re</strong></span> <span class='ocrx_word' id='word_1_681' title='bbox 700 4608 776 4693; x_wconf 55' lang='lat' dir='ltr'><strong>E’x</strong></span> <span class='ocrx_word' id='word_1_682' title='bbox 805 4628 908 4692; x_wconf 81' lang='lat' dir='ltr'><strong>hac</strong></span> <span class='ocrx_word' id='word_1_683' title='bbox 938 4649 1070 4689; x_wconf 90' lang='lat' dir='ltr'><strong>voce</strong></span> <span class='ocrx_word' id='word_1_684' title='bbox 1100 4634 1312 4689; x_wconf 84' lang='lat' dir='ltr'><strong>occasio</strong></span> <span class='ocrx_word' id='word_1_685' title='bbox 1343 4643 1553 4704; x_wconf 89' lang='lat' dir='ltr'><strong>sumpta</strong></span> <span class='ocrx_word' id='word_1_686' title='bbox 1581 4642 1665 4688; x_wconf 93' lang='lat' dir='ltr'><strong>est</strong></span> <span class='ocrx_word' id='word_1_687' title='bbox 1688 4634 2061 4704; x_wconf 76' lang='lat' dir='ltr'><strong>Armogastem</strong></span> <span class='ocrx_word' id='word_1_688' title='bbox 2093 4637 2143 4690; x_wconf 90' lang='lat' dir='ltr'><strong>in</strong></span> 
     </span>
    </p>
   </div>
   <div class='ocr_carea' id='block_1_96' title="bbox 556 4702 2143 4777">
    <p class='ocr_par' dir='ltr' id='par_1_96' title="bbox 556 4702 2143 4777">
     <span class='ocr_line' id='line_1_97' title="bbox 556 4702 2143 4777; baseline -0.001 -12"><span class='ocrx_word' id='word_1_689' title='bbox 556 4710 802 4766; x_wconf 79' lang='lat' dir='ltr'><strong>Romano</strong></span> <span class='ocrx_word' id='word_1_690' title='bbox 854 4705 1233 4777; x_wconf 85' lang='lat' dir='ltr'><strong>Martyrologio</strong></span> <span class='ocrx_word' id='word_1_691' title='bbox 1279 4702 1511 4759; x_wconf 77' lang='lat' dir='ltr'><strong>comitant</strong></span> <span class='ocrx_word' id='word_1_692' title='bbox 1561 4702 1890 4775; x_wconf 82' lang='lat' dir='ltr'><strong>appellandi,</strong></span> <span class='ocrx_word' id='word_1_693' title='bbox 1943 4705 2029 4761; x_wconf 89' lang='lat' dir='ltr'><strong>die</strong></span> <span class='ocrx_word' id='word_1_694' title='bbox 2073 4708 2143 4764; x_wconf 70' lang='lat'><strong>29</strong></span> 
     </span>
    </p>
   </div>
   <div class='ocr_carea' id='block_1_97' title="bbox 556 4776 2145 4848">
    <p class='ocr_par' dir='ltr' id='par_1_97' title="bbox 556 4776 2145 4848">
     <span class='ocr_line' id='line_1_98' title="bbox 556 4776 2145 4848; baseline -0.003 -12"><span class='ocrx_word' id='word_1_695' title='bbox 556 4780 729 4836; x_wconf 82' lang='lat' dir='ltr'><strong>Martii</strong></span> <span class='ocrx_word' id='word_1_696' title='bbox 756 4819 771 4845; x_wconf 91' lang='lat'><strong>,</strong></span> <span class='ocrx_word' id='word_1_697' title='bbox 814 4780 964 4848; x_wconf 89' lang='lat' dir='ltr'><strong>quasi</strong></span> <span class='ocrx_word' id='word_1_698' title='bbox 988 4776 1068 4831; x_wconf 77' lang='lat' dir='ltr'><strong>vir</strong></span> <span class='ocrx_word' id='word_1_699' title='bbox 1096 4778 1197 4831; x_wconf 86' lang='lat' dir='ltr'><strong>iste</strong></span> <span class='ocrx_word' id='word_1_700' title='bbox 1218 4786 1433 4831; x_wconf 88' lang='lat' dir='ltr'><strong>sanctus</strong></span> <span class='ocrx_word' id='word_1_701' title='bbox 1461 4777 1729 4829; x_wconf 81' lang='lat' dir='ltr'><strong>comitatus</strong></span> <span class='ocrx_word' id='word_1_702' title='bbox 1754 4776 2013 4845; x_wconf 86' lang='lat' dir='ltr'><strong>dignitate</strong></span> <span class='ocrx_word' id='word_1_703' title='bbox 2042 4779 2145 4833; x_wconf 84' lang='lat' dir='ltr'><strong>ali-</strong></span> 
     </span>
    </p>
   </div>
   <div class='ocr_carea' id='block_1_98' title="bbox 555 4848 2140 4918">
    <p class='ocr_par' dir='ltr' id='par_1_98' title="bbox 555 4848 2140 4918">
     <span class='ocr_line' id='line_1_99' title="bbox 555 4848 2140 4918; baseline -0.002 -12"><span class='ocrx_word' id='word_1_704' title='bbox 555 4852 769 4918; x_wconf 89' lang='lat' dir='ltr'><strong>quando</strong></span> <span class='ocrx_word' id='word_1_705' title='bbox 784 4848 1261 4918; x_wconf 87' lang='lat' dir='ltr'><strong>l‘ueritiusignitus.</strong></span> <span class='ocrx_word' id='word_1_706' title='bbox 1283 4850 1352 4903; x_wconf 84' lang='lat' dir='ltr'><strong>At</strong></span> <span class='ocrx_word' id='word_1_707' title='bbox 1377 4848 1528 4901; x_wconf 88' lang='lat' dir='ltr'><strong>fallar</strong></span> <span class='ocrx_word' id='word_1_708' title='bbox 1550 4848 1595 4900; x_wconf 88' lang='lat' dir='ltr'><strong>si</strong></span> <span class='ocrx_word' id='word_1_709' title='bbox 1628 4862 1790 4901; x_wconf 84' lang='lat' dir='ltr'><strong>voces</strong></span> <span class='ocrx_word' id='word_1_710' title='bbox 1818 4848 1941 4913; x_wconf 65' lang='lat' dir='ltr'><strong>illae,</strong></span> <span class='ocrx_word' id='word_1_711' title='bbox 1972 4864 2140 4903; x_wconf 83' lang='lat' dir='ltr'><strong>comes</strong></span> 
     </span>
    </p>
   </div>
   <div class='ocr_carea' id='block_1_99' title="bbox 555 4919 2136 4988">
    <p class='ocr_par' dir='ltr' id='par_1_99' title="bbox 555 4919 2136 4988">
     <span class='ocr_line' id='line_1_100' title="bbox 555 4919 2136 4988; baseline -0.001 -13"><span class='ocrx_word' id='word_1_712' title='bbox 555 4924 697 4977; x_wconf 71' lang='lat' dir='ltr'><strong>bona:</strong></span> <span class='ocrx_word' id='word_1_713' title='bbox 726 4921 1090 4988; x_wconf 77' lang='lat' dir='ltr'><strong>confessionis,</strong></span> <span class='ocrx_word' id='word_1_714' title='bbox 1115 4919 1259 4973; x_wconf 83' lang='lat' dir='ltr'><strong>aliud</strong></span> <span class='ocrx_word' id='word_1_715' title='bbox 1282 4920 1368 4973; x_wconf 92' lang='lat' dir='ltr'><strong>hic</strong></span> <span class='ocrx_word' id='word_1_716' title='bbox 1403 4920 1612 4985; x_wconf 79' lang='lat' dir='ltr'><strong>signent</strong></span> <span class='ocrx_word' id='word_1_717' title='bbox 1636 4933 1793 4987; x_wconf 90' lang='lat' dir='ltr'><strong>quam</strong></span> <span class='ocrx_word' id='word_1_718' title='bbox 1818 4920 1871 4972; x_wconf 88' lang='lat' dir='ltr'><strong>in</strong></span> <span class='ocrx_word' id='word_1_719' title='bbox 1906 4927 1999 4973; x_wconf 90' lang='lat' dir='ltr'><strong>aut</strong></span> <span class='ocrx_word' id='word_1_720' title='bbox 2018 4935 2136 4973; x_wconf 81' lang='lat' dir='ltr'><strong>cum</strong></span> 
     </span>
    </p>
   </div>
   <div class='ocr_carea' id='block_1_100' title="bbox 557 4989 2135 5063">
    <p class='ocr_par' dir='ltr' id='par_1_100' title="bbox 557 4989 2135 5063">
     <span class='ocr_line' id='line_1_101' title="bbox 557 4989 2135 5063; baseline 0 -18"><span class='ocrx_word' id='word_1_721' title='bbox 557 4993 685 5046; x_wconf 87' lang='lat' dir='ltr'><strong>bona</strong></span> <span class='ocrx_word' id='word_1_722' title='bbox 710 4994 1041 5063; x_wconf 75' lang='lat' dir='ltr'><strong>confessione.</strong></span> <span class='ocrx_word' id='word_1_723' title='bbox 1070 4990 1225 5045; x_wconf 88' lang='lat' dir='ltr'><strong>Unde</strong></span> <span class='ocrx_word' id='word_1_724' title='bbox 1256 4990 1392 5055; x_wconf 83' lang='lat' dir='ltr'><strong>Ado,</strong></span> <span class='ocrx_word' id='word_1_725' title='bbox 1417 4989 1690 5063; x_wconf 79' lang='lat' dir='ltr'><strong>Usuardus</strong></span> <span class='ocrx_word' id='word_1_726' title='bbox 1712 4989 2135 5063; x_wconf 27' lang='lat' dir='ltr'><strong>aliiqueAveteres</strong></span> 
     </span>
    </p>
   </div>
   <div class='ocr_carea' id='block_1_101' title="bbox 538 5059 2133 5132">
    <p class='ocr_par' dir='ltr' id='par_1_101' title="bbox 538 5059 2133 5132">
     <span class='ocr_line' id='line_1_102' title="bbox 538 5059 2133 5132; baseline -0.001 -15"><span class='ocrx_word' id='word_1_727' title='bbox 538 5059 1052 5132; x_wconf 57' lang='lat' dir='ltr'><strong>.Inartyrol&#39;ngiorum</strong></span> <span class='ocrx_word' id='word_1_728' title='bbox 1105 5062 1427 5132; x_wconf 77' lang='lat' dir='ltr'><strong>scriptores,</strong></span> <span class='ocrx_word' id='word_1_729' title='bbox 1462 5061 1560 5132; x_wconf 92' lang='lat' dir='ltr'><strong>_qui</strong></span> <span class='ocrx_word' id='word_1_730' title='bbox 1591 5059 1693 5132; x_wconf 88' lang='lat' dir='ltr'><strong>hac</strong></span> <span class='ocrx_word' id='word_1_731' title='bbox 1715 5060 1804 5132; x_wconf 76' lang='lat' dir='ltr'><strong>ipa</strong></span> <span class='ocrx_word' id='word_1_732' title='bbox 1865 5061 1933 5115; x_wconf 72' lang='lat'><strong>‘29</strong></span> <span class='ocrx_word' id='word_1_733' title='bbox 1961 5061 2133 5115; x_wconf 87' lang='lat' dir='ltr'><strong>Martii</strong></span> 
     </span>
    </p>
   </div>
   <div class='ocr_carea' id='block_1_102' title="bbox 557 5129 2135 5201">
    <p class='ocr_par' dir='ltr' id='par_1_102' title="bbox 557 5129 2135 5201">
     <span class='ocr_line' id='line_1_103' title="bbox 557 5129 2135 5201; baseline -0.002 -13"><span class='ocrx_word' id='word_1_734' title='bbox 557 5134 643 5188; x_wconf 82' lang='lat' dir='ltr'><strong>die</strong></span> <span class='ocrx_word' id='word_1_735' title='bbox 673 5129 871 5188; x_wconf 79' lang='lat' dir='ltr'><strong>festum</strong></span> <span class='ocrx_word' id='word_1_736' title='bbox 890 5132 1131 5201; x_wconf 88' lang='lat' dir='ltr'><strong>ejusdem</strong></span> <span class='ocrx_word' id='word_1_737' title='bbox 1149 5130 1331 5201; x_wconf 85' lang='lat' dir='ltr'><strong>sancti</strong></span> <span class='ocrx_word' id='word_1_738' title='bbox 1347 5130 1671 5201; x_wconf 83' lang='lat' dir='ltr'><strong>confessoris</strong></span> <span class='ocrx_word' id='word_1_739' title='bbox 1696 5129 2030 5201; x_wconf 78' lang='lat' dir='ltr'><strong>duorumque</strong></span> <span class='ocrx_word' id='word_1_740' title='bbox 2051 5147 2135 5185; x_wconf 90' lang='lat' dir='ltr'><strong>se-</strong></span> 
     </span>
    </p>
   </div>
   <div class='ocr_carea' id='block_1_103' title="bbox 557 5200 2131 5271">
    <p class='ocr_par' dir='ltr' id='par_1_103' title="bbox 557 5200 2131 5271">
     <span class='ocr_line' id='line_1_104' title="bbox 557 5200 2131 5271; baseline -0.001 -16"><span class='ocrx_word' id='word_1_741' title='bbox 557 5206 826 5271; x_wconf 88' lang='lat' dir='ltr'><strong>quentium</strong></span> <span class='ocrx_word' id='word_1_742' title='bbox 851 5247 865 5268; x_wconf 91' lang='lat'><strong>,</strong></span> <span class='ocrx_word' id='word_1_743' title='bbox 902 5200 1182 5255; x_wconf 69' lang='lat' dir='ltr'><strong>Archinimi</strong></span> <span class='ocrx_word' id='word_1_744' title='bbox 1221 5200 1424 5253; x_wconf 88' lang='lat' dir='ltr'><strong>scilicet</strong></span> <span class='ocrx_word' id='word_1_745' title='bbox 1454 5208 1509 5253; x_wconf 90' lang='lat' dir='ltr'><strong>et</strong></span> <span class='ocrx_word' id='word_1_746' title='bbox 1537 5200 1750 5271; x_wconf 73' lang='lat' dir='ltr'><strong>saturi,</strong></span> <span class='ocrx_word' id='word_1_747' title='bbox 1793 5215 1886 5254; x_wconf 71' lang='lat' dir='ltr'><strong>seu</strong></span> <span class='ocrx_word' id='word_1_748' title='bbox 1935 5200 2131 5271; x_wconf 81' lang='lat' dir='ltr'><strong>Satyri,</strong></span> 
     </span>
    </p>
   </div>
   <div class='ocr_carea' id='block_1_104' title="bbox 557 5270 1953 5339">
    <p class='ocr_par' dir='ltr' id='par_1_104' title="bbox 557 5270 1953 5339">
     <span class='ocr_line' id='line_1_105' title="bbox 557 5270 1953 5339; baseline -0.002 -12"><span class='ocrx_word' id='word_1_749' title='bbox 557 5270 817 5335; x_wconf 78' lang='lat' dir='ltr'><strong>recolunt,</strong></span> <span class='ocrx_word' id='word_1_750' title='bbox 850 5275 980 5328; x_wconf 90' lang='lat' dir='ltr'><strong>nihil</strong></span> <span class='ocrx_word' id='word_1_751' title='bbox 1011 5274 1208 5325; x_wconf 87' lang='lat' dir='ltr'><strong>habent</strong></span> <span class='ocrx_word' id='word_1_752' title='bbox 1233 5274 1300 5324; x_wconf 89' lang='lat' dir='ltr'><strong>de</strong></span> <span class='ocrx_word' id='word_1_753' title='bbox 1329 5272 1428 5323; x_wconf 89' lang='lat' dir='ltr'><strong>hac</strong></span> <span class='ocrx_word' id='word_1_754' title='bbox 1458 5270 1953 5339; x_wconf 17' lang='lat' dir='ltr'><strong>comitisidignitate.</strong></span> 
     </span>
    </p>
   </div>
   <div class='ocr_carea' id='block_1_105' title="bbox 627 5338 2134 5412">
    <p class='ocr_par' dir='ltr' id='par_1_105' title="bbox 627 5338 2134 5412">
     <span class='ocr_line' id='line_1_106' title="bbox 627 5338 2134 5412; baseline -0.002 -14"><span class='ocrx_word' id='word_1_755' title='bbox 627 5340 653 5379; x_wconf 75' lang='grc' dir='ltr'>ἀ</span> <span class='ocrx_word' id='word_1_756' title='bbox 693 5343 894 5408; x_wconf 71' lang='lat' dir='ltr'><strong>cum,</strong></span> <span class='ocrx_word' id='word_1_757' title='bbox 951 5344 1342 5405; x_wconf 81' lang='lat' dir='ltr'><strong>Archimimum,</strong></span> <span class='ocrx_word' id='word_1_758' title='bbox 1370 5340 1584 5412; x_wconf 76' lang='lat' dir='ltr'><strong>nomine</strong></span> <span class='ocrx_word' id='word_1_759' title='bbox 1619 5338 1928 5412; x_wconf 55' lang='lat' dir='ltr'><strong>Musonium,</strong></span> <span class='ocrx_word' id='word_1_760' title='bbox 1984 5343 2134 5412; x_wconf 87' lang='lat' dir='ltr'><strong>quasi</strong></span> 
     </span>
    </p>
   </div>
   <div class='ocr_carea' id='block_1_106' title="bbox 559 5409 2132 5483">
    <p class='ocr_par' dir='ltr' id='par_1_106' title="bbox 559 5409 2132 5483">
     <span class='ocr_line' id='line_1_107' title="bbox 559 5409 2132 5483; baseline -0.001 -15"><span class='ocrx_word' id='word_1_761' title='bbox 559 5428 752 5468; x_wconf 87' lang='lat' dir='ltr'><strong>nomen</strong></span> <span class='ocrx_word' id='word_1_762' title='bbox 777 5416 1045 5483; x_wconf 84' lang='lat' dir='ltr'><strong>proprium</strong></span> <span class='ocrx_word' id='word_1_763' title='bbox 1072 5414 1227 5483; x_wconf 82' lang='lat' dir='ltr'><strong>hujus</strong></span> <span class='ocrx_word' id='word_1_764' title='bbox 1253 5410 1579 5467; x_wconf 88' lang='lat' dir='ltr'><strong>confessoris</strong></span> <span class='ocrx_word' id='word_1_765' title='bbox 1612 5409 1877 5483; x_wconf 68' lang='lat' dir='ltr'><strong>Mascula,</strong></span> <span class='ocrx_word' id='word_1_766' title='bbox 1913 5409 2132 5483; x_wconf 13' lang='lat' dir='ltr'><strong>quiimi-</strong></span> 
     </span>
    </p>
   </div>
   <div class='ocr_carea' id='block_1_107' title="bbox 557 5480 2133 5551">
    <p class='ocr_par' dir='ltr' id='par_1_107' title="bbox 557 5480 2133 5551">
     <span class='ocr_line' id='line_1_108' title="bbox 557 5480 2133 5551; baseline -0.001 -13"><span class='ocrx_word' id='word_1_767' title='bbox 557 5488 711 5538; x_wconf 76' lang='lat' dir='ltr'><strong>micm</strong></span> <span class='ocrx_word' id='word_1_768' title='bbox 741 5480 840 5538; x_wconf 81' lang='lat' dir='ltr'><strong>arti</strong></span> <span class='ocrx_word' id='word_1_769' title='bbox 880 5480 1168 5551; x_wconf 66' lang='lat' dir='ltr'><strong>praefectus</strong></span> <span class='ocrx_word' id='word_1_770' title='bbox 1197 5485 1402 5539; x_wconf 88' lang='lat' dir='ltr'><strong>fuisset.</strong></span> <span class='ocrx_word' id='word_1_771' title='bbox 1434 5488 1502 5537; x_wconf 83' lang='lat' dir='ltr'><strong>At</strong></span> <span class='ocrx_word' id='word_1_772' title='bbox 1531 5496 1667 5536; x_wconf 85' lang='lat' dir='ltr'><strong>unus</strong></span> <span class='ocrx_word' id='word_1_773' title='bbox 1699 5480 1850 5536; x_wconf 91' lang='lat' dir='ltr'><strong>Colb.</strong></span> <span class='ocrx_word' id='word_1_774' title='bbox 1894 5482 2133 5537; x_wconf 92' lang='lat' dir='ltr'><strong>omnium</strong></span> 
     </span>
    </p>
   </div>
   <div class='ocr_carea' id='block_1_108' title="bbox 556 5551 2137 5615">
    <p class='ocr_par' dir='ltr' id='par_1_108' title="bbox 556 5551 2137 5615">
     <span class='ocr_line' id='line_1_109' title="bbox 556 5551 2137 5615; baseline 0.001 -8"><span class='ocrx_word' id='word_1_775' title='bbox 556 5556 848 5615; x_wconf 81' lang='lat' dir='ltr'><strong>vetustior,</strong></span> <span class='ocrx_word' id='word_1_776' title='bbox 896 5563 949 5608; x_wconf 90' lang='lat' dir='ltr'><strong>et</strong></span> <span class='ocrx_word' id='word_1_777' title='bbox 984 5554 1138 5608; x_wconf 80' lang='lat' dir='ltr'><strong>Mart.</strong></span> <span class='ocrx_word' id='word_1_778' title='bbox 1170 5570 1290 5609; x_wconf 92' lang='lat' dir='ltr'><strong>cum</strong></span> <span class='ocrx_word' id='word_1_779' title='bbox 1328 5554 1574 5609; x_wconf 89' lang='lat' dir='ltr'><strong>Lnrichio</strong></span> <span class='ocrx_word' id='word_1_780' title='bbox 1604 5563 1659 5606; x_wconf 90' lang='lat' dir='ltr'><strong>et</strong></span> <span class='ocrx_word' id='word_1_781' title='bbox 1681 5551 1903 5606; x_wconf 89' lang='lat' dir='ltr'><strong>Orthod.</strong></span> <span class='ocrx_word' id='word_1_782' title='bbox 1940 5554 2137 5608; x_wconf 86' lang='lat' dir='ltr'><strong>habent</strong></span> 
     </span>
    </p>
   </div>
   <div class='ocr_carea' id='block_1_109' title="bbox 561 5624 2138 5695">
    <p class='ocr_par' dir='ltr' id='par_1_109' title="bbox 561 5624 2138 5695">
     <span class='ocr_line' id='line_1_110' title="bbox 561 5624 2138 5695; baseline -0.002 -17"><span class='ocrx_word' id='word_1_783' title='bbox 561 5626 933 5689; x_wconf 78' lang='lat' dir='ltr'><strong>Archininmni,</strong></span> <span class='ocrx_word' id='word_1_784' title='bbox 953 5626 1039 5691; x_wconf 85' lang='lat' dir='ltr'><strong>qui</strong></span> <span class='ocrx_word' id='word_1_785' title='bbox 1063 5635 1116 5679; x_wconf 90' lang='lat' dir='ltr'><strong>et</strong></span> <span class='ocrx_word' id='word_1_786' title='bbox 1136 5626 1216 5679; x_wconf 89' lang='lat' dir='ltr'><strong>sic</strong></span> <span class='ocrx_word' id='word_1_787' title='bbox 1245 5626 1542 5694; x_wconf 85' lang='lat' dir='ltr'><strong>appellatur</strong></span> <span class='ocrx_word' id='word_1_788' title='bbox 1565 5626 1616 5678; x_wconf 93' lang='lat' dir='ltr'><strong>in</strong></span> <span class='ocrx_word' id='word_1_789' title='bbox 1642 5624 1844 5678; x_wconf 81' lang='lat' dir='ltr'><strong>Adonis</strong></span> <span class='ocrx_word' id='word_1_790' title='bbox 1872 5634 2138 5695; x_wconf 73' lang='lat' dir='ltr'><strong>martyra-</strong></span> 
     </span>
    </p>
   </div>
   <div class='ocr_carea' id='block_1_110' title="bbox 561 5696 2135 5765">
    <p class='ocr_par' dir='ltr' id='par_1_110' title="bbox 561 5696 2135 5765">
     <span class='ocr_line' id='line_1_111' title="bbox 561 5696 2135 5765; baseline 0 -15"><span class='ocrx_word' id='word_1_791' title='bbox 561 5696 701 5765; x_wconf 87' lang='lat' dir='ltr'><strong>logio</strong></span> <span class='ocrx_word' id='word_1_792' title='bbox 721 5697 888 5760; x_wconf 79' lang='lat' dir='ltr'><strong>edito,</strong></span> <span class='ocrx_word' id='word_1_793' title='bbox 917 5704 1077 5761; x_wconf 87' lang='lat' dir='ltr'><strong>atque</strong></span> <span class='ocrx_word' id='word_1_794' title='bbox 1100 5697 1150 5749; x_wconf 91' lang='lat' dir='ltr'><strong>in</strong></span> <span class='ocrx_word' id='word_1_795' title='bbox 1184 5697 1351 5751; x_wconf 85' lang='lat' dir='ltr'><strong>tribus</strong></span> <span class='ocrx_word' id='word_1_796' title='bbox 1371 5698 1593 5750; x_wconf 84' lang='lat' dir='ltr'><strong>vetustis</strong></span> <span class='ocrx_word' id='word_1_797' title='bbox 1620 5696 2017 5763; x_wconf 82' lang='lat' dir='ltr'><strong>manuscriptis,</strong></span> <span class='ocrx_word' id='word_1_798' title='bbox 2049 5697 2135 5750; x_wconf 91' lang='lat' dir='ltr'><strong>cui</strong></span> 
     </span>
    </p>
   </div>
   <div class='ocr_carea' id='block_1_111' title="bbox 559 5766 2138 5837">
    <p class='ocr_par' dir='ltr' id='par_1_111' title="bbox 559 5766 2138 5837">
     <span class='ocr_line' id='line_1_112' title="bbox 559 5766 2138 5837; baseline 0.001 -14"><span class='ocrx_word' id='word_1_799' title='bbox 559 5772 719 5823; x_wconf 88' lang='lat' dir='ltr'><strong>etiam</strong></span> <span class='ocrx_word' id='word_1_800' title='bbox 748 5776 1014 5824; x_wconf 78' lang='lat' dir='ltr'><strong>consentit</strong></span> <span class='ocrx_word' id='word_1_801' title='bbox 1044 5767 1255 5823; x_wconf 86' lang='lat' dir='ltr'><strong>Florus.</strong></span> <span class='ocrx_word' id='word_1_802' title='bbox 1288 5768 1440 5837; x_wconf 86' lang='lat' dir='ltr'><strong>Apud</strong></span> <span class='ocrx_word' id='word_1_803' title='bbox 1468 5766 1765 5824; x_wconf 85' lang='lat' dir='ltr'><strong>Usuardum</strong></span> <span class='ocrx_word' id='word_1_804' title='bbox 1799 5782 1956 5835; x_wconf 88' lang='lat' dir='ltr'><strong>vero,</strong></span> <span class='ocrx_word' id='word_1_805' title='bbox 1985 5768 2138 5836; x_wconf 86' lang='lat' dir='ltr'><strong>cujus</strong></span> 
     </span>
    </p>
   </div>
   <div class='ocr_carea' id='block_1_112' title="bbox 2254 4562 3826 4635">
    <p class='ocr_par' dir='ltr' id='par_1_112' title="bbox 2254 4562 3826 4635">
     <span class='ocr_line' id='line_1_113' title="bbox 2254 4562 3826 4635; baseline -0.001 -15"><span class='ocrx_word' id='word_1_806' title='bbox 2254 4570 2389 4620; x_wconf 87' lang='lat' dir='ltr'><strong>mine</strong></span> <span class='ocrx_word' id='word_1_807' title='bbox 2417 4611 2430 4635; x_wconf 91' lang='lat'><strong>,</strong></span> <span class='ocrx_word' id='word_1_808' title='bbox 2485 4567 2827 4621; x_wconf 77' lang='lat' dir='ltr'><strong>Musca/inani</strong></span> <span class='ocrx_word' id='word_1_809' title='bbox 2853 4608 2866 4630; x_wconf 92' lang='lat'><strong>,</strong></span> <span class='ocrx_word' id='word_1_810' title='bbox 2914 4574 2969 4621; x_wconf 87' lang='lat' dir='ltr'><strong>et</strong></span> <span class='ocrx_word' id='word_1_811' title='bbox 3016 4565 3210 4621; x_wconf 83' lang='lat' dir='ltr'><strong>Bellor.</strong></span> <span class='ocrx_word' id='word_1_812' title='bbox 3250 4565 3406 4620; x_wconf 85' lang='lat' dir='ltr'><strong>vertit</strong></span> <span class='ocrx_word' id='word_1_813' title='bbox 3466 4562 3743 4635; x_wconf 67' lang='lat' dir='ltr'><strong>Masculus.</strong></span> <span class='ocrx_word' id='word_1_814' title='bbox 3787 4563 3826 4618; x_wconf 84' lang='lat' dir='ltr'><strong>E</strong></span> 
     </span>
    </p>
   </div>
   <div class='ocr_carea' id='block_1_113' title="bbox 2250 4633 3822 4707">
    <p class='ocr_par' dir='ltr' id='par_1_113' title="bbox 2250 4633 3822 4707">
     <span class='ocr_line' id='line_1_114' title="bbox 2250 4633 3822 4707; baseline -0.003 -16"><span class='ocrx_word' id='word_1_815' title='bbox 2250 4633 2444 4706; x_wconf 87' lang='lat' dir='ltr'><strong>quibus</strong></span> <span class='ocrx_word' id='word_1_816' title='bbox 2473 4639 2720 4691; x_wconf 73' lang='lat' dir='ltr'><strong>omnibus</strong></span> <span class='ocrx_word' id='word_1_817' title='bbox 2752 4639 2915 4707; x_wconf 89' lang='lat' dir='ltr'><strong>liquet</strong></span> <span class='ocrx_word' id='word_1_818' title='bbox 2945 4652 3140 4692; x_wconf 88' lang='lat' dir='ltr'><strong>nomen</strong></span> <span class='ocrx_word' id='word_1_819' title='bbox 3175 4637 3329 4705; x_wconf 87' lang='lat' dir='ltr'><strong>hujus</strong></span> <span class='ocrx_word' id='word_1_820' title='bbox 3354 4633 3681 4707; x_wconf 72' lang='lat' dir='ltr'><strong>confessoris</strong></span> <span class='ocrx_word' id='word_1_821' title='bbox 3702 4649 3822 4707; x_wconf 78' lang='lat' dir='ltr'><strong>pro-</strong></span> 
     </span>
    </p>
   </div>
   <div class='ocr_carea' id='block_1_114' title="bbox 2250 4704 3820 4775">
    <p class='ocr_par' dir='ltr' id='par_1_114' title="bbox 2250 4704 3820 4775">
     <span class='ocr_line' id='line_1_115' title="bbox 2250 4704 3820 4775; baseline -0.003 -13"><span class='ocrx_word' id='word_1_822' title='bbox 2250 4704 2420 4775; x_wconf 85' lang='lat' dir='ltr'><strong>prium</strong></span> <span class='ocrx_word' id='word_1_823' title='bbox 2455 4707 2617 4763; x_wconf 85' lang='lat' dir='ltr'><strong>fuisse</strong></span> <span class='ocrx_word' id='word_1_824' title='bbox 2648 4704 2998 4761; x_wconf 68' lang='lat' dir='ltr'><strong>Archihimum</strong></span> <span class='ocrx_word' id='word_1_825' title='bbox 3024 4716 3116 4761; x_wconf 91' lang='lat' dir='ltr'><strong>aut</strong></span> <span class='ocrx_word' id='word_1_826' title='bbox 3143 4707 3514 4766; x_wconf 82' lang='lat' dir='ltr'><strong>Archiminum,</strong></span> <span class='ocrx_word' id='word_1_827' title='bbox 3538 4704 3820 4759; x_wconf 77' lang='lat' dir='ltr'><strong>Masculam</strong></span> 
     </span>
    </p>
   </div>
   <div class='ocr_carea' id='block_1_115' title="bbox 2248 4775 3821 4849">
    <p class='ocr_par' dir='ltr' id='par_1_115' title="bbox 2248 4775 3821 4849">
     <span class='ocr_line' id='line_1_116' title="bbox 2248 4775 3821 4849; baseline -0.003 -16"><span class='ocrx_word' id='word_1_828' title='bbox 2248 4794 2396 4849; x_wconf 84' lang='lat' dir='ltr'><strong>vero,</strong></span> <span class='ocrx_word' id='word_1_829' title='bbox 2426 4793 2545 4849; x_wconf 70' lang='lat' dir='ltr'><strong>quce</strong></span> <span class='ocrx_word' id='word_1_830' title='bbox 2566 4778 2690 4833; x_wconf 87' lang='lat' dir='ltr'><strong>urbs</strong></span> <span class='ocrx_word' id='word_1_831' title='bbox 2710 4779 2806 4833; x_wconf 90' lang='lat' dir='ltr'><strong>fuit</strong></span> <span class='ocrx_word' id='word_1_832' title='bbox 2830 4780 2880 4833; x_wconf 92' lang='lat' dir='ltr'><strong>in</strong></span> <span class='ocrx_word' id='word_1_833' title='bbox 2894 4778 3140 4833; x_wconf 83' lang='lat' dir='ltr'><strong>Numidia</strong></span> <span class='ocrx_word' id='word_1_834' title='bbox 3155 4778 3403 4849; x_wconf 85' lang='lat' dir='ltr'><strong>celebris,</strong></span> <span class='ocrx_word' id='word_1_835' title='bbox 3433 4776 3549 4849; x_wconf 82' lang='lat' dir='ltr'><strong>ejus</strong></span> <span class='ocrx_word' id='word_1_836' title='bbox 3577 4775 3821 4849; x_wconf 72' lang='lat' dir='ltr'><strong>patriam.</strong></span> 
     </span>
    </p>
   </div>
   <div class='ocr_carea' id='block_1_116' title="bbox 2247 4844 3822 4918">
    <p class='ocr_par' dir='ltr' id='par_1_116' title="bbox 2247 4844 3822 4918">
     <span class='ocr_line' id='line_1_117' title="bbox 2247 4844 3822 4918; baseline -0.004 -15"><span class='ocrx_word' id='word_1_837' title='bbox 2247 4848 2327 4904; x_wconf 90' lang='lat' dir='ltr'><strong>De</strong></span> <span class='ocrx_word' id='word_1_838' title='bbox 2355 4844 2460 4915; x_wconf 79' lang='lat' dir='ltr'><strong>qua</strong></span> <span class='ocrx_word' id='word_1_839' title='bbox 2491 4850 2621 4905; x_wconf 90' lang='lat' dir='ltr'><strong>urbe</strong></span> <span class='ocrx_word' id='word_1_840' title='bbox 2661 4851 2810 4918; x_wconf 89' lang='lat' dir='ltr'><strong>plura</strong></span> <span class='ocrx_word' id='word_1_841' title='bbox 2846 4849 3007 4905; x_wconf 90' lang='lat' dir='ltr'><strong>habes</strong></span> <span class='ocrx_word' id='word_1_842' title='bbox 3046 4851 3098 4902; x_wconf 91' lang='lat' dir='ltr'><strong>in</strong></span> <span class='ocrx_word' id='word_1_843' title='bbox 3127 4852 3266 4902; x_wconf 83' lang='lat' dir='ltr'><strong>notis</strong></span> <span class='ocrx_word' id='word_1_844' title='bbox 3295 4848 3361 4901; x_wconf 89' lang='lat' dir='ltr'><strong>ad</strong></span> <span class='ocrx_word' id='word_1_845' title='bbox 3403 4847 3685 4918; x_wconf 77' lang='lat' dir='ltr'><strong>episcOpos</strong></span> <span class='ocrx_word' id='word_1_846' title='bbox 3713 4844 3822 4918; x_wconf 83' lang='lat' dir='ltr'><strong>Nu-</strong></span> 
     </span>
    </p>
   </div>
   <div class='ocr_carea' id='block_1_117' title="bbox 2249 4915 3823 4989">
    <p class='ocr_par' dir='ltr' id='par_1_117' title="bbox 2249 4915 3823 4989">
     <span class='ocr_line' id='line_1_118' title="bbox 2249 4915 3823 4989; baseline -0.004 -15"><span class='ocrx_word' id='word_1_847' title='bbox 2249 4922 2461 4985; x_wconf 63' lang='lat' dir='ltr'><strong>midiae,</strong></span> <span class='ocrx_word' id='word_1_848' title='bbox 2508 4922 2597 4989; x_wconf 93' lang='lat' dir='ltr'><strong>qui</strong></span> <span class='ocrx_word' id='word_1_849' title='bbox 2632 4915 2682 4974; x_wconf 87' lang='lat' dir='ltr'><strong>in</strong></span> <span class='ocrx_word' id='word_1_850' title='bbox 2713 4920 2905 4975; x_wconf 84' lang='lat' dir='ltr'><strong>Notitia</strong></span> <span class='ocrx_word' id='word_1_851' title='bbox 2936 4929 3283 4975; x_wconf 87' lang='lat' dir='ltr'><strong>recensentur</strong></span> <span class='ocrx_word' id='word_1_852' title='bbox 3312 4933 3457 4972; x_wconf 86' lang='lat' dir='ltr'><strong>num.</strong></span> <span class='ocrx_word' id='word_1_853' title='bbox 3488 4915 3581 4989; x_wconf 60' lang='grc' dir='ltr'><strong>94ἶ</strong></span> <span class='ocrx_word' id='word_1_854' title='bbox 3613 4916 3823 4989; x_wconf 64' lang='lat' dir='ltr'><strong>fitqui-</strong></span> 
     </span>
    </p>
   </div>
   <div class='ocr_carea' id='block_1_118' title="bbox 2246 4986 3820 5063">
    <p class='ocr_par' dir='ltr' id='par_1_118' title="bbox 2246 4986 3820 5063">
     <span class='ocr_line' id='line_1_119' title="bbox 2246 4986 3820 5063; baseline -0.004 -18"><span class='ocrx_word' id='word_1_855' title='bbox 2246 4992 2367 5047; x_wconf 90' lang='lat' dir='ltr'><strong>dem</strong></span> <span class='ocrx_word' id='word_1_856' title='bbox 2390 5007 2454 5063; x_wconf 85' lang='lat' dir='ltr'><strong>ex</strong></span> <span class='ocrx_word' id='word_1_857' title='bbox 2483 4986 2731 5047; x_wconf 84' lang='lat' dir='ltr'><strong>omnibus</strong></span> <span class='ocrx_word' id='word_1_858' title='bbox 2775 4991 3167 5063; x_wconf 87' lang='lat' dir='ltr'><strong>martyrologiis</strong></span> <span class='ocrx_word' id='word_1_859' title='bbox 3196 5006 3223 5042; x_wconf 89' lang='lat' dir='ltr'><strong>a</strong></span> <span class='ocrx_word' id='word_1_860' title='bbox 3265 5005 3350 5044; x_wconf 91' lang='lat' dir='ltr'><strong>me</strong></span> <span class='ocrx_word' id='word_1_861' title='bbox 3380 5002 3540 5055; x_wconf 85' lang='lat' dir='ltr'><strong>supra</strong></span> <span class='ocrx_word' id='word_1_862' title='bbox 3570 4986 3820 5063; x_wconf 69' lang='lat' dir='ltr'><strong>laudatis,</strong></span> 
     </span>
    </p>
   </div>
   <div class='ocr_carea' id='block_1_119' title="bbox 2245 5058 3822 5185">
    <p class='ocr_par' dir='ltr' id='par_1_119' title="bbox 2245 5058 3822 5185">
     <span class='ocr_line' id='line_1_120' title="bbox 2245 5058 3822 5185; baseline -0.005 -68"><span class='ocrx_word' id='word_1_863' title='bbox 2245 5078 2364 5185; x_wconf 58' lang='lat' dir='ltr'><strong>gum</strong></span> <span class='ocrx_word' id='word_1_864' title='bbox 2412 5062 2553 5116; x_wconf 91' lang='lat' dir='ltr'><strong>hunc</strong></span> <span class='ocrx_word' id='word_1_865' title='bbox 2582 5072 2825 5117; x_wconf 91' lang='lat' dir='ltr'><strong>sanctum</strong></span> <span class='ocrx_word' id='word_1_866' title='bbox 2860 5058 3017 5117; x_wconf 83' lang='lat' dir='ltr'><strong>simul</strong></span> <span class='ocrx_word' id='word_1_867' title='bbox 3058 5058 3177 5116; x_wconf 77' lang='lat' dir='ltr'><strong>cum</strong></span> <span class='ocrx_word' id='word_1_868' title='bbox 3210 5064 3525 5129; x_wconf 87' lang='lat' dir='ltr'><strong>Armogaste</strong></span> <span class='ocrx_word' id='word_1_869' title='bbox 3545 5066 3601 5111; x_wconf 91' lang='lat' dir='ltr'><strong>et</strong></span> <span class='ocrx_word' id='word_1_870' title='bbox 3630 5058 3822 5113; x_wconf 87' lang='lat' dir='ltr'><strong>Saturo</strong></span> 
     </span>
     <span class='ocr_line' id='line_1_121' title="bbox 2286 5126 3820 5185; baseline -0.005 0"><span class='ocrx_word' id='word_1_871' title='bbox 2286 5135 2331 5185; x_wconf 91' lang='lat' dir='ltr'><strong>ie</strong></span> <span class='ocrx_word' id='word_1_872' title='bbox 2359 5132 2428 5185; x_wconf 70' lang='lat'><strong>29</strong></span> <span class='ocrx_word' id='word_1_873' title='bbox 2458 5132 2627 5185; x_wconf 84' lang='lat' dir='ltr'><strong>Martii</strong></span> <span class='ocrx_word' id='word_1_874' title='bbox 2653 5142 3102 5185; x_wconf 89' lang='lat' dir='ltr'><strong>commemorant.</strong></span> <span class='ocrx_word' id='word_1_875' title='bbox 3134 5147 3201 5185; x_wconf 87' lang='lat' dir='ltr'><strong>ne</strong></span> <span class='ocrx_word' id='word_1_876' title='bbox 3229 5131 3444 5185; x_wconf 88' lang='lat' dir='ltr'><strong>unicum</strong></span> <span class='ocrx_word' id='word_1_877' title='bbox 3476 5127 3688 5185; x_wconf 76' lang='lat' dir='ltr'><strong>quidem</strong></span> <span class='ocrx_word' id='word_1_878' title='bbox 3710 5126 3820 5179; x_wconf 78' lang='lat' dir='ltr'><strong>Ma-</strong></span> 
     </span>
    </p>
   </div>
   <div class='ocr_carea' id='block_1_120' title="bbox 2286 5126 3820 5198">
    <p class='ocr_par' dir='ltr' id='par_1_120' title="bbox 2286 5126 3820 5198">
     <span class='ocr_line' id='line_1_122' title="bbox 2286 5126 3820 5198; baseline -0.003 -13"><span class='ocrx_word' id='word_1_879' title='bbox 2286 5135 2331 5187; x_wconf 90' lang='lat' dir='ltr'><strong>ie</strong></span> <span class='ocrx_word' id='word_1_880' title='bbox 2359 5132 2428 5187; x_wconf 71' lang='lat'>29</span> <span class='ocrx_word' id='word_1_881' title='bbox 2458 5132 2627 5186; x_wconf 84' lang='lat' dir='ltr'><strong>Martii</strong></span> <span class='ocrx_word' id='word_1_882' title='bbox 2653 5142 3102 5198; x_wconf 89' lang='lat' dir='ltr'><strong>commemorant,</strong></span> <span class='ocrx_word' id='word_1_883' title='bbox 3134 5147 3201 5187; x_wconf 88' lang='lat' dir='ltr'><strong>ne</strong></span> <span class='ocrx_word' id='word_1_884' title='bbox 3229 5126 3444 5186; x_wconf 77' lang='lat' dir='ltr'><strong>unicum</strong></span> <span class='ocrx_word' id='word_1_885' title='bbox 3476 5127 3688 5196; x_wconf 84' lang='lat' dir='ltr'><strong>quidem</strong></span> <span class='ocrx_word' id='word_1_886' title='bbox 3710 5126 3820 5198; x_wconf 77' lang='lat' dir='ltr'><strong>Ma-</strong></span> 
     </span>
    </p>
   </div>
   <div class='ocr_carea' id='block_1_121' title="bbox 2244 5197 3820 5267">
    <p class='ocr_par' dir='ltr' id='par_1_121' title="bbox 2244 5197 3820 5267">
     <span class='ocr_line' id='line_1_123' title="bbox 2244 5197 3820 5267; baseline -0.004 -12"><span class='ocrx_word' id='word_1_887' title='bbox 2244 5205 2405 5256; x_wconf 74' lang='lat' dir='ltr'><strong>sculw</strong></span> <span class='ocrx_word' id='word_1_888' title='bbox 2443 5204 2719 5267; x_wconf 90' lang='lat' dir='ltr'><strong>meminit,</strong></span> <span class='ocrx_word' id='word_1_889' title='bbox 2747 5218 2933 5259; x_wconf 88' lang='lat' dir='ltr'><strong>omnes</strong></span> <span class='ocrx_word' id='word_1_890' title='bbox 2984 5197 3284 5259; x_wconf 87' lang='lat' dir='ltr'><strong>econtrario</strong></span> <span class='ocrx_word' id='word_1_891' title='bbox 3316 5199 3667 5255; x_wconf 80' lang='lat' dir='ltr'><strong>Archinimum</strong></span> <span class='ocrx_word' id='word_1_892' title='bbox 3713 5197 3820 5250; x_wconf 86' lang='lat' dir='ltr'><strong>lau-</strong></span> 
     </span>
    </p>
   </div>
   <div class='ocr_carea' id='block_1_122' title="bbox 2245 5268 3818 5345">
    <p class='ocr_par' dir='ltr' id='par_1_122' title="bbox 2245 5268 3818 5345">
     <span class='ocr_line' id='line_1_124' title="bbox 2245 5268 3818 5345; baseline -0.012 -6"><span class='ocrx_word' id='word_1_893' title='bbox 2245 5273 2403 5337; x_wconf 65' lang='lat' dir='ltr'><strong>dat&quot;;</strong></span> <span class='ocrx_word' id='word_1_894' title='bbox 2453 5273 2611 5345; x_wconf 15' lang='lat' dir='ltr'><strong>quod,</strong></span> <span class='ocrx_word' id='word_1_895' title='bbox 2648 5289 2839 5345; x_wconf 86' lang='lat' dir='ltr'><strong>nempe</strong></span> <span class='ocrx_word' id='word_1_896' title='bbox 2889 5273 3422 5345; x_wconf 13' lang='lat' dir='ltr'><strong>istnrumﬁFaStorum</strong></span> <span class='ocrx_word' id='word_1_897' title='bbox 3477 5268 3818 5345; x_wconf 71' lang='lat' dir='ltr'><strong>scriptoribus</strong></span> 
     </span>
    </p>
   </div>
   <div class='ocr_carea' id='block_1_123' title="bbox 2244 5338 3818 5413">
    <p class='ocr_par' dir='ltr' id='par_1_123' title="bbox 2244 5338 3818 5413">
     <span class='ocr_line' id='line_1_125' title="bbox 2244 5338 3818 5413; baseline -0.003 -17"><span class='ocrx_word' id='word_1_898' title='bbox 2244 5338 2557 5413; x_wconf 79' lang='lat' dir='ltr'><strong>persuasum</strong></span> <span class='ocrx_word' id='word_1_899' title='bbox 2590 5338 2791 5408; x_wconf 65' lang='lat' dir='ltr'><strong>fuerit,</strong></span> <span class='ocrx_word' id='word_1_900' title='bbox 2820 5346 2917 5400; x_wconf 89' lang='lat' dir='ltr'><strong>hac</strong></span> <span class='ocrx_word' id='word_1_901' title='bbox 2945 5360 3077 5400; x_wconf 88' lang='lat' dir='ltr'><strong>voce</strong></span> <span class='ocrx_word' id='word_1_902' title='bbox 3100 5344 3391 5409; x_wconf 76' lang='lat' dir='ltr'><strong>Masculun,</strong></span> <span class='ocrx_word' id='word_1_903' title='bbox 3424 5356 3531 5413; x_wconf 81' lang='lat' dir='ltr'><strong>non</strong></span> <span class='ocrx_word' id='word_1_904' title='bbox 3552 5338 3818 5395; x_wconf 85' lang='lat' dir='ltr'><strong>confesso-</strong></span> 
     </span>
    </p>
   </div>
   <div class='ocr_carea' id='block_1_124' title="bbox 2241 5412 3817 5485">
    <p class='ocr_par' dir='ltr' id='par_1_124' title="bbox 2241 5412 3817 5485">
     <span class='ocr_line' id='line_1_126' title="bbox 2241 5412 3817 5485; baseline -0.003 -17"><span class='ocrx_word' id='word_1_905' title='bbox 2241 5412 2585 5485; x_wconf 15' lang='lat' dir='ltr'><strong>remiipsum,</strong></span> <span class='ocrx_word' id='word_1_906' title='bbox 2616 5415 2709 5469; x_wconf 87' lang='lat' dir='ltr'><strong>sed</strong></span> <span class='ocrx_word' id='word_1_907' title='bbox 2739 5417 2854 5485; x_wconf 90' lang='lat' dir='ltr'><strong>ejus</strong></span> <span class='ocrx_word' id='word_1_908' title='bbox 2883 5416 3106 5481; x_wconf 89' lang='lat' dir='ltr'><strong>patriam</strong></span> <span class='ocrx_word' id='word_1_909' title='bbox 3153 5412 3444 5485; x_wconf 75' lang='lat' dir='ltr'><strong>designari.</strong></span> <span class='ocrx_word' id='word_1_910' title='bbox 3473 5412 3608 5485; x_wconf 78' lang='lat' dir='ltr'><strong>Hinc</strong></span> <span class='ocrx_word' id='word_1_911' title='bbox 3636 5424 3817 5485; x_wconf 72' lang='lat' dir='ltr'><strong>emen-</strong></span> 
     </span>
    </p>
   </div>
   <div class='ocr_carea' id='block_1_125' title="bbox 2242 5479 3818 5555">
    <p class='ocr_par' dir='ltr' id='par_1_125' title="bbox 2242 5479 3818 5555">
     <span class='ocr_line' id='line_1_127' title="bbox 2242 5479 3818 5555; baseline -0.004 -18"><span class='ocrx_word' id='word_1_912' title='bbox 2242 5479 2797 5549; x_wconf 49' lang='lat' dir='ltr'><strong>dandi&#39;recentiores&#39;,</strong></span> <span class='ocrx_word' id='word_1_913' title='bbox 2830 5479 2919 5555; x_wconf 86' lang='lat' dir='ltr'><strong>qui</strong></span> <span class='ocrx_word' id='word_1_914' title='bbox 2944 5486 3255 5551; x_wconf 81' lang='lat' dir='ltr'><strong>Masculam,</strong></span> <span class='ocrx_word' id='word_1_915' title='bbox 3274 5479 3623 5552; x_wconf 58' lang='lat' dir='ltr'><strong>&#39;professione</strong></span> <span class='ocrx_word' id='word_1_916' title='bbox 3651 5479 3818 5533; x_wconf 82' lang='lat' dir='ltr'><strong>archi-</strong></span> 
     </span>
    </p>
   </div>
   <div class='ocr_carea' id='block_1_126' title="bbox 2243 5556 3530 5617">
    <p class='ocr_par' dir='ltr' id='par_1_126' title="bbox 2243 5556 3530 5617">
     <span class='ocr_line' id='line_1_128' title="bbox 2243 5556 3530 5617; baseline -0.001 -10"><span class='ocrx_word' id='word_1_917' title='bbox 2243 5556 2454 5608; x_wconf 86' lang='lat' dir='ltr'><strong>mimunt</strong></span> <span class='ocrx_word' id='word_1_918' title='bbox 2476 5595 2489 5617; x_wconf 90' lang='lat'><strong>,</strong></span> <span class='ocrx_word' id='word_1_919' title='bbox 2524 5556 2735 5611; x_wconf 85' lang='lat' dir='ltr'><strong>incaute</strong></span> <span class='ocrx_word' id='word_1_920' title='bbox 2764 5557 2815 5609; x_wconf 89' lang='lat' dir='ltr'><strong>in</strong></span> <span class='ocrx_word' id='word_1_921' title='bbox 2848 5557 3013 5612; x_wconf 87' lang='lat' dir='ltr'><strong>fastos</strong></span> <span class='ocrx_word' id='word_1_922' title='bbox 3045 5572 3225 5611; x_wconf 87' lang='lat' dir='ltr'><strong>sacros</strong></span> <span class='ocrx_word' id='word_1_923' title='bbox 3257 5556 3530 5610; x_wconf 82' lang='lat' dir='ltr'><strong>invexere.</strong></span> 
     </span>
    </p>
   </div>
   <div class='ocr_carea' id='block_1_127' title="bbox 2316 5620 3815 5689">
    <p class='ocr_par' dir='ltr' id='par_1_127' title="bbox 2316 5620 3815 5689">
     <span class='ocr_line' id='line_1_129' title="bbox 2316 5620 3815 5689; baseline -0.004 -10"><span class='ocrx_word' id='word_1_924' title='bbox 2316 5636 2338 5663; x_wconf 82' lang='grc' dir='ltr'><strong>ο</strong></span> <span class='ocrx_word' id='word_1_925' title='bbox 2381 5626 2533 5681; x_wconf 87' lang='lat' dir='ltr'><strong>Mart.</strong></span> <span class='ocrx_word' id='word_1_926' title='bbox 2555 5668 2567 5689; x_wconf 92' lang='lat'><strong>,</strong></span> <span class='ocrx_word' id='word_1_927' title='bbox 2602 5625 2930 5684; x_wconf 77' lang='lat' dir='ltr'><strong>Maurivado.</strong></span> <span class='ocrx_word' id='word_1_928' title='bbox 2963 5628 3190 5683; x_wconf 90' lang='lat' dir='ltr'><strong>Orthod.</strong></span> <span class='ocrx_word' id='word_1_929' title='bbox 3237 5637 3290 5681; x_wconf 83' lang='lat' dir='ltr'><strong>ct</strong></span> <span class='ocrx_word' id='word_1_930' title='bbox 3323 5623 3604 5679; x_wconf 80' lang='lat' dir='ltr'><strong>Loricltius</strong></span> <span class='ocrx_word' id='word_1_931' title='bbox 3629 5662 3644 5685; x_wconf 93' lang='lat'><strong>,</strong></span> <span class='ocrx_word' id='word_1_932' title='bbox 3676 5620 3815 5673; x_wconf 80' lang='grc' dir='ltr'>Μαιι·</span> 
     </span>
    </p>
   </div>
   <div class='ocr_carea' id='block_1_128' title="bbox 2244 5693 3813 5763">
    <p class='ocr_par' dir='ltr' id='par_1_128' title="bbox 2244 5693 3813 5763">
     <span class='ocr_line' id='line_1_130' title="bbox 2244 5693 3813 5763; baseline -0.003 -14"><span class='ocrx_word' id='word_1_933' title='bbox 2244 5698 2443 5751; x_wconf 82' lang='lat' dir='ltr'><strong>ridano.</strong></span> <span class='ocrx_word' id='word_1_934' title='bbox 2490 5697 2795 5763; x_wconf 81' lang='lat' dir='ltr'><strong>Legendnm</strong></span> <span class='ocrx_word' id='word_1_935' title='bbox 2827 5698 2963 5755; x_wconf 89' lang='lat' dir='ltr'><strong>forte</strong></span> <span class='ocrx_word' id='word_1_936' title='bbox 2996 5698 3295 5753; x_wconf 77' lang='lat' dir='ltr'><strong>Varimado.</strong></span> <span class='ocrx_word' id='word_1_937' title='bbox 3328 5695 3463 5752; x_wconf 87' lang='lat' dir='ltr'><strong>Vide</strong></span> <span class='ocrx_word' id='word_1_938' title='bbox 3490 5693 3813 5749; x_wconf 82' lang='lat' dir='ltr'><strong>Commenta-</strong></span> 
     </span>
    </p>
   </div>
   <div class='ocr_carea' id='block_1_129' title="bbox 2242 5768 3541 5838">
    <p class='ocr_par' dir='ltr' id='par_1_129' title="bbox 2242 5768 3541 5838">
     <span class='ocr_line' id='line_1_131' title="bbox 2242 5768 3541 5838; baseline 0.001 -14"><span class='ocrx_word' id='word_1_939' title='bbox 2242 5769 2377 5825; x_wconf 90' lang='lat' dir='ltr'><strong>rium</strong></span> <span class='ocrx_word' id='word_1_940' title='bbox 2402 5768 2715 5825; x_wconf 88' lang='lat' dir='ltr'><strong>historicum</strong></span> <span class='ocrx_word' id='word_1_941' title='bbox 2741 5784 2858 5838; x_wconf 83' lang='lat' dir='ltr'><strong>cap.</strong></span> <span class='ocrx_word' id='word_1_942' title='bbox 2894 5773 2944 5826; x_wconf 73' lang='grc'><strong>4.</strong></span> <span class='ocrx_word' id='word_1_943' title='bbox 3540 5810 3541 5813; x_wconf 59' lang='grc' dir='ltr'><strong>η</strong></span> 
     </span>
    </p>
   </div>
  </div>
