4082 6320
311 234 399 299 901

1233 234 1321 293 DE
1357 232 1882 294 PERSECUTIONE
1924 230 2315 292 VANDALICA
2353 230 2486 289 LIB.
2524 230 2586 289 ll.
2642 240 2649 241 ’

3457 240 3556 301 209

310 356 440 416 boris
463 362 615 426 poma
641 348 1017 424 contingeret:
1046 349 1170 422 quia
1197 362 1301 406 non
1344 349 1611 424 indigens,
1641 350 1737 409 sed
1769 352 1865 410 Sa-
1892 352 1950 416 Α
1972 365 2094 423 ego,
2125 365 2348 408 securus
2373 350 2441 408 de
2462 348 2765 423 promissis,
2791 351 2954 408 verba
2982 351 3213 411 tenebo:
3237 352 3437 433 Siquis
3458 375 3558 416 non

307 460 445 504 turus
473 441 778 510 vocabatur,
812 442 909 517 [αι.
940 442 1184 516 satiatus]
1212 452 1484 501 saturatus
1529 443 1598 500 ab
1627 443 1870 500 ubertate

307 541 485 597 domus
511 537 630 605 Dei,
661 545 715 594 et
746 543 984 594 torrente
1007 534 1319 593 deliciarum
1353 536 1471 607 ejus
1500 542 1731 607 potatus.
1765 535 1873 591 Ad-

304 634 440 690 venit
468 631 655 688 mulier
678 630 744 687 ad
772 630 949 687 locum
975 629 1065 686 ubi
1091 630 1315 687 maritus
1347 629 1635 700 singularis
1660 629 1869 698 orabat,

302 721 574 780 conscissis
601 721 861 789 vestibus,
892 720 1146 792 crineque
1174 722 1375 789 soluto,
1405 734 1587 777 secum
1614 720 1875 776 comitan-

301 816 431 872 tibus
460 814 598 880 liliis,
632 822 657 851 ιι
680 828 945 882 unamque
991 812 1330 878 infantulam,
1383 827 1504 884 qua:
1536 821 1663 869 tunc
1711 811 1876 867 lacta-

301 910 448 965 batur
477 906 722 963 manibus
750 916 1000 978 gestans;
1031 921 1189 978 quam
1248 905 1541 962 nescientis
1584 904 1876 977 projiciens

302 1001 364 1057 ad
391 1000 549 1071 pedes
578 999 781 1068 mariti,
814 1000 978 1056 etiam
1024 999 1137 1070 ipsa
1164 1000 1276 1055 suis
1306 1013 1476 1069 genua
1504 997 1877 1069 complectitur

301 1097 453 1162 ulnis,
479 1096 702 1152 sibilans
728 1095 1114 1152 vociferatione
1143 1094 1432 1151 draconis:
1472 1094 1726 1152 Miserere
1746 1092 1873 1160 mei,

301 1188 620 1254 dulcissime,
653 1187 894 1244 simulet
925 1187 1038 1254 tui;
1077 1186 1337 1244 miserere
1380 1185 1758 1243 communibus
1807 1186 1876 1242 li-

298 1281 457 1349 beris,
487 1295 626 1353 quos
656 1280 924 1352 conspicis
948 1279 1084 1351 ipse.
1109 1278 1225 1336 Non
1250 1278 1560 1350 subjaceant
1583 1276 1878 1334 conditioni

300 1371 500 1441 servili,
531 1386 672 1444 quos
698 1372 873 1429 claros
897 1370 1147 1442 prosapia
1177 1369 1413 1427 reddidit
1436 1369 1651 1441 generis
1680 1367 1874 1424 nostri.

297 1467 406 1526 Non
450 1466 711 1537 subjiciat
735 1479 836 1538 ego
862 1465 1084 1536 indigno
1122 1474 1175 1521 et
1202 1450 1339 1535 turpi
1369 1462 1620 1534 conjugio
1667 1462 1880 1517 vivente

296 1560 516 1627 marito,
548 1574 674 1630 quae
721 1557 853 1614 mihi
883 1571 1096 1627 semper
1127 1557 1266 1612 inter
1308 1570 1519 1611 coaevus
1559 1552 1878 1625 plaudeham

293 1651 357 1708 de
377 1650 575 1707 Saturo
605 1665 750 1707 meo.
774 1649 1063 1721 Cognoscit
1107 1648 1248 1704 Deus
1269 1648 1392 1715 quia
1422 1647 1621 1702 invitus
1642 1644 1880 1701 facturus

1977 446 2227 501 dimiserit
2259 462 2491 511 uxorem,
2523 447 2680 515 filios,
2710 462 2881 517 agros,
2909 456 2999 502 aut
3025 448 3250 517 domum,
3287 466 3430 507 meus
3461 469 3559 507 non

1978 537 2159 608 poterit
2189 553 2296 591 esse
2319 536 2577 608 dicipulus
2606 535 2757 609 (Luc.
2781 554 2892 608 xtv,
2917 538 3035 611 26).
3060 540 3198 608 Quid
3227 539 3365 599 ultra
3389 543 3413 598 Ἰ
3443 543 3559 600 Dis-

1976 634 2205 691 cedeute
2240 633 2468 692 muliere
2506 647 2628 688 cum
2658 633 2781 690 liliis
2811 635 3061 705 relutata,
3106 636 3440 693 confortatur
3465 638 3563 694 Sa-

1979 736 2131 783 turus
2152 725 2219 782 ad
2249 740 2531 793 coronam,
2551 724 2856 792 discutitur,
2878 728 3225 798 exspoliatur,
3251 728 3422 799 poenis
3442 743 3562 785 com

1980 820 2198 888 teritur,
2213 820 2493 878 mendicus
2515 819 2822 887 dimittitur,
2837 819 3172 877 interdicitur
3190 820 3237 878 ei
3266 822 3563 892 prodeundi

1980 931 2253 972 accessus.
2278 915 2473 972 Totum
2496 913 2545 971 ei
2568 913 2825 982 tulerunt,
2851 913 3044 970 stolam
3069 926 3246 973 tamen
3276 916 3564 989 baptisma-

1980 1010 2049 1065 tis
2071 1010 2283 1065 aulerre
2314 1008 2363 1065 ei
2401 1024 2506 1065 non
2536 1016 2846 1078 potuerunt.

2050 1099 2208 1156 XVII.
2235 1097 2475 1155 Geiserici
2503 1098 2871 1170 persecutionis
2896 1099 3179 1154 conclusio.
3200 1129 3272 1140 —
3292 1100 3420 1156 Post
3448 1100 3565 1160 hate

1985 1191 2288 1249 Geisericus
2329 1191 2616 1248 ecclesiam
2666 1189 3006 1262 Carthaginis
3052 1191 3225 1248 claudi
3277 1196 3565 1263 praecepit,

1981 1283 2252 1355 dissipatis
2279 1293 2439 1353 atque
2460 1281 2718 1352 dispersis
2744 1296 2840 1352 per
2861 1279 3071 1338 diversa
3096 1282 3410 1339 exsiliorum
3429 1284 3568 1351 loca,

1981 1378 2104 1450 quia
2136 1378 2421 1447 episcopus
2466 1392 2572 1433 non
2616 1384 2763 1441 erat,
2806 1374 3140 1448 presbyteris
3188 1383 3242 1431 et
3287 1375 3570 1431 ministris.

1982 1470 2114 1538 Quae
2154 1469 2244 1525 vix
2291 1478 2531 1527 reserata
2559 1476 2643 1524 est
2673 1468 2890 1525 Zenone
2939 1466 3180 1538 principe
3237 1467 3573 1539 supplicante

1984 1575 2082 1631 per
2126 1558 2407 1631 patricium
2448 1559 2751 1625 Severum;
2795 1567 2850 1615 et
2882 1560 2979 1621 sic
3008 1559 3243 1615 universi
3288 1560 3357 1613 ab
3385 1559 3575 1614 exsilio

1990 1653 2288 1710 redierunt.
2311 1653 2443 1720 Qua:
2468 1668 2597 1709 vero
2623 1653 2678 1708 in
2712 1651 2987 1724 Hispania,
3007 1652 3061 1707 in
3095 1652 3263 1718 Italia,
3292 1652 3576 1717 Dalmatia,

290 1759 347 1801 es
370 1743 490 1809 hoc,
525 1744 680 1815 quod
704 1742 843 1798 forte
876 1741 1181 1797 voluntarie
1208 1741 1466 1810 aliquanti
1498 1737 1757 1796 fecerunt.
1788 1735 1885 1793 Cui
1916 1741 1964 1802 Β
1990 1747 2302 1817 Campania,
2335 1746 2607 1814 Calabria,
2638 1746 2850 1816 Apulia,
2886 1746 3090 1813 Sicilia,
3136 1746 3406 1817 Sardinia,
3441 1748 3572 1802 Bm.

290 1839 376 1895 ille
402 1839 503 1895 Job
530 1838 714 1893 sancti
742 1852 875 1893 voce
922 1833 1202 1905 respondit
1229 1850 1242 1886 :
1277 1832 1543 1904 Tanquam
1588 1847 1690 1884 una
1716 1847 1778 1885 ea:
1804 1830 1883 1884 in-

291 1932 598 2004 sipientibus
624 1930 921 1986 mulieribus
953 1927 1178 2000 loqueris
1216 1926 1341 1997 (Job
1376 1942 1434 1993 tt,
1473 1926 1577 1993 l0).
1606 1922 1885 1980 Formida-

291 2041 422 2090 rcm,
446 2025 672 2091 mulier,
703 2022 748 2080 si
777 2022 891 2078 sola
918 2029 1064 2077 esset
1090 2019 1248 2090 hujus
1278 2019 1400 2074 vita:
1421 2032 1605 2073 amara
1634 2016 1883 2073 dulcedo.

293 2119 562 2185 Artiﬁcio,
587 2116 808 2186 conjux,
828 2114 1024 2171 diaboli
1051 2113 1344 2169 ministras.
1371 2111 1425 2168 Si
1443 2111 1693 2182 diligeres
1717 2109 1883 2165 mari-

294 2220 423 2276 tum,
459 2225 741 2281 nunquam
761 2208 827 2264 ad
852 2200 1142 2265 secundam
1178 2216 1407 2262 mortem
1434 2205 1733 2262 attraheres
1762 2219 1887 2275 pro-

292 2307 462 2376 prium
495 2306 697 2361 virutn.
728 2302 824 2375 [al.
860 2300 1176 2372 Detrahant]
1204 2300 1512 2357 Distraltant
1542 2299 1701 2367 ﬁlios,
1730 2314 1889 2371 sepa-

293 2406 409 2455 rent
438 2400 541 2470 12
580 2412 824 2464 uxorem,
852 2392 1513 2460 auferantsubstantiam;
1547 2394 1652 2449 mei
1679 2394 1889 2449 Domini

362 2570 388 2599 ³
426 2564 591 2620 Mart.
612 2603 627 2629 ,
661 2580 916 2633 unumque
954 2563 1246 2629 paruulum,
1293 2562 1416 2632 qui,
1444 2571 1576 2629 etc.,
1607 2560 1659 2614 in
1691 2574 1891 2633 genere

292 2637 615 2716 masculino.
660 2635 750 2691 Sic
789 2630 899 2691 fere
927 2633 1209 2691 Lorichius
1237 2673 1251 2698 ,
1283 2630 1484 2702 unaque
1533 2630 1844 2703 infantulum
1869 2671 1884 2695 ,

327 2719 380 2756 ut
434 2717 540 2761 etc.

292 2719 324 2771 η
362 2747 401 2813 δ’
428 2776 737 2833 Drthodox.
755 2775 1093 2832 solummodo
1112 2784 1167 2831 et
1194 2774 1479 2830 Lorichius
1496 2788 1615 2829 cum
1632 2772 1883 2828 versione

292 2843 497 2903 Gallica
539 2849 842 2905 Bellorestii
882 2847 1161 2903 Venetiam
1209 2847 1298 2903 hic
1342 2852 1648 2903 recensent.
1683 2844 1748 2899 Et
1785 2860 1883 2915 pro

1989 1839 2097 1907 liis,
2131 1838 2156 1878 ι’
2189 1838 2435 1904 Venetia,
2472 1837 2728 1906 Lucania,
2779 1837 2946 1909 Epiro
2978 1838 3180 1903 Veteri.
3227 1839 3313 1895 vel
3360 1840 3578 1895 llellada

1985 1935 2233 2003 gesserit,
2267 1931 2466 1986 melius
2512 1929 2585 1985 ibi
2618 1931 2719 2001 ipsi
2744 1931 2831 2000 qui
2865 1932 3009 2002 passi
3038 1939 3162 1986 sunt
3203 1931 3579 1987 miserabiliter

1991 2024 2089 2096 [αι.
2125 2021 2378 2093 lugenda]
2409 2021 2642 2091 lugendo
2693 2020 3009 2076 narrabunt.
3053 2020 3157 2076 Sed
3183 2022 3292 2091 jam
3333 2035 3580 2092 persecu-

1990 2117 2154 2172 tionis
2183 2124 2405 2183 nostrm,
2439 2130 2467 2167 a
2496 2112 2775 2169 Ceiserico
2821 2123 3023 2184 quanto
3065 2113 3389 2179 sublimiter,
3432 2122 3583 2169 tanto

1990 2208 2286 2265 crudeliter
2316 2216 2501 2277 gestae,
2534 2207 2635 2262 iste
2664 2206 2733 2261 sit
2774 2206 2916 2261 nnis.
2946 2206 3164 2262 Duravit
3204 2215 3383 2263 autem
3414 2206 3467 2263 itt
3497 2222 3582 2263 rc-

1991 2316 2098 2371 gno
2124 2301 2277 2356 annis
2305 2300 2521 2371 triginta
2556 2306 2763 2369 septem
2794 2307 2848 2353 et
2874 2299 3147 2355 mensibus
3178 2298 3367 2356 tribus.

1997 2558 2083 2613 his
2105 2557 2305 2614 verbis.
2332 2554 2494 2624 Epiro
2525 2554 2721 2619 Veteri,
2747 2554 2825 2608 vel
2856 2552 3104 2621 llellada,
3129 2553 3409 2609 Lorichius
3428 2552 3587 2614 habet

1994 2627 2193 2695 Epiro;-
2235 2626 2472 2681 Hellade.
2509 2624 2710 2680 Vocula
2756 2626 2911 2680 ueteri
2964 2624 3232 2695 omittitur
3276 2639 3491 2695 quoque
3527 2626 3583 2681 itt

1990 2701 2228 2755 editione
2262 2696 2525 2751 lthenani.
2556 2696 2631 2751 De
2657 2704 2831 2751 morte
2854 2694 3131 2752 Genserici
3155 2696 3276 2753 vide
3296 2694 3585 2754 Commen-

1991 2771 2183 2826 tarium
2217 2767 2532 2824 historicum
2560 2766 2782 2837 capitul.
2815 2768 2869 2821 7.

300 2965 3559 3005 ,_________________.__._—_—————————-——————

1204 3050 1686 3161 LIBER
1768 3043 2659 3155 SECUNDUS.

1380 3235 1583 3280 INITIA
1627 3228 2124 3279 PBRSECUTIONIS
2171 3226 2503 3271 HUNERICI.

361 3362 403 3420 Ι.
461 3362 716 3421 IIunerici
768 3365 935 3421 initia.
981 3394 1050 3407 —-
1098 3362 1305 3421 Mortuo
1362 3363 1520 3435 igitur
1585 3360 1895 3427 Ceiserico,
1928 3362 1974 3425 C
2004 3358 2262 3427 scriptum
2321 3358 2527 3414 habens
2568 3358 2621 3412 in
2656 3356 2898 3413 femore:
2939 3353 3260 3414 Manichms
3306 3358 3594 3429 discipulus

284 3465 313 3495 ⁸
337 3456 663 3513 llunericus
712 3456 887 3527 major
917 3456 1059 3511 illius
1087 3456 1223 3526 patri
1252 3456 1512 3511 succedit.
1562 3454 1663 3519 Qui
1698 3456 1749 3507 in
1786 3452 1896 3522 pri-

279 3547 519 3606 mordio
546 3548 718 3617 regni,
751 3558 809 3603 ut
828 3547 991 3602 habet
1019 3546 1289 3602 subtilitas
1321 3546 1705 3610 Barbarorum,
1736 3545 1898 3613 cmpit

283 3640 487 3696 mitius
526 3647 581 3695 et
609 3639 943 3695 moderatius
972 3649 1222 3708 agerc,ct
1251 3638 1485 3693 maxime
1511 3637 1652 3691 circa
1686 3636 1903 3702 religio-

285 3747 425 3790 nem
458 3739 747 3787 nostram:
780 3740 837 3786 ut
859 3730 1021 3786 etiam
1046 3730 1136 3785 ubi
1168 3738 1324 3784 antea
1350 3729 1450 3783 sub
1480 3743 1605 3798 rege
1630 3727 1903 3783 Ceiserico

287 3822 394 3897 [αι.
436 3820 821 3893 praedicatum]
850 3819 1253 3891 pra'judicatum
1304 3818 1477 3875 fuerat
1522 3834 1587 3874 ne
1634 3817 1903 3889 spiritales

286 3913 502 3972 ﬁerent
530 3924 849 3981 conventus,
901 3914 1272 3970 conventicula
1309 3921 1695 3969 concurrerent
1729 3927 1903 3982 popu—

288 4009 511 4066 lorum.
545 4007 615 4063 Et
643 4018 698 4061 ut
722 4022 782 4063 se
811 4006 1122 4078 religiosum
1166 4005 1499 4072 ostenderet,
1527 4004 1556 4043 δ
1584 4006 1768 4060 statuit
1797 4004 1905 4058 sol-

292 4099 511 4157 licitius
533 4099 887 4169 requirendos
916 4097 1207 4153 haereticos
1226 4095 1551 4152 Manichaeos
1575 4111 1591 4161 ;
1620 4111 1685 4151 ex
1712 4095 1903 4166 quibus

293 4194 511 4251 multos
561 4190 820 4257 incendit,
869 4189 1129 4260 plurimos
1171 4199 1350 4245 autem
1390 4188 1639 4244 distraxit
1679 4182 1902 4241 navbus

296 4283 687 4344 transmarinis
714 4300 728 4338 :
759 4297 894 4355 quos
923 4298 1059 4353 pene
1090 4297 1279 4338 omnes
1308 4281 1631 4336 Manichreos
1675 4294 1788 4334 suae
1817 4294 1901 4335 re-

295 4377 523 4450 ligionis
551 4375 777 4445 invenit,
801 4384 851 4430 et
876 4375 1142 4445 praecipue
1165 4374 1507 4446 presbyteros
1539 4381 1593 4428 et
1620 4371 1896 4438 diaconos,

297 4474 528 4531 Arianm
556 4468 846 4524 hznreseos.
873 4466 1029 4524 Unde
1053 4466 1225 4538 magis
1275 4466 1621 4531 erubescens,
1668 4464 1899 4535 amplius

297 4566 355 4621 in
388 4564 523 4620 illos
555 4561 773 4617 exarsit.
801 4560 875 4616 De
903 4559 1096 4631 quibus
1116 4556 1363 4629 repertus
1388 4566 1470 4614 est
1490 4570 1647 4626 unus,
1682 4557 1899 4612 nomine

296 4657 396 4733 lat.
433 4650 849 4712 Demcntianusl
875 4651 1304 4723 Clementianus,
1330 4650 1627 4709 monachus
1657 4650 1896 4719 illorum,

1998 3449 2187 3506 Christi
2219 3446 2367 3503 Jesu.
2398 3450 2627 3520 Propter
2665 3449 2806 3519 quod
2852 3450 3021 3520 magis
3060 3462 3082 3490 ε
3110 3451 3431 3508 laudabilior
3477 3467 3593 3507 me-

2000 3549 2237 3595 moratus
2267 3548 2524 3609 tyrannus
2554 3539 2842 3595 videbatur
2867 3559 2881 3592 :
2906 3540 2961 3594 in
2991 3556 3098 3596 uno
3127 3542 3441 3612 displicens,
3469 3545 3595 3613 quia

2007 3630 2286 3698 cupiditati
2336 3630 2623 3684 insatiabili
2669 3626 3046 3685 vehementius
3096 3630 3354 3699 inhiabat,
3384 3642 3441 3687 et
3468 3646 3596 3703 pro-

2006 3723 2209 3778 vincias
2241 3724 2388 3792 regni
2420 3721 2504 3778 sui
2530 3721 2694 3776 variis
2721 3722 3008 3777 calumniis
3032 3732 3193 3793 atque
3214 3722 3597 3780 indictionibus

2007 3815 2301 3880 onerabat;
2333 3825 2389 3870 ut
2414 3814 2484 3870 de
2516 3814 2607 3868 illo
2630 3815 2903 3885 praecipue
2924 3814 3219 3871 diceretur:
3244 3813 3270 3851 ἀ
3294 3815 3407 3870 [lex
3433 3830 3598 3884 egens

2009 3924 2235 3979 magnus
2263 3918 2346 3964 est
2375 3908 2753 3965 calumniator.
2778 3908 2933 3964 Dedit
2957 3917 3135 3965 autem
3165 3909 3460 3976 licentiam,
3493 3912 3595 3967 Ze-

2010 4019 2152 4059 none
2200 4004 2557 4074 imperatore,
2611 4012 2772 4073 atque
2803 4013 2827 4040 °
2858 4001 3093 4058 Placidia
3154 4004 3336 4059 relicta
3389 4004 3594 4076 Olybrii

2015 4099 2353 4170 rogantibus,
2404 4109 2460 4153 ut
2506 4098 2943 4169 Carthaginensis
2995 4096 3236 4153 Ecclesia
3287 4099 3389 4153 sibi
3435 4114 3595 4169 quem

2007 4193 2170 4249 vellet
2198 4194 2508 4265 episcopum
2530 4193 2827 4261 ordinaret,
2855 4207 2976 4263 quae
2996 4191 3107 4261 jam
3133 4206 3229 4261 per
3250 4191 3437 4261 viginti
3463 4205 3598 4261 qua-

2007 4295 2129 4340 tuor
2158 4285 2257 4356 13
2289 4299 2459 4342 annos
2490 4283 2582 4339 tali
2610 4292 2932 4339 ornamento
2968 4282 3143 4338 fuerat
3171 4280 3448 4337 destituta.

2076 4377 2141 4435 ll.
2184 4376 2444 4432 Permittit
2490 4376 2717 4446 episcopi
2756 4374 3153 4443 ordinationem.
3187 4400 3259 4414 -—
3284 4372 3444 4427 Mittit
3469 4387 3599 4443 ergo

2004 4481 2131 4528 tunc
2156 4470 2224 4525 ad
2252 4471 2538 4527 ecclesiam
2571 4469 2936 4526 Alexandrum
2966 4468 3254 4535 illustrem,
3289 4466 3597 4537 hujusmodi

2004 4564 2325 4636 legationem
2357 4564 2639 4628 ferentem,
2665 4571 2723 4617 ut
2753 4562 2805 4616 in
2840 4560 3126 4631 przesentia
3154 4559 3273 4629 ejus
3303 4558 3598 4614 catholicus

2004 4656 2234 4729 populus
2268 4655 2487 4726 dignum
2526 4652 2627 4708 sibi
2658 4660 2866 4722 peteret
2904 4650 3269 4716 sacerdotem,
3315 4649 3596 4705 destinans

374 4867 403 4895 ι
446 4852 675 4911 Codices
718 4866 852 4907 mss.
896 4848 1080 4908 Sancti
1123 4847 1376 4905 Germani
1417 4862 1447 4901 a
1497 4847 1688 4918 Pratis,
1714 4847 1902 4918 Sancti
1930 4848 1982 4909 D
2078 4846 2105 4885 ἀ
2146 4848 2299 4904 Colb.
2328 4849 2382 4916 2,
2413 4848 2626 4918 Germ.,
2670 4844 2874 4918 Ful._et
2919 4842 3273 4918 Compucum
3326 4844 3596 4918 Lorichio,

296 4924 546 4985 Cornelii
598 4921 1047 4985 compendiensis,
1093 4928 1148 4975 et
1193 4917 1500 4974 monasterii
1542 4916 1724 4972 Sancti
1768 4918 1901 4972 Ber-

297 4998 463 5055 nardi
512 4996 575 5050 R.
629 4994 694 5050 Β.
724 4988 790 5047 Ι).
822 4992 883 5046 P.
916 4991 1249 5047 Fuliensium
1291 4988 1674 5043 Parisiensium
1704 4988 1905 5043 habent

298 5067 643 5150 Nundricus.
678 5062 976 5121 Ortbodox.
1010 5069 1064 5119 et
1090 5060 1393 5128 Lorichius,
1429 5057 1716 5113 Hunericus
1745 5057 1904 5112 Nun-

298 5141 683 5265 dﬂbu‘brthod.
714 5214 770 5262 et
803 5204 1108 5272 Lorichius,
1136 5201 1409 5263 sollicitius
1432 5201 1577 5272 jubet
1608 5217 1715 5257 esse
1735 5201 1903 5272 requi-

298 5283 523 5337 rendus.
567 5277 725 5333 Mart.
764 5285 819 5333 et
861 5271 1383 5345 Comp.,’sollicitius
1421 5271 1728 5345 requirebat.
1761 5271 1900 5328 Infra

300 5366 409 5432 pro
440 5348 719 5432 distraxit,
742 5347 904 5419 aliqui
933 5343 1131 5402 habent
1152 5346 1423 5401 destruxit.
1454 5343 1738 5401 Lorichius
1770 5357 1903 5400 vero

301 5423 586 5550 ἀξιέἚέέο
600 5506 704 5549 vox
726 5490 881 5547 deest
908 5488 965 5543 in
986 5487 1166 5554 Mart.,
1184 5486 1368 5543 Germ.
1386 5495 1439 5541 et
1470 5485 1619 5552 Ful.,
1647 5485 1736 5555 qui
1762 5484 1902 5555 infra

305 5564 520 5621 habent
558 5562 878 5619 Videbat....
906 5574 1010 5630 qua
1036 5559 1336 5629 cupiditate.
1364 5556 1647 5611 Lorichius
1668 5554 1802 5630 vero
1823 5554 1903 5630 sic

308 5635 516 5708 habet,
542 5643 747 5708 propter
774 5626 1111 5708 quod’magis'
1140 5636 1449 5708 memoratus
1478 5636 1726 5699 tyrannus
1757 5626 1904 5683 lude-

308 5705 421 5774 bat.
467 5701 521 5764 in
544 5701 654 5763 uno
680 5701 954 5775 displicens
980 5701 1123 5771 quia,
1152 5706 1258 5756 etc.

608 5803 888 5871 Panos.
928 5795 1151 5864 LVIII.

2016 4918 2129 4973 Rea:
2154 4935 2302 4989 egens
2332 4914 2599 4989 reditibus,
2635 4928 2740 4989 etc.
2775 4915 2932 4989 Mart.
2958 4924 3007 4970 et
3029 4914 3181 4971 Colb.
3205 4918 3256 4979 1,
3291 4932 3503 4989 magnos
3526 4914 3601 4975 est

2014 4985 2377 5044 calumniatus.
2410 4988 2566 5044 Orth.
2598 4999 2649 5043 et
2679 4986 2982 5051 Lorichius,
3012 5003 3199 5056 magna
3221 4985 3488 5043 calantitas
3506 5006 3598 5046 est.

2014 5060 2182 5116 Porro
2203 5060 2341 5129 apud
2386 5059 2577 5115 media:
2607 5060 2782 5115 astatis
2807 5067 3053 5129 auctores
3081 5057 3197 5129 haec
3223 5072 3322 5113 vox
3340 5098 3357 5124 ,
3404 5060 3602 5115 colunt-

2013 5132 2178 5199 niare,
2199 5127 2294 5187 seu
2324 5131 2649 5211 calumniari,
2683 5130 2827 5187 idem
2858 5127 3243 5211 signjﬁq3t73
3258 5143 3319 5184 ac
3350 5130 3602 5211 litem_i.t_t-
3692 5180 3695 5181 ν

2013 5197 2241 5266 tentare,
2271 5217 2365 5258 seu
2397 5218 2493 5271 pro
2522 5197 2701 5273 aliqua
2730 5197 3022 5272 repetenda
3052 5197 3105 5254 in
3133 5197 3233 5269 jus'
3260 5214 3476 5258 vocare.
3504 5202 3598 5258 Vi-

2013 5273 2157 5331 desis
2186 5272 2518 5329 Glossarium
2549 5272 2897 5343 Cangianum.

2086 5354 2110 5383 °
2150 5344 2277 5400 Haec
2320 5352 2435 5400 erat
2476 5341 2735 5399 Eudoxi'as
2765 5341 3020 5398 Ilunerici
3050 5345 3232 5415 uxoris
3261 5359 3445 5411 soror,
3477 5360 3601 5415 quae

2011 5416 2171 5473 simul
2201 5431 2321 5471 cum
2359 5417 2469 5484 ipsa
2493 5428 2784 5481 earumque
2813 5422 2985 5484 matre
3013 5429 3043 5469 a
3088 5412 3402 5481 Genserico,
3429 5412 3602 5471 Roma

2010 5498 2185 5557 capta,
2246 5486 2299 5541 in
2351 5483 2583 5541 Africam
2628 5484 2853 5557 abducta
2908 5483 3101 5557 fuerat.
3132 5485 3209 5557 De
3239 5487 3320 5543 his
3363 5488 3514 5557 plura
3545 5487 3602 5543 in

2010 5554 2411 5613 Commentario
2452 5555 2707 5625 historico
2737 5555 2910 5625 capite
2936 5554 2989 5613 6.
3033 5555 3137 5613 Pro
3167 5554 3406 5614 Placidia
3450 5556 3603 5617 Lori-

2010 5628 2166 5689 chius
2193 5640 2409 5699 semper
2436 5624 2597 5682 habet
2638 5624 2869 5687 Placida.
2936 5642 2949 5649 ’

1898 5738 2014 5771 ’μοί
