4082 6320
479 291 583 350 eos
1802 275 2109 333 vtc'ronts
2145 273 2450 332 vtrsusts
2727 342 2737 350 .
3627 273 3731 336 ξω

482 417 691 476 quoque
725 417 819 474 per
852 402 1115 459 notarium
1155 412 1332 464 suum,
1362 394 1578 454 nomine
1603 389 1776 464 [edit.,
1808 388 2050 460 Vitared]
2077 393 2132 453 Α
2157 389 2439 445 Pecuniam
2481 389 2620 460 apud
2665 405 2786 444 eum
2835 405 3102 462 nunquam
3153 388 3414 446 mansisse
3459 389 3731 462 probatur,

484 495 694 563 Vitarit,
725 494 956 551 edictum
984 493 1125 564 quod
1156 490 1363 562 publice
1394 488 1680 558 legeretur,
1713 484 1853 538 hunc
1880 483 2049 537 conti-
2152 482 2254 538 nisi
2291 482 2427 536 forte
2466 482 2555 536 tali
2601 482 2730 536 hora
2767 481 3072 550 offerretur,
3107 482 3320 553 quando
3352 483 3461 552 jam
3505 486 3585 539 so?
3628 483 3733 541 diei

485 604 617 644 nens
647 587 860 644 modum
891 605 905 640 :
942 605 960 638 ί
996 586 1160 642 Jussit
1182 584 1331 640 vobis
1359 582 1608 638 dominus
1638 588 1820 635 noster
1850 577 1942 648 [αι.
1975 577 2053 631 di-

427 663 439 679 "
485 681 630 751 cere]
658 678 780 744 dici,
808 680 928 749 quia
958 676 1244 747 imperator
1268 674 1471 740 Zenon,
1501 681 1553 726 et
1580 669 1905 726 nobilissima
1930 667 2048 722 Pla-

486 773 646 837 cidia,
675 787 768 841 per
797 770 1156 826 Alexandrum
1196 768 1366 822 virum
1407 766 1668 820 illustrem
1705 762 2052 831 scripserunt,

485 871 728 933 petentes
773 871 830 915 ut
877 860 1113 914 Ecclesia
1153 854 1488 926 Carthaginis
1540 852 1813 923 religionis
1861 860 2055 905 vestrae

486 955 759 1023 proprium
803 953 1112 1022 episcopum
1161 950 1374 1005 habeat.
1455 947 1566 1001 Hoc
1609 945 1723 1000 fieri
1776 942 2054 1014 praecepit;

487 1052 651 1112 atque
692 1044 770 1097 eis
813 1043 1104 1112 rescripsit,
1137 1041 1219 1096 vel
1266 1040 1450 1110 legatis
1487 1039 1550 1091 ab
1589 1036 1668 1092 eis
1691 1035 1907 1091 directis
1954 1032 2058 1087 dici

487 1134 664 1204 jussit,
694 1145 750 1186 ut
779 1133 914 1188 sicut
941 1132 1207 1200 petierunt
1241 1131 1389 1184 vobis
1430 1129 1743 1198 episc0pum
1774 1140 1934 1195 quem
1967 1138 2061 1178 vo-

488 1226 695 1281 lucritis
725 1223 1009 1289 ordinetis;
1034 1223 1132 1278 sub
1161 1236 1225 1276 eo
1259 1230 1460 1283 tenore,
1487 1228 1544 1273 ut
1567 1227 1760 1273 nostra:
1790 1215 2062 1286 religionis

488 1316 722 1386 episcopi
754 1317 840 1385 qui
869 1313 1006 1384 apud
1033 1310 1545 1380 Constantinopolim
1577 1318 1700 1363 sunt
1726 1317 1780 1362 et
1803 1323 1894 1376 per
1929 1305 2062 1360 alias

490 1406 790 1476 provincias
819 1405 1071 1468 Orientis,
1101 1420 1166 1458 ex
1193 1403 1306 1472 ejus
1352 1410 1616 1470 praecepto
1659 1400 1881 1454 liberum
1914 1395 2062 1451 arbi-

489 1495 649 1548 trium
706 1493 931 1548 habeant
973 1493 1027 1547 in
1076 1492 1328 1548 Ecclesiis
1382 1492 1525 1554 suis,
1566 1489 1756 1559 quibus
1797 1486 2065 1541 voluerint

489 1584 686 1654 linguis
742 1583 936 1652 poliulo
989 1593 1014 1619 α
1061 1590 1316 1646 tractare,
1383 1589 1436 1635 et
1496 1580 1665 1648 legem
1712 1575 2062 1632 Christianam

491 1677 667 1731 colere
693 1693 705 1728 :
733 1674 1179 1746 quemadmodum
1214 1688 1307 1728 vos
1329 1671 1434 1736 hic,
1464 1671 1546 1725 vel
1573 1672 1624 1724 in
1655 1669 1773 1724 aliis
1799 1666 2061 1729 ecclesiis,

2154 573 2425 643 explicans
2455 588 2692 639 cursum,
2729 573 3003 627 nocturnis
3043 573 3279 628 tenebris
3305 574 3552 630 ordinem
3584 574 3736 630 daret

2154 676 2209 721 et
2238 666 2430 722 locum.
2463 666 2688 721 Tantum
2723 665 2818 738 [αι.
2837 667 3049 719 additur
3075 665 3200 738 sibi]
3231 667 3542 722 reservabat
3568 684 3734 736 quan-

2157 765 2266 812 tum
2321 758 2424 812 diei
2470 756 2760 822 sufﬁceret,
2808 773 2916 811 non
2969 767 3224 828 quantum
3271 758 3533 830 cupiditas
3577 773 3738 828 expe-

2158 851 2328 910 tisset.
2356 850 2466 904 Deo
2494 858 2677 905 nostro
2700 849 2926 904 subinde
2950 849 3186 920 quotidie
3207 851 3441 922 ingentia
3462 860 3517 906 et
3539 850 3740 920 majora

2157 942 2409 996 donante.
2459 942 2563 996 Sed
2604 957 2722 996 cum
2762 942 2898 995 fama
2938 942 3055 1011 ejus
3094 953 3236 997 esset
3272 942 3468 1011 ubique
3507 941 3738 996 celebris

2159 1043 2318 1103 atque
2359 1033 2662 1098 manifesta,
2712 1042 2993 1102 cmperunt
3034 1033 3234 1088 exinde
3263 1033 3580 1088 Arianorum
3623 1035 3738 1103 cpi-

2160 1127 2307 1196 scopi
2333 1126 2527 1181 invidia
2558 1125 2706 1196 gravi
2738 1127 2995 1194 torqueri.
3022 1127 3367 1195 quotidianis,
3391 1134 3446 1180 et
3473 1127 3743 1196 praecipue

2165 1217 2191 1256 ιι
2215 1217 2414 1288 Cyrila,
2442 1233 2560 1273 eum
2591 1217 2871 1273 calumniis
2901 1219 3240 1273 insectantes.
3260 1216 3395 1284 Quid
3425 1217 3745 1286 plurimum?

2163 1309 2466 1380 Suggerunt
2507 1309 2614 1379 regi
2643 1308 2709 1363 de
2747 1307 2839 1362 illo
2882 1317 2938 1362 ut
2979 1323 3133 1363 suum
3169 1322 3500 1378 nequaquam
3533 1308 3747 1363 sederet

2166 1401 2437 1465 thronum,
2466 1415 2640 1470 neque
2664 1399 2728 1455 ad
2759 1399 2850 1454 Dei
2886 1399 3138 1468 populum
3173 1399 3390 1454 verbum
3413 1399 3611 1454 faceret
3642 1397 3748 1471 14

2165 1499 2503 1545 consuetum.
2547 1489 2748 1544 Deinde
2778 1490 2881 1560 (ut)
2907 1503 3248 1559 quoscunque
3278 1503 3454 1544 mares
3480 1490 3565 1544 vel
3595 1490 3749 1545 femi-

2167 1598 2263 1639 nas
2294 1584 2345 1638 in
2372 1583 2550 1639 habitu
2581 1584 2806 1639 barbaro
2846 1583 3153 1638 incedentes
3191 1583 3243 1637 in
3285 1582 3510 1638 ecclesia
3535 1581 3744 1652 conspi-

2166 1685 2334 1744 ceret,
2378 1675 2705 1746 prohiberet.
2752 1676 2841 1731 llle
2882 1676 3161 1745 respondit
3202 1685 3260 1730 ut
3298 1676 3496 1748 decuit.
3548 1675 3748 1731 Domus

489 1781 608 1835 qua:
638 1766 689 1820 in
721 1765 1011 1834 provinciis
1037 1763 1300 1818 Africanis
1327 1762 1628 1818 constituta:
1657 1768 1799 1824 sunt,
1834 1758 2059 1813 liberum

2167 1769 2257 1825 Dei
2285 1770 2532 1824 omnibus
2559 1778 2727 1839 patet,
2755 1768 3016 1823 intrantes
3045 1767 3220 1822 nullus
3244 1767 3435 1837 poterit
3463 1767 3742 1837 repellere.

488 1858 768 1912 arbitrium
795 1858 888 1927 [aL
921 1856 1202 1928 habebitis]
1234 1856 1460 1921 habetis,
1496 1856 1546 1909 in
1591 1854 1833 1908 ecclesiis
1873 1851 2064 1906 vestris

489 1950 682 2008 missas
709 1967 888 2020 agere,
919 1951 1001 2006 vel
1034 1961 1281 2017 tractare,
1313 1963 1364 2004 et
1392 1964 1508 2018 qua:
1540 1949 1670 2016 legis
1700 1955 1894 2003 vestra:
1919 1954 2062 2008 sunt,

489 2041 936 2113 quemadmodum
963 2042 1140 2108 vultis,
1174 2041 1371 2096 facere.
1425 2040 1556 2095 Nam
1587 2041 1633 2094 si
1664 2041 1764 2095 hoc
1791 2040 1933 2094 circa
1973 2052 2067 2093 eos

488 2148 595 2188 non
620 2134 776 2188 fuerit
824 2131 916 2203 [αι.
944 2131 1294 2202 reservatum]
1325 2134 1687 2194 observatum,
1718 2140 1826 2186 tam
1854 2129 2064 2198 episco-

488 2239 592 2294 pus
636 2225 723 2292 qui
767 2225 1044 2278 ordinatus
1090 2223 1254 2278 fuerit
1293 2237 1451 2290 quam
1494 2222 1698 2283 clerici,
1743 2219 1836 2274 scd
1881 2227 1935 2272 et
1977 2217 2067 2273 alii

489 2317 724 2384 cpisc0pi
751 2330 872 2369 cum
897 2314 1106 2369 clericis
1133 2312 1262 2377 suis,
1289 2316 1379 2382 qui
1408 2313 1461 2366 in
1488 2311 1755 2368 Africanis
1779 2310 2066 2380 provinciis

489 2414 637 2471 Sunt,
667 2405 992 2472 jubebuntur
1020 2406 1158 2458 inter
1175 2403 1384 2457 Mauros
1414 2402 1572 2456 mitti.
1608 2423 1624 2454 ›
1658 2401 1810 2468 Quod
1833 2401 2068 2456 edictum

493 2496 620 2550 dum
662 2496 813 2552 nobis
845 2495 1215 2562 praesentibus,
1247 2502 1440 2564 quarto
1474 2493 1686 2549 decimo
1726 2493 2065 2547 calendarum

492 2588 639 2661 [edit.
659 2601 717 2651 ll,
736 2584 1034 2655 Juniarumj
1047 2584 1302 2640 Juliarum
1325 2584 1588 2639 universa:
1603 2583 1857 2639 Ecclesiae
1874 2583 2070 2652 legere-

489 2688 598 2745 tur,
617 2695 830 2750 gemere
850 2679 1109 2747 cmpimus
1129 2679 1492 2742 mussitantes,
1520 2693 1583 2732 eo
1603 2676 1743 2747 quod
1767 2675 2069 2730 meditanti-

488 2769 592 2824 bus
613 2771 764 2826 dolos
786 2771 1045 2824 malorum
1067 2780 1208 2826 esset
1231 2769 1404 2824 futura
1423 2768 1726 2839 persecutio
1744 2777 2063 2838 praeparata.

489 2861 563 2918 Et
593 2863 659 2916 ita
695 2862 865 2932 legato
891 2861 1096 2917 dixisse
1141 2862 1470 2930 probamur:
1509 2881 1527 2914 i
1565 2862 1619 2916 Si
1652 2863 1720 2916 ita
1761 2871 1864 2929 est,
1900 2861 2066 2915 inter-

487 2951 677 3022 positis
722 2953 805 3014 his
848 2952 1241 3010 conditionibus
1291 2953 1624 3022 periculosis,
1674 2953 1789 3006 hac
1822 2951 2066 3006 Ecclesia

489 3047 798 3115 episcopum
849 3061 955 3100 non
1002 3045 1297 3100 delectatur
1347 3045 1563 3102 habere.
1630 3045 1732 3117 [αι.
1770 3039 2065 3112 (ΞιώθνιιθιἸ

2169 1862 2398 1918 Maxime
2422 1863 2544 1930 quia
2581 1861 2769 1930 ingens
2804 1862 2974 1915 fuerat
3008 1859 3293 1917 multitudo
3321 1868 3627 1914 nostrorum
3656 1873 3748 1914 ca-

2168 1954 2514 2020 tholicorum,
2559 1954 2610 2007 in
2642 1952 2827 2008 habitu
2869 1952 3078 2008 illorum
3121 1951 3504 2017 incedentium,
3537 1949 3606 2005 ob
3646 1949 3749 2004 hoc

2167 2047 2307 2116 quod
2339 2043 2516 2100 domui
2556 2045 2717 2114 regiae
2754 2043 3080 2098 serviebant.

2239 2136 2326 2191 IV.
2370 2135 2745 2190 Persecult'om's
2773 2135 2939 2188 initia.
2972 2163 3043 2174 —-
3089 2135 3156 2188 At
3183 2133 3272 2188 ubi
3309 2132 3377 2186 ab
3412 2131 3626 2188 homine
3653 2132 3750 2187 Dei

2170 2227 2278 2284 tale
2323 2241 2642 2297 responsum
2687 2226 2928 2294 accepit,
2969 2225 3152 2279 statuit
3198 2224 3250 2278 in
3297 2225 3466 2293 portis
3509 2225 3749 2278 ecclesiin

2169 2318 2418 2375 collocari
2452 2326 2680 2372 tortores
2709 2334 2720 2370 :
2754 2317 2844 2386 qui
2878 2316 3118 2372 videntes
3149 2316 3395 2372 feminam
3427 2317 3510 2370 vel
3539 2330 3749 2372 mascu~

2171 2410 2280 2465 lum
2324 2411 2374 2464 in
2423 2409 2607 2480 specie
2651 2423 2762 2464 suae
2810 2409 2985 2477 gentis
3032 2406 3386 2472 ambulantes,
3431 2408 3570 2462 iilico
3614 2407 3750 2476 palis

2171 2500 2466 2555 minoribus
2509 2499 2740 2554 dentatis
2771 2498 2928 2568 jactis
2976 2499 3027 2551 in
3071 2499 3265 2566 capite,
3309 2498 3649 2565 crinihusquc
3692 2499 3747 2552 in

2170 2595 2372 2650 eisdem
2404 2595 2686 2665 colligatis,
2719 2608 2782 2648 ac
2810 2591 3177 2647 vehementius
3217 2591 3557 2661 stringentes,
3590 2591 3748 2643 simul

2171 2700 2290 2742 cum
2322 2686 2524 2754 capillis
2567 2699 2778 2740 omnem
2821 2683 3122 2753 pelliculam
3169 2682 3354 2751 capitis
3410 2681 3743 2737 auferebam.

2171 2777 2423 2832 Nonnulli
2453 2786 2653 2841 autem,
2679 2776 2803 2832 dum
2836 2776 2935 2829 hoc
2967 2775 3142 2840 fleret,
3179 2775 3358 2830 statim
3399 2776 3582 2830 oculos
3611 2775 3745 2828 ami-

2172 2873 2377 2933 serunt,
2417 2865 2505 2919 alii
2552 2865 2666 2934 ipso
2693 2863 2879 2920 dolore
2905 2863 3139 2919 defuncti
3170 2871 3314 2918 sunt.
3342 2861 3588 2919 Mulieres
3616 2878 3747 2918 vero

2171 2965 2295 3027 post
2331 2957 2468 3010 hanc
2513 2970 2746 3024 pinnam,
2779 2954 3042 3024 capitibus
3073 2955 3211 3024 pelle
3250 2954 3460 3009 nudatis
3498 2968 3752 3024 prmcone

2173 3057 2441 3119 prmeuute
2469 3061 2564 3118 per
2591 3047 2810 3116 plateas,
2843 3047 2908 3100 ad
2939 3048 3299 3102 ostensionem
3331 3045 3493 3099 totius
3520 3045 3754 3099 civitatis

489 3138 764 3193 Gubernat
808 3153 923 3193 eam
970 3138 1244 3204 Christus,
1290 3139 1380 3207 cui
1433 3152 1646 3207 semper
1690 3138 1936 3207 dignatus
1985 3143 2069 3192 est
2095 3136 2142 3198 C
2171 3139 2520 3196 ducebantur.
2563 3139 2713 3207 Quod
2756 3139 2856 3194 sibi
2903 3139 3069 3209 magis
3111 3154 3227 3208 quae
3274 3138 3628 3208 patiebantur,
3669 3137 3754 3192 lu-

489 3230 806 3297 gubernare.
845 3247 862 3279 ι
913 3229 1079 3294 Quam
1132 3230 1526 3298 suggestionem
1574 3230 1779 3298 legatus
1823 3229 2066 3296 accipere

489 3317 744 3386 neglexit.
793 3317 960 3373 Simul
990 3328 1043 3372 et
1083 3321 1332 3389 papulus,
1372 3328 1428 3373 ut
1471 3328 1594 3373 tunc
1636 3318 1804 3383 fieret,
1834 3329 1891 3373 ut
1933 3320 2066 3388 ignis

489 3413 714 3476 exarsit,
759 3411 909 3480 cujus
957 3419 1071 3465 erat
1117 3414 1319 3468 clamor
1370 3413 1741 3481 intolerabilis,
1785 3415 1874 3483 qui
1923 3414 2065 3468 nulla

487 3513 672 3575 posset
701 3504 908 3558 ratione
938 3503 1132 3558 sedari.

490 3623 492 3628 τ
562 3596 651 3650 lll.
696 3596 910 3666 Eugenit'
949 3596 1177 3650 virtutes.
1209 3626 1278 3636 —-
1313 3595 1570 3652 Ordinato
1607 3597 1784 3668 itaque
1814 3597 2067 3667 episc0po

487 3687 756 3759 Eugenio,
791 3691 904 3742 viro
933 3696 1117 3743 sancto
1150 3688 1366 3758 Deoque
1400 3699 1640 3760 accepto,
1672 3677 1914 3746 sublimis
1943 3699 2065 3747 nata

486 3788 572 3836 est
601 3781 800 3849 laetitia,
833 3790 886 3836 et
912 3780 1160 3850 gaudium
1193 3781 1521 3836 cumulatum
1552 3791 1636 3838 est
1666 3784 1919 3838 Ecclesiae
1949 3783 2061 3837 Dei.

487 3872 739 3927 Exsultat
782 3871 1067 3927 multitudo
1109 3871 1369 3927 catholica
1407 3873 1506 3926 sub
1549 3873 1774 3927 barbara
1816 3873 2063 3927 domina-

488 3962 654 4027 tione,
688 3960 755 4015 de
777 3962 1110 4016 ordinatione
1148 3963 1412 4030 pontificis
1449 3966 1698 4032 reparati.
1733 3964 1863 4018 Nam
1898 3967 2066 4020 maxi-

491 4067 615 4108 mus
675 4067 928 4105 numerus
979 4052 1231 4120 juvenum
1283 4063 1441 4121 atque
1515 4054 2064 4119 adolescentularum,

489 4142 704 4198 sibimet
734 4144 785 4196 in
821 4158 1104 4197 commune
1143 4144 1505 4213 congaudens,
1547 4145 1896 4200 attesmbatur
1925 4147 2065 4216 quod

490 4248 763 4302 nunquam
808 4235 1028 4288 vidisset
1074 4237 1380 4304 episcopum
1432 4237 1486 4291 in
1534 4237 1726 4292 throno
1767 4239 2062 4294 sedentem.

490 4320 660 4377 Porro
712 4324 804 4378 ille
856 4324 934 4378 vir
975 4325 1097 4390 Dei,
1146 4326 1396 4382 sacerdos
1447 4328 1716 4397 Eugenius
1763 4329 1926 4399 coepit
1973 4345 2067 4398 per

487 4415 949 4468 conversationem
979 4430 1197 4482 operum
1238 4417 1502 4471 bonorum
1531 4420 1854 4474 venerabilis
1888 4431 1942 4474 et
1975 4436 2064 4475 re-

2173 3248 2325 3290 orum
2351 3232 2640 3288 maximum
2667 3230 3068 3301 computabant.
3101 3230 3336 3297 Quorum
3365 3243 3462 3283 nos
3491 3227 3752 3298 plurimos

2171 3324 2446 3389 novimus,
2496 3337 2595 3378 nec
2644 3322 2841 3377 scimus
2881 3322 3111 3390 aliquem
3161 3335 3344 3376 eorum
3391 3329 3537 3386 tunc,
3582 3320 3749 3376 etiam

2173 3413 2346 3484 poenis
2386 3412 2722 3482 urgentibus,
2761 3425 2792 3466 a
2821 3419 2969 3467 recto
2999 3411 3191 3466 itinere
3230 3410 3518 3466 destitisse.
3565 3412 3632 3464 At
3657 3411 3752 3464 ubi

2171 3503 2278 3560 isto
2323 3503 2484 3560 modo
2529 3502 2651 3558 fidei
2697 3501 2986 3572 infringere
3029 3515 3134 3556 non
3186 3500 3352 3555 valuit
3411 3500 3507 3572 [αι.
3557 3500 3751 3571 ullum]

2170 3611 2406 3662 murum,
2436 3595 2635 3664 cogitat
2659 3603 2715 3649 ut
2738 3602 2935 3648 nostra:
2965 3591 3242 3664 religionis
3272 3592 3517 3648 homines
3547 3592 3598 3646 in
3625 3593 3749 3647 aula

2171 3690 2288 3759 ejus
2311 3687 2605 3754 constituti,
2641 3701 2813 3756 neque
2837 3687 3082 3752 annonis,
3114 3701 3285 3755 neque
3312 3684 3593 3754 stipendiis
3620 3685 3748 3740 soli-

2171 3785 2239 3840 tis
2264 3784 2586 3854 potirentur.
2623 3781 2843 3837 Addidit
2869 3796 3079 3852 quoque
3105 3789 3159 3837 et
3189 3781 3458 3836 laboribus
3485 3796 3580 3836 eos
3618 3795 3748 3836 con-

2171 3884 2348 3931 terere
2376 3874 2679 3930 rusticanis.
2713 3872 2902 3943 Dirigit
2930 3874 3071 3928 viros
3101 3874 3355 3942 ingenuos
3379 3881 3432 3926 et
3460 3870 3749 3927 admodum

2172 3965 2429 4021 delicatos
2481 3963 2546 4017 ad
2599 3976 2844 4032 campum
2895 3961 3226 4025 Uticensem,
3273 3970 3330 4016 ut
3374 3961 3474 4016 sub
3512 3962 3752 4016 ardentis

2173 4059 2302 4114 solis
2351 4057 2618 4124 incendio,
2669 4055 2898 4126 cespites
2944 4055 3198 4110 messium
3246 4053 3584 4109 desecarent.
3646 4053 3749 4109 Ubi

2172 4163 2360 4203 omnes
2387 4163 2505 4202 cum
2531 4145 2723 4217 gaudio
2748 4154 3050 4215 pergentes,
3083 4146 3134 4199 in
3159 4144 3383 4199 Domino
3409 4145 3747 4199 laetabantur.

2173 4241 2230 4295 In
2263 4254 2490 4310 quorum
2519 4239 2867 4294 contubernio
2910 4239 3124 4309 quidam
3167 4237 3264 4292 fuit
3301 4238 3506 4294 aridam
3546 4237 3753 4294 habens

2171 4345 2421 4396 manum,
2464 4345 2583 4401 qua:
2625 4345 2721 4400 per
2759 4344 2928 4385 annos
2975 4331 3394 4400 quamplurimos
3446 4331 3647 4384 nullum
3697 4333 3750 4386 ei

2169 4423 2493 4494 praestiterat
2522 4422 2853 4492 obsequium.
2883 4422 2980 4488 Qui
3020 4437 3141 4477 cum
3185 4423 3445 4478 veraciter
3469 4433 3753 4477 excusaret

487 4504 754 4559 verendus
803 4505 1003 4571 haberi,
1037 4509 1197 4561 etiam
1236 4508 1303 4562 ab
1331 4510 1408 4562 eis
1437 4510 1526 4578 qui
1560 4509 1688 4564 foris
1717 4521 1872 4576 sunt;
1904 4521 1957 4566 et
1996 4513 2066 4568 ita
2094 4505 2230 4569 Dse
2278 4513 2486 4582 operari
2534 4527 2640 4567 non
2687 4527 2877 4583 posse,
2930 4513 3095 4582 magis
3139 4513 3400 4568 violenter
3439 4513 3621 4582 jussus
3665 4523 3754 4567 est

487 4610 612 4650 esse
642 4597 884 4652 omnibus
912 4607 1116 4666 gratus,
1146 4608 1223 4663 ut,
1256 4601 1299 4652 si
1338 4604 1416 4653 fas
1453 4612 1617 4665 esset,
1656 4603 1885 4657 animam
1916 4617 2064 4659 suam

486 4702 588 4756 pro
613 4687 800 4743 eodem
824 4691 1100 4745 universos
1126 4702 1324 4760 ponere
1344 4693 1658 4748 delectaret.
1686 4694 2066 4766 Eleemosynas

485 4791 699 4849 quoque
731 4780 864 4834 tales
895 4795 990 4850 per
1027 4797 1148 4836 eum
1183 4783 1441 4839 Dominus
1472 4785 1718 4856 dignatus
1757 4798 1840 4842 est
1869 4787 2063 4854 facere,

485 4883 544 4925 ut
592 4872 903 4929 incredibile
953 4874 1194 4932 videatur
1234 4885 1381 4933 tanta
1426 4894 1548 4934 eum
1599 4879 1933 4950 impendere,
1975 4883 2066 4938 ubi

485 4963 763 5030 Ecclesia,
825 4973 992 5020 totum
1048 4967 1286 5024 barbaris
1355 4973 1695 5039 tenentibus,
1757 4990 1854 5030 nec
1908 4975 2065 5031 unius

484 5053 687 5105 nummi
715 5053 912 5110 habere
941 5059 1283 5125 cognoscitur
1326 5059 1655 5118 facultatem.
1701 5063 2064 5123 Humilitatem

485 5138 540 5192 in
569 5139 680 5206 illo,
713 5144 1009 5214 caritatem,
1040 5147 1294 5216 pietatem
1325 5149 1578 5207 divinitus
1608 5154 1984 5223 condonatam,
2015 5157 2065 5212 si

485 5231 764 5299 quisquam
809 5233 1026 5306 incipiat
1073 5237 1310 5305 laudare,
1371 5255 1479 5295 non
1529 5243 1725 5311 poterit
1769 5246 2061 5315 explicare.

556 5357 581 5432 ξ
624 5349 883 5432 l-lac'voce
919 5366 1126 5432 veteres
1147 5360 1519 5432 exprimebant
1545 5363 1918 5420 instructiones
1958 5381 2050 5422 seu

482 5416 885 5502 adhortationes
913 5425 978 5478 ad
1005 5416 1252 5502 populum
1274 5471 1287 5493 ,
1323 5447 1454 5501 quas
1485 5416 1664 5488 Graeci
1689 5416 2054 5502 vulgo—licini:

482 5487 582 5570 lias
611 5489 856 5546 dicebant
867 5536 899 5570 ἰ
926 5505 981 5547 ut
1006 5487 1248 5570 :ip'semet
1276 5487 1459 5555 'Victor
1501 5487 1658 5570 supra
1706 5487 2052 5570 exposuit—ili-

483 5555 662 5644 bro},
691 5576 834 5615 num.
867 5555 934 5644 3.,
968 5555 1060 5619 ubi
1086 5566 1350 5644 interalia
1381 5555 1550 5644 sancti
1569 5555 1867 5638 rAugust'it—ii
1881 5555 2051 5644 opera

481 5635 725 5755 mgna
764 5633 1032 5702 populares
1064 5652 1186 5704 quos
1226 5639 1391 5697 (ἐπ’ωοὶ
1429 5633 1903 5712 Ιιοηιὶιὶαούοεαηι,
1926 5633 2050 5703 ’πηο-

2171 4619 2416 4675 pergere.
2449 4603 2554 4660 Sed
2584 4599 2674 4658 ubi
2703 4605 2769 4658 ad
2790 4604 2964 4659 locum
2992 4613 3208 4660 ventum
3239 4613 3342 4671 est,
3369 4613 3424 4660 et
3446 4604 3748 4675 praesertim

2170 4712 2269 4766 pro
2305 4713 2369 4752 eo
2407 4697 2611 4752 orando
2659 4697 3031 4765 ingemuerunt
3079 4712 3299 4764 omnes,
3335 4698 3531 4769 pietate
3568 4698 3750 4753 divina

2169 4789 2259 4844 illa
2299 4788 2445 4843 arida
2484 4789 2768 4844 incolumis
2801 4789 3094 4844 confessori
3132 4790 3377 4844 restituta
3415 4798 3496 4844 est
3532 4804 3748 4844 manus.

2170 4879 2305 4934 Hinc
2334 4879 2444 4949 jam
2463 4877 2713 4936 Hunerici
2750 4863 3054 4949 persecutio
3087 4878 3287 4935 doloris
3324 4886 3483 4949 atque
3511 4881 3748 4950 parturi-

2168 4972 2329 5028 tionis
2355 4979 2552 5026 nostrae
2577 4971 2803 5040 sumpsit
2839 4971 3069 5026 initium.

2241 5063 2307 5119 ν.
2352 5062 2637 5117 Hunert'cttt
2666 5063 2720 5116 in
2741 5077 2857 5118 suos
2881 5062 3042 5118 sevit.
3065 5089 3134 5103 —-
3155 5059 3275 5132 ipse
3299 5071 3478 5117 autem
3505 5061 3595 5131 qui
3623 5075 3751 5119 sese

2168 5154 2278 5226 jam
2321 5153 2523 5209 dudum
2564 5153 2809 5210 omnibus
2855 5154 3031 5209 lenem
3074 5153 3402 5220 ostenderat,
3433 5151 3781 5209 desiderans

2169 5255 2293 5318 post
2330 5245 2531 5301 obitum
2557 5262 2712 5302 suum
2740 5246 2881 5314 filiis,
2913 5246 3054 5317 quod
3079 5257 3102 5286 ο
3127 5262 3232 5302 non
3259 5247 3498 5320 contigit.
3522 5262 3747 5320 regnum

2240 5366 2269 5405 ι’
2308 5366 2397 5421 Sic
2418 5375 2481 5439 μί
2519 5366 2813 5439 plurimum
2833 5367 3106 5439 scribitur.
3137 5368 3241 5439 Alii
3281 5365 3463 5439 (ἱρήια
3483 5410 3497 5434 ,
3529 5377 3619 5423 aut
3643 5369 3750 5439 Cy-

2161 5437 2315 5492 rileas
2343 5478 2357 5502 ,
2383 5437 2545 5508 aliqui
2585 5439 2744 5508 etiam
2774 5436 2999 5508 Cyrinus
3015 5455 3034 5503 ;
3066 5438 3220 5508 etrsic
3243 5436 3374 5492 infra
3399 5436 3748 5508 quotiescun-

2159 5521 2488 5636 ﬁrmamen
2533 5507 2673 5562 istud
2712 5507 2966 5565 occurrit.
3007 5509 3085 5565 De
3121 5507 3224 5564 hoc
3258 5507 3430 5564 semei
3468 5509 3746 5567 mouisse

2265 5595 2410 5632 lClal.

2237 5646 2546 5719 {Nondum
2575 5662 2758 5704 revera
2786 5649 3100 5719 contigerat,
3129 5663 3250 5704 cum
3271 5648 3411 5719 hanc
3438 5648 3738 5706 Historiam

2162 5691 2658 5786 πεπίυέἷὲῗῦῖἓιόἶξ
2666 5691 3751 5788 ’ἕιῖιιῖιὲἶῖἕὸῐῖεἷῖἒὶἇῧῆἶῗᾶ
