4082 6320
310 379 410 440 205

1253 375 1340 431 DE
1375 370 1898 432 PERSECUTIONE
1938 368 2319 430 VANDALICA
2360 370 2487 425 LIB.
2530 371 2593 425 11.

305 497 547 553 statuere,
568 484 965 545 Theodericum
988 487 1207 545 fratrem
1237 487 1479 557 ﬁliosque
1505 487 1642 560 ejus,
1672 495 1699 524 ι
1727 487 1868 542 Gen-
1896 490 1948 551 Α
1975 492 2128 557 pater
2158 498 2392 540 moriens
2426 496 2764 542 sacramento
2794 491 3111 561 interposito
3140 492 3547 550 commendave-

307 580 537 650 tonisque
576 578 756 633 fratris
800 578 1143 634 nihilominus
1186 578 1320 633 filios
1360 578 1651 634 crudeliter
1698 579 1864 649 coepit

302 672 521 744 insequi.
564 672 801 742 Quorum
852 671 1055 728 nullum
1101 671 1425 739 dimitteret,
1473 670 1577 727 nisi
1619 674 1669 727 ei
1717 682 1865 727 mors

300 765 539 824 desiderii
605 766 689 819 sui
752 766 1076 821 voluntatem
1141 766 1392 820 auferret.
1450 762 1628 819 Primo
1688 764 1867 820 sciens

298 874 508 917 uxorem
535 857 852 914 Theoderici
892 859 1071 913 fratris
1112 866 1365 921 astutam,
1395 856 1576 923 credo,
1617 871 1685 911 ne
1729 856 1865 913 forte

296 950 535 1007 maritum
569 957 661 1004 aut
690 949 946 1020 majorem
972 948 1160 1013 filium,
1195 946 1289 1021 [αι.
1320 946 1433 1019 qui]
1474 948 1596 1019 quia
1629 947 1865 1018 prudens

293 1050 345 1099 et
377 1042 590 1111 sapiens
632 1042 929 1108 videbatur,
982 1039 1220 1097 consiliis
1264 1039 1561 1096 acrioribus
1605 1038 1865 1095 adversus

290 1142 570 1205 tyrannum
622 1144 887 1205 armaret,
938 1134 1165 1190 crimine
1212 1133 1484 1202 imposito,
1530 1131 1706 1203 gladio
1743 1146 1861 1188 eam

288 1226 513 1283 interfici
540 1225 711 1296 jubet.
775 1224 1059 1295 Postquam
1085 1224 1344 1280 occiditur
1383 1232 1433 1279 et
1474 1223 1559 1279 ille
1600 1221 1737 1277 filius
1767 1221 1859 1295 [αι.

284 1317 508 1390 magnis]
566 1333 789 1388 magnus
842 1317 1035 1373 litteris
1073 1316 1380 1382 institutus,
1433 1313 1518 1369 cui
1569 1312 1860 1369 secundum

284 1409 721 1466 constitutionem
751 1408 779 1447 δ
802 1406 1085 1474 Geiserici,
1129 1422 1195 1462 eo
1224 1405 1364 1477 quod
1407 1404 1576 1476 major
1616 1406 1862 1461 omnibus

279 1508 440 1566 esset,
482 1516 708 1572 regnum
752 1501 891 1555 inter
928 1510 1149 1570 nepotes
1184 1499 1518 1570 potissimum
1548 1497 1857 1555 debebatur.

278 1592 609 1651 Accenditur
684 1592 857 1647 adhuc
918 1590 1189 1646 crudelius
1256 1588 1453 1661 aliquid
1529 1599 1858 1659 perpetrare.

274 1681 497 1737 Astante
541 1681 700 1751 vulgo
738 1682 791 1735 in
824 1678 996 1734 media
1025 1679 1240 1734 civitate
1267 1693 1363 1750 pro
1393 1677 1641 1749 gradibus
1673 1678 1861 1746 platea:

276 1786 446 1839 novae,
478 1772 798 1842 episcopum
829 1786 941 1827 sure
971 1770 1266 1840 religionis,
1300 1769 1513 1825 nomine
1535 1767 1857 1834 Jocuudum,

1967 586 2049 632 rat
2075 594 2085 629 :
2108 591 2241 647 quos
2272 575 2362 630 ille
2388 574 2667 632 immemor
2693 577 2839 647 fidei,
2868 588 2920 637 et
2946 584 3264 639 sacramenti
3295 584 3544 652 violator,

1966 667 2192 725 diversis
2228 667 2402 738 ptenis
2431 675 2486 721 et
2529 667 2786 724 incendiis
2832 672 3134 728 trucidavit.
3177 673 3310 729 Nam
3362 674 3542 731 lleldi-

1965 774 2086 815 cum
2133 759 2440 831 quemdam,
2486 775 2643 829 quem
2686 770 2839 830 pater
2873 762 2988 831 ejus
3027 766 3371 834 praepositum
3401 764 3543 820 fece-

1967 861 2051 905 rat
2082 851 2252 922 regni,
2293 852 2402 918 jam
2441 858 2747 905 veteranum
2789 861 2948 919 atque
2978 868 3263 923 annosum,
3293 870 3412 910 cum
3441 856 3538 913 de-

1967 941 2164 998 decore
2190 942 2362 1011 capite
2399 942 2696 1006 truncavit;
2744 941 2966 1013 ejusque
3004 960 3225 1001 uxorem
3266 963 3385 1002 cum
3416 948 3541 1012 alia,

1966 1035 2183 1093 nomine
2229 1045 2251 1071 ε
2301 1034 2629 1101 Τιιθιιοειτὶε,
2678 1035 2729 1089 in
2782 1035 2959 1090 medio
3008 1038 3238 1094 civitatis
3287 1040 3540 1096 incendit.

1965 1127 2199 1197 Quarum
2228 1143 2454 1198 corpora
2479 1144 2572 1198 per
2600 1143 2741 1184 vicos
2768 1138 2821 1184 et
2852 1130 3052 1198 plateas
3085 1132 3223 1186 tralii
3250 1133 3537 1196 mandavit,

1964 1235 2083 1291 qua:
2127 1230 2234 1276 tota
2276 1219 2362 1276 die
2395 1220 2648 1290 jacentia,
2682 1230 2895 1291 rogatus
2928 1235 2960 1276 a
3003 1223 3116 1279 suis
3154 1223 3418 1293 episcopis
3457 1226 3539 1279 vix

1966 1326 2190 1380 veSpere
2238 1311 2451 1382 sepeliri
2501 1310 2784 1367 concessit.
2832 1311 3024 1367 Camut
3065 1329 3294 1383 namque
3340 1313 3541 1368 Heldici

1964 1401 2205 1471 fratrem,
2235 1402 2361 1473 quia
2396 1403 2463 1458 ad
2494 1404 2777 1459 ecclesiam
2816 1420 3000 1461 eorum
3044 1405 3373 1476 confugerat,
3403 1406 3544 1462 occi-

1964 1493 2091 1549 dere
2140 1509 2248 1549 non
2297 1494 2496 1565 potuit;
2543 1510 2704 1566 quem
2753 1504 2928 1551 tamen
2976 1496 3029 1551 in
3068 1496 3186 1551 loco
3226 1496 3539 1571 latrinarum

1962 1585 2135 1661 [Lor.,
2156 1586 2404 1657 obscuro]
2433 1586 2665 1643 obsceno
2700 1587 2985 1656 conclusit,
3011 1589 3284 1659 multoque
3313 1605 3433 1645 eum
3466 1590 3534 1643 ibi

1964 1685 2204 1747 tempore
2251 1677 2448 1748 degere
2487 1679 2690 1735 statuit.
2751 1678 2941 1735 Postea
2983 1695 3103 1735 cum
3142 1682 3383 1750 caprario
3414 1695 3540 1752 quo-

1963 1766 2084 1822 dam
2112 1776 2165 1822 et
2196 1768 2414 1837 rustico,
2451 1767 2519 1825 ad
2546 1767 2815 1831 faciendas
2854 1770 3076 1827 scrobes
3102 1771 3270 1826 vineis
3297 1774 3538 1842 profutu-

271 1876 427 1932 quem
462 1874 485 1901 ε
524 1861 886 1933 patriarcham
934 1862 1270 1930 vocitabant,
1318 1862 1570 1932 precepit
1611 1860 1858 1916 incendio
1893 1864 1937 1923 Β
1962 1873 2048 1914 ras
2073 1858 2448 1915 condemnavit
2482 1878 2493 1915 :
2523 1874 2660 1931 quos
2683 1861 2843 1917 etiam
2874 1861 3166 1920 duodecies
3196 1878 3289 1934 per
3317 1880 3536 1930 annum,

271 1957 643 2025 concremari,
677 1956 747 2011 ob
786 1956 889 2012 hoc
929 1956 1071 2026 quod
1110 1956 1164 2011 in
1204 1955 1365 2011 domo
1389 1954 1705 2011 Theoderici
1733 1970 1855 2025 ger-

267 2046 412 2102 mani
462 2049 614 2118 regis
667 2048 1070 2120 acceptissimus
1126 2046 1453 2111 habebatur;
1516 2045 1669 2117 cujus
1723 2047 1858 2101 forte

268 2136 525 2210 suffragio
554 2148 849 2196 memorata
889 2139 1079 2195 domus
1106 2153 1327 2210 regnum
1360 2148 1566 2209 poterat
1592 2139 1855 2193 obtinere.

264 2232 324 2289 lu
383 2249 495 2305 quo
556 2234 846 2305 impietatis
904 2234 1109 2291 scelere
1160 2233 1397 2289 futurum
1455 2233 1609 2288 nobis
1670 2231 1858 2288 adesse

262 2324 657 2394 prospeximus
694 2324 911 2390 malum,
940 2326 1145 2380 aientes
1175 2325 1401 2380 invicem
1439 2323 1636 2394 singuli
1666 2323 1853 2377 nobis:

259 2414 361 2483 Qui
390 2415 446 2470 in
481 2431 592 2472 suo
620 2417 689 2473 ita
713 2415 943 2474 crudelis
967 2417 1185 2473 effectus
1215 2431 1296 2473 est
1322 2417 1621 2482 sacerdote,
1646 2418 1855 2488 quando

253 2514 458 2561 nostra:
491 2506 772 2577 religioni,
798 2508 883 2563 vel
914 2509 1068 2563 nobis
1097 2508 1398 2579 parciturus
1422 2517 1504 2563 est
1533 2508 1669 2563 iste?
1710 2507 1858 2563 Tunc

247 2605 306 2655 et
331 2597 617 2654 Gentonis
648 2599 905 2670 majorem
950 2598 1140 2664 ﬁlium,
1187 2600 1401 2655 nomine
1443 2598 1696 2671 Godagis,
1734 2613 1853 2656 cum

252 2704 451 2757 uxore,
476 2690 689 2761 absque
711 2690 902 2747 solatio
923 2691 1072 2747 servi
1095 2700 1185 2746 aut
1207 2691 1411 2746 ancilla:
1437 2690 1638 2747 crudeli
1668 2690 1859 2745 exsilio

249 2780 559 2854 delegavit.
592 2782 833 2838 Fratrem
861 2798 989 2838 vero
1016 2783 1435 2851 Theodericum,
1468 2793 1587 2855 post
1633 2785 1860 2839 occisio-

251 2887 385 2931 nem
419 2875 621 2929 uxoris
651 2883 704 2929 et
734 2874 850 2941 filii,
873 2874 1069 2931 nudum
1096 2882 1253 2947 atque
1278 2876 1590 2931 destitutum
1617 2877 1860 2933 similiter

251 2964 556 3039 relegavit.
600 2967 729 3021 Post
763 2966 916 3036 cujus
955 2973 1182 3023 mortem
1225 2966 1391 3022 filium
1429 2968 1522 3041 qui
1560 2981 1859 3038 supererat,

250 3055 621 3126 infantulum,
646 3059 888 3128 duasque
911 3057 1045 3112 filias
1072 3059 1172 3131 15
1196 3058 1312 3127 ejus
1329 3058 1559 3126 adultas,
1583 3059 1860 3129 impositas

247 3148 457 3216 asinis,
519 3150 730 3221 longius
777 3147 1060 3221 afﬂigendo
1104 3149 1346 3220 projecit.
1395 3149 1500 3206 Sed
1544 3159 1599 3206 et
1638 3149 1862 3206 comites

1964 1950 2017 2004 id
2056 1963 2157 2018 est,
2191 1967 2288 2022 per
2317 1951 2556 2023 singulos
2582 1967 2815 2019 menses,
2858 1953 3081 2025 ﬂagellis
3108 1956 3408 2011 crudelibus
3433 1957 3540 2012 dis-

1960 2042 2197 2114 sipabat;
2229 2048 2315 2099 vix
2336 2044 2547 2101 modico
2572 2060 2745 2117 aquae,
2769 2046 3060 2119 cibariique
3082 2048 3234 2118 panis
3258 2064 3533 2104 COIICCSaO.

1961 2135 2072 2191 lloc
2112 2152 2206 2207 per
2234 2138 2469 2209 quinque
2509 2138 2592 2195 vel
2628 2140 2853 2210 amplius
2899 2142 3141 2212 perpessi
3176 2151 3301 2197 sunt
3336 2155 3537 2208 annos;

1959 2237 2150 2309 quibus
2177 2236 2292 2292 haec
2323 2238 2583 2309 supplicia
2613 2240 2874 2309 prolicere
2905 2250 3149 2309 poterant
3181 2241 3247 2295 ad
3281 2252 3537 2297 aeternam

1960 2329 2285 2399 mercedem,
2319 2330 2367 2386 si
2394 2330 2645 2387 catholici
2688 2330 2937 2399 fuissent,
2971 2340 3027 2388 et
3052 2330 3177 2389 fidei
3207 2346 3319 2386 sua:
3350 2332 3541 2388 merito
3640 2373 3651 2382 .

1960 2421 2061 2479 ista
2093 2422 2411 2492 perferrent.
2458 2423 2561 2478 Sed
2594 2421 2714 2479 ideo
2742 2422 2882 2479 istud
2913 2423 3073 2480 silere
3100 2423 3454 2493 nequivimus,
3482 2432 3541 2479 ut

1960 2515 2208 2585 impietas
2251 2516 2394 2586 regis
2435 2514 2594 2571 etiam
2636 2514 2688 2570 in
2729 2514 2842 2571 suis
2877 2514 3097 2570 minime
3143 2514 3420 2581 sileretur;
3450 2515 3539 2586 qui

1960 2623 2067 2664 non
2098 2610 2271 2665 solum
2302 2609 2614 2678 episcOpum
2650 2623 2803 2664 suum
2841 2608 3171 2676 Jocundnm,
3203 2618 3259 2663 ut
3297 2608 3541 2679 superius

1961 2699 2468 2768 demonstravimus,
2493 2701 2723 2757 flammis
2749 2700 2978 2769 adussit,
3002 2701 3097 2757 sed
3123 2710 3177 2757 et
3199 2702 3539 2773 presbyteros

1960 2803 2014 2851 et
2057 2792 2311 2848 diaconos
2356 2806 2514 2861 suos,
2566 2792 2618 2847 id
2672 2800 2755 2848 est
2793 2792 3022 2848 Arianos
3048 2833 3065 2859 ,
3120 2794 3539 2864 quamplurimas

1962 2885 2218 2952 incendit,
2268 2901 2367 2942 nec
2411 2899 2518 2940 non
2563 2894 2618 2940 et
2667 2884 2853 2941 bestiis
2895 2885 3240 2957 mancipavit.

2036 2977 2121 3032 Vl.
2169 2976 2403 3033 Visiones
2424 2985 2543 3030 ante
2570 2977 2986 3047 persecutionem.
3019 3005 3087 3017 -
3116 2976 3417 3046 Amputatis
3444 2977 3541 3047 igi-

1966 3078 2050 3124 tur
2081 3069 2134 3123 in
2160 3067 2313 3123 brevi
2358 3066 2606 3121 omnibus
2635 3080 2769 3138 quos
2800 3065 3040 3135 timebat,
3074 3075 3128 3121 et
3157 3064 3391 3123 solidatas
3411 3066 3536 3134 sibi,

1965 3168 2024 3215 ut
2046 3157 2287 3229 putabat,
2316 3173 2561 3229 regnum,
2591 3157 2733 3229 quod
2767 3156 2931 3214 breve
2959 3156 3197 3213 futurum
3224 3166 3341 3213 erat
3370 3166 3422 3215 et
3450 3172 3533 3215 cur

242 3239 698 3310 quamplurimas
742 3249 797 3297 et
843 3240 1047 3297 nobiles
1093 3241 1266 3312 gentis
1311 3256 1422 3297 sure
1466 3240 1858 3312 objectionibus
1888 3232 1934 3298 ο
1963 3251 2179 3318 ducum,
2212 3250 2357 3306 οωηί
2388 3265 2454 3305 εχ
2485 3258 2635 3321 parte
2671 3246 2687 3285 ι
2721 3249 2926 3305 opus“;
2960 3256 3122 3319 “quo
3149 3261 3392 3315 “emus,
3424 3247 3541 3305 ιωί.

240 3328 413 3386 falsis
447 3331 753 3399 insectans,
784 3333 853 3389 ob
879 3332 981 3388 hoc
1009 3333 1149 3404 quod
1180 3350 1439 3405 germano
1466 3349 1562 3390 suo
1589 3335 1852 3404 faverent,

236 3424 394 3480 alios
434 3424 708 3491 incendit,
749 3426 885 3481 alios
924 3426 1100 3497 gladio
1138 3427 1429 3498 iugulavit;
1463 3428 1702 3485 imitator
1746 3431 1858 3486 exi-

230 3526 406 3574 stens
439 3515 712 3572 Geiserici
746 3519 931 3586 patris,
962 3523 1050 3587 qui
1085 3519 1167 3572 sui
1208 3518 1387 3574 fratris
1430 3536 1650 3577 uxorem
1695 3522 1858 3593 ligato

226 3609 518 3682 pondere
548 3607 806 3676 lapidum,
838 3608 891 3662 in
916 3604 943 3645 ά
966 3609 1286 3679 Ampsagam
1318 3610 1535 3665 fluvium
1560 3613 1857 3667 Cirtensem

225 3699 570 3765 famosum,
596 3698 851 3769 jactando
880 3698 1157 3767 demersit,
1189 3712 1243 3754 et
1279 3708 1402 3770 post
1431 3716 1615 3757 necem
1649 3703 1854 3771 matris,

221 3791 424 3850 etiam
463 3786 615 3844 ﬁlios
661 3787 951 3845 interfecit.
996 3786 1101 3845 Sed
1142 3796 1197 3845 et
1232 3790 1430 3846 multos
1470 3793 1518 3847 ei
1560 3792 1863 3850 Geiserieus

227 3972 525 4041 contigit,
566 3969 790 4041 quando
827 3970 1093 4027 defunctis
1140 3971 1517 4028 Guntamundo
1564 3983 1619 4031 et
1670 3976 1859 4033 Trasa—

226 4040 473 4108 mundo
488 4083 519 4116 ,_
540 4040 856 4116 llildericus,
888 4042 1134 4097 Hunerici
1165 4058 1232 4116 es
1258 4043 1501 4116 Δ[ζμάθξὶει
1548 4045 1686 4101 ﬁlius
1710 4091 1723 4116 ,
1764 4065 1821 4102 re
1856 4078 1859 4079 ν

226 4131 423 4191 gnum
460 4114 745 4191 obtinuit,
800 4126 1110 4191 pacemque
1143 4113 1372 4191 reddidit
1422 4114 1672 4191 Ecclesiae
1711 4113 1855 4191 ’Afri-

226 4182 434 4269 εειιιςε,
470 4196 561 4306 is;
600 4184 768 4238 fusius
805 4182 1048 4239 dicemus
1074 4186 1127 4239 in
1161 4183 1559 4241 Commentario
1600 4186 1855 4245 historico

230 4269 441 4306 ammte
550 4295 562 4306 .

230 4258 441 4313 capite
470 4257 497 4309 1
512 4257 562 4307 2.

308 4274 498 4383 Ψῗηῖ
512 4274 763 4378 zscribunt
780 4322 1043 4378 Gentunis.
1061 4323 1283 4381 Orthod.
1295 4366 1311 4391 ,
1335 4324 1603 4381 Genzonis.
1624 4326 1714 4383 Sic
1730 4342 1849 4383 eum

202 4400 203 4403 “
230 4412 487 4471 quoque
523 4396 753 4471 appellat
775 4395 1063 4464 ProcOpius
1084 4394 1219 4450 libro
1240 4412 1255 4450 ι
1278 4397 1346 4451 de
1369 4397 1515 4451 Bello
1546 4396 1852 4471 Vandalico,

234 4464 335 4526 ibi
376 4464 572 4522 semel
612 4474 666 4518 et
692 4464 883 4519 iterum
916 4475 1281 4536 memoratur,
1322 4476 1540 4536 eratque
1588 4470 1853 4523 secundus

226 4537 561 4597 Getiserici
595 4536 749 4607 filius.
782 4538 849 4590 At
877 4536 1077 4589 fallitur
1105 4535 1205 4591 iste
1240 4535 1555 4607 aurtor,iqui
1592 4540 1707 4592 loco
1735 4539 1850 4593 lau-

230 4612 381 4666 dato
410 4606 756 4663 Theodorum
778 4647 794 4672 ,
826 4607 904 4660 sic
936 4607 1134 4675 quippe
1161 4606 1546 4663 Theodericum
1591 4609 1850 4677 appellat,

232 4692 596 4754 posti-emunt
618 4685 758 4754 _natu
781 4691 851 4729 ex
887 4676 1146 4731 Geiserici
1178 4678 1334 4754 filiis,
1359 4680 1591 4754 neutrius
1616 4676 1853 4754 ἀεῖραι-ἰᾶσ-

1963 3357 2117 3398 versa
2144 3342 2246 3397 tela
2270 3340 2465 3396 furoris
2493 3340 2544 3396 in
2592 3338 2993 3419 persecutiones
3024 3338 3275 3415 Ecclesiae
3315 3338 3543 3397 catholi-

1963 3450 2063 3504 cae,
2095 3437 2310 3504 rugiens
2353 3434 2494 3488 sicut
2520 3433 2625 3498 leo,
2658 3432 2944 3489 convertit.
2977 3433 3116 3487 Ante
3154 3431 3540 3502 persecutionis

1966 3535 2140 3581 tamen
2172 3533 2566 3594 tempestatem,
2609 3523 2790 3579 multis
2831 3520 3194 3591 praeeuntibus
3246 3522 3539 3581 visionibus

1966 3625 2023 3671 et
2067 3616 2256 3684 signis,
2305 3612 2589 3669 imminens
2633 3614 3059 3670 demonstratum
3096 3611 3271 3667 fuerat
3315 3614 3532 3669 malum.

1966 3706 2101 3765 Nam
2131 3704 2299 3760 ferme
2326 3713 2449 3759 ante
2479 3703 2751 3759 biennium
2774 3718 2933 3777 quam
2963 3702 3136 3769 fieret,
3169 3702 3300 3757 vidit
3325 3703 3537 3773 quidam

1970 3805 1997 3847 s
2022 3795 2205 3853 Fausti
2232 3794 2511 3851 ecclesiam
2537 3792 2699 3849 solito
2726 3795 2779 3849 in
2808 3803 3000 3853 ornatu
3030 3793 3339 3865 fulgentem,
3367 3793 3542 3853 cereis

1967 3977 2282 4050 parerﬂinc
2318 3988 2497 4050 natum
2529 3976 2581 4032 in
2628 3977 2897 4050 nonnullis
2923 3978 3245 4048 regionibus,
3276 3988 3409 4050 Quas
3432 3982 3535 4037 ali-

1964 4047 2178 4123 quando
2206 4047 2283 4123 i_l_li
2310 4048 2558 4123 coluere,
2584 4048 2918 4123 patriarcha:
2952 4047 3142 4123 nomen
3162 4093 3175 4118 ,
3208 4047 3347 4123 quod
3374 4053 3535 4109 etiam

2001 4119 2165 4174 osteri
2210 4119 2463 4172 Ecclesia:
2491 4117 2771 4173 catholicae
2816 4118 3140 4174 reconciliati
3178 4122 3535 4179 retinuerunt.

2011 4190 2098 4245 ide
2130 4190 2228 4242 hac
2251 4190 2316 4242 de
2347 4204 2403 4242 re
2442 4187 2556 4241 fuse
2599 4197 2653 4241 et
2677 4188 2887 4244 erudite
2921 4190 3275 4244 disserentem
3305 4190 3536 4247 Ludovi-

1961 4274 2082 4316 cnm
2118 4258 2529 4314 Tliomassinum
2561 4258 2790 4312 Oratorii
2838 4259 3096 4314 Gallicani
3126 4260 3497 4329 presbyterum
3519 4303 3535 4329 ,

1960 4329 2051 4386 lib.
2083 4346 2097 4384 ι
2130 4344 2279 4401 novre
2309 4338 2362 4381 et
2399 4329 2631 4401 antiquae
2659 4329 2911 4401 Ecclesia:
2939 4328 3263 4401 Disciplinam,
3292 4328 3447 4400 parte
3493 4328 3534 4401 t,

1955 4414 2073 4469 cap.
2104 4400 2194 4463 2i,
2225 4400 2425 4469 Latinte
2453 4399 2720 4454 editionis.

2027 4469 2056 4507 ά
2097 4471 2185 4524 Sic
2216 4468 2519 4537 legendum.
2553 4469 2677 4533 Ali,
2718 4470 2992 4538 Ausagam.
3030 4470 3245 4526 Flavius
3275 4470 3361 4525 ille
3390 4487 3533 4529 nunc

1959 4544 2125 4613 patria
2157 4541 2328 4613 lingua
2358 4539 2878 4613 diciturSa/feqmar.
2900 4540 2986 4608 qui
3005 4538 3238 4613 Africam
3269 4543 3533 4613 propriam

1956 4609 1985 4664 ἐι
2019 4611 2325 4664 Mauritania
2346 4618 2576 4676 separat.
2607 4610 2685 4678 Oli
2706 4609 2821 4675 ejus
2845 4609 3084 4660 fortassis
3113 4609 3530 4678 magnitudinem

1958 4682 2012 4735 in
2042 4680 2196 4733 Coll).
2245 4678 2280 4730 2
2321 4685 2375 4731 et
2401 4678 2614 4747 incdit.
2649 4676 2885 4728 Rlieuani
2930 4679 3155 4745 famosus
3194 4676 3538 4747 cognomina-

232 4746 386 4807 δαίς
447 4746 678 4817 relictis,
729 4755 853 4800 ante
897 4758 1123 4817 mortem
1170 4749 1335 4817 patris
1381 4751 1535 4802 vitam
1584 4749 1856 4815 explevisse
1885 4807 1926 4817 _
1959 4749 2209 4815 tur,aliis
2232 4758 2408 4817 tamen
2433 4746 2625 4817 dicitur
2644 4746 2889 4814 felulosus
2916 4746 3281 4813 autfecilosus.
3308 4748 3530 4817 Plinius,

232 4821 477 4878 scribit.
514 4818 597 4871 Ex
631 4807 953 4889 quippe
979 4807 1210 4889 Victoris
1240 4819 1358 4874 loco
1386 4828 1531 4889 patet
1559 4807 1857 4889 Tlieodori-
1885 4807 1934 4866 D
1961 4807 2285 4886 Pomponius
2314 4816 2443 4869 Mela
2475 4807 2668 4889 aliique
2698 4823 2970 4879 auctores,
3014 4807 3101 4889 qui
3136 4817 3274 4869 hunc
3312 4807 3529 4871 fluvium

230 4909 375 4949 cum
410 4891 660 4958 ejusque
686 4888 826 4942 filios
851 4898 967 4958 post
1000 4886 1273 4958 Genserici
1302 4886 1526 4942 mortem
1557 4888 1721 4958 fuisse
1762 4902 1821 4940 su
1840 4917 1853 4926 -

234 4956 557 5036 μεθ-διῇξε,
584 4972 721 5026 quos
744 4957 1044 5012 Huoericus
1073 4956 1208 5012 adeo
1235 4957 1521 5036 crudeliter
1548 4956 1757 5036 afflixit.

318 5033 350 5071 ιι
398 5032 515 5086 Ille
563 5036 885 5084 testamento
933 5036 1308 5097 praeceperat,
1354 5029 1525 5098 inquit
1571 5028 1857 5098 Procopius

238 5106 398 5161 libro
425 5118 447 5156 ι
477 5100 628 5171 Hist.
657 5098 907 5165 Vandal.,
936 5096 998 5151 ut
1024 5112 1239 5166 semper
1275 5101 1364 5171 qui
1396 5096 1461 5171 es
1489 5098 1601 5153 suis
1632 5096 1859 5171 posteris

236 5168 701 5247 prior-omnium
732 5180 876 5247 esset
893 5176 1081 5233 astate,
1109 5166 1329 5247 regnum
1354 5166 1652 5247 obtineret,
1682 5166 1861 5247 esciu-

352 5244 551 5300 esiam
588 5240 709 5309 ejus
741 5240 830 5310 qui
860 5247 1016 5295 antea
1057 5242 1387 5310 regnavisset
1415 5240 1557 5303 filiis,
1589 5239 1863 5310 si.aliquos

236 5317 548 5372 haberent
569 5309 792 5379 agnatos
815 5311 1074 5379 seniores.
1099 5309 1235 5366 Hinc
1250 5312 1573 5376 Hunnerico,
1608 5324 1714 5366 non
1742 5309 1860 5363 Hil-

234 5388 492 5442 dericus
528 5378 648 5450 ejus
676 5381 838 5448 filius,
862 5380 955 5436 sed
985 5378 1414 5447 Guntamundus,
1442 5381 1636 5436 deinde
1663 5382 1858 5435 'l‘rasa-

234 5455 523 5515 anu-dus
551 5451 727 5519 primo
747 5465 1075 5515 successere,
1096 5462 1276 5517 postea
1296 5453 1617 5507 Hildericus.
1637 5450 1857 5505 Gilimer

237 5529 487 5599 priuatas
518 5522 851 5599 banc_leg_em
876 5521 1075 5576 violare
1086 5536 1368 5599 aggressus
1388 5531 1489 5599 est,
1520 5537 1619 5599 suo
1640 5522 1857 5585 damno,

236 5591 330 5653 ili
347 5596 639 5649 dicemus
666 5593 719 5645 in
739 5592 1136 5647 Commentario
1160 5592 1432 5653 historico,
1467 5591 1737 5658 fusiusque
1763 5603 1833 5641 ex
1849 5617 1861 5629 -

686 5662 766 5717 ius
792 5664 847 5716 in
879 5662 1028 5716 libris
1052 5660 1258 5715 duobus
1285 5661 1353 5715 de
1382 5661 1529 5716 Bello
1556 5659 1860 5712 Vandalico.

236 5664 703 5740 WHILW

329 5747 359 5777 ο
410 5730 726 5803 Familiare
746 5732 844 5787 fuit
872 5733 1009 5803 apud
1034 5733 1164 5786 istos
1184 5733 1422 5803 aliosque
1449 5730 1703 5803 barbaros
1730 5744 1861 5797 pra:-

234 5814 510 5884 εἰνωωι
541 5800 721 5877 σιώ
751 5819 864 5862 ιιι
902 5800 1207 5877 episcopum
1259 5800 1615 5875 patriarcham
1661 5812 1865 5854 nuncu-

1963 4884 2288 4950 mem'orant,
2326 4899 2585 4955 nusquam
2619 4884 2695 4939 sic
2722 4899 2843 4955 eum
2878 4884 3232 4955 appellavere.

2037 4967 2060 4994 °
2102 4957 2225 5010 Haec
2267 4957 2317 5009 in
2348 4969 2477 5007 mss.
2513 4953 2666 5009 Mart.
2687 4996 2699 5013 .
2732 4953 2925 5008 Germ.
2944 4965 2996 5007 et
3027 4953 3143 5009 Ful.
3184 4955 3379 5009 dicitur
3404 4955 3537 5011 The-

1962 5027 2134 5081 varica
2157 5066 2172 5092 ,
2222 5025 2361 5094 apud
2402 5024 2623 5079 Orthod.
2657 5036 2706 5079 ct
2753 5025 3090 5089 Loricliium,
3120 5023 3419 5094 Thermaria.
3449 5028 3537 5082 Sic

1968 5096 2262 5163 Heldicutit,
2313 5096 2401 5150 alii
2434 5094 2701 5165 Heldicam
2748 5096 3067 5165 appellant,
3118 5093 3390 5165 etCamul
3422 5100 3538 5165 ejus

1968 5167 2452 5237 fratrem,quidam
2499 5164 2684 5220 dicunt
2732 5163 2978 5219 Gamutlt.
3023 5164 3319 5233 Loricltius,
3352 5163 3536 5223 Canini

1971 5236 2160 5309 Eifdiei
2190 5236 2405 5309 fratrem,
2418 5278 2431 5302 ,
2463 5243 2568 5290 etc.

2046 5307 2066 5346 τ
2108 5302 2288 5372 κεί-ιη
2316 5307 2430 5360 Ful.
2463 5315 2517 5360 et
2554 5306 2736 5361 Germ.
2760 5347 2773 5370 ,
2807 5307 3020 5377 otiosus.
3054 5302 3177 5368 Alii,
3204 5306 3344 5361 breve
3369 5309 3538 5377 fuerat

1970 5390 2016 5441 et
2044 5379 2313 5445 caducum,
2338 5378 2474 5446 omni
2500 5393 2561 5431 ex
2582 5386 2722 5446 parte
2742 5376 2954 5446 otiosus,
2984 5384 3089 5446 etc.

2036 5448 2145 5520 ⁷η
2170 5457 2193 5495 s
2231 5442 2783 5520 Tres_Colb.,"h_lart.,
2812 5442 3059 5520 Ortltod.,
3088 5444 3259 5520 Bald.,
3296 5447 3442 5514 Lor.,
3486 5459 3541 5520 et

1966 5516 2175 5581 Sui-itis,
2208 5520 2283 5573 sic
2311 5518 2522 5579 habent,
2557 5516 2864 5587 fulgentem;
2894 5525 2937 5587 et
2960 5516 3076 5587 dum
3126 5517 3382 5570 lcetarelur
3413 5519 3543 5572 tanti

1968 5588 2188 5661 fulgoris
2210 5588 2460 5661 candore,
2484 5584 2877 5661 cereisiquoque
2891 5584 3236 5661 fulgentibus,
3271 5587 3543 5661 palliisque

1966 5654 2292 5725 belontiitum,
2321 5673 2381 5710 ac
2412 5654 2734 5725 lampadibus
2755 5654 3076 5725 rutilantem,
3105 5654 3305 5723 subito,
3339 5667 3440 5713 etc.
3459 5654 3544 5712 'Et

1975 5730 2131 5800 paulo
2158 5723 2292 5781 infra
2318 5746 2336 5800 ς
2371 5725 2645 5800 Omnisque
2676 5723 2767 5800 ξιιρ
2790 5724 3075 5800 albatorum
3111 5728 3422 5800 turbg,__etc_.
3446 5726 3547 5800 Po-

1974 5794 2178 5856 suimus
2204 5814 2270 5852 ex
2302 5798 2337 5851 4
2367 5809 2503 5851 mss.
2530 5794 2707 5865 Marb,
2728 5794 2936 5865 Gcrm.,
2953 5794 3101 5863 Ful.,
3127 5804 3182 5850 et
3202 5794 3363 5853 Colb.
3393 5794 3448 5851 1.
3469 5794 3553 5853 At

4059 0 4061 81 ψ

4002 0 4041 715 E

4024 940 4051 1003 il.

4024 1012 4037 1095 ς

4028 1098 4037 1219 i

4030 1230 4057 1443 ἱ

4036 1460 4061 1505 ll
