4082 6320
557 447 659 505 207

1857 439 2164 498 VICTORIS
2203 437 2513 498 VITENSIS

3705 431 3805 492 208

557 575 770 633 quoque
793 556 1132 630 fulgentibus,
1165 553 1554 626 palliorumque
1597 554 1860 611 velamine
1905 572 1968 612 ac
1998 557 2131 612 lam-
2158 559 2212 619 Α
2238 572 2365 612 xxvi
2385 600 2399 622 ,
2425 557 2541 624 20).
2580 553 2718 609 Vidit
2746 560 2799 609 et
2828 551 3149 608 venerabilis
3177 549 3372 606 Paulus
3412 550 3694 620 episcopus
3721 565 3808 604 ar-

557 656 784 725 padibus
814 653 1134 708 rutilantem.
1167 648 1234 704 Et
1261 649 1387 704 dum
1413 650 1687 704 laetaretur
1717 648 1949 704 candore
2002 650 2131 704 tanti

558 745 803 816 fulgoris,
851 743 1048 808 subito,
1094 741 1188 807 ait,
1238 740 1456 795 luminis
1508 739 1653 796 illius
1699 739 2132 810 concupiscibilis

558 838 848 893 exstinctus
877 842 959 889 est
985 833 1178 902 fulgor,
1223 846 1284 886 ac
1309 831 1544 888 tenebris
1594 830 2000 887 succedentibus
2042 830 2133 883 ad-

474 924 494 995 ‘._
556 931 826 988 versarius
854 927 1072 984 naribus
1095 936 1248 982 natus
1274 936 1356 981 est
1375 927 1514 983 fetor
1539 945 1548 979 :
1577 927 1855 997 omnisque
1877 926 1963 980 illa
1991 924 2137 978 alba-

556 1034 734 1079 torum
774 1020 948 1083 turba,
979 1017 1369 1088 expellentibus
1418 1016 1736 1086 quibusdam
1787 1014 2137 1084 EtbiOpibus

555 1114 758 1168 minata
788 1121 873 1168 est
919 1110 1060 1165 foras
1090 1125 1103 1162 :
1137 1107 1206 1164 ob
1238 1108 1336 1165 boc
1363 1107 1559 1179 jugiter
1603 1108 1904 1164 lamentans
1931 1149 1945 1174 ,
1995 1106 2136 1176 quod

554 1219 676 1260 eam
705 1204 760 1258 in
799 1201 1044 1256 claritate
1073 1199 1294 1270 pristina
1339 1214 1673 1270 nequaquam
1718 1199 1912 1254 viderit
1941 1198 2137 1252 iterum

556 1294 884 1350 restitutam.
931 1289 1062 1346 Nam
1094 1289 1352 1345 visionem
1385 1292 1542 1345 istam
1586 1288 1742 1344 nobis
1789 1288 2140 1359 praesentibus

558 1395 748 1442 sancto
791 1382 974 1440 retulit
1021 1381 1277 1452 Eugenio.
1317 1381 1460 1437 Vidit
1501 1390 1554 1438 et
1599 1380 1812 1452 quidam
1863 1380 2141 1450 presbyter

539 1471 732 1549 ipsam
761 1475 942 1534 Fausti
969 1475 1242 1531 basilicam
1270 1473 1524 1531 refertam
1569 1473 1743 1530 turbis
1774 1473 2141 1530 innumerabi-

559 1571 693 1633 lium
721 1568 1060 1640 papulorum,
1092 1575 1146 1623 et
1174 1574 1294 1636 post
1320 1565 1593 1636 paululum
1620 1575 1953 1632 evacuatam,
1985 1573 2037 1620 et
2059 1579 2146 1620 re-

561 1662 761 1734 pletam
795 1673 1080 1730 porcorum
1121 1655 1464 1712 multitudine
1490 1667 1650 1726 atque
1679 1671 1981 1726 caprarum.
2012 1655 2143 1711 Item

561 1753 700 1808 alius
723 1750 854 1806 vidit
882 1764 1060 1806 aream
1089 1749 1350 1805 triticeam
1379 1748 1712 1826 ventilationi
1741 1758 2001 1818 paratam,
2026 1763 2145 1816 gra-

539 1839 648 1899 'nis
674 1843 847 1898 adhuc
876 1840 1211 1896 ventilatoris
1238 1840 1440 1910 judicio
1486 1840 1714 1896 necdum
1743 1855 1772 1893 a
1804 1841 1956 1910 palea
1985 1854 2142 1910 sepa-

2235 650 2419 705 borem
2469 663 2638 718 usque
2667 646 2732 701 ad
2777 644 2944 702 caelos
2981 645 3146 698 ramis
3176 641 3487 697 ﬂorentibus
3513 650 3806 704 extensani,

2234 756 2354 811 qua:
2383 741 2541 794 etiam
2569 739 2820 794 dilatione
2842 751 2936 791 sua
2967 750 3180 790 omnem
3215 733 3307 806 [αι.
3334 737 3469 786 άιέδι
3497 731 3654 802 pene]
3681 747 3812 800 pene

2236 831 2470 886 Africam
2500 829 2777 901 opacabat.
2806 830 2870 884 Et
2900 844 3019 883 cum
3048 827 3284 883 universi
3315 827 3430 895 ejus
3453 825 3816 895 magnitudine

2237 935 2291 981 et
2315 925 2658 995 spcciositate
2695 923 3026 994 gauderent:
3052 935 3178 976 ecce
3208 920 3407 985 subito,
3453 917 3645 986 inquit,
3677 916 3817 970 venit

2237 1018 2421 1072 asinus
2451 1017 2736 1083 violentus,
2768 1015 2857 1086 qui
2888 1014 3156 1071 defricans
3182 1012 3444 1067 cervicem
3477 1025 3627 1065 suam
3657 1023 3818 1078 super

2237 1110 2401 1164 robur
2431 1108 2670 1162 radicum
2699 1107 2838 1177 ejus,
2871 1108 3104 1177 impulsu
3133 1120 3231 1160 suo
3262 1119 3380 1158 cum
3414 1102 3612 1172 ingenti
3644 1101 3819 1154 sonitu

2241 1199 2385 1254 illam
2434 1198 2733 1254 mirabilem
2782 1198 3028 1253 arborem
3072 1197 3213 1253 elisit
3261 1197 3326 1250 ad
3375 1205 3591 1249 terram.
3639 1192 3820 1249 Sedet

2241 1292 2563 1360 Quintianus
2604 1289 2631 1327 ἀ
2685 1290 3012 1346 honorabilis
3052 1280 3334 1361 episcopus
3376 1287 3505 1342 vidit
3557 1302 3616 1342 se
3663 1302 3821 1355 super

2241 1381 2524 1452 quemdam
2556 1390 2790 1438 montem
2822 1392 2986 1450 stare,
3006 1381 3073 1436 de
3095 1396 3199 1451 quo
3223 1380 3584 1448 consiliciebat
3607 1394 3821 1448 gregem

2244 1472 2712 1529 innumerabilium
2762 1472 2940 1527 ovium
2990 1469 3084 1544 [αι.
3128 1471 3334 1524 additur
3377 1470 3637 1540 suarum],
3672 1478 3724 1523 et
3772 1468 3824 1524 in

2245 1565 2422 1620 medio
2450 1564 2627 1635 gregis
2649 1563 2770 1619 duze
2795 1572 2949 1619 erant
2969 1564 3088 1619 ollae
3112 1563 3331 1618 nimium
3357 1561 3659 1616 bullientes.
3685 1560 3826 1615 Ade-

2245 1665 2364 1711 rant
2391 1665 2567 1711 autem
2590 1655 2766 1710 ovium
2792 1655 3080 1720 occisores,
3115 1655 3202 1725 qui
3233 1669 3418 1710 earum
3462 1666 3654 1707 carnes
3699 1652 3825 1706 ollis

2245 1750 2596 1805 bullientibus
2625 1749 3024 1819 demergebant.
3081 1749 3144 1802 lit
3183 1763 3302 1803 cum
3333 1749 3405 1803 ita
3445 1748 3617 1812 ﬂeret,
3650 1746 3830 1800 omnis

2247 1843 2335 1898 illa
2367 1842 2673 1912 magnitudo
2695 1842 2872 1912 gregis
2915 1850 3228 1910 consumpta
3259 1849 3359 1895 est.
3409 1839 3551 1895 Reor
3579 1854 3676 1908 ego
3706 1839 3828 1892 illis

562 1935 694 1991 ratis
722 1953 734 1990 :
764 1943 818 1990 et
847 1933 972 1989 dum
1005 1934 1237 2004 ingentis
1265 1947 1477 2002 massaz,
1509 1933 1630 1988 licet
1658 1932 1914 1997 confusze,
1938 1932 2144 2001 magni-
2172 1923 2219 1983 B
2246 1933 2381 1990 duas
2411 1936 2568 2001 ollas,
2603 1945 2626 1972 ε
2659 1934 2968 1990 Siccensem
2993 1943 3048 1990 et
3077 1934 3365 1988 Larensem
3392 1932 3523 1987 duas
3547 1948 3666 1988 esse
3701 1933 3830 1986 civi-

563 2027 802 2083 tudinem
849 2029 1155 2093 miraretur,
1187 2025 1367 2082 subito
1413 2041 1538 2081 ecce
1588 2025 1743 2082 turbo
1767 2027 1985 2080 veniens
2013 2035 2146 2080 tem-

561 2118 822 2188 pestatis,
884 2117 1139 2187 sonivago
1203 2117 1331 2172 ﬂatu
1406 2119 1568 2186 εωρὶι
1635 2117 1923 2171 adventum
1991 2131 2144 2171 suum

535 2205 817 2278 surgente
859 2209 1081 2277 pulvere
1127 2208 1522 2264 demonstrare.
1570 2208 1734 2277 Cujus
1762 2210 1962 2278 impetu
1995 2210 2145 2278 palea

561 2302 657 2356 illa
685 2300 860 2356 omnis
885 2301 1106 2356 omnino
1133 2301 1351 2365 volavit,
1375 2301 1777 2356 remanentibus
1795 2302 1997 2370 granis.
2021 2300 2148 2357 Post

563 2392 681 2446 lucc
706 2391 850 2445 venit
873 2390 1088 2459 quidam
1121 2405 1398 2462 procerus,
1425 2390 1708 2461 splendido
1739 2393 1908 2460 vultu,
1934 2392 2147 2448 habitu.

563 2503 667 2558 que
693 2487 862 2542 nitido
895 2488 1122 2558 fulgens,
1167 2487 1255 2557 qui
1281 2488 1443 2557 cmpit
1473 2502 1637 2557 grana
1667 2503 1833 2544 vacua
1863 2490 2145 2544 macilenta

563 2590 723 2650 atque
751 2581 1035 2650 sitnilagini
1057 2583 1281 2650 reproba
1308 2583 1584 2652 purgando
1606 2583 1887 2652 projicere.
1910 2584 2037 2650 Qure
2055 2583 2146 2637 diu

567 2672 674 2742 ιθ
698 2673 1032 2733 examinans,
1060 2673 1147 2726 vix
1169 2673 1587 2742 magnitudinem
1612 2674 1753 2729 illius
1780 2689 1994 2743 massae,
2022 2675 2147 2730 licet

558 2763 822 2831 probatae,
856 2764 923 2818 ad
952 2778 1201 2818 acervum
1233 2775 1410 2820 tamen
1437 2766 1684 2835 perduxit
1711 2767 1985 2837 exiguum.
2013 2768 2144 2822 ltem
2175 2806 2178 2809 η

561 2853 700 2910 alius
727 2855 801 2908 ait
830 2873 840 2906 :
873 2853 1058 2910 Stabat
1101 2855 1317 2924 quidam
1368 2856 1654 2925 prtecelsus
1690 2872 1852 2926 super
1881 2867 2142 2925 montem,

559 2946 651 3016 qui
676 2954 701 2983 ι
730 2946 1010 3016 Ziquensis
1033 2946 1252 3014 dicitur,
1276 2957 1330 3003 et
1355 2948 1620 3005 clamabat
1641 2949 1860 3006 dextera
1883 2951 2106 3021 levaque
2130 2970 2142 3004 :

558 3034 802 3107 Migrate,
846 3038 1090 3108 migrate.
1126 3039 1280 3096 Alius
1308 3041 1589 3110 conspexit
1618 3042 1861 3112 rugiente
1891 3043 2027 3098 cmlo
2065 3051 2147 3098 at-

558 3143 663 3198 que
689 3131 902 3184 turbato
933 3130 1251 3200 sulphureas
1282 3130 1306 3168 δ
1341 3134 1532 3200 nubes,
1560 3133 1802 3203 ingentes
1832 3133 2036 3205 lapides
2060 3135 2146 3204 ja-

558 3222 725 3275 culari
757 3239 770 3274 :
805 3222 895 3290 qui
926 3221 1131 3291 lapides
1173 3222 1298 3276 dum
1331 3224 1652 3278 cecidissent
1691 3226 1744 3279 in
1775 3234 1993 3290 terram,
2027 3227 2144 3294 plus

2251 2036 2404 2092 tates,
2433 2027 2484 2080 in
2513 2027 2706 2097 quibus
2737 2026 3024 2081 multitudo
3056 2026 3228 2095 prima
3267 2025 3438 2080 fuerat
3483 2034 3829 2094 congregata,

2249 2129 2303 2176 et
2327 2137 2355 2174 a
2385 2120 2578 2190 quibus
2609 2119 2912 2174 incendium
2947 2118 3156 2173 initium
3185 2120 3410 2186 sumpsit
3436 2134 3450 2183 ;
3481 2127 3573 2171 aut
3603 2118 3829 2171 lluneri-

2250 2229 2369 2268 cum
2402 2229 2602 2283 regem,
2631 2222 2686 2268 et
2711 2211 2946 2282 Cyrilam
2988 2211 3292 2280 episeopum
3316 2210 3450 2279 ejus.
3479 2210 3582 2265 Sed
3610 2209 3676 2263 de
3704 2209 3830 2263 mul-

2250 2304 2317 2358 tis
2347 2304 2658 2370 visionibus,
2685 2303 2806 2373 quia
2852 2300 3122 2374 brevitati
3151 2299 3534 2356 consulendum
3564 2299 3683 2368 fuit,
3716 2299 3831 2353 lucc

2249 2394 2447 2451 dixisse
2479 2395 2728 2449 sufficiat.

2319 2488 2431 2542 νη.
2479 2487 2768 2541 Persecutio
2793 2488 2980 2558 gravis.
3005 2516 3076 2527 -—
3103 2485 3241 2554 Quid
3276 2485 3456 2540 ultra?
3485 2483 3680 2539 Censet
3725 2484 3832 2553 pri-

2250 2596 2339 2636 mo
2367 2589 2623 2649 tyrannus
2647 2580 2890 2650 jussione
2914 2578 3158 2644 terribili,
3192 2587 3248 2632 ut
3273 2593 3430 2634 nemo
3461 2577 3511 2632 in
3540 2579 3655 2648 ejus
3687 2578 3832 2647 pala-

2248 2677 2322 2731 tio
2369 2676 2644 2741 militaret,
2700 2691 2871 2744 nequc
2922 2674 3158 2745 publicas
3205 2683 3386 2744 ageret
3433 2673 3696 2738 actiones,
3729 2670 3833 2726 nisi

2249 2782 2368 2822 sese
2399 2767 2653 2822 Arianum
2687 2767 2922 2821 fecisset.
2953 2766 3192 2831 Quorum
3241 2765 3429 2833 ingens
3459 2779 3714 2817 numerus
3745 2765 3832 2816 vi-

2248 2873 2378 2928 gore
2407 2858 2626 2924 invicto,
2675 2873 2742 2912 ne
2792 2857 2949 2911 fidem
2983 2856 3254 2926 perderet,
3282 2857 3526 2910 militiam
3565 2865 3834 2924 tempora-

2248 2949 2352 3006 lem
2383 2950 2595 3019 abjecit.
2637 2949 2782 3016 Quos
2808 2957 2990 3019 postea
3020 2948 3265 3004 domibus
3309 2948 3602 3017 projectos,
3651 2947 3830 3002 omni-

2250 3060 2355 3114 que
2395 3045 2690 3100 substantia
2741 3045 3088 3113 cxspoliatos,
3141 3043 3194 3098 in
3248 3044 3449 3099 insulas
3493 3044 3731 3099 Siciliam
3783 3050 3833 3098 et

2249 3137 2550 3194 Sardiniam
2582 3139 2853 3208 relegavit.
2887 3137 2904 3175 ί
2931 3139 3066 3207 Quin
3093 3139 3252 3193 etiam
3282 3148 3516 3194 statuere
3548 3153 3643 3208 per
3667 3148 3832 3193 totam

2250 3230 2484 3285 Africam
2531 3232 2820 3298 festinavit,
2870 3240 2926 3286 ut
2971 3240 3276 3287 nostrorum
3321 3231 3696 3301 episcOporum
3742 3231 3832 3287 de-

557 3313 1008 3375 accendebantur,
1037 3323 1092 3367 et
1112 3313 1406 3383 majoribus
1429 3317 1660 3372 ﬂammis
1683 3318 1961 3385 ardebant,
1987 3327 2147 3388 atque
2175 3296 2222 3362 (ἶ
2250 3320 2552 3377 functorum
2581 3323 2742 3379 fiscus
2763 3296 2864 3379 sibi
2894 3324 3244 3379 substantiam
3273 3296 3588 3380 vin-dicaret.
3611 3325 3710 3387 Qui
3738 3340 3831 3378 au-

556 3407 823 3462 intrantes
855 3408 905 3461 in
958 3408 1247 3476 penetralia
1299 3408 1600 3473 domorum,
1649 3425 1783 3480 quos
1831 3411 2146 3468 invenerant

556 3499 934 3555 incendebant.
988 3499 1088 3566 Qui
1139 3509 1315 3554 autem
1357 3499 1509 3569 vidit,
1543 3503 1634 3568 ait,
1669 3502 1790 3571 quia
1836 3518 1957 3557 cum
2004 3518 2061 3558 se
2088 3504 2142 3558 in

555 3591 789 3664 quodam
817 3592 1064 3646 cubiculo
1088 3591 1480 3658 abscondisset,
1506 3595 1848 3651 miseratione
1875 3595 2052 3650 divina
2077 3597 2146 3652 ad

558 3699 684 3740 enm
714 3686 928 3740 ﬂamma
954 3701 1060 3740 non
1090 3686 1263 3755 potuit
1292 3687 1572 3754 pervenire
1603 3706 1613 3739 :
1647 3703 1768 3743 reor
1785 3698 1846 3743 ut
1873 3689 2000 3744 illud
2023 3705 2148 3760 pro-

553 3777 828 3848 pheticum
855 3778 1215 3848 compleretur
1239 3794 1252 3830 :
1278 3777 1473 3832 Claude
1504 3779 1691 3834 ostium
1721 3789 1884 3846 tuum,
1910 3792 1956 3834 et
1981 3793 2002 3820 ο
2032 3782 2148 3838 abs-

555 3870 773 3924 condere
818 3871 1224 3940 aliquantulum,
1271 3871 1430 3924 donec
1473 3882 1694 3927 transeat
1725 3874 1805 3927 ira
1849 3873 1944 3929 Dei
1987 3875 2142 3944 (Isat'.

554 4048 707 4122 golb.
758 4050 891 4122 alter
927 4065 1038 4122 pro,
1065 4051 1351 4122 albatorum
1388 4051 1547 4106 habet
1582 4053 1887 4111 oblatorunt.
1928 4056 2134 4122 Chifﬂ.,

555 4119 729 4177 Bald..
758 4119 903 4185 Snr.,
931 4119 986 4175 et
1024 4121 1262 4175 Rhenan.
1290 4162 1306 4185 ,
1332 4137 1451 4176 cum
1482 4123 1633 4178 Colb.
1665 4126 1841 4188 tertio,
1877 4119 2137 4180 beatorum

555 4189 859 4266 Loricti_ius_
877 4191 1133 4266 abbatum.
1167 4192 1241 4266 De
1273 4191 1455 4247 Fausti
1485 4193 1712 4250 ecclesia
1741 4209 1901 4266 supra
1931 4199 2136 4266 egimus

555 4258 777 4344 110925
799 4259 942 4344 (Col.
964 4261 1262 4344 l9l,_n.pb).
1311 4332 1368 4344 ω
1547 4323 1570 4344 ,

629 4331 1014 4404 ftlll_em_oratur
1063 4332 1248 4404 civitas
1311 4331 1651 4402 Ziquensium
1704 4338 1755 4392 in
1806 4337 2025 4404 Africa,
2084 4339 2134 4395 in

553 4399 781 4473 epistola
809 4401 1144 4473 Con_stantini
1168 4403 1340 4473 illagui
1368 4399 1432 4457 ad
1466 4404 1805 4473 Probianum,
1837 4409 1971 4463 sicut
2000 4399 2054 4464 et
2081 4411 2133 4465 in

552 4466 875 4538 Purgatione
897 4471 1187 4546 caeciliani.
1211 4466 1478 4546 Caeterum
1519 4466 1803 4533 Loricbius
1823 4479 1983 4535 habet
2004 4521 2018 4546 ,
2051 4497 2136 4534 su-

555 4551 652 4612 pra
673 4550 897 4612 utentem
923 4541 1126 4612 [ξριιείπὶ
1145 4584 1160 4607 ,
1189 4545 1277 4612 qui
1300 4543 1585 4610 Ziquensis,
1604 4556 1708 4602 etc.

624 4605 655 4647 δ
692 4608 847 4688 C_ol_b.
875 4611 931 4677 2,
959 4611 1102 4688 Ful.,
1131 4605 1336 4688 Gertn.,
1368 4605 1543 4676 διατι..
1573 4605 1842 4686 ltbenan.,
1873 4620 2052 4688 Ortb.,
2079 4630 2133 4677 et

551 4675 702 4755 Snr.,
722 4675 1091 4755 habentnttbes
1115 4699 1230 4753 qut:
1256 4675 1477 4755 ingentes
1505 4675 1760 4755 eruperunt
1783 4675 1999 4755 lapides.

551 4750 732 4830 Colb.,
753 4751 809 4817 1,
827 4750 1142 4830 sulphureas
1166 4750 1486 4830 ingentesque
1495 4750 1668 4824 nubes,
1693 4766 1800 4814 etc.
1829 4750 2132 4830 Loricbius,

553 4822 1108 4896 turbatassulphureas
1137 4822 1442 4894 nubes,qua:
1470 4822 1700 4892 ingentes
1724 4842 1998 4896 carperunt,
2030 4822 2134 4889 etc;

553 4841 781 4876 utroatas
807 4841 885 4877 stu
926 4841 1108 4878 nureas
1137 4841 1442 4894 nubes,qua:
1470 4841 1700 4892 ingentes
1724 4842 1998 4897 cmperunt,
2030 4848 2057 4888 e

533 4939 538 4972 ι
629 4905 651 4972 ¢_
692 4891 842 4972 ροιι).
869 4841 995 4972 {et
1018 4895 1286 4972 libertam,
1308 4897 1567 4972 absconde
1587 4908 1638 4972 te
1661 4901 1924 4969 pusillum,
1950 4913 2057 4958 etc.

495 4978 498 4980 ‘
534 4963 538 4986 ⁷
625 4964 652 5002 ιι
697 4964 848 5041 Hunc
885 4963 1036 5017 Colb.
1067 4967 1090 5018 l
1119 4973 1173 5041 c_t
1193 4966 1320 5019 editi
1350 4963 1802 5041 {Quintinionum
1833 4963 2132 5041 appellant;

555 5051 713 5106 quem
737 5033 1041 5106 Siccensem
1069 5035 1376 5106 episcopum
1397 5036 1559 5092 fuisse
1581 5050 1765 5095 censet
1790 5033 2050 5099 Bai-iuius
2081 5033 2135 5100 in

560 5103 700 5160 notis
729 5104 795 5160 ad
831 5103 1598 5179 MartyroIOgintnpllomanum
1630 5110 1716 5164 die
1745 5111 1815 5164 23
1861 5113 2004 5179 Maii,
2048 5116 2135 5170 ubi

557 5190 680 5228 cuin
707 5176 903 5230 sanctis
932 5173 1088 5229 Lucio
1109 5184 1163 5228 et
1201 5174 1411 5228 Iuliano
1443 5178 1492 5229 in
1526 5183 1895 5241 persecutione
1927 5173 2136 5238 vanda.

557 5242 656 5319 lica
680 5259 867 5319 passus
891 5245 1102 5319 dicitur.
1135 5244 1245 5319 Sed
1269 5245 1335 5299 de
1363 5245 1441 5319 bis
1465 5246 1683 5319 inferius
1703 5252 1848 5319 plura
1870 5252 2131 5319 dicemus,

557 5313 646 5384 ubi
689 5313 756 5368 de
807 5315 1174 5381 persecutione
1208 5316 1582 5384 Guntabundi,
1633 5313 2134 5379 in'Commentario

557 5383 814 5437 historico
835 5387 1006 5451 capite
1037 5387 1124 5441 l0.

631 5461 661 5533 ξ
696 5452 785 5532 Sic
803 5452 975 5533 _C.olb.n
994 5457 1049 5533 2_,
1077 5456 1298 5533 (ierim,
1329 5457 1475 5533 Por_t.
1499 5500 1514 5533 ,
1543 5458 1695 5514 Mart.
1716 5503 1729 5524 ,
1752 5474 1878 5533 _cum
1907 5461 2136 5518 Ortbod.

561 5531 614 5596 et
644 5521 911 5596 Loricltit).
944 5525 1047 5578 Sed
1078 5527 1227 5596 Colb.
1263 5521 1292 5582 l-
1319 5538 1374 5583 et
1418 5528 1558 5596 Ful.,
1591 5521 2012 5596 post'Larensem
2042 5533 2136 5587 ad-

557 5593 690 5670 dunt
737 5589 974 5670 Laribus.
1025 5595 1091 5670 at
1137 5595 1286 5670 Colb.
1337 5589 1692 5670 t.ltbeinin.,
1718 5599 1920 5670 cuitu,
1958 5602 2133 5670 Bign.,

556 5661 722 5739 Bald;
741 5671 793 5716 et
822 5663 969 5730 Snr.,
1008 5666 1157 5739 ollas,
1190 5669 1324 5739 sicca
1361 5669 1596 5733 Veneria,
1628 5661 1685 5721 et
1706 5661 1939 5734 Laribus,
1979 5661 2130 5739 duas,

558 5739 666 5811 etc.
691 5731 827 5811 Sunt
847 5743 1023 5811 autem
1049 5731 1201 5811 Sicca
1221 5737 1445 5811 _Veneria
1476 5749 1529 5793 et
1554 5731 1984 5811 Larcsciyitatcs
2014 5731 2133 5796 duas

558 5801 690 5858 olim
720 5803 1057 5883 epistmpales
1091 5805 1142 5860 in
1170 5805 1344 5883 Africa
1377 5810 1761 5883 proconsulari.
1794 5809 1994 5883 Prioris
2022 5813 2136 5883 epi-

558 5875 1086 5949 mpus’subscripsit
1112 5877 1348 5960 epistola;
1365 5875 1868 5964 Synodical’atrutn
1891 5875 2134 5961 ejusdem

892 6014 972 6033 ’τιῖ
1031 6022 1082 6032 ια.

2247 3422 2354 3470 tem
2385 3415 2636 3470 defuncto
2666 3417 2955 3472 succedere
2991 3425 3220 3487 poterat,
3253 3433 3356 3474 non
3391 3426 3516 3474 ante
3555 3417 3831 3473 ordinare-

2251 3515 2357 3575 tur,
2404 3509 2504 3563 nisi
2534 3509 2662 3565 ﬁsco
2701 3511 2866 3581 regali
2916 3511 3235 3582 quingentos
3279 3512 3479 3566 solidos
3522 3511 3828 3568 obtulisset.

2254 3601 2359 3658 Sed
2389 3601 2489 3657 hoc
2517 3603 2822 3670 tediﬁcium,
2850 3604 2936 3659 ubi
2967 3613 3280 3661 construere
3301 3604 3471 3676 [Lor.,
3497 3603 3664 3675 visus]
3685 3607 3831 3660 nisus

2252 3705 2334 3749 est
2356 3695 2620 3762 diabolus,
2645 3697 2824 3751 statim
2855 3696 2984 3752 illud
3008 3696 3283 3754 destruere
3309 3697 3556 3768 dignatus
3577 3709 3660 3754 est
3680 3698 3831 3753 Chri-

2251 3797 2386 3842 stus.
2428 3788 2730 3858 Suggerunt
2775 3789 2824 3844 ei
2854 3789 3134 3844 domestici
3166 3789 3270 3858 sui,
3296 3789 3572 3846 dicentes:
3603 3789 3659 3844 Si
3691 3789 3828 3844 istud

2254 3879 2548 3935 firmaverit
2576 3881 2866 3952 praeceptio
2887 3889 3084 3949 vestra,
3115 3881 3282 3937 nostri
3309 3880 3566 3952 episcopi,
3592 3881 3682 3951 qui
3707 3889 3829 3935 sunt

2245 4061 2532 4129 provincia:
2558 4063 2621 4116 ad
2661 4061 2883 4117 Paulum
2927 4062 3570 4131 Constantinopolitanum
3619 4062 3829 4130 episeo-

2244 4145 2524 4200 pum,qu:e
2551 4133 2686 4188 lecta
2712 4143 2793 4188 est
2812 4135 2860 4187 in
2883 4133 3110 4188 concilio
3137 4133 3482 4187 Lateranensi
3513 4135 3614 4187 sub
3637 4143 3825 4188 saneto

2245 4201 2489 4260 Martino.
2521 4213 2625 4258 act.
2669 4204 2732 4269 2,
2771 4205 2858 4258 ubi
2901 4203 3170 4258 Candidus
3213 4204 3498 4259 Siccensis.
3541 4203 3605 4257 Et
3655 4205 3824 4257 adfuit

2243 4287 2396 4344 conc.
2450 4272 2701 4344 Carthag.
2756 4289 2896 4328 anno
2944 4274 3049 4328 525
3085 4274 3293 4329 Vitulus
3332 4275 3614 4343 episcopus
3650 4275 3821 4340 plebis

2243 4342 2514 4398 Larensis.
2550 4346 2625 4398 Ex
2657 4342 2879 4413 utraque
2909 4346 3030 4399 item
3055 4346 3183 4398 urbe
3211 4345 3464 4412 episcopi.
3498 4342 3608 4399 tum
3635 4348 3824 4400 catho-

2246 4413 2366 4478 lici,
2400 4423 2507 4468 tum
2543 4415 2832 4469 Donatista:
2857 4455 2871 4479 ,
2901 4415 3169 4470 collationi
3215 4415 3468 4480 Cartliag.
3507 4417 3822 4470 interfuere.

2243 4482 2299 4537 In
2329 4499 2389 4537 ea
2425 4485 2620 4554 quippe
2657 4483 3063 4539 Fortunatianus
3091 4486 3355 4554 episcOpus
3379 4483 3626 4538 Ecclesia:
3648 4487 3826 4539 catho-

2243 4555 2354 4608 lica:
2370 4555 2622 4609 Siccensis
2644 4571 2787 4625 smpe
2816 4557 3163 4610 interlocutus
3188 4566 3290 4620 est,
3312 4563 3367 4608 et
3385 4557 3543 4623 capit.
3565 4557 3669 4609 159
3698 4557 3825 4611 sub-

2239 4626 2476 4695 scripsit.
2510 4627 2706 4679 Paulus
2733 4640 2862 4681 vero
2891 4626 3007 4693 ejus
3046 4626 3381 4680 adversarius
3405 4641 3522 4695 cap.
3573 4627 3678 4681 I98
3703 4670 3716 4690 ,
3745 4629 3826 4681 in-

2240 4705 2321 4751 ter
2367 4696 2501 4751 alios
2547 4697 2847 4751 Donatistas
2879 4698 3173 4750 recensitus
3205 4705 3306 4750 est.
3350 4696 3608 4750 Victorius
3639 4708 3819 4752 autent

2240 4766 2477 4822 Larensis
2531 4769 2800 4838 episcopus
2854 4783 2973 4822 cum
3023 4766 3294 4838 illonorato
3331 4766 3456 4838 ejus
3510 4768 3823 4822 adversario

2242 4852 2360 4903 cap.
2415 4838 2508 4892 131
2546 4837 2842 4905 eontparuit
2866 4879 2880 4901 ,
2924 4847 2978 4892 et
3009 4837 3298 4906 Honoratus
3329 4837 3518 4892 iterum
3549 4853 3670 4905 cap.
3697 4841 3822 4894 t9'l.

2240 4908 2421 4962 Adfuit
2461 4915 2515 4961 et
2564 4908 2859 4962 Restitutus
2899 4907 3180 4977 episc0pus
3213 4907 3506 4963 Laritensis
3545 4907 3821 4964 Donatista

2240 4992 2360 5046 cap.
2393 4978 2520 5031 208.
2549 4979 2622 5032 De
2648 4978 2832 5032 barum
2856 4978 3064 5033 urbium
3087 4977 3191 5033 situ
3216 4978 3421 5033 erudite
3439 4980 3661 5034 disserit
3692 4981 3826 5036 Heu-

2242 5048 2386 5102 ricus
2415 5047 2652 5103 Norisius
2685 5050 2734 5102 in
2768 5049 3238 5105 Observationibus
3267 5048 3524 5104 adversus
3558 5049 3824 5105 Joannem

2241 5117 2555 5172 Garnerium
2589 5160 2602 5183 ,
2644 5133 2775 5188 quas
2818 5119 3055 5187 consule.
3101 5120 3336 5187 Denique
3364 5119 3416 5174 in
3440 5122 3670 5176 concilio
3695 5120 3827 5175 Car-

2246 5188 2388 5259 tltag.
2430 5191 2528 5259 sub
2558 5200 2741 5244 sancto
2775 5189 3045 5259 Cypriane
3071 5191 3388 5245 sententiam
3422 5206 3516 5259 pro
3557 5192 3828 5246 luereticls

2245 5258 2633 5324 rebaptizandis
2658 5260 2776 5313 tulit
2805 5258 2986 5314 Castus
3017 5277 3049 5313 a
3084 5260 3232 5314 Sicca
3262 5258 3524 5316 num.28.
3561 5262 3693 5317 Eam
3736 5279 3827 5316 ur-

2246 5325 2366 5402 bem
2414 5339 2592 5382 notam
2623 5329 2867 5402 reddidit;
2881 5331 3084 5402 famosa
3107 5330 3375 5386 Urbanum
3408 5332 3548 5388 inter
3573 5344 3629 5386 et
3658 5335 3825 5402 Apia-

2248 5397 2383 5450 rium
2414 5401 2801 5454 controversia.
2853 5400 3129 5457 llilarensc
3168 5403 3456 5470 Oppidum,
3488 5412 3542 5457 et
3569 5397 3827 5458 Siccense

2248 5477 2508 5522 memorat
2538 5471 2864 5538 Augustinus
2905 5471 3130 5539 epistola
3177 5472 3303 5529 229.
3353 5475 3432 5527 An
3466 5489 3592 5527 vero
3628 5475 3826 5528 Paulus

2249 5546 2303 5617 et
2340 5539 2685 5617 Quintianus,
2728 5541 2814 5617 bic
2841 5556 2882 5617 _a
2914 5541 3129 5617 Victore
3160 5545 3473 5607 memorati,
3509 5544 3694 5617 barum
3729 5561 3827 5598 ur-

2249 5606 2389 5687 binm
2443 5610 2688 5687 episeopi
2723 5612 2937 5687 fuerint.
2967 5613 3228 5687 incertum
3260 5625 3375 5687 est,
3405 5630 3536 5687 cum!
3559 5616 3611 5687 id_
3639 5615 3826 5668 Victor

2241 5681 2496 5799 Beticfat,
2543 5696 2639 5736 nec
2676 5684 2757 5737 Ine
2794 5681 2912 5737 dum
2950 5683 3107 5738 sedes
3159 5684 3211 5738 in
3263 5683 3454 5740 Africa:
3494 5685 3693 5740 Notitia
3730 5687 3828 5738 lia-

2278 5762 2373 5799 031]
2405 5767 2483 5799 ur.

2278 5758 2483 5803 cantur.

2316 5815 2334 5855 ί
2377 5818 2643 5899 _Sic_0rtb;
2674 5830 2726 5877 et
2754 5823 3052 5899 Loricbius.
3079 5823 3149 5878 At
3169 5824 3346 5887 ltlart..
3379 5826 3558 5882 Germ.
3587 5835 3641 5881 et
3670 5825 3823 5899 ΡΜ..

2241 5886 2389 5964 Quod
2411 5891 2580 5952 etiam.
2605 5893 2818 5963 Castori.
2837 5896 3058 5964 quodam
3085 5906 3308 5968 tempore
3334 5886 3577 5970 statuere.
3603 5906 3707 5960 etc.
