4082 6320
379 264 473 323 209

1315 251 1402 308 DE
1439 246 1954 308 PERSECUTIONE
1992 238 2382 310 VANDA'LICA
2421 249 2552 310 LIB.
2588 252 2656 312 11.

3497 263 3613 331 210

381 380 425 432 in
470 368 700 442 partibus
742 367 985 424 Thracia:
1026 374 1080 422 ct
1118 366 1236 420 aliis
1289 364 1593 433 regionibus
1638 365 1930 430 constituti,
1960 363 2010 426 Α
2036 365 2176 427 versi
2223 368 2273 420 in
2305 366 2607 423 Siccensem
2649 374 2704 424 et
2745 367 3033 429 Larensem
3081 373 3353 449 civitates,
3391 389 3451 436 ut
3481 382 3611 445 illuc

375 465 541 536 pejora
574 461 826 527 incipient
871 459 999 528 pati.
1034 456 1289 526 Prmccpit
1333 457 1523 510 deinde
1551 470 1731 510 sacras
1761 455 1929 525 virgi-

373 572 460 611 nes
506 551 830 620 congregari,
880 550 1112 618 dirigens
1160 547 1429 601 Vandalos
1457 562 1574 601 cum
1604 561 1713 600 sua:
1759 548 1930 616 gentis

369 643 731 702 obstetricibus
758 643 824 695 ad
851 651 875 677 ⁸
909 641 1236 710 inspicienda
1276 637 1328 694 et
1375 640 1755 694 contrectanda
1800 654 1931 694 con-

370 751 441 793 tra
490 737 605 806 jura
656 733 988 789 verecundia:
1042 732 1337 787 verecunda
1388 732 1646 800 pudoris,
1695 731 1784 785 ubi
1829 746 1929 789 nec

367 838 554 883 matres
601 826 839 889 aderant,
873 839 968 880 nec
1012 824 1187 892 aliqua
1227 823 1612 877 catholicarum
1660 833 1930 878 matrona-

366 935 493 974 rum.
528 917 670 982 Quas
696 916 787 986 [aL
821 913 1141 982 cruciantes]
1171 922 1482 983 torquentes
1510 914 1656 983 gravi
1694 929 1926 984 suspen-

363 1013 466 1075 dio,
499 1021 654 1079 atque
681 1010 909 1079 ingentia
954 1007 1186 1079 pondera
1219 1007 1445 1076 pedibus
1475 1007 1810 1077 colligantcs,
1846 1008 1925 1062 la-

337 1102 633 1171 ‘minasquc
682 1101 806 1155 ferri
860 1101 1050 1170 ignitas
1099 1100 1281 1168 dorso,
1339 1100 1532 1164 ventri,
1576 1100 1822 1154 mamillis
1873 1109 1927 1156 et

360 1195 608 1250 lateribus
637 1194 993 1264 apponebant.
1017 1191 1222 1259 Quibus
1265 1193 1404 1246 inter
1431 1190 1687 1261 supplicia
1718 1190 1928 1247 diceba-

356 1299 436 1343 tur
461 1307 471 1342 :
504 1288 675 1342 Dicite
705 1287 955 1358 quoniam
983 1287 1219 1355 episcopi
1246 1285 1517 1339 vobiscum
1541 1285 1923 1353 concumbunt,

356 1389 407 1436 et
443 1379 627 1434 clerici
655 1377 845 1443 vestri;
879 1392 1100 1448 quarum
1126 1377 1414 1431 acerbitate
1456 1390 1732 1445 poenarum
1763 1377 1926 1445 pluri-

353 1485 462 1526 mas
493 1478 622 1525 tunc
649 1469 847 1525 scimus
873 1469 1186 1524 exstinctas.
1221 1468 1351 1522 Aliae
1377 1482 1494 1537 quae
1525 1476 1922 1535 remanserunt,

352 1563 560 1618 cutibus
603 1561 969 1616 arescentibus
1019 1560 1170 1615 facta:
1215 1568 1341 1614 sunt
1381 1573 1576 1614 curvte.
1609 1558 1925 1616 Nitebantur

351 1658 486 1713 cnim
517 1656 767 1711 semitam
795 1654 1036 1710 invenire
1062 1670 1156 1724 per
1181 1654 1332 1722 cujus
1379 1653 1606 1722 aditum,
1637 1653 1920 1722 publicam,

2030 465 2376 512 occurrentes
2405 457 2607 524 Mauri,
2639 459 2738 514 sibi
2788 462 3004 519 traditos
3034 465 3100 520 ad
3143 482 3382 526 cremum
3415 476 3608 542 perdu-

2029 556 2234 602 ccrcnt.
2262 548 2712 618 Supervenientcs
2744 553 2900 622 igitur
2928 557 3151 613 comites
3176 560 3282 616 duo
3314 563 3607 624 subtilitate

2029 640 2317 695 damnabili
2341 685 2356 708 ,
2405 641 2615 697 blandis
2643 647 2978 702 sermonibus
3019 665 3140 705 cum
3168 652 3259 708 Dei
3286 655 3606 714 confessori-

2030 729 2126 786 hus
2155 745 2311 802 agere
2331 743 2610 801 coeperunt
2650 751 2664 789 :
2703 734 2838 800 Quid
2862 737 3030 807 vobis,
3076 741 3344 811 inquiunt,
3375 746 3603 817 videtur,

2029 832 2087 877 ut
2117 824 2186 878 ita
2234 825 2529 893 pertinaces
2571 825 2689 879 sitis
2718 867 2731 891 ,
2779 835 2835 881 et
2863 827 3062 885 domini
3109 835 3275 889 nostri
3325 842 3608 908 praeceptis

2029 914 2248 970 minime
2277 915 2678 987 obtemperetis,
2710 919 2796 986 qui
2824 933 2942 975 esse
2969 925 3208 990 poteritis
3234 925 3288 981 in
3318 940 3606 1000 conspectu

2029 1009 2170 1079 regis
2217 1008 2561 1065 honorabiles
2582 1053 2594 1075 ,
2646 1012 2689 1065 si
2722 1012 2840 1081 ejus
2867 1012 3128 1070 festinetis
3155 1017 3330 1076 facere
3358 1024 3604 1080 volunta-

2030 1106 2176 1158 tem?
2215 1105 2407 1159 Statim
2453 1105 2558 1161 illis
2590 1106 2791 1176 ingenti
2815 1107 3199 1166 vociferatione
3229 1113 3601 1187 clamantibus,

2029 1207 2082 1251 et
2110 1198 2410 1253 dicentibus
2444 1218 2456 1252 :
2493 1199 2780 1255 Christiani
2828 1217 3030 1267 sumus,
3079 1207 3330 1263 catholici
3373 1225 3602 1267 sumus:

2029 1288 2342 1345 Trinitatem
2390 1307 2551 1346 unum
2616 1293 2780 1348 Deum
2847 1294 3223 1354 inviolabiliter
3265 1302 3602 1373 confitemur,

2027 1379 2370 1436 includuntur
2417 1383 2644 1452 graviori
2675 1384 2921 1453 quidem,
2972 1387 3066 1441 sed
3111 1387 3285 1445 adhuc
3313 1390 3485 1447 latiori
3514 1408 3607 1448 cu-

2027 1475 2233 1539 stodia;
2275 1476 2363 1531 ubi
2393 1477 2544 1531 nobis
2575 1477 2727 1544 copia
2757 1479 2987 1535 dabatur
3015 1481 3265 1549 introire;
3306 1493 3360 1540 et
3384 1487 3605 1542 verbum

2027 1565 2406 1621 admonitionis
2456 1568 2706 1624 fratribus
2755 1569 2972 1640 facere,
3026 1581 3078 1627 et
3126 1573 3304 1629 divina
3353 1579 3606 1648 mysteria

2027 1657 2324 1713 celebrare.
2357 1658 2433 1712 lbi
2461 1667 2516 1714 et
2546 1659 2791 1715 infantuli
2819 1661 2968 1717 fuere
2999 1665 3402 1735 quamplurimi,
3433 1669 3602 1741 [Lor.,

349 1751 481 1806 sicut
526 1751 678 1817 fecit,
731 1746 930 1804 faceret
978 1746 1424 1817 persecutionem.
1473 1746 1537 1801 Et
1577 1749 1644 1801 ita
1695 1747 1912 1811 faciens,
1946 1731 2149 1819 Bqui]
2197 1765 2329 1819 quos
2373 1751 2658 1820 genitrices
2706 1761 2946 1809 materno
2993 1731 3351 1827 sequebantur
3389 1731 3603 1831 allecto,

349 1841 489 1897 nullo
537 1839 701 1896 modo
740 1839 1061 1908 investigare
1093 1837 1263 1908 potuit
1290 1836 1556 1907 quomodo
1595 1837 1789 1894 Christi
1823 1840 1920 1895 Ec-

347 1935 565 1991 clesiam
599 1932 908 1988 macularet.

419 2030 514 2101 17
550 2026 682 2083 Vill.
709 2026 912 2081 Fideles
932 2027 983 2080 in
1009 2025 1245 2080 exsilium
1267 2025 1417 2093 pulsi.
1436 2055 1503 2064 ——
1520 2025 1718 2092 Quibus
1741 2035 1916 2080 autem

346 2136 639 2192 prosequar
664 2119 970 2175 fluminibus
989 2119 1366 2190 lacrymarum,
1386 2118 1597 2188 quando
1613 2119 1916 2190 episc0pos,

345 2213 688 2284 presbyteros
712 2251 725 2276 ,
757 2210 1010 2266 diaconos
1038 2220 1091 2266 et
1119 2211 1218 2264 alia
1253 2210 1507 2264 Ecclesia:
1553 2210 1790 2265 membra
1818 2251 1832 2274 ,
1866 2209 1917 2266 id

345 2311 444 2367 est,
473 2310 706 2373 quatuor
756 2301 918 2356 millia
965 2308 1259 2370 nongentos
1293 2300 1319 2339 δ
1345 2300 1677 2372 septuaginta
1707 2317 1822 2366 sex,
1851 2301 1918 2357 ad

344 2395 590 2449 exsilium
619 2392 784 2447 cretni
809 2391 1124 2447 destinavit?
1160 2393 1210 2446 in
1238 2392 1429 2463 quibus
1467 2402 1620 2448 erant
1652 2392 1920 2462 podagrici

339 2502 496 2556 quam
531 2485 782 2556 plurimi,
811 2484 899 2539 alii
946 2492 1164 2555 propter
1189 2494 1397 2540 aetatem
1431 2500 1685 2540 annosam
1719 2486 1919 2542 lumine

345 2576 625 2646 temporali
674 2575 884 2645 privati.
937 2573 992 2628 10
1041 2590 1265 2646 quorum
1311 2585 1427 2630 erat
1474 2590 1697 2630 numero
1734 2578 1920 2632 beatus

343 2670 492 2725 Felix
523 2681 546 2708 ε
571 2669 914 2724 Abbiritanus
945 2669 1250 2738 episcopus,
1275 2668 1478 2723 habens
1499 2669 1607 2738 jam
1634 2670 1684 2723 in
1709 2671 1919 2740 episco-

343 2771 466 2832 patu
495 2761 845 2832 quadraginta
871 2771 1099 2831 quatuor
1119 2776 1307 2828 annos,
1326 2761 1416 2832 qui
1445 2763 1702 2832 paralysis
1733 2763 1921 2819 morbo

342 2871 627 2926 percussus
652 2898 668 2924 ,
721 2871 818 2912 nec
845 2856 1108 2911 sentiebat
1132 2855 1440 2927 quidquam,
1471 2871 1568 2910 nec
1607 2857 1816 2925 penitus
1845 2857 1922 2912 lo-

341 2950 622 3020 quebatur.
655 2947 730 3003 De
773 2964 877 3018 quo
926 2963 1024 3004 nos
1053 2949 1283 3003 maxime
1312 2949 1606 3018 cogitantes
1633 2949 1772 3019 quod
1815 2964 1921 3006 non

342 3050 528 3108 posset
557 3040 802 3110 jumento
847 3039 1090 3109 portari,
1141 3042 1499 3109 suggessimus
1543 3049 1657 3095 uta
1688 3041 1796 3096 suis
1827 3055 1920 3097 rex

2021 1840 2048 1879 ά
2099 1844 2218 1897 alize
2270 1844 2600 1913 gaudentes,
2648 1845 2764 1901 alite
2815 1849 3025 1913 tristes,
3066 1850 3183 1905 alia:
3235 1854 3603 1921 retrahentes;

2022 1937 2141 1992 alia:
2164 1937 2467 2007 gaudebant
2492 1954 2550 1993 se
2573 1948 2834 2010 martyres
2858 1942 3152 2012 peperisse,
3169 1944 3288 2000 alite
3311 1947 3603 2015 moliendo,

2021 2031 2219 2086 diluvio
2263 2032 2695 2101 rebaptizationis
2728 2034 3029 2090 nitebantur
3056 2051 3086 2090 a
3116 2036 3454 2095 confessione
3482 2040 3604 2096 lidei

2023 2137 2297 2178 revocare.
2332 2123 2542 2178 Nullum
2572 2133 2747 2180 tamen
2782 2135 2906 2181 tunc
2952 2143 3049 2183 nec
3078 2127 3438 2186 blandimenta
3465 2133 3602 2187 vice-

2021 2225 2147 2270 runt
2173 2258 2187 2280 ,
2223 2231 2320 2271 nec
2367 2217 2598 2271 carnalis
2630 2218 2800 2285 pictas
2826 2218 3054 2289 aliquem
3087 2221 3364 2277 inclinavit
3389 2224 3454 2277 ad
3499 2233 3604 2280 ter-

2021 2324 2156 2363 ram.
2187 2309 2316 2363 Nam
2345 2309 2586 2378 qumdam
2629 2319 2752 2364 tunc
2797 2311 2921 2379 quid
2953 2312 3139 2367 fecerit
3177 2328 3340 2380 anus,
3373 2316 3603 2374 breviter

2022 2402 2221 2457 referre
2251 2401 2502 2456 delectat.
2534 2402 2666 2456 Dum
2700 2404 2802 2458 iter
2830 2419 3112 2474 ageremus
3153 2421 3273 2461 cum
3308 2408 3401 2464 Dei
3440 2424 3602 2466 exer-

2022 2492 2127 2546 citu
2159 2491 2478 2547 comitantes
2503 2533 2518 2557 ,
2549 2501 2601 2548 et
2629 2492 2766 2548 forte
2795 2495 2961 2564 magis
2991 2497 3234 2552 noctibus
3263 2513 3602 2567 promovere-

2023 2597 2140 2637 mus
2164 2592 2382 2653 propter
2407 2584 2536 2638 solis
2562 2584 2833 2651 ardorem,
2849 2587 3209 2656 conspicimus
3230 2590 3599 2647 mulierculam

2023 2676 2292 2730 sacculum
2318 2716 2332 2740 ,
2366 2684 2418 2728 et
2459 2676 2557 2729 alia
2589 2677 2905 2732 vestimenta
2951 2687 3252 2748 portantem
3282 2723 3296 2748 ,
3326 2697 3484 2736 manu
3517 2683 3601 2736 iu-

2025 2765 2285 2820 fantulum
2337 2781 2501 2820 unum
2559 2775 2867 2835 tenentem,
2910 2777 3067 2839 atque
3118 2770 3202 2826 his
3263 2773 3603 2830 sermonibus

2025 2858 2393 2912 consolanlem
2424 2873 2437 2910 :
2463 2857 2650 2922 Curre,
2684 2858 2900 2913 domine
2931 2875 3100 2914 meus.
3135 2860 3294 2916 Vides
3323 2863 3602 2918 universos

2025 2959 2238 3006 sanctos
2285 2950 2552 3020 quomodo
2597 2959 2864 3020 pergunt,
2912 2961 2965 3006 ct
3014 2951 3268 3009 festinant
3299 2955 3497 3010 hilares
3527 2958 3595 3010 ad

2026 3043 2316 3099 coronam?
2355 3043 2524 3109 Quam
2556 3057 2650 3097 nos
2677 3057 2797 3096 cum
2841 3045 3238 3112 increparemus
3265 3087 3278 3112 ,
3325 3049 3465 3119 quol
3507 3035 3602 3104 ivn-

343 3142 634 3202 peteretur,
663 3141 719 3186 ut
768 3131 954 3187 saltem
1005 3147 1124 3188 eum
1175 3147 1401 3202 propere
1430 3133 1744 3187 moriturum
1786 3132 1916 3188 Car-
1947 3108 1993 3174 ο
2025 3144 2248 3207 portuna
2273 3133 2566 3199 videretur,
2593 3143 2682 3188 aut
2712 3133 2840 3188 viris
2862 3149 2958 3203 pro
2987 3108 3115 3192 sexu
3144 3108 3312 3210 jungi,
3342 3108 3431 3194 aut
3457 3156 3604 3197 exop.

342 3225 545 3295 tbagini
592 3240 712 3281 csse
754 3225 990 3294 juberet,
1039 3226 1161 3296 quia
1192 3227 1258 3280 ad
1289 3226 1532 3282 exsilium
1563 3227 1706 3282 nulla
1738 3237 1919 3297 posset

340 3320 549 3374 ratione
588 3318 827 3389 perduci.
870 3319 1073 3388 Quibus
1107 3320 1177 3373 ita
1210 3318 1376 3374 fertur
1403 3327 1662 3391 tyrannus
1686 3334 1806 3375 cum
1839 3320 1918 3374 fu-

339 3424 465 3465 rore
488 3411 720 3466 dixisse:
747 3411 801 3465 Si
829 3410 1043 3466 animali
1073 3410 1260 3465 sedere
1282 3425 1386 3464 non
1415 3419 1608 3479 potest,
1631 3410 1920 3481 iungantur

340 3501 507 3556 boves
536 3501 800 3570 indomiti,
823 3503 908 3572 qui
938 3517 1059 3557 eum
1090 3501 1392 3570 colligatum
1424 3502 1639 3556 funibus
1661 3503 1920 3558 trahendo

341 3595 638 3664 perducant
685 3611 789 3664 quo
840 3611 937 3666 ego
985 3596 1235 3665 praecepi.
1281 3595 1448 3658 Quem
1499 3610 1561 3650 ex
1610 3604 1920 3650 transverso

342 3701 510 3754 super
572 3687 864 3741 burdonetn
917 3685 1194 3748 vinctum,
1245 3686 1392 3753 quasi
1454 3684 1736 3754 quemdam
1791 3686 1921 3756 ligni

343 3790 615 3842 truncum,
651 3788 761 3834 toto
792 3778 982 3832 itinere
1014 3776 1375 3844 portabamus.

416 3871 509 3928 ΙΧ.
553 3872 689 3926 Mira
737 3871 862 3941 ﬁdes
893 3869 1226 3923 muliercula'.
1270 3899 1338 3910 —
1374 3868 1776 3940 Congregantur
1802 3869 1922 3926 uni-

416 4038 442 4065 ι
482 4026 632 4082 Colb.
668 4027 718 4089 1,
749 4025 900 4080 Mart.
947 4032 1002 4078 et
1032 4021 1182 4095 Orth.
1213 4036 1333 4078 cum
1366 4023 1634 4090 Lorichio,
1668 4025 1922 4095 0111111ρί-

343 4100 619 4163 ciendum,
669 4107 713 4150 et
747 4094 1164 4149 contrectandum
1203 4105 1382 4148 contra
1399 4097 1490 4162 jus
1536 4094 1848 4152 verecundus
1876 4108 1922 4152 et

343 4171 574 4238 pudoris,
607 4168 711 4235 ubi,
731 4176 832 4238 etc.
863 4166 1057 4219 Harum
1088 4165 1688 4238 v'ii'ginumimemoriam
1711 4168 1922 4238 irceolit

345 4234 775 4310 Martyrologium
801 4237 1096 4310 Romanum
1119 4236 1224 4307 75
1245 4234 1769 4310 t_l_ie_16‘Decenibri_s.

418 4312 444 4348 ι)
469 4305 557 4365 Sic
584 4305 701 4363 cui.
726 4309 781 4372 2,
814 4307 988 4372 Mart.,
1010 4305 1218 4369 Germf,
1244 4305 1383 4370 Ful.,
1419 4306 1584 4369 Port.,
1619 4307 1917 4372 Lorichius,

344 4393 399 4436 et
425 4380 676 4439 Orthod..
710 4394 829 4432 cum
862 4376 1250 4446 Martyrologiis
1273 4377 1496 4443 Adonis,
1525 4377 1775 4441 Usuardi,
1795 4379 1912 4433 Not-

2021 3226 2148 3283 citui
2174 3226 2368 3282 Christi
2413 3225 2625 3292 sociari,
2660 3227 2936 3299 respondit
2973 3246 2986 3282 :
3027 3230 3355 3298 Benedicite,
3386 3233 3604 3289 benedi-

2020 3319 2124 3376 eite
2150 3361 2164 3386 ,
2197 3330 2251 3374 et
2296 3326 2445 3372 orate
2476 3331 2574 3387 pro
2619 3332 2703 3373 me
2732 3363 2745 3386 ,
2793 3329 2847 3374 et
2892 3333 2988 3388 pro
3028 3323 3130 3375 isto
3163 3323 3382 3391 parvulo
3412 3335 3605 3394 nepote

2021 3426 2172 3477 meo;
2215 3410 2357 3480 quia,
2393 3408 2493 3464 etsi
2528 3409 2818 3478 peccatrix,
2859 3411 2966 3464 lilia
2997 3425 3112 3466 sum
3141 3413 3411 3481 quondam
3442 3423 3465 3452 ο
3500 3416 3604 3469 Ζυ-

2023 3505 2209 3558 ritanze
2239 3499 2472 3556 civitatis
2499 3501 2753 3570 episcopi.
2786 3499 2881 3554 Coi
2912 3516 3009 3557 nos
3051 3519 3064 3555 :
3112 3500 3179 3557 Et
3207 3519 3372 3574 quare
3413 3505 3482 3559 ita
3511 3509 3605 3561 ab-

2025 3595 2166 3664 iecte
2194 3593 2454 3657 ambulas,
2490 3592 2571 3645 vel
2600 3607 2703 3661 qua
2749 3593 2952 3646 ratione
2993 3593 3060 3647 de
3097 3602 3200 3647 tam
3227 3594 3386 3664 longo
3415 3596 3605 3652 itinere

2030 3686 2135 3740 huc
2163 3698 2382 3754 pergere
2407 3681 2827 3737 demonstraris?
2865 3682 2992 3748 Quae
3020 3683 3291 3751 respondit
3315 3683 3478 3738 :Cum
3505 3688 3605 3742 hoc

2031 3773 2252 3846 parvulo
2279 3786 2434 3828 servo
2475 3780 2652 3825 vestro
2677 3770 2742 3824 ad
2774 3769 3013 3825 exsilium
3063 3786 3243 3839 pergo,
3276 3787 3342 3827 ne
3373 3773 3606 3829 inveniat

2033 3883 2156 3926 eum
2205 3867 2374 3923 solum
2422 3864 2670 3920 inimicus
2697 3906 2711 3932 ,
2753 3871 2804 3919 et
2833 3878 2861 3917 a
2889 3863 2970 3917 via
3001 3863 3236 3917 veritatis
3277 3872 3490 3918 revocet
3538 3863 3603 3919 ad

2030 4039 2152 4095 cap.
2180 4023 2299 4095 128.
2333 4022 2499 4079 Porro
2519 4021 2680 4095 Eclio;
2710 4021 2846 4095 bica
2881 4021 3093 4095 Victore
3123 4021 3384 4095 laudatus,
3418 4022 3463 4076 is
3491 4023 3604 4092 ipse

2028 4093 2150 4151 esée
2182 4094 2410 4160 videtur,
2441 4093 2528 4162 qui
2560 4093 2610 4146 in
2640 4093 2834 4148 Notitia
2865 4093 3115 4147 Africana
3152 4093 3289 4147 inter
3315 4108 3603 4162 proconsu-

2029 4167 2167 4223 lares
2197 4165 2644 4236 episcopos‘num.
2677 4165 2711 4216 2
2739 4163 3046 4236 ébaritanus
3073 4163 3285 4228 dicitur,
3320 4178 3436 4236 qua
3456 4164 3604 4236 deire

2028 4238 2147 4291 vtde
2179 4233 2328 4290 notas
2357 4235 2412 4289 ln
2442 4234 2713 4288 Notitiam.
2745 4233 2869 4302 Ejus
2891 4244 2941 4286 et
2963 4244 3276 4288 carterorum
3310 4236 3394 4288 hic
3425 4234 3602 4288 lauda-

2032 4317 2206 4361 torum
2238 4306 2546 4361 memoriam
2579 4305 2823 4358 recolunt
2851 4305 3058 4371 vulgata
3091 4304 3464 4374 martyrologia
3516 4306 3603 4360 die

2031 4379 2100 4432 12
2121 4378 2388 4441 Octohris,
2415 4375 2586 4429 Graeci
2615 4391 2741 4430 vero
2765 4377 2794 4427 7
2822 4374 3170 4442 Septembris.

346 4452 393 4505 11η
416 4454 482 4516 ri,
515 4461 617 4505 etc.
649 4454 714 4505 At
742 4448 895 4502 Colb.
932 4448 955 4500 1
985 4440 1300 4516 ,⁷11110011οη
1332 4440 1540 4510 5011115,
1566 4447 1922 4503 Bald.Bellor.
1951 4440 2007 4503 Ι)
2101 4446 2126 4484 ἀ
2157 4440 2430 4502 Lorichins
2452 4457 2505 4500 ct
2538 4447 2782 4501 Rhenau.
2809 4440 2911 4498 non
2937 4446 3133 4499 habent
3154 4445 3276 4516 glia:
3316 4446 3501 4500 tristes.
3536 4445 3602 4499 Et

347 4515 474 4576 cum
498 4521 723 4576 Baronio
751 4519 801 4573 in
831 4515 1202 4588 Martyrologio
1232 4516 1493 4585 Romano,
1516 4519 1790 4588 Sexaginta
1812 4536 1921 4575 scas.

348 4593 529 4647 Chifll.
561 4601 617 4646 et
649 4591 799 4659 Bign.
835 4589 1116 4657 Sexaginta
1145 4597 1384 4659 quatuor.

427 4675 448 4702 ε
477 4665 567 4719 Sic
595 4658 746 4716 Colb.
781 4663 835 4723 5.
861 4659 1085 4714 Orthod.
1117 4669 1168 4711 et
1192 4658 1426 4722 Loricb.,
1452 4658 1644 4728 quibus
1666 4660 1928 4715 accedunt

350 4735 533 4800 Mart.,
565 4732 679 4786 Fui.
705 4740 759 4785 et
784 4731 994 4792 Germ.,
1029 4728 1702 4800 ttbi,_Abiritanus._l‘ort.,
1736 4729 1929 4784 "arbi-

351 4798 570 4859 ritamts.
605 4805 674 4856 At
699 4800 874 4857 Chifll.
908 4800 1062 4861 edit.,
1096 4798 1457 4851 Abderitunus.
1487 4798 1753 4865 theuan.,
1797 4800 1920 4853 Sur.

352 4884 406 4930 et
434 4875 523 4928 alii
553 4872 701 4936 editi,
726 4871 1070 4924 Abdiritanus.
1097 4867 1264 4921 Porro
1290 4869 1341 4922 in
1373 4868 1548 4921 Africa
1579 4869 1705 4921 urbs
1729 4870 1926 4937 duplex

354 4944 452 5000 fuit
484 4945 637 4997 Abbir
661 4943 836 5004 dicta;
867 4953 1091 5010 quarum
1120 4938 1294 5010 altera
1322 4938 1474 5010 Alibir
1505 4938 1673 5010 Majas
1710 4938 1927 5010 diceba-

353 5024 463 5070 tur.
499 5006 1093 5084 Utriusqucrepiscopns
1121 5006 1388 5084 collationi
1417 5006 1928 5084 Cartitagincnsiad-

356 5085 478 5153 fuit,
516 5083 671 5138 Felix
698 5076 915 5153 scilicet
948 5076 1210 5153 episwpus
1245 5078 1400 5153 Abiit}:
1445 5076 1618 5150 Majus
1649 5092 1766 5148 cap.
1803 5081 1922 5153 i395,

357 5157 446 5210 ubi
465 5148 652 5210 'nullus
695 5154 765 5209 ibi
807 5152 970 5206 fuisse
1001 5148 1271 5204 Donatista
1299 5148 1605 5210 diciturset
1634 5164 1752 5217 cap.
1800 5150 1923 5217 215,

356 5227 677 5281 Annibonius
699 5223 973 5278 catholicus
997 5222 1260 5288 episc0pus
1290 5219 1640 5274 Abbiritensis.
1685 5221 1926 5274 Concilio

357 5306 532 5352 autem
563 5292 969 5363 Carthaginensi
1008 5290 1280 5363 anno“?
1307 5290 1922 5363 subscripsitCandidus

356 5370 625 5434 episcopus
646 5360 950 5434 Germanice,
981 5362 1069 5429 qui
1091 5360 1220 5434 alias
1251 5360 1449 5434 ibidem
1482 5360 1794 5434 simpliciter
1824 5361 1924 5434 ᾼὸ-

359 5430 608 5491 61νί1αή11³
638 5435 849 5496 dicitur,
901 5431 1014 5498 ejus
1043 5431 1245 5483 scilicet
1271 5430 1437 5492 urbis,
1470 5433 1523 5484 01
1567 5431 1740 5495 fallor,
1773 5431 1925 5496 cujus

359 5525 618 5562 successus
667 5507 730 5559 ab
761 5500 1330 5557 Abbir-Germaniciana
1363 5499 1587 5554 habetur
1615 5502 1664 5553 in
1699 5502 1925 5555 concilio

359 5579 607 5648 Carthag.
642 5577 740 5632 sub
772 5582 955 5648 sancto
973 5570 1408 5648 Cypriano,_num
1439 5569 1526 5623 16.
1554 5571 1636 5648 itb
1665 5571 1745 5622 bis
1777 5570 1921 5648 urbi-

363 5649 457 5702 hus
495 5639 703 5704 div'ersa
743 5645 960 5700 omnino
1003 5639 1116 5694 erat
1164 5639 1359 5691 Abdera
1400 5654 1491 5691 seu
1532 5640 1742 5703 Abzera,
1777 5640 1928 5708 cujus

363 5723 641 5789 episcopus
675 5716 986 5772 Fructunsus
1031 5717 1354 5768 memoratur
1385 5709 1436 5763 in
1465 5709 1643 5765 collat.
1675 5709 1922 5777 Carthag.

2031 4518 2187 4583 infra,
2216 4518 2487 4571 moliendo.
2524 4517 2676 4570 Colb.
2712 4517 2762 4580 1,
2814 4517 3119 4571 moriendos.
3152 4514 3421 4582 Rhenan.,
3452 4516 3599 4581 Sur.,

2031 4591 2178 4657 Bign.
2212 4600 2263 4642 et
2289 4587 2462 4657 Baldi,
2496 4588 2788 4657 morituros.

2103 4654 2126 4696 ἓ
2150 4660 2358 4720 Germ.,
2408 4656 2548 4717 Ful.,
2589 4666 2643 4709 et
2671 4656 2893 4708 Orthod.
2926 4669 3046 4708 cum
3079 4654 3347 4719 Lorichio,
3380 4655 3602 4707 Zurina-

2030 4744 2128 4782 me.
2160 4729 2314 4781 Mart.
2345 4725 2646 4777 Zurinaliw.
2679 4725 2830 4776 Colb.
2858 4726 2906 4786 1,
2931 4723 3224 4788 Τυγὶιαηω;
3250 4725 3399 4786 Sur.,
3430 4725 3603 4787 Quiri-

2032 4807 2181 4850 tamv.
2217 4797 2270 4848 10
2304 4794 2482 4848 Indice
2509 4793 2796 4845 Oxoniensi
2825 4793 2934 4860 jam
2962 4793 3175 4845 laudato
3216 4794 3356 4845 Zura
3386 4795 3602 4845 incerta:

2032 4866 2321 4936 provincia:
2347 4864 2564 4917 dicitur.
2589 4862 2657 4916 At
2688 4876 2758 4936 ex
2779 4860 3493 4936 collationeCarthaginensi
3521 4863 3603 4936 di-

2032 4931 2230 4990 scimus
2261 4948 2377 4988 cam
2393 4948 2455 4987 cx
2479 4932 2842 5000 proconsulari
2867 4931 3049 4986 fuisse.
3071 4931 3281 4985 Etenim
3297 4946 3416 4985 cum
3441 4933 3602 4996 Quin-

2031 5014 2131 5072 tus,
2167 5015 2214 5060 ul
2249 5005 2472 5073 vulgata!
2502 5003 2765 5073 editiones
2795 5002 3011 5073 habent,
3044 5016 3174 5073 nam,
3195 5019 3244 5053 ν.
3276 5015 3325 5055 c.
3355 5001 3603 5055 Baluzins

2032 5076 2189 5131 habet
2217 5075 2314 5142 Qui
2344 5072 2522 5142 supra,
2546 5089 2641 5144 pro
2671 5072 2892 5128 Paulino
2920 5072 3133 5144 Zurertsi
3158 5072 3350 5144 litteras
3379 5076 3603 5126 nescim-

2031 5157 2097 5216 te,
2131 5148 2217 5217 qui
2250 5160 2485 5217 praesens
2506 5142 2708 5217 aderat,
2731 5161 2788 5200 se
2817 5142 3409 5217 subscripsisscnfuisset
3434 5152 3602 5217 testa-

2031 5212 2114 5274 tus
2136 5212 2187 5274 in
2219 5212 2501 5272 collatione
2527 5214 2775 5285 Carthag.
2797 5230 2916 5284 cap.
2938 5214 3058 5277 135,
3085 5212 3600 5285 Paulinusqueipse,

2029 5289 2323 5344 catholicus
2353 5287 2656 5357 episcopus,
2704 5283 2763 5341 se
2807 5283 3013 5357 habere
3033 5284 3288 5357 unitatem
3332 5283 3602 5357 professus
3648 5288 3662 5356 i

2024 5359 2236 5432 fuisset,
2261 5353 2550 5432 llabétdeus
2575 5359 2821 5432 diaconus
2839 5353 3104 5432 Primiani
3130 5356 3354 5425 epist-api
3371 5353 3601 5432 _(_J_arlha-

2028 5423 2263 5498 ginensis
2291 5430 2455 5498 partis
2496 5428 2706 5492 Donati,
2740 5427 2870 5498 dixit
2907 5442 2925 5478 :
2959 5423 3223 5495 Presbyter
3255 5434 3328 5498 est
3366 5425 3472 5477 illic
3510 5441 3601 5498 no-

2031 5494 2154 5555 Etrr.
2184 5494 2425 5554 Dia~'cesis
2453 5508 2623 5551 nostra
2652 5506 2742 5550 est.
2780 5494 3183 5550 Recensetur’ct
3211 5494 3397 5548 eodem
3431 5495 3600 5561 capite

2029 5571 2346 5633 collationis,
2377 5578 2433 5621 ut
2457 5569 2566 5636 jam
2594 5567 2827 5623 diximus
2856 5582 2910 5622 n.
2939 5567 3028 5633 39,
3079 5567 3312 5622 Donatus
3337 5566 3600 5636 episcopus

2031 5642 2188 5711 plebis
2220 5641 2501 5695 Buritana'.
