4082 6320
465 306 570 369 ιιι

1748 302 2079 361 VICTORIS
2116 304 2423 366 VITENSIS

3627 306 3733 363 ΞΒ

464 432 721 481 mortem.
752 416 833 479 Ad
862 418 977 478 haec
1015 418 1175 477 verba
1206 416 1395 489 repleti
1422 418 1670 491 lacrymis
1704 418 1838 478 nihil
1869 418 2049 474 dicere
2078 426 2125 482 A
2156 424 2401 478 manibus
2430 432 2723 494 gestantes,
2755 439 2987 495 suosque
3016 424 3304 481 infantulos
3331 424 3568 495 vestigiis
3593 439 3729 480 mar-

466 515 751 581 valuimus,
785 512 886 568 nisi
914 520 971 567 ut
1000 512 1240 567 voluntas
1265 509 1363 566 Dei
1393 509 1570 566 ﬁeret.
1952 573 1958 581 ,

539 604 609 662 X.
650 604 877 659 Carceris
915 602 1252 656 incommoda.
1290 632 1361 641 —
1395 601 1503 657 Sed
1556 602 1645 657 ubi
1690 602 2050 669 adversarius,

469 700 558 772 qui
583 700 693 771 jam
723 698 859 754 forte
887 695 1096 752 dicebat
1136 715 1146 751 :
1189 693 1430 750 Portibor
1464 695 1664 767 spolia,
1706 696 1911 766 replebo
1940 697 2055 750 ani-

469 809 603 847 mam
632 805 794 846 meam
818 828 833 854 ,
873 787 1176 854 inter/fciam
1202 786 1376 857 gladio
1410 803 1545 857 meo,
1569 786 1911 841 dominabitur
1948 802 2057 839 ma-

470 900 565 939 nus
603 899 713 938 mea
739 876 945 955 (Exod.
984 896 1073 946 xv,
1107 880 1186 952 9),
1228 880 1430 935 nullum
1459 881 1633 952 potuit
1658 878 1752 952 [αι.
1787 876 2059 951 aucupari]

470 988 760 1046 occupare;
801 972 1024 1044 inquirit
1053 982 1276 1043 angusta
1308 979 1363 1027 et
1384 971 1652 1027 teterrimi
1682 972 1818 1035 loca,
1842 970 1896 1026 in
1927 985 2059 1039 quo-

471 1083 589 1124 rum
635 1063 975 1122 conclavibus
1006 1064 1099 1121 Dei
1132 1065 1425 1120 exercitum
1455 1074 1769 1120 coarctaret.
1803 1064 1955 1119 Tunc
1984 1064 2062 1119 eis

471 1162 630 1219 etiam
660 1160 976 1217 visitationis
1009 1160 1256 1215 humanae
1277 1168 1462 1229 negata
1492 1169 1575 1214 est
1613 1161 1715 1231 18
1743 1159 2057 1214 consolatio.

472 1255 777 1312 Puniuntur
792 1263 845 1309 et
861 1252 1110 1309 custodes
1136 1252 1381 1319 fustibus,
1402 1260 1457 1307 et
1478 1251 1709 1321 graviter
1727 1250 2061 1321 affliguntur;

473 1352 746 1429 iactantur
782 1343 1115 1401 confessores
1141 1341 1339 1399 Christi
1365 1357 1525 1413 super
1552 1342 1798 1408 invicem,
1821 1339 2064 1412 angustia

474 1447 801 1503 coarctante,
828 1450 966 1492 unus
994 1451 1155 1507 super
1184 1434 1366 1501 alium,
1391 1446 1449 1489 ut
1473 1434 1682 1505 agmina
1716 1435 2064 1499 locustarum,

475 1538 551 1599 et,
575 1538 633 1586 ut
659 1529 876 1601 proprie
905 1528 1135 1595 dicatur,
1151 1539 1207 1583 ut
1229 1542 1395 1600 grana
1416 1524 1803 1598 pretiosissima
1829 1526 2066 1582 frumen-

476 1628 671 1679 torum.
721 1622 778 1677 ln
808 1636 910 1693 qua
954 1622 1367 1691 constipatione,
1411 1620 1695 1677 secedendi
1729 1620 1794 1675 ad
1827 1620 2069 1676 naturale

478 1714 713 1771 officium
762 1714 905 1769 nulla
954 1714 1093 1769 ratio
1141 1713 1377 1779 sinebat;
1422 1721 1448 1749 ει
1481 1713 1575 1768 sed
1606 1713 1781 1769 locum
1812 1711 2067 1767 stercoris

2161 527 2345 589 tyrum-
2365 518 2726 587 pt'ojicientes.
2756 520 2857 572 ista
2883 532 3014 574 voce
3042 518 3345 573 clamabant
3375 517 3611 584 :Qttibus
3636 530 3731 573 nos

2159 612 2382 666 miseros
2428 611 2764 681 relinquitis,
2817 611 2941 666 dum
2973 612 3191 680 pergitis
3235 610 3301 664 ad
3340 610 3603 664 coronas?
3642 610 3732 677 qui
3766 614 3775 626 ‘

2160 703 2258 757 bos
2286 702 2599 771 haptizaturi
2622 711 2744 757 sunt
2762 703 3012 772 parvulos
3029 701 3261 757 fontibus
3281 716 3431 771 aqua:
3455 700 3734 770 perennis?

2160 795 2249 865 qui
2282 794 2433 850 nobis
2461 795 2787 864 paenitentia:
2832 793 2942 865 [aL
2988 793 3218 865 manus]
3266 806 3457 848 munus
3498 790 3735 849 collaturi

2161 897 2307 953 sunt,
2341 895 2395 941 ct
2438 886 2887 941 reconciliationis
2913 884 3270 955 indulgentia,
3302 883 3595 939 obstrictos
3620 897 3736 953 pec.

2162 987 2402 1033 catorunt
2452 978 2675 1032 vinculis
2698 1018 2712 1044 ,
2759 976 3021 1032 soluturi?
3058 976 3179 1046 quia
3210 974 3364 1029 vobis
3393 974 3593 1030 dictum
3622 982 3736 1029 est:

2168 1072 2495 1138 Quaecunque
2522 1069 2770 1124 solveritis
2794 1086 2948 1138 super
2984 1079 3171 1123 terram
3190 1110 3204 1134 ,
3236 1076 3382 1123 erunt
3411 1069 3578 1122 soluta
3619 1067 3740 1122 etin

2166 1162 2301 1217 cretis
2329 1161 2347 1233 (
2372 1160 2563 1217 Matth.
2590 1178 2737 1228 xvtn,
2770 1162 2836 1215 18
2859 1162 2898 1231 ).
2932 1161 3033 1228 Qui
3064 1176 3162 1215 nos
3188 1160 3519 1215 solemnibus
3547 1161 3742 1216 oratio~

2168 1254 2324 1309 nibus
2354 1252 2609 1323 scpulturi
2654 1262 2782 1307 sunt
2811 1253 3140 1309 morientes?
3179 1259 3270 1306 aut
3295 1266 3325 1305 a
3349 1250 3544 1321 quibus
3577 1250 3743 1308 divini

2167 1344 2415 1401 sacrificii
2445 1344 2579 1400 ritus
2622 1344 2957 1400 exhibendas
2991 1354 3073 1400 est
3111 1342 3432 1399 consuetus?
3469 1342 3745 1400 vobiscum

2168 1450 2222 1495 et
2249 1454 2343 1494 nos
2370 1438 2530 1493 libeat
2553 1452 2810 1509 pergere,
2842 1437 2885 1491 si
2910 1437 3112 1507 liceret,
3145 1446 3203 1491 ut
3229 1435 3321 1492 tali
3351 1436 3510 1490 modo
3550 1436 3688 1490 filios
3716 1451 3746 1491 a

2170 1531 2410 1603 patribus
2462 1531 2604 1585 nulla
2656 1530 2949 1586 necessitas
2995 1539 3293 1600 separaret.
3324 1529 3378 1583 In
3421 1528 3503 1583 his
3526 1528 3746 1583 vocibus

2173 1630 2197 1663 δ
2231 1625 2314 1679 vel
2342 1622 2595 1694 lacrytnis
2620 1664 2634 1689 ,
2681 1631 2737 1678 et
2763 1621 3009 1677 laudibus
3050 1621 3227 1675 nullus
3261 1621 3369 1690 jam
3403 1633 3625 1690 pergere
3656 1618 3747 1672 ad-

2172 1715 2370 1770 missus
2407 1722 2491 1769 est
2531 1712 2866 1778 consolator;
2907 1712 3002 1767 sed
3035 1712 3344 1767 arctabatur
3373 1710 3654 1766 multitudo
3684 1709 3747 1766 ad

477 1817 532 1863 et
562 1808 730 1862 urina:
775 1815 999 1877 urgente
1052 1807 1390 1870 necessitate,
1439 1804 1636 1861 ibidem
1688 1806 1970 1872 faciebant,
2003 1815 2060 1861 ut
2087 1803 2137 1865 B
2161 1806 2482 1861 currendum
2510 1846 2524 1869 ,
2566 1816 2623 1858 ut
2662 1805 2747 1859 ubi
2779 1801 2805 1840 ά
2845 1818 3081 1859 caunava
3131 1813 3246 1859 erat
3295 1813 3587 1873 praeparata
3612 1841 3628 1869 ,
3678 1804 3749 1855 Ia-

477 1898 571 1956 llle
598 1909 723 1954 tunc
751 1898 889 1953 fetor
931 1902 985 1952 et
1029 1898 1216 1952 ltorror
1244 1897 1490 1953 universa
1541 1912 1819 1967 poenarum
1865 1911 2061 1968 genera

480 2000 758 2062 superaret
801 2011 811 2045 :
857 1991 924 2047 ad
956 2007 1089 2062 quos
1118 1991 1402 2062 aliquando
1447 1991 1573 2047 dato
1602 1992 1802 2062 ingenti
1838 2006 2063 2046 munere

481 2082 717 2148 Mauris,
758 2080 1149 2138 dormientibus
1186 2082 1474 2150 Vandalis,
1520 2083 1609 2137 vix
1657 2083 1795 2137 clam
1846 2080 2063 2136 admissi

477 2189 664 2231 sumus
691 2175 911 2231 intrare.
934 2173 1036 2241 Qui
1059 2175 1414 2241 introeuntes,
1439 2172 1601 2228 veluti
1628 2173 1679 2227 in
1705 2172 1913 2242 gurgite
1943 2171 2060 2240 luti,

481 2283 651 2339 usque
698 2268 764 2323 ad
808 2282 981 2339 genua
1012 2268 1278 2338 coepimus
1327 2265 1523 2335 mergi;
1566 2266 1693 2321 illud
1726 2275 1849 2319 tunc
1878 2263 2066 2319 Hiere-

481 2360 603 2415 mim
638 2358 877 2415 videntes
909 2359 1071 2414 fuisse
1100 2358 1427 2427 completum
1468 2376 1481 2412 :
1523 2357 1625 2424 Qui
1654 2356 1831 2409 nutriti
1858 2366 1974 2409 sunt
2010 2356 2065 2409 in

480 2450 671 2505 croceis
694 2490 710 2516 ,
760 2449 1044 2521 amplexati
1064 2456 1180 2502 sunt
1205 2458 1429 2502 stercora
1466 2464 1557 2501 sua
1586 2445 1817 2519 (Thren.
1860 2461 1931 2514 tv,
1962 2445 1994 2499 5
2022 2446 2065 2515 ).

482 2539 621 2611 Quid
648 2538 854 2597 multa?
890 2538 1149 2611 praecepti
1189 2548 1315 2593 sunt
1348 2536 1583 2607 undique
1608 2535 2067 2607 perstrepentibus

481 2632 697 2699 Mauris,
730 2631 796 2687 ad
826 2632 930 2688 iter
958 2629 1049 2688 ubi
1075 2629 1325 2687 destinati
1354 2628 1563 2685 fuerant
1593 2627 1906 2699 praeparari.

551 2724 645 2781 XI.
686 2724 895 2780 Itineris
914 2721 1619 2779 incommoda.—-—Exeuntes
1645 2721 1821 2791 itaque
1845 2718 1933 2776 die
1965 2720 2065 2776 do-

484 2819 678 2877 minica
703 2861 719 2887 ,
770 2818 923 2874 linita
955 2817 1214 2873 habentes
1244 2815 1573 2872 stercoribus
1601 2815 1917 2870 vestimenta
1942 2855 1959 2881 ,
1993 2812 2068 2868 fa-

484 2912 595 2970 cies
633 2909 791 2968 simul
834 2921 889 2967 et
932 2910 1105 2980 capita
1133 2950 1147 2976 ,
1196 2924 1227 2961 a
1271 2907 1468 2963 Mauris
1538 2915 1713 2961 tamen
1779 2904 2067 2960 crudeliter

489 3005 850 3068 minabantur,
886 3002 1144 3076 hymnum
1175 3016 1298 3057 cum
1328 2998 1686 3056 exsultatione
1720 2998 1948 3059 Domino
1973 2996 2066 3053 de-

486 3105 765 3154 cantantes
790 3112 804 3150 :
828 3094 957 3149 Htec
983 3101 1055 3148 est
1078 3093 1244 3164 gloria
1280 3092 1515 3147 omnibus
1544 3091 1732 3145 sanctis
1760 3092 1870 3163 ejus
1890 3087 2064 3162 (Paul.

2165 1898 2433 1954 boriosam
2473 1906 2689 1967 caperet
2736 1897 3091 1952 mansionem.
3124 1896 3226 1962 Qui
3251 1912 3374 1952 cum
3419 1911 3577 1950 senes
3620 1895 3750 1950 defi-

2165 1998 2380 2056 cerent,
2408 1998 2463 2045 et
2487 1988 2580 2043 alii
2624 1990 2794 2056 forte,
2834 1989 2933 2044 etsi
2954 1989 3209 2056 juvenes,
3237 1988 3450 2043 delicati
3493 2001 3746 2056 corpore,

2165 2091 2444 2153 coeperunt
2488 2081 2755 2136 hastilium
2805 2080 3116 2150 cuSpidibus
3176 2078 3241 2135 ad
3290 2078 3654 2144 currendum,
3698 2086 3750 2133 et

2168 2175 2435 2247 lapidibus
2483 2174 2632 2229 tundi
2676 2191 2692 2234 ;
2732 2174 2874 2230 unde
2926 2174 3097 2245 magis
3124 2172 3469 2243 deficientes,
3521 2171 3751 2242 amplius

2167 2268 2524 2325 lassabantur.
2820 2269 2835 2284 ⁸

2240 2361 2352 2416 XII.
2395 2361 2606 2416 Saevitia
2631 2361 2686 2414 in
2716 2357 3254 2431 confessorem—Post
3276 2372 3404 2414 vero
3429 2360 3750 2427 imperatum

2169 2466 2253 2512 est
2278 2456 2475 2510 Mauris
2500 2464 2557 2508 ut
2584 2467 2679 2509 eos
2706 2453 2796 2522 qui
2827 2451 3104 2507 ambulare
3133 2466 3241 2507 non
3273 2458 3543 2521 poterant,
3577 2449 3752 2521 ligatis

2171 2548 2418 2620 pedibus,
2450 2547 2596 2603 velut
2625 2545 2882 2601 cadavera
2906 2544 3220 2601 animalium
3250 2552 3606 2609 mortuorum,
3640 2552 3751 2597 tra-

2171 2640 2364 2696 herent
2395 2654 2489 2709 per
2516 2637 2651 2693 dura
2698 2646 2751 2693 et
2780 2650 2968 2706 aspera
2998 2635 3232 2705 lapidum
3277 2635 3391 2690 loca
3418 2674 3433 2701 ,
3465 2634 3554 2689 ubi
3582 2634 3752 2704 primo

2169 2734 2490 2789 vestimenta
2521 2772 2536 2795 ,
2587 2740 2772 2801 postea
2826 2730 3066 2786 membra
3118 2729 3323 2800 singula
3368 2729 3750 2798 carpebantur.

2171 2824 2375 2891 Quibus
2400 2838 2496 2892 per
2525 2820 2733 2892 gladios
2778 2829 2963 2876 acutos
2993 2828 3264 2891 petrarum
3293 2818 3387 2891 [αι.
3423 2818 3576 2873 hic...
3602 2815 3752 2890 alibi]

2171 2917 2295 2972 huic
2341 2922 2500 2986 caput
2537 2912 2933 2979 conterebatur,
2961 2913 3050 2967 alii
3098 2914 3261 2968 latera
3313 2912 3671 2979 findebantur,
3701 2920 3753 2968 et

2170 3008 2241 3063 ita
2296 3008 2436 3062 inter
2490 3005 2814 3061 trahentium
2867 3019 3054 3059 manus
3107 3004 3355 3074 spiritum
3408 3002 3777 3059 eshalabant-

2171 3104 2408 3169 Quorum
2452 3114 2733 3156 numerum
2773 3112 3107 3169 nequaquam
3153 3094 3418 3154 valuimus
3467 3096 3749 3167 colligere,

488 3200 669 3252 crux,
701 3186 781 3257 9).
814 3186 1013 3241 Aderat
1042 3185 1182 3240 enim
1207 3185 1279 3239 ibi
1319 3193 1447 3239 tunc
1471 3182 1658 3239 beatus
1688 3182 1925 3251 pontifex
1958 3180 2063 3252 Cy-

2172 3194 2514 3250 multitudiue
2550 3204 2869 3259 coercente;
2910 3194 3176 3248 exaltatur
3221 3202 3398 3247 tamen
3441 3206 3537 3261 per
3583 3199 3750 3245 talum

489 3278 710 3347 priauus
737 3275 765 3314 δ
805 3274 1191 3331 Unizibirensis
1232 3273 1551 3344 episcopus,
1582 3273 1889 3327 consolator
1916 3287 2069 3341 egre-

490 3368 643 3439 gius,
692 3367 783 3437 qui
829 3350 1063 3438 singulos
1088 3368 1179 3435 pio
1202 3374 1257 3421 et
1307 3372 1530 3435 paterno
1576 3363 1795 3420 fovebat
1835 3365 2064 3433 affectu,

492 3475 598 3517 non
625 3459 740 3515 sine
768 3458 1074 3514 fluminibus
1104 3459 1431 3513 currentium
1456 3456 1811 3529 lacrymarum
1830 3474 1842 3511 :
1860 3466 2071 3527 paratus

492 3566 591 3623 pro
636 3548 885 3606 fratribus
931 3550 1164 3605 animam
1211 3564 1442 3619 ponere,
1485 3557 1539 3605 et
1568 3563 1625 3604 se
1655 3548 1991 3616 ultroneum,
2025 3548 2072 3604 si

491 3642 887 3708 dimitteretur,
933 3643 1127 3701 talibus
1176 3642 1511 3713 passionibus
1554 3641 1715 3708 dare;
1769 3642 1856 3711 qui
1905 3652 2067 3698 totum

490 3735 839 3809 quid‘hahuit,
859 3735 1136 3807 egentibus
1156 3734 1407 3790 fratribus
1431 3732 1483 3789 in
1502 3733 1592 3789 illa
1608 3741 1734 3789 tunc
1751 3735 2071 3789 necessitate

444 3842 447 3843 '
491 3830 773 3900 expendit:
793 3828 1063 3899 quaerebat
1091 3828 1231 3883 enim
1255 3828 1589 3883 occasionem
1616 3826 1841 3897 qualiter
1862 3825 2070 3882 confes-

493 3924 704 3980 soribus
747 3921 1064 3987 sociaretur,
1098 3921 1212 3990 ipse
1250 3921 1434 3973 animo
1461 3927 1516 3974 et
1547 3920 1742 3973 virtute
1770 3918 2067 3974 confessor.

491 4014 593 4083 Qui
629 4020 815 4083 postea
846 4028 942 4081 per
970 4012 1168 4066 multos
1197 4026 1397 4080 agones
1422 4018 1481 4066 et
1507 4011 1783 4081 squalores
1813 4013 2070 4078 carceris,

494 4105 562 4161 ad
591 4105 835 4161 exsilium
862 4103 1003 4174 quod
1028 4102 1388 4169 desiderabat,
1411 4115 1533 4158 cum
1562 4103 1923 4158 exsultatione
1952 4117 2075 4174 per-

494 4197 652 4254 rexit.
677 4195 902 4263 Quantae
924 4204 978 4252 et
1009 4206 1135 4250 tunc
1159 4195 1529 4252 multitudines
1554 4196 1622 4253 de
1645 4195 1871 4252 diversis
1900 4198 2074 4269 regio-

497 4288 677 4354 nibus,
706 4298 762 4345 et
802 4285 1125 4351 civitatibus,
1159 4286 1225 4342 ad
1263 4286 1515 4343 visendos
1563 4287 1657 4344 Dei
1689 4299 1952 4358 martyres
1981 4306 2072 4346 oc-

497 4378 762 4435 currerint
789 4378 1103 4448 populorum
1125 4422 1141 4448 ,
1173 4385 1440 4433 testantur
1469 4377 1568 4434 vite
1593 4378 1676 4433 vel
1702 4379 1907 4434 semitm
1924 4399 1937 4434 :
1956 4396 2074 4450 quae

498 4483 620 4525 cum
663 4470 872 4540 agmina
896 4467 1223 4524 venientium
1266 4482 1601 4540 nequaquam
1643 4480 1934 4541 caperent,
1977 4489 2075 4543 per

2183 3288 2285 3360 ιθ
2312 3301 2559 3356 aggerem
2582 3286 2853 3355 publicum
2875 3285 2995 3341 vilis
3018 3285 3287 3355 sepultura
3308 3292 3641 3345 sanctorum,
3673 3281 3751 3336 lo-

2172 3379 2457 3451 quentibus
2487 3377 2721 3433 tumulis.
2755 3377 2966 3447 Reliqui
2999 3376 3287 3432 habiliores
3333 3374 3400 3428 ad
3446 3372 3748 3429 solitudinis

2171 3472 2287 3528 loca
2315 3472 2652 3541 perveniunt,
2675 3470 2729 3525 in
2758 3471 2948 3541 quibus
2976 3468 3162 3543 [Colb.
3200 3471 3252 3537 Ι,
3287 3468 3521 3539 colligati
3545 3468 3561 3540 ]
3588 3467 3750 3523 collo-

2171 3564 2313 3628 cati,
2348 3561 2602 3617 hordeum
2634 3562 2699 3615 ad
2729 3561 3052 3618 vescendum
3098 3572 3153 3615 ut
3174 3561 3415 3631 iumenta
3463 3560 3745 3628 accipiunt.

2174 3654 2273 3711 Ubi
2301 3655 2458 3710 etiam
2483 3663 2867 3711 venenatorum
2891 3655 3198 3710 animalium
3221 3663 3380 3723 atque
3409 3655 3748 3723 scorpionum

2178 3756 2323 3802 tanta
2353 3761 2473 3802 esse
2498 3747 2692 3801 dicitur
2715 3746 2996 3802 multitudo
3022 3787 3035 3807 .
3069 3756 3127 3800 ut
3169 3744 3535 3823 ignorantibus
3579 3744 3749 3799 incre-

2173 3839 2350 3894 dibilis
2374 3840 2619 3894 videatur
2642 3883 2657 3907 ,
2688 3854 2806 3907 qua:
2835 3838 2949 3893 solo
2977 3838 3100 3894 flatu
3143 3838 3303 3894 etiam
3354 3838 3533 3906 procul
3567 3838 3750 3906 positis

2174 3930 2365 3987 veneni
2395 3930 2540 3985 virus
2564 3930 2809 3984 infundit.
2831 3930 2911 3984 Ab
2932 3931 3214 4000 scorpione
3242 3929 3384 3984 enim
3413 3944 3744 3998 percussum,

2177 4024 2377 4079 nullum
2422 4024 2605 4079 dicunt
2651 4024 2935 4094 aliquando
2982 4026 3237 4079 evasisse.
3281 4024 3517 4090 Quorum
3569 4025 3746 4079 feritas

2174 4113 2442 4169 virulenta
2487 4129 2657 4184 usque
2686 4115 2751 4169 ad
2781 4130 3019 4185 praesens
3051 4125 3277 4185 tempus,
3307 4116 3520 4170 Christo
3560 4115 3746 4171 defen-

2176 4205 2358 4271 dente,
2402 4205 2603 4260 nullum
2634 4221 2907 4261 servorum
2933 4209 3051 4275 ejus
3095 4208 3341 4263 nocuisse
3370 4207 3609 4261 docetur.
3642 4206 3745 4262 Sed

2176 4311 2298 4351 cum
2328 4296 2439 4353 illic
2480 4297 2696 4352 aluntur
2723 4298 3037 4354 hordeaceis
3075 4300 3256 4369 granis
3279 4338 3298 4366 ,
3328 4306 3515 4368 postea
3550 4308 3604 4352 et
3649 4299 3747 4352 hoc

2174 4387 2414 4442 ablatum
2438 4397 2520 4443 est
2556 4406 2568 4440 :
2609 4388 2763 4459 quasi
2793 4405 2900 4442 non
2931 4396 3113 4458 posset
3139 4389 3280 4444 Deus
3301 4391 3389 4460 qui
3421 4389 3628 4458 pluerat
3651 4402 3747 4458 pa-

2179 4478 2348 4534 tribus
2391 4494 2609 4549 manna,
2642 4490 2666 4518 ο
2707 4494 2927 4551 pascere
2950 4491 3005 4537 et
3035 4495 3177 4537 nunc
3206 4480 3294 4536 tali
3331 4481 3520 4536 exsilio
3549 4481 3747 4536 manci-

494 4559 731 4617 vertices
776 4561 1035 4615 montium
1082 4568 1137 4616 et
1175 4574 1413 4616 concava
1442 4561 1658 4617 vallium
1688 4575 2070 4624 concurrentes
2094 4553 2152 4616 D
2175 4579 2347 4641 patos.

498 4650 668 4709 turba
713 4650 949 4708 ﬁdelium
974 4650 1376 4709 inaestimabiles
1399 4651 1834 4724 descendebant,
1882 4671 2071 4715 cereos

571 4907 598 4938 ι
624 4897 804 4954 Cbifll.
838 4911 957 4970 cum
983 4897 1188 4970 aliquot
1216 4901 1375 4959 editis
1402 4912 1457 4959 et
1483 4918 1613 4961 mss.
1647 4908 1780 4961 ratio
1806 4924 1907 4962 non
1937 4909 2070 4965 sine-

500 4970 579 5048 bat
602 4969 847 5048 foci;_scd
868 4969 1124 5035 stercoris,
1149 4978 1251 5048 etc.
1284 4972 1515 5048 Co_lb._2,
1544 4975 1787 5032 Rbenan.
1813 4988 1869 5034 et
1896 4979 2071 5048 llald.,

501 5039 647 5121 Loci,
659 5040 1063 5121 sedltercoraft
1088 5043 1314 5121 urinam:
1346 5042 1412 5097 Et
1438 5039 1592 5121 infra,
1617 5048 1795 5121 dantes
1824 5039 2068 5121 ingentia,

503 5120 608 5190 etc.
630 5107 833 5190 .Chifﬂ.
867 5116 921 5190 et
972 5108 1082 5173 alii,
1132 5110 1256 5163 dato
1285 5112 1477 5183 ingenti
1504 5107 1730 5172 munere.
1766 5107 2071 5190 Lorichius,

503 5178 676 5247 dando
706 5180 927 5247 ingentia
943 5195 1175 5243 munera,
1197 5190 1301 5237 etc.

571 5245 602 5286 δ
635 5245 848 5325 Aliquot
875 5263 1028 5325 mss_.,
1068 5250 1497 5325 (lnizibilinensis.
1529 5253 1831 5325 Lorichius,
1860 5260 2071 5317 Unzibi-

504 5319 1247 5404 linettsiszPorropgprianus
1281 5324 1367 5404 hic
1381 5334 1735 5404 memoratus,
1775 5319 1917 5386 idem
1955 5335 2070 5404 ipse

504 5400 585 5445 est
621 5390 707 5457 qui
733 5388 787 5472 in
817 5387 1017 5472 Nuntia
1036 5387 1458 5472 Africanaintcr
1480 5387 1768 5472 Byaacente
1791 5387 2071 5472 episcopos

503 5469 832 5541 recenset-qr.
860 5457 933 5541 De
955 5475 1053 5527 qua
1073 5464 1217 5541 _urbe
1234 5457 1539 5541 vide‘nolas'
1565 5468 1616 5521 in
1649 5457 1946 5537 Byzacenas
1972 5457 2067 5529 'ur;

504 5529 601 5584 bes
647 5546 703 5608 n_.
729 5528 817 5608 ltl.
869 5528 1013 5597 Ejus,
1044 5532 1180 5608 sicut
1207 5542 1281 5608 et
1303 5537 1529 5592 aliorum
1560 5528 1723 5608 supra
1754 5556 2075 5597 memorato-

504 5598 867 5727 agbf‘iizstutn
916 5600 1161 5656 recolunt
1200 5606 1411 5676 vulgata
1467 5598 1847 5682 marty'rologia
1874 5613 1963 5669 die
2007 5615 2073 5669 12

582 5752 603 5780 ο
632 5741 756 5799 Hurc
802 5738 910 5795 duo
962 5740 1120 5795 verba
1175 5745 1252 5799 vel
1296 5746 1536 5818 lacrymis
1564 5748 1761 5807 desunt
1792 5753 1843 5808 in
1894 5753 2072 5824 Mart.,

2250 4663 2387 4720 XIII.
2426 4665 2577 4738 Regis
2624 4665 2864 4721 edictum.
2891 4695 2963 4708 —
2987 4664 3195 4737 Cogitat
3239 4666 3445 4722 acriora
3497 4664 3749 4723 adversus

2427 4922 2483 4973 et
2501 4915 2726 4973 Orthod.
2756 4915 2813 4971 In
2850 4916 2972 4973 aliis
3006 4933 3133 4975 vero
3163 4920 3263 4975 ista
3300 4919 3517 4990 desunt,
3565 4931 3613 4977 et
3637 4923 3748 4977 latt-

2214 5003 2345 5040 ιυιιε.

2248 5054 2275 5129 fl
2309 5056 2486 5113 Chil‘fl.
2518 5059 2767 5111 cannabo.
2796 5057 2973 5129 Marb,
3004 5059 3172 5129 iCoIb.
3218 5061 3270 5128 1,
3300 5059 3422 5117 Fui.
3451 5070 3508 5118 et
3542 5061 3743 5129 Germ.,

2178 5127 2261 5201 ubi
2299 5136 2420 5201 tunc
2449 5130 2586 5181 navis
2606 5139 2737 5192 erat,
2768 5139 2869 5183 etc.
2904 5128 3057 5201 Orth.
3089 5140 3143 5186 et
3170 5127 3475 5201 Lorichius,
3503 5134 3603 5189 Ubi
3634 5127 3746 5189 tunc

2178 5197 2378 5275 Mauris
2418 5208 2526 5251 erat
2556 5212 2842 5275 purpurata
2873 5200 3179 5255 laboriosam
3207 5197 3500 5275 caperemus
3528 5207 3747 5261 mattsio-

2176 5284 2310 5322 rtem.
2339 5267 2603 5344 Caeterum
2633 5268 2745 5324 haec
2778 5285 2881 5344 vox
2910 5288 3157 5335 cannava,
3181 5267 3319 5344 apud
3356 5275 3546 5331 media:
3578 5275 3745 5331 astatis

2177 5346 2423 5393 auctores
2472 5338 2715 5408 designat
2756 5341 2943 5396 cellam
2987 5338 3265 5410 vinariam,
3296 5355 3389 5400 aut
3416 5346 3645 5402 similem
3671 5345 3746 5401 Io-

2177 5424 2296 5462 cum
2320 5410 2747 5484 subterraneum,
2773 5414 2880 5484 76
2897 5429 3055 5484 quem
3079 5408 3281 5472 Gallice
3305 5417 3637 5484 appellamus
3656 5430 3747 5470 une
3794 5408 3801 5415 ’

2178 5480 2483 5556 {cumquod
2518 5479 2642 5536 huic
2662 5479 3006 5552 loco—optime
3045 5488 3309 5556 congruit.

2180 5549 2524 5619 Cangianum.

2253 5630 2276 5659 ε
2310 5622 2412 5675 Pro
2442 5634 2489 5677 et
2517 5641 2661 5699 nunc
2696 5625 2974 5680 Loricltius
3003 5625 3357 5699 habet__etiam.
3387 5628 3540 5684 Colb.
3576 5630 3623 5694 Ι,
3660 5643 3746 5699 pa-

2176 5704 2416 5774 ,scere.ct
2449 5712 2597 5776 .nunc
2637 5698 2886 5776 [avritiam
2934 5712 3098 5753 suam.
3141 5696 3239 5752 His
3272 5698 3429 5770 igitur
3448 5700 3539 5754 tali
3576 5696 3745 5755 exsilio

2185 5768 2506 5834 mancipatis,
2535 5768 2747 5836 cogitat,
2770 5776 2875 5823 etc.

3393 5487 3481 5544 ide
3514 5487 3741 5545 Glossar.
