4082 6320
1249 339 1334 396 DE
1372 339 1895 401 PERSECUTIONE
1936 345 2321 403 VANDALICA
2365 349 2492 406 LIB.
2534 350 2598 405 ll.

298 465 579 524 Ecclesiam
631 464 750 530 Der,
776 466 841 517 ut
879 461 973 533 qui
1026 462 1266 518 membra
1313 463 1491 532 aliqua
1536 463 1865 533 absciderat,
1892 471 1949 531 Δ
1974 469 2207 525 medium
2234 471 2521 528 imminens
2541 476 2836 544 calamitas,
2866 477 2965 535 nisi
2994 484 3051 532 ut
3077 490 3109 533 a
3132 485 3341 533 sancto
3369 477 3546 550 Euge-

293 566 455 614 totnm
494 555 742 611 laniando
769 554 1022 625 perderet
1045 566 1263 624 corpus.
1293 552 1425 610 Nam
1451 553 1542 610 die
1581 555 1871 613 Aacensio-
1975 562 2066 617 nio
2104 562 2450 634 rationabilis,
2484 568 2527 621 si
2558 583 2651 623 cor
2678 570 2964 627 barbarum
2996 570 3311 638 molliretur,
3355 586 3544 642 sugge-

291 649 370 706 nis
416 644 645 712 Domini,
690 645 885 715 legato
919 644 1151 700 Zenonis
1202 643 1544 714 imperatoris
1602 654 1630 683 ⁸
1661 645 1871 716 Regino
1975 653 2140 708 renda
2174 655 2412 723 daretur,
2441 658 2533 713 tali
2575 669 2717 716 textu
2746 664 3064 731 conscripta.

291 745 576 807 prasente,
603 736 889 808 legendum
922 737 977 791 in
1011 736 1186 793 media
1214 736 1448 793 ecclesia
1474 738 1732 809 episcopo
1763 738 1868 796 Eu-

287 833 441 903 genio
468 828 652 900 dirigit
698 837 1048 900 praceptum,
1098 828 1190 884 tali
1244 837 1433 884 tenore
1462 830 1866 900 conscriptum:

285 919 423 993 quod
459 919 621 977 etiam
662 919 923 975 universe
951 918 1146 975 Africa:
1198 918 1289 990 [al.
1312 917 1545 991 veredis]
1574 920 1867 978 veredariis

284 1011 621 1069 canentibus
648 1009 968 1066 destinavit.

659 1135 908 1177 EUNEMCI
947 1132 1098 1175 κεσιι
1135 1132 1484 1174 ηιαειιτυιι.

290 1234 513 1308 Eugenio
539 1234 938 1318 Carthaginensi
956 1278 970 1300 ,
999 1234 1571 1318 ceterisqtteepiscopis
1595 1236 1865 1318 catholicis

2360 763 2546 805 εΑΝοτι
2588 766 2797 807 ευσεθιιι
2836 769 3135 811 Βεεροκειο.

1972 860 2427 987 mitigarent“.
2443 862 2495 916 Η
2500 865 2703 917 unerico
2720 867 2827 935 regi
2839 867 3035 947 dataab
3061 868 3288 939 Eugenio
3308 870 3542 951 episcopo

2233 949 2448 987 amenst.
2496 945 2549 987 ut
2580 937 2648 987 ad
2675 936 2997 987 collationem
3025 940 3086 987 de
3114 956 3393 987 communis
3426 940 3542 987 fides

2145 936 2448 1007 tltaginensi,
2496 945 2549 988 ut
2570 937 2648 1007 ad
2675 936 2997 991 collationem
3025 940 3086 992 de
3114 936 3393 993 communis
3422 940 3543 1007 fidei

2041 1018 2194 1057 causa
2215 1003 2491 1059 habendam
2513 1006 2664 1059 etiam
2687 1008 3013 1061 transmarini
3039 1009 3262 1079 episcopi
3282 1003 3539 1064 vocentur.

2039 1131 2058 1164 ε
2091 1113 2310 1180 Quoties
2339 1117 2532 1172 animai
2572 1118 2659 1174 vel
2708 1119 2833 1174 vita:
2869 1127 3083 1175 aeterna:
3138 1135 3200 1176 ac
3234 1121 3356 1177 lldei
3382 1121 3541 1176 Chri-

1967 1205 2158 1262 stianas
2193 1222 2351 1264 causa
2385 1217 2661 1282 tractatur,
2696 1211 2960 1282 intrepide
2991 1210 3151 1281 (sicut
3189 1213 3380 1283 regalis
3412 1228 3539 1284 pro-

343 1296 431 1390 per
449 1296 776 1390 ,πιαίνεταιτῆ
799 1296 1028 1390 :Africam
1055 1296 1661 1390 suauitatis,nttire:ctarn,
1689 1317 1744 1363 att
1792 1313 1854 1363 ad

1967 1296 2200 1354 videntis
2244 1300 2633 1371 compromisit)
2680 1316 2901 1358 necesse
2929 1311 3011 1357 est
3038 1311 3095 1358 ut
3117 1302 3255 1372 quod
3286 1304 3539 1372 competit

341 1375 461 1446 ﬁdei
511 1392 623 1432 sata
685 1375 998 1432 reddendam
1048 1377 1299 1431 rationem
1355 1376 1719 1449 Carthaginem
1775 1395 1861 1433 ve-

341 1449 502 1505 aiant.

1964 1400 2300 1461 suggeratur.
2324 1390 2505 1461 Nuper
2524 1402 2762 1463 potestas
2788 1395 2932 1465 regia
2954 1408 3049 1465 per
3069 1392 3161 1465 (al.
3179 1388 3536 1462 Witarednm]

1964 1482 2182 1539 Witarit
2233 1485 2500 1540 notarium
2532 1487 2847 1555 parvitatem
2900 1500 3070 1542 meam
3122 1484 3412 1540 admonere
3456 1482 3540 1538 di-

347 1580 364 1614 ι
404 1561 515 1617 Rex
536 1560 786 1617 Hunerix
814 1560 1170 1620 Vandalorum
1185 1569 1241 1618 et
1259 1561 1577 1632 Alanorum,
1595 1562 1854 1622 universis

1959 1583 2117 1645 gnata
2163 1585 2274 1641 est;
2322 1576 2410 1646 qui
2434 1574 2460 1613 ἀ
2488 1576 2645 1633 nobis
2671 1577 2738 1632 de
2767 1576 2956 1632 merito
3004 1591 3068 1633 ac
3106 1574 3361 1644 religione
3391 1573 3537 1639 ﬁdei,

276 1653 530 1725 episcopis
554 1651 912 1709 omousianis.

346 1766 364 1799 ι
397 1748 510 1803 Non
537 1748 743 1814 semel,
769 1747 864 1803 sed
889 1746 1087 1817 sepius
1113 1754 1326 1804 constat
1350 1762 1472 1804 esse
1492 1748 1821 1819 prohibitum
1841 1792 1857 1820 ,

1961 1675 2289 1741 praeceptum
2320 1666 2437 1736 ejus
2466 1667 2520 1722 in
2549 1667 2780 1725 ecclesia
2811 1662 3074 1739 praesente
3103 1667 3249 1721 clero
3296 1673 3352 1721 et
3380 1664 3537 1735 plebe

1962 1762 2250 1820 recensuit.
2296 1759 2372 1816 Ex
2424 1760 2574 1830 cujus
2619 1770 2801 1815 tenore
2838 1758 3183 1830 cognovimus
3236 1757 3302 1812 ad
3350 1770 3538 1812 omnes

275 1850 329 1897 ut
356 1843 405 1897 in
431 1841 675 1898 sortibus
706 1840 1066 1897 Vandalorum
1098 1841 1407 1898 sacerdotes
1433 1844 1600 1900 vestri
1623 1859 1861 1901 conven-
1886 1841 1937 1904 Β
1964 1854 2313 1923 coepiscopos
2343 1866 2492 1908 meos
2534 1860 2855 1922 praeceptum
2886 1851 3091 1921 regium
3120 1849 3363 1905 similiter
3391 1862 3536 1904 ama-

274 1941 355 1989 tus
397 1933 620 1989 minime
666 1932 1028 2000 celebrarent,
1055 1947 1125 1990 ne
1170 1947 1266 2011 sua
1314 1935 1626 1993 seductione
1651 1938 1856 1995 animas

276 2022 649 2080 subverterent
664 2024 1019 2081 Christianas.
1048 2024 1220 2093 Quam
1248 2040 1363 2081 rem
1391 2037 1708 2097 spernentes
1739 2030 1857 2101 plu-

274 2118 408 2186 rimi,
440 2134 585 2176 nune
616 2120 818 2189 reperti
842 2128 969 2175 sunt
1000 2128 1187 2175 contra
1214 2119 1553 2176 interdictum
1585 2123 1780 2178 missas
1800 2123 1854 2179 in

274 2212 498 2267 sortibus
522 2211 889 2268 Vandalorum
919 2212 1125 2283 egisse;
1175 2221 1482 2269 asserentes
1503 2227 1562 2269 se
1591 2214 1854 2286 integram

272 2307 505 2376 regulam
534 2306 859 2364 Christiana:
887 2323 950 2363 ac
990 2324 1133 2366 vera
1162 2309 1286 2366 ﬁdei
1314 2318 1518 2368 tenere.
1552 2311 1621 2369 Et
1646 2313 1772 2384 quia
1799 2314 1853 2370 in

278 2400 559 2467 provinciis
588 2415 623 2455 a
657 2400 768 2456 Deo
795 2401 951 2456 nobis
975 2404 1251 2460 concessis
1271 2404 1585 2461 scandalum
1615 2420 1737 2463 esse
1758 2419 1855 2463 no-

246 2534 247 2537 η
280 2491 464 2558 lamus,
499 2493 626 2550 ideo
667 2492 763 2549 Dei
793 2492 1150 2565 providentia,
1195 2510 1317 2552 cum
1345 2510 1611 2555 consensu
1640 2508 1853 2556 sancto-

270 2596 389 2639 rum
415 2586 798 2655 episcoporum
851 2594 1157 2642 nostrorum
1201 2587 1305 2643 hoc
1347 2602 1445 2644 nos
1482 2590 1732 2647 statuisse
1771 2606 1858 2646 co-

270 2677 536 2745 gnoscite.
591 2686 654 2733 ut
682 2675 748 2731 ad
791 2676 932 2732 diem
976 2677 1321 2735 calendarum
1365 2678 1393 2718 ιι
1436 2678 1854 2738 Februariarum

240 2796 243 2799 ν
278 2768 517 2836 maxime
546 2767 882 2834 futurarum,
908 2768 1107 2824 omissa
1130 2769 1277 2824 omni
1304 2770 1648 2827 excusatione
1671 2770 1856 2827 formi-

260 2858 435 2926 dinis,
456 2873 649 2916 omnes
669 2858 1045 2930 Carthaginem
1067 2862 1315 2927 veniatis,
1334 2870 1391 2917 ut
1408 2862 1477 2919 de
1502 2865 1711 2921 ratione
1731 2865 1855 2921 fidei

274 2962 393 3004 cum
443 2951 643 3007 nostris
696 2951 1093 3007 venerabilibus
1146 2953 1414 3024 episcopis
1457 2956 1672 3024 possitis
1715 2956 1856 3013 inire

274 3042 612 3111 conﬂictum;
654 3053 711 3099 et
738 3044 896 3099 ﬁdem
923 3046 1382 3113 omousianorum,
1413 3061 1572 3117 quam
1613 3047 1857 3105 delendi-

274 3135 361 3201 tis,
392 3134 465 3191 de
494 3134 592 3207 [al.
619 3135 870 3209 diversis]
896 3136 1087 3194 divinis
1116 3136 1406 3207 Scripturis
1427 3140 1641 3210 proprie
1660 3154 1856 3211 appro-

1963 1960 2140 2010 nasse,
2174 1952 2231 1999 ut
2281 1943 2369 1999 die
2400 1947 2686 2001 constituta
2741 1956 2838 2013 pro
2877 1942 3235 2012 disputatione
3282 1941 3403 1996 ﬁdei
3440 1955 3535 1997 ve-

1960 2039 2157 2104 niatur,
2181 2036 2319 2106 quod
2338 2051 2435 2090 nos
2459 2036 2835 2092 venerabiliter
2857 2036 3127 2105 accepisse
3148 2033 3532 2104 suggessimus.

1958 2130 2057 2185 Cui
2083 2128 2305 2198 praelato
2334 2130 2540 2184 notario
2570 2129 2841 2184 humilitas
2867 2142 2984 2183 mea
3028 2126 3309 2198 suggessit,
3337 2125 3536 2180 debere

1959 2222 2118 2276 etiam
2152 2206 2622 2274 transmarinarum
2672 2221 2909 2273 omnium
2955 2217 3205 2287 partium,
3238 2216 3325 2286 qui
3356 2214 3535 2269 nobis-

1960 2330 2082 2371 cum
2107 2323 2234 2369 sunt
2258 2315 2309 2367 in
2335 2329 2435 2369 una
2460 2314 2717 2383 religione
2738 2314 2821 2369 vel
2842 2312 3215 2368 communione
3235 2318 3533 2376 consortes,

1958 2420 2276 2478 agnoscere;
2305 2405 2426 2476 quia
2450 2405 2645 2474 ubique
2673 2418 2839 2474 regno
2867 2403 2983 2474 ejus
3009 2403 3381 2473 obtemperant
3410 2402 3535 2457 uni-

1958 2499 2142 2555 versi:
2185 2497 2410 2552 maxime
2437 2494 2579 2567 quod
2627 2496 2791 2551 totius
2841 2494 3020 2550 mundi
3053 2495 3123 2549 sit
3174 2507 3372 2561 causa,
3427 2506 3531 2547 non

1959 2589 2203 2659 specialis
2268 2587 2661 2657 provinciarum
2731 2586 3099 2644 Africanarum
3167 2584 3534 2640 tantummodo

1962 2683 2029 2738 Et
2051 2684 2173 2753 quia
2200 2681 2436 2737 secundo
2466 2696 2725 2751 responso
2755 2679 3139 2752 suggerendam
3180 2694 3268 2735 me
3313 2677 3534 2749 promisi

1958 2776 2285 2840 oblaturum,
2331 2775 2526 2831 merito
2555 2776 2865 2846 suppliciter
2895 2776 2987 2848 [al.
3017 2773 3228 2845 precor]
3261 2785 3384 2844 peto
3414 2787 3534 2828 ma-

1957 2867 2314 2938 gniﬁcentiam
2372 2862 2538 2932 illam,
2567 2876 2625 2922 ut
2666 2867 2732 2923 ad
2776 2865 2978 2922 domini
3029 2875 3084 2922 et
3129 2865 3532 2923 clementissimi

1960 2961 2102 3030 regis
2126 2974 2283 3015 aures
2305 2967 2652 3015 memoratam
2678 2959 3067 3029 suggestionem
3096 2971 3269 3013 meam
3297 2958 3533 3027 perferre

1959 3052 2230 3123 digneris;
2252 3066 2358 3122 quo
2384 3050 2500 3119 ejus
2517 3050 2798 3105 clementia
2820 3050 3102 3120 dignanter
3130 3056 3404 3117 agnoscat,
3436 3060 3534 3102 nos

1959 3145 2375 3215 disputationem
2425 3142 2577 3213 legis,
2608 3156 2729 3197 cum
2775 3140 2869 3197 Dei
2918 3139 3180 3211 adiutorio
3235 3140 3535 3195 nullatenus

275 3224 439 3290 betis.
465 3241 575 3297 quo
603 3228 771 3298 possit
790 3229 1009 3297 agnosci
1035 3228 1081 3284 si
1126 3229 1387 3301 integram
1415 3231 1569 3288 tidem
1601 3232 1849 3290 teneatis.
1878 3216 1926 3281 (ἶ
1958 3238 2227 3294 declinare
2265 3235 2347 3291 vel
2378 3235 2595 3304 lugere;
2625 3235 2720 3289 sed
2752 3233 2868 3289 sine
2896 3232 3259 3289 universitatis
3287 3246 3533 3300 assensu,

272 3316 443 3388 Hujus
470 3329 652 3376 autem
690 3320 852 3376 edicti
877 3330 1120 3378 tenorem
1149 3324 1410 3381 universis
1454 3326 1547 3399 [aL
1576 3328 1852 3397 coepisco-

273 3406 375 3478 pis]
400 3408 673 3480 episcopis
703 3410 807 3466 tuis
832 3410 928 3481 per
956 3413 1521 3471 universam.At‘ricam
1548 3418 1854 3473 constitutis

267 3497 587 3556 direximus.
622 3501 751 3554 Data
780 3501 881 3557 sub
922 3502 1008 3559 die
1048 3503 1257 3559 decimo
1282 3504 1441 3561 tertio
1483 3508 1738 3563 calendas
1760 3509 1855 3565 Ju-

268 3593 407 3656 nias,
430 3607 578 3647 anno
595 3594 822 3661 septimo
846 3596 997 3664 regni
1020 3594 1296 3650 llunerici.
1336 3614 1353 3646 ι

345 3682 488 3738 XIV.
516 3681 917 3753 Cognoscentes
945 3685 1103 3755 igitur
1131 3686 1219 3755 qui
1250 3684 1556 3756 aderamus,
1590 3688 1854 3758 simulque

272 3778 521 3847 legentes
543 3817 561 3844 ,
614 3776 904 3833 contritum
947 3785 1031 3833 est
1057 3778 1326 3847 extemplo
1377 3791 1471 3833 cor
1507 3786 1771 3849 nostrum,
1800 3790 1856 3837 et

271 3869 646 3927 contenebrati
668 3877 792 3925 sunt
820 3870 959 3925 oculi
988 3870 1189 3936 nostri;
1220 3877 1276 3926 et
1300 3885 1429 3926 vere
1449 3879 1573 3927 tunc
1592 3872 1709 3928 dies
1734 3872 1857 3928 festi

272 3963 444 4020 nostri
475 3962 721 4017 conversi
752 3961 947 4017 suntin
988 3962 1218 4028 luctum,
1246 3970 1301 4018 et
1325 3965 1529 4018 cantica
1560 3962 1615 4018 in
1653 3963 1857 4019 lamen-

275 4059 566 4126 tationem,
609 4055 738 4111 dutn
774 4055 933 4112 edicti
960 4065 1117 4112 tenor
1146 4056 1408 4113 indicaret
1442 4055 1635 4112 futuras
1674 4071 1855 4127 perse-

278 4150 506 4206 cutionis
523 4149 783 4215 furorem;
808 4157 865 4205 et
885 4149 1182 4220 praesertim
1207 4149 1294 4204 ubi
1311 4150 1449 4204 dixit
1469 4167 1480 4201 :
1498 4148 1564 4204 In
1577 4149 1852 4222 provinciis

276 4259 307 4297 ιι
334 4243 439 4296 Deo
468 4241 610 4297 nobis
631 4242 879 4296 concessis
904 4240 1207 4296 scandalum
1231 4256 1338 4295 esse
1366 4240 1636 4296 nolumus:
1660 4253 1681 4281 ο
1698 4241 1852 4311 quasi

278 4334 484 4390 diceret
520 4349 537 4389 :
578 4331 633 4387 ln
655 4331 942 4401 provinciis
972 4330 1168 4387 nostris
1217 4330 1509 4387 catholicos
1532 4346 1651 4388 esse
1696 4333 1851 4387 nolu-

278 4442 415 4483 mus.
447 4425 757 4482 Tractatum
786 4432 869 4481 est
906 4424 1036 4497 quid
1074 4423 1245 4481 ﬁeret.
1284 4424 1499 4480 Nullum
1536 4424 1738 4481 invenit
1764 4438 1852 4480 re-

1957 3344 2055 3386 nos
2085 3344 2191 3385 non
2218 3328 2418 3384 debere
2446 3326 2753 3383 asserenda:
2802 3325 2923 3381 tidei
2952 3332 3148 3380 nostrae
3177 3338 3363 3379 causas
3383 3336 3533 3377 assu-

1958 3438 2126 3477 mere.
2150 3420 2300 3487 Quod
2329 3418 2557 3489 petimus
2582 3425 2641 3472 ut
2662 3416 3015 3488 benignitate,
3034 3429 3138 3486 qua
3159 3423 3337 3470 tantus
3357 3422 3457 3479 est,
3478 3400 3535 3469 et

1953 3512 2160 3582 justitia
2208 3511 2488 3579 sapientia:
2535 3523 2649 3563 suae
2695 3507 2945 3577 dignetur
2992 3520 3253 3563 annuere.
3284 3504 3415 3565 Data
3466 3504 3534 3559 ab

1960 3603 2196 3673 Eugenio
2225 3603 2476 3670 episcOpo
2511 3600 2764 3655 Ecclesia:
2808 3599 3087 3654 catholicae
3116 3598 3474 3667 Carthaginis.
3508 3617 3530 3649 ι

2033 3693 2147 3747 XV.
2189 3692 2457 3763 Rejicitur.
2481 3718 2552 3732 --
2581 3689 2687 3745 Sed
2715 3704 2836 3744 eum
2867 3689 2986 3744 haec
3013 3691 3281 3758 suggestio
3312 3703 3341 3742 a
3378 3689 3534 3743 beato

1961 3783 2198 3852 Eugenio
2227 3780 2529 3845 oﬂ‘erretur,
2557 3779 2646 3835 ille
2674 3780 2764 3850 qui
2787 3778 2895 3848 jam
2924 3789 3246 3848 conceperat
3270 3780 3533 3843 dolorem,

1960 3874 2246 3945 urgebatur
2275 3873 2611 3942 iniquitatem
2640 3872 2855 3942 gravius
2883 3873 3183 3942 parturire;
3222 3883 3274 3926 et
3314 3871 3387 3926 ita
3414 3885 3534 3925 san~

1958 3975 2044 4022 cto
2068 3966 2184 4021 viro
2214 3965 2453 4035 Eugenio
2493 3965 2745 4034 episcopo
2785 3979 2882 4035 per
2914 3975 2938 4002 ε
2967 3963 3239 4020 Cubadum
3276 3966 3534 4033 prmposi-

1959 4066 2069 4112 tum
2118 4056 2267 4127 regni
2314 4057 2394 4110 sui
2425 4056 2710 4111 mandasse
2751 4054 2970 4110 videtur
2999 4074 3010 4107 :
3041 4055 3220 4111 Subde
3258 4054 3388 4110 mihi
3418 4056 3534 4109 uni-

1957 4163 2172 4206 versum
2196 4149 2382 4204 orbem
2416 4158 2697 4212 terrarum,
2730 4157 2787 4202 ut
2818 4147 2918 4202 sub
2945 4154 3206 4217 potestate
3244 4163 3361 4203 mea
3395 4153 3533 4202 totus

1958 4241 2188 4296 mundus
2214 4241 2510 4310 redigatur,
2536 4249 2592 4295 et
2618 4239 2771 4305 iacio,
2796 4255 2829 4294 ο
2861 4240 3084 4311 Eugeni,
3101 4240 3241 4310 quod
3264 4241 3418 4296 dicis.
3451 4240 3534 4298 Ad

1955 4331 2095 4401 quod
2142 4330 2327 4385 beatus
2356 4330 2626 4401 Eugenius
2675 4328 2949 4399 respondit
2980 4338 3037 4385 ut
3079 4329 3175 4403 [al.
3207 4330 3403 4401 decuit]
3434 4345 3532 4399 po-

1956 4423 2057 4479 tuit
2085 4440 2098 4476 :
2130 4421 2283 4489 Quod
2312 4421 2596 4489 rationem,
2629 4422 2820 4493 inquit,
2850 4436 2954 4477 non
2979 4421 3159 4489 habet,
3181 4421 3283 4478 dici
3306 4436 3413 4479 non
3435 4421 3532 4477 de-

344 4621 371 4649 ι
400 4612 581 4681 κει-1.,
614 4607 790 4681 Fulg.,
825 4606 1032 4674 Germ.,
1060 4619 1183 4681 cum
1213 4604 1467 4681 Qrtbod.,
1508 4605 1655 4671 Sur.,
1697 4605 1852 4681 μοι-ἰ·
1878 4607 1932 4669 D
1953 4603 2485 4681 ianuariarumtqui-
2505 4612 2679 4681 tamen
2712 4601 3073 4681 infra_habeut
3107 4602 3528 4681 februariarum.

280 4683 417 4750 chio,
439 4689 502 4739 et
525 4674 748 4747 Bellorf,
775 4674 892 4750 rege
917 4694 1040 4732 non.
1065 4674 1215 4750 Colb.
1246 4678 1300 4740 1,
1331 4691 1445 4747 rege
1473 4686 1664 4750 nostro.
1696 4676 1847 4746 Bign.

277 4762 331 4810 et
357 4748 535 4829 eam,
564 4752 755 4829 regina.
785 4748 1561 4829 Ebenanplegatus...;_regi‘na
1581 4756 1848 4829 prasente,

279 4831 378 4879 etc.
421 4816 585 4878 Certe
618 4816 883 4887 Eudoxia,
933 4816 1289 4887 Valentiniani
1334 4816 1440 4870 ﬁlia
1477 4816 1659 4887 ljomre
1698 4825 1851 4887 capta

281 4892 587 4949 Hunnerico
615 4884 896 4962 nupserat;
929 4888 1021 4944 sed
1035 4888 1145 4962 j_am
1172 4884 1850 4962 aufugerat_Consta_ntino-

282 4964 460 5032 polim,
492 4971 552 5018 ut
575 4955 742 5017 refert
760 4958 1018 5032 zonaras.
1040 4955 1170 5032 Eam
1197 4969 1320 5032 curn
1344 4955 1535 5032 marito
1560 4957 1713 5009 annis
1732 4969 1856 5010 sex-

282 5023 677 5089 decim'vixisse
704 5030 864 5085 tradit
892 5027 1223 5095 Nicephorus
1248 5023 1338 5078 lib.
1371 5039 1443 5078 xv
1475 5024 1695 5089 Histor.,
1728 5038 1849 5093 cap.

287 5103 350 5158 l3
381 5122 393 5158 :
428 5104 575 5159 unde
600 5098 929 5158 retinendam
957 5111 1080 5155 esse
1106 5095 1392 5151 lectionem
1423 5095 1689 5165 vulgatam
1720 5109 1851 5165 cen-

285 5188 480 5230 semus.
517 5173 723 5228 Etenim
746 5169 980 5241 Reginus
1007 5181 1190 5241 comes
1208 5166 1393 5241 potuit
1421 5163 1548 5220 tunc
1573 5163 1627 5218 in
1667 5163 1851 5241 liti-ica

287 5241 442 5300 fuisse
477 5243 705 5313 legatus.
734 5235 1080 5313 Eumnempe
1107 5236 1250 5313 Afris
1279 5236 1446 5313 probe
1474 5235 1853 5313 notum_fuisse

288 5324 446 5382 patet,
475 5306 620 5381 qtiod
649 5318 829 5382 postea
859 5310 927 5382 _in
966 5306 1198 5382 0ri_en_tis
1244 5306 1483 5382 partibus
1509 5307 1852 5382 constitutus,

289 5377 609 5453 quaestiones
628 5377 832 5453 aliquot
858 5380 1014 5453 beato
1038 5377 1316 5453 Fuigentip
1342 5377 1628 5453 solvendas
1656 5390 1852 5453 prope:

291 5447 410 5522 suit,
432 5454 628 5525 quibus
646 5447 740 5508 ille
760 5448 1204 5525 responditepist.
1237 5447 1333 5510 18;
1360 5456 1420 5525 _et
1447 5455 1566 5525 post
1592 5447 1852 5525 Eulgentii

293 5516 513 5581 mortem
566 5516 870 5579 Ferrandus
914 5516 1190 5582 diaconus,
1242 5524 1297 5568 ut
1324 5517 1562 5584 ejusdem
1594 5516 1851 5571 Ferrandi

292 5595 596 5662 Opusculum
636 5593 706 5648 de
734 5591 835 5646 hoc
867 5594 1451 5662 argttmento_tes_tatur.
1492 5585 1624 5662 illud
1651 5587 1849 5662 editum

292 5655 421 5720 est'a
453 5662 727 5721 Chimetio
755 5676 896 5727 cum,
920 5655 1128 5714 (ueteris
1154 5655 1396 5727 ejusdem
1423 5656 1656 5711 auctoris
1682 5656 1851 5726 operi-

298 5738 404 5797 bus.
435 5737 677 5803 Divione,
701 5746 841 5803 anno
861 5729 1021 5803 1649.

360 5795 557 5863 ι³⁷13911).
589 5804 646 5871 2,
665 5795 1039 5871 'Ful.,Germ.,
1066 5798 1242 5866 Mart.,
1272 5795 1571 5860 Lorichius,
1599 5804 1651 5851 et
1667 5795 1844 5861 0rth.,

1959 4676 2023 4730 Et
2052 4676 2186 4729 intra
2230 4689 2329 4744 pro
2358 4670 2559 4744 lunias
2586 4674 2796 4744 Germ.,
2839 4671 2977 4736 Ful.,
3027 4680 3083 4726 et
3109 4670 3291 4738 Orth.,
3331 4674 3530 4726 habent

1956 4744 2146 4800 Iulias.
2182 4743 2361 4811 Matt,
2394 4758 2451 4797 ttt
2483 4743 2584 4811 cal.
2608 4743 2796 4796 Iulias.

2030 4826 2053 4853 ε
2082 4816 2238 4878 Quasi
2264 4809 2488 4866 diceret:
2510 4810 2573 4862 lu
2598 4812 2866 4879 provinciis
2895 4811 3099 4875 nostris,
3124 4809 3403 4879 catholicos
3425 4823 3531 4861 esse

1959 4877 2218 4937 nolumus.
2272 4883 2395 4936 llaec
2438 4877 2630 4935 desunt
2676 4883 2727 4934 in
2770 4880 3005 4934 Colbert.
3036 4880 3289 4943 |,Mart.,
3318 4877 3527 4943 Germ.,

1959 4953 2230 5014 Loricliio,
2259 4962 2315 5005 et
2338 4951 2562 5007 Orthod.
2600 4951 2667 5006 Et
2690 4949 2846 5014 infra,
2869 4950 2956 5002 ubi
2974 4964 3037 5003 ex
3072 4946 3226 5002 Colb.
3279 4951 3303 5002 1
3353 4948 3529 5017 posui-

1959 5036 2100 5090 mus,
2128 5023 2303 5076 nisiut
2334 5038 2363 5073 a
2392 5032 2582 5084 sancti,
2616 5034 2719 5076 etc.
2756 5021 2999 5088 Plerique
3026 5017 3152 5090 editi
3175 5017 3395 5090 habent
3426 5019 3526 5071 nisi

1958 5108 1990 5145 a
2014 5087 2210 5156 sancto,
2247 5102 2352 5147 etc.
2387 5090 2573 5144 Caneri
2609 5091 2720 5145 fere
2752 5105 2882 5143 mss.
2916 5087 3035 5143 eum
3075 5087 3227 5143 Ortb.
3284 5096 3339 5141 et
3376 5088 3526 5141 Lori-

1958 5162 2102 5229 chio,
2142 5162 2287 5216 Tunc
2327 5172 2500 5216 sancto
2533 5161 2759 5231 Eugenio
2787 5160 3107 5214 rationabilis
3135 5174 3294 5212 causa
3322 5160 3427 5212 visa
3457 5166 3526 5212 est

1958 5234 2002 5287 si
2031 5250 2119 5287 cor
2145 5234 2413 5287 barbarum
2437 5231 2717 5295 moliretur,
2748 5231 3088 5301 suggerendo,
3120 5231 3163 5282 si
3194 5231 3404 5301 legenda
3434 5231 3526 5282 a‘a-

1959 5312 2097 5359 retur
2117 5306 2208 5356 tali
2234 5314 2369 5358 textu
2389 5304 2596 5371 epistola
2623 5304 2928 5369 conscripta.

2029 5371 2055 5410 ά
2082 5372 2233 5427 Colb.
2274 5374 2331 5437 2,
2371 5367 2513 5435 Ful.,
2542 5372 2746 5436 Germ.,
2784 5367 2960 5433 Mart.,
3002 5367 3168 5434 Port.,
3206 5380 3258 5424 et
3300 5368 3523 5423 Orthod.

1957 5457 2076 5497 cum
2128 5443 2394 5507 Lorichio,
2447 5443 2585 5494 nobis
2616 5445 2793 5493 merito
2831 5439 3093 5510 religionis
3115 5455 3175 5491 ac
3202 5441 3341 5507 ﬁdei.
3374 5440 3520 5495 Colb.

1960 5515 2163 5577 tertius,
2196 5516 2259 5565 de
2286 5514 2469 5565 merito
2498 5513 2759 5581 religionis
2780 5511 2900 5576 ﬁdei
2916 5511 3035 5581 eius
3052 5521 3382 5581 prtereptum.

2032 5597 2055 5621 "
2076 5582 2229 5637 Coll).
2255 5584 2305 5646 1,
2328 5597 2447 5636 cum
2471 5582 2673 5647 aliquot
2700 5579 2875 5643 editis,
2899 5579 3164 5645 Obadum;
3194 5580 3345 5632 Colb.
3370 5580 3517 5646 alter,

1960 5655 2247 5718 ()ubadunt,
2298 5662 2349 5705 et
2380 5651 2457 5704 sic
2506 5649 2665 5704 infra.
2696 5650 2856 5703 Paulo
2895 5659 3038 5715 ante,
3064 5650 3378 5718 iniquimtmu
3412 5666 3521 5709 raw

1955 5726 2065 5777 vius
2098 5722 2370 5790 parturire.
2397 5720 2699 5785 Lorichius,
2742 5729 2795 5772 ut
2824 5720 3141 5787 iniquitatem
3170 5719 3371 5785 gravius
3400 5732 3515 5783 par.

1957 5796 2154 5847 turiret.
3369 5800 3377 5806 '

3456 5930 3463 5931 κ
3520 5874 3587 5936 λιι

3442 351 3549 413 sit
3630 422 3637 427 η

3860 6184 4038 6291 4
