4082 6320
288 340 385 401 917

1213 327 1302 384 DE
1341 321 1858 385 PERSECUTIONE
1897 321 2284 381 VANDALICA
2320 322 2448 381 LIB.
2487 324 2554 383 Il.

289 456 409 527 ejus,
438 448 572 506 aliud
600 460 705 503 non
725 446 958 513 dicebat,
988 442 1091 500 nisi
1118 440 1245 499 illud
1275 441 1416 512 quod
1442 441 1552 511 jam
1579 441 1788 497 dixerat
1811 456 1833 517 ε,
1856 440 1911 504 Α
1933 442 2099 499 choro
2128 443 2407 501 doctorum
2454 444 2670 501 nomine
2703 454 2725 484 ο
2757 444 2961 501 Laetum
2985 484 3001 513 ,
3048 450 3321 502 strenuum
3351 454 3513 517 atque

285 542 633 611 Sicutjussum
662 546 744 594 est
772 536 941 593 redde
968 533 1098 591 mihi
1126 532 1310 590 oculos
1337 545 1506 588 meos.
1540 532 1834 589 Attendens

285 646 477 707 quoque
498 629 762 700 Eugenius
784 626 1194 685 inverecundam
1217 624 1608 692 credulitatem,
1636 632 1691 679 et
1711 623 1834 693 quia

283 726 378 797 jam
405 731 602 791 tempus
631 720 871 791 urgebat,
907 718 1077 790 pergit
1116 732 1240 774 cum
1278 731 1365 781 eo,
1397 716 1687 772 comitante
1714 716 1835 772 offi-

283 817 358 871 cio
377 813 682 869 clericorum
716 809 784 865 ad
804 810 1026 865 fontem.
1060 807 1159 865 Ubi
1192 807 1309 862 fixis
1361 806 1584 878 genibus
1609 822 1727 861 cum
1757 807 1837 862 in-

279 906 411 978 genti
436 904 653 975 gemitu,
686 902 902 973 pulsans
930 900 1250 970 singultibus
1274 898 1490 965 caelum,
1514 898 1836 969 crispantem

282 993 536 1052 benedixit
556 994 767 1049 alveum
791 992 975 1059 fontis,
1003 1000 1057 1047 et
1082 1006 1202 1047 cum
1223 989 1483 1059 completa
1509 989 1841 1045 surrexisset

282 1086 533 1155 oratione,
591 1087 663 1141 ita
686 1099 830 1142 czeco
877 1083 1190 1155 respondit:
1225 1074 1341 1139 Ja'm
1374 1082 1466 1137 tibi
1497 1082 1629 1149 dixi,
1678 1083 1840 1137 frater

281 1179 437 1243 Felix,
468 1191 713 1248 peccator
756 1177 917 1233 homo
955 1191 1057 1247 ego
1084 1189 1236 1242 sum;
1270 1174 1365 1231 sed
1415 1175 1504 1245 qui
1546 1183 1596 1230 te
1625 1173 1841 1230 visitare

280 1267 506 1339 dignatus
530 1276 634 1334 est,
684 1274 901 1337 praestet
931 1266 1026 1322 tibi
1050 1267 1308 1321 Dominus
1346 1265 1636 1320 secundum
1681 1265 1840 1321 fidem

280 1367 431 1426 tuam,
462 1365 512 1413 et
537 1358 742 1428 aperiat
762 1357 943 1412 oculos
968 1365 1110 1412 tuos.
1143 1356 1424 1428 Simulque
1450 1356 1642 1412 vexillo
1665 1355 1841 1412 crucis

278 1450 539 1521 consignat
568 1450 754 1507 oculos
780 1450 916 1521 ejus.
952 1451 1142 1507 Statim
1169 1465 1347 1506 etccus
1376 1452 1545 1506 visum
1565 1492 1581 1521 ,
1614 1452 1841 1507 Domino

278 1542 545 1610 reddente,
582 1542 805 1613 recepit.
837 1543 1007 1609 Quem
1033 1557 1214 1598 secum
1237 1586 1251 1609 ,
1299 1558 1574 1613 quousque
1603 1542 1841 1599 universi

276 1634 677 1706 baptizarentur,
707 1635 778 1695 ibi
810 1635 1035 1691 detinuit
1067 1645 1092 1672 ⁸
1123 1636 1191 1691 ob
1231 1635 1352 1701 hoc,
1405 1651 1471 1691 ne
1499 1646 1645 1691 tanto
1672 1637 1836 1693 mira-

275 1725 641 1799 eulo’populus
688 1729 971 1795 excitatus,
1028 1727 1199 1781 virum
1238 1736 1539 1783 contereret
1565 1729 1653 1798 qui
1683 1744 1833 1785 rece¢

1940 535 2307 593 doctissimum
2339 536 2509 592 virum
2534 576 2550 603 ,
2581 546 2700 607 post
2724 537 3003 593 diuturnos
3043 537 3274 593 carceris
3301 538 3514 607 squalo-

1941 642 2027 683 res
2075 627 2322 684 incendio
2369 629 2761 695 concremavit,
2817 631 3091 685 aestimans
3130 630 3223 685 tali
3265 631 3513 701 exemplo

1941 718 2186 774 timorem
2242 718 2544 784 incutiens,
2590 719 2827 788 reliquos
2868 735 2927 775 se
2969 721 3246 775 elisarum.
3276 721 3513 778 Tandem

1942 811 2151 865 venitur
2176 810 2244 865 ad
2264 808 2640 880 disputationis
2667 809 2994 878 conflictum,
3025 812 3088 865 ad
3117 812 3289 867 locum
3311 812 3517 868 scilicet

1940 918 2097 973 quem
2129 902 2436 973 delegerant
2466 902 2779 957 adversarii.
2814 903 3087 959 Evitantes
3138 904 3296 974 igitur
3345 905 3514 960 nostri

1943 994 2341 1052 vociferationis
2388 994 2675 1060 tumultus,
2706 1008 2774 1049 ne
2804 995 2938 1049 forte
2967 995 3304 1063 postmodum
3333 995 3516 1052 Ariani

1942 1084 2209 1151 dicerent,
2242 1086 2383 1158 quod
2408 1101 2500 1142 eos
2523 1095 2827 1142 nostrorum
2858 1086 3186 1156 oppresserit
3211 1088 3515 1156 multitudo,

1943 1180 2184 1249 deligunt
2207 1180 2274 1235 de
2318 1195 2377 1236 se
2415 1181 2584 1236 nostri
2612 1179 2703 1250 qui
2734 1195 2830 1249 pro
2858 1179 3103 1235 omnibus
3133 1182 3519 1250 responderent

1942 1269 2150 1325 decem.
2194 1267 2436 1325 Collocat
2484 1270 2586 1325 sibi
2616 1269 2795 1342 Cyrila
2823 1284 2945 1325 cum
2975 1270 3088 1325 suis
3110 1270 3425 1327 satellitibus
3465 1272 3518 1328 in

1944 1361 2062 1417 loco
2095 1362 2308 1418 excelso
2335 1363 2777 1434 superbissimum
2809 1363 3062 1418 thronum
3095 1363 3393 1419 astantibus
3422 1365 3519 1439 [αι.

1945 1454 2121 1527 nobis]
2152 1455 2365 1511 nostris.
2420 1454 2785 1524 Dixeruntque
2837 1457 3005 1511 nostri
3052 1456 3325 1526 episcopi:
3357 1452 3384 1492 ἀ
3426 1456 3520 1511 Illa

1943 1562 2154 1617 semper
2174 1555 2256 1603 cst
2274 1556 2420 1618 grata
2447 1546 2684 1613 collatio,
2717 1547 2804 1601 ubi
2836 1547 3067 1618 superba
3087 1562 3192 1602 non
3219 1546 3523 1603 dominatur

1945 1641 2224 1712 poteStatis
2250 1640 2446 1705 elatio;
2479 1641 2570 1696 sed
2602 1656 2668 1696 ex
2701 1656 2966 1696 consensu
2993 1641 3260 1695 communi
3290 1644 3521 1708 venitur,

1948 1744 2006 1790 ut
2049 1733 2413 1804 cognitoribus
2460 1732 2921 1799 discernentibus,
2955 1734 3193 1801 partibus
3222 1735 3519 1804 agentibus,

241 1812 410 1891 'perat
437 1819 644 1874 lumen.
678 1819 762 1874 Fit
807 1828 990 1889 postea
1039 1817 1379 1873 manifestum
1426 1819 1679 1874 Ecclesia:
1728 1818 1847 1874 ιιιιί⁶
1874 1793 1920 1854 Β
1950 1825 2089 1896 quod
2127 1841 2306 1880 verum
2357 1833 2439 1880 cst
2470 1833 2809 1894 agnoscatur.
2843 1824 2994 1879 Nunc
3043 1834 3217 1880 autem
3270 1824 3388 1895 quis
3424 1825 3526 1880 erit

272 1926 445 1967 versa.
471 1913 729 1968 Procedit
755 1912 819 1967 ad
847 1912 1015 1968 altare
1046 1926 1166 1967 cum
1200 1912 1471 1982 Eugenio,
1513 1913 1651 1967 sicut
1682 1914 1845 1969 moris

275 2011 377 2071 est,
408 2004 494 2074 qui
523 2003 705 2059 fuerat
752 2018 945 2071 caecus,
982 2017 1093 2058 suae
1141 2003 1328 2058 salutis
1377 2004 1701 2059 oblationem
1744 2005 1846 2059 Do-

274 2096 408 2150 mino
448 2095 783 2151 redditurus.
833 2096 1002 2164 Quam
1051 2094 1336 2164 cpiscopus
1378 2094 1644 2164 accipiens
1690 2094 1844 2150 altari

275 2186 391 2258 impr
409 2188 531 2243 suit.
573 2187 657 2243 Fit
684 2186 958 2257 strepitus,
988 2186 1181 2258 gaudio
1213 2185 1239 2224 ι’
1274 2196 1613 2256 provocante,
1647 2185 1847 2241 irrevo-

244 2284 447 2338 cabilis
474 2283 818 2353 populorum.
850 2281 1041 2337 Statim
1084 2281 1299 2336 nuntius
1340 2279 1510 2350 pergit
1551 2280 1616 2334 ad
1662 2287 1844 2350 tyran-

244 2366 247 2367 ⁷
276 2392 411 2432 num.
442 2377 672 2447 Rapitur
693 2375 863 2442 Felix,
889 2375 1175 2446 inquiritur
1196 2376 1265 2431 ab
1288 2390 1353 2430 eo
1380 2375 1503 2445 quid
1536 2373 1730 2430 factum
1752 2375 1843 2443 sit,

278 2472 373 2541 22
393 2470 729 2540 qualiterque
761 2470 1023 2541 receperit
1050 2470 1249 2525 lumen.
1275 2467 1413 2523 Dicit
1438 2467 1529 2522 ille
1563 2482 1628 2522 ex
1655 2466 1845 2523 ordine

279 2567 458 2628 totum,
477 2559 769 2630 dicuntque
798 2560 1118 2616 Arianorum
1144 2558 1414 2629 episcopi:
1440 2557 1553 2612 Hoc
1576 2557 1848 2627 Eugenius

246 2644 247 2651 “
279 2668 366 2724 per
394 2654 658 2711 maleficia
688 2653 832 2709 fecit.
865 2653 931 2709 Et
971 2653 1093 2725 quia
1135 2651 1376 2723 oppressi
1405 2650 1719 2707 confusione
1764 2650 1847 2705 Iu-

278 2762 395 2803 men
423 2762 527 2803 non
559 2756 804 2817 poterant
831 2746 1097 2815 nubilare,
1137 2762 1202 2802 eo
1229 2745 1371 2817 quod
1399 2744 1552 2802 Felix
1587 2747 1851 2802 universa:

278 2842 467 2897 civitati
520 2842 832 2897 manifestus
860 2848 1005 2898 esset
1050 2850 1105 2898 et
1150 2848 1346 2908 notus;
1378 2850 1556 2897 tamen
1596 2841 1853 2898 volebant

246 2924 249 2927 λ
278 2949 394 2991 eum
417 2977 432 3001 ,
463 2937 507 2991 si
541 2936 621 2991 fas
656 2946 817 3004 esset,
862 2951 1078 3002 necare,
1108 2936 1373 3008 quomodo
1402 2936 1573 2993 Judaei
1623 2937 1853 2994 suscita-

246 3084 249 3085 ν
280 3034 387 3082 tum
420 3027 681 3083 Lazarum
711 3027 999 3098 cupiebant
1027 3028 1275 3085 occidere
1303 3028 1479 3099 (Joan.
1508 3045 1599 3096 χιι,
1632 3030 1744 3100 10).

345 3118 532 3174 XVIII.
568 3119 736 3173 Lwtus
766 3129 978 3191 martyr.
1008 3150 1078 3160 -—-
1107 3120 1583 3191 Appropinquabat
1626 3120 1735 3189 jam
1777 3120 1857 3176 fu-

279 3216 428 3266 turus
476 3210 594 3266 dies
633 3212 735 3265 ille
765 3210 1124 3267 calumniosus
1171 3210 1513 3267 calendarum
1545 3212 1857 3268 Februaria-

279 3314 420 3367 rum,
472 3301 539 3369 ab
588 3301 779 3357 eodem
835 3308 1085 3357 statutus.
1136 3302 1474 3359 Conveniunt
1523 3318 1631 3360 non
1684 3306 1857 3359 solum

277 3392 543 3447 universa:
582 3392 804 3461 Africae,
849 3409 1035 3449 verum
1062 3395 1222 3451 etiam
1256 3396 1546 3452 insularum
1572 3398 1859 3454 multarum

273 3481 538 3550 episcopi,
560 3482 845 3538 afflictione
866 3493 920 3538 et
945 3499 1177 3540 mterore
1202 3487 1451 3542 confecti.
1488 3488 1572 3542 Fit
1590 3489 1858 3543 silentium

270 3570 466 3627 diebus
502 3573 681 3627 multis
700 3614 715 3638 ,
740 3589 1016 3645 quousque
1046 3578 1245 3645 peritos
1267 3593 1507 3648 quosque
1536 3588 1591 3633 et
1614 3579 1860 3635 doctissi-

275 3678 396 3718 mos
424 3663 578 3719 viros
606 3664 698 3737 [αι.
744 3666 934 3721 exinde
979 3670 1277 3737 superaret]
1309 3669 1521 3723 interim
1565 3680 1860 3739 separaret,

275 3754 570 3812 calumniis
608 3756 863 3827 appositis
903 3758 1226 3814 enecandns.
1262 3758 1393 3814 Nam
1441 3775 1601 3816 unum
1632 3776 1696 3815 ex
1749 3761 1865 3831 ipso

242 4000 249 4033 ς
356 3972 384 4001 ⁸
423 3960 708 4033 Loricbius
732 3960 812 4017 sic
841 3961 1001 4017 habet
1039 3979 1052 4016 :
1098 3962 1173 4016 Ob
1199 3963 1295 4017 hoc
1345 3972 1539 4017 tantum
1563 3963 1868 4017 miraculum

286 4031 510 4106 populus
532 4033 805 4106 excitatus,
823 4033 1157 4102 comprimere
1189 4034 1349 4087 virum
1380 4035 1465 4104 qui
1511 4046 1764 4103 receperat
1785 4034 1868 4088 fu-

290 4100 404 4158 mea
434 4112 710 4171 cceperunt.
741 4100 829 4158 Fit
867 4100 1058 4173 postea,
1087 4112 1189 4158 etc.

359 4174 540 4238 bAlii,
579 4180 799 4228 ructante
835 4183 926 4229 aut
982 4174 1269 4228 comitante.
1310 4173 1460 4229 Colb.
1501 4176 1548 4236 l.
1589 4176 1861 4229 mediante.

289 4244 521 4303 Ortbod.
550 4253 605 4300 et
628 4244 927 4310 Loricbius,
955 4255 1255 4314 provocante
1280 4246 1665 4309 intestimabifis,
1682 4260 1786 4300 etc.

369 4326 392 4354 ο
422 4315 519 4371 llic
547 4315 643 4370 fuit
672 4317 951 4386 episcopus
978 4314 1289 4386 Neptitanns
1319 4316 1370 4370 in
1399 4315 1689 4385 Byzaeena,
1720 4328 1776 4371 ut
1797 4332 1865 4372 ex

294 4386 495 4442 Notitia
522 4394 683 4455 patet.
706 4384 715 4455 ξ
736 4384 879 4440 Idem
904 4384 1126 4439 testatur
1174 4385 1353 4439 Victor
1382 4384 1754 4442 Tunnonensis
1810 4388 1861 4441 in

250 4471 255 4475 '
295 4454 587 4519 Chronico,
617 4464 672 4510 et
699 4454 929 4511 Isidorus
949 4457 1000 4510 in
1042 4455 1269 4510 Historia
1298 4456 1447 4511 brevi
1478 4457 1861 4523 Vandalorum,

297 4542 403 4583 tera
433 4527 561 4582 501.
592 4526 717 4597 Ejus
741 4528 1045 4597 memoriam
1082 4527 1235 4581 simul
1263 4543 1379 4581 cum
1407 4543 1564 4597 supra
1589 4529 1867 4584 recensitis

298 4596 1003 4667 confessoribusicelebrant
1030 4598 1240 4664 vulgata
1285 4596 1658 4667 Martyrologia
1704 4600 1791 4654 die
1836 4599 1869 4653 6

300 4666 651 4738 Septembris.
679 4666 860 4738 Victor
882 4677 1057 4722 tamen
1084 4666 1460 4738 Tunnorrensis
1504 4669 1557 4722 in
1584 4666 1871 4723 ’Cbronico

304 4736 524 4793 laudato
548 4752 668 4792 eum
695 4736 783 4792 die
811 4752 883 4792 xtt
911 4736 1160 4793 calendas
1189 4738 1432 4793 Octobris
1456 4739 1691 4807 glorioso
1730 4754 1870 4792 mar-

304 4809 446 4880 tyrio
473 4817 787 4880 coronatum
843 4808 1025 4880 fuisse
1044 4817 1343 4880 asseverat,
1359 4878 1366 4880 _
1385 4807 1599 4880 Zenone
1619 4810 1873 4880 Augusto

305 4877 552 4935 consule.
587 4878 834 4947 Ejusdem
861 4877 1027 4947 sancti
1059 4877 1156 4931 viri
1189 4878 1521 4946 apparitione
1548 4878 1743 4932 bellum
1773 4877 1871 4931 ad-

308 4964 497 5003 versus
529 4946 793 5003 Vandalos
822 4963 851 5000 a
875 4946 1173 5015 Iustiniano
1219 4948 1539 5015 imperatore
1568 4955 1878 5015 susceptum

310 5019 477 5074 fuisse
511 5017 698 5073 scribit
724 5019 832 5088 jam
873 5016 1117 5073 laudatus
1164 5014 1420 5088 Isidorus,
1472 5031 1578 5071 tera
1628 5014 1751 5072 560’.
1798 5016 1878 5088 Ad

256 5120 259 5123 η
309 5088 451 5159 quod
470 5096 648 5144 tamen
669 5086 835 5143 fuisse
860 5088 1130 5159 incitatum
1160 5086 1617 5159 adhortationibus
1645 5086 1879 5155 episeOpi

254 5186 257 5189 η
310 5156 613 5229 cujusdam,
645 5160 733 5229 qui
767 5160 857 5215 Dei
888 5158 1091 5229 monitu
1126 5173 1192 5213 ex
1232 5156 1451 5229 Oriente
1498 5159 1878 5229 Constantino-

350 5227 477 5285 o’lim
519 5227 758 5295 venerat,
815 5229 1004 5284 asserit
1048 5228 1338 5299 Procopius
1382 5227 1515 5283 libro
1561 5244 1577 5281 ι
1626 5228 1693 5283 de
1733 5228 1882 5283 Bello

350 5245 477 5285 onm
519 5245 758 5295 venerat,
815 5245 1004 5284 asserit
1049 5245 1338 5299 rrocoptus
1382 5245 1515 5283 nnro
1561 5245 1577 5281 I
1626 5245 1693 5283 ue
1733 5245 1882 5283 uerto

314 5245 624 5355 glandulico.
661 5299 825 5354 Paulo
849 5300 981 5354 infra
1008 5300 1263 5354 aestimans
1291 5298 1382 5351 tali
1403 5300 1629 5369 exerrrpfo
1654 5299 1882 5353 timorem

315 5369 587 5436 incutiens,
616 5378 721 5425 etc.
752 5370 903 5424 Colb.
948 5372 1021 5439 1,7
1041 5371 1295 5424 aestimans
1328 5372 1601 5439 quod......
1652 5372 1885 5423 timorem

317 5442 579 5495 excitaret.
610 5441 787 5503 Mart.,
819 5439 960 5506 Fu|.,
994 5438 1198 5503 Germ.,
1231 5438 1379 5505 Sur.,
1427 5440 1649 5496 Orthod.
1695 5450 1747 5495 ct
1778 5441 1883 5494 Lo-

320 5510 545 5577 ricbius,
562 5513 784 5580 quod....
811 5512 1039 5580 timorem
1063 5511 1304 5564 incuteret
1327 5511 1534 5579 reliquis
1554 5521 1603 5565 et
1624 5512 1880 5565 laesurum.

390 5582 417 5618 α
446 5582 550 5637 Alii
576 5578 795 5644 habent,
819 5578 922 5634 Illo
942 5589 1014 5633 est
1035 5595 1230 5649 semper
1252 5581 1518 5633 tractanda
1545 5580 1755 5643 locutio,
1778 5581 1883 5647 ubi,

320 5664 423 5707 etc.
450 5652 516 5708 Et
536 5653 690 5720 infra,
709 5651 1058 5721 Cognitoribus
1078 5649 1489 5704 discernentibus.
1514 5650 1730 5721 Aliquot
1755 5663 1882 5705 mss.

323 5734 378 5777 et
402 5723 553 5791 editi,
582 5719 973 5779 decernentibus.
1010 5721 1176 5776 Porro
1218 5722 1535 5791 cognitores
1571 5719 1885 5791 dicebantur

325 5794 413 5861 qui
434 5789 874 5864 recognoscendis
898 5793 1267 5867 episcoporum
1288 5789 1568 5853 Sententiis
1589 5789 1886 5847 committe-

1881 3168 1927 3232 C

1948 1917 2211 1985 cognitor,
2236 1916 2353 1984 quis
2383 1915 2735 1981 examinator,
2767 1924 2821 1970 ut
2848 1915 2981 1970 libra
3018 1916 3237 1986 justitiae
3267 1923 3360 1970 aut
3388 1917 3526 1971 bene

1947 2010 2154 2079 prolata
2196 2010 2508 2071 confirmet,
2540 2018 2630 2063 aut
2677 2023 2840 2078 prave
2870 2018 3138 2078 assumpta
3183 2008 3425 2064 refellat?
3463 2008 3527 2062 Et

1946 2115 2066 2156 cum
2098 2102 2222 2155 talia
2255 2110 2309 2155 et
2335 2102 2436 2155 alia
2476 2102 2803 2167 dicerentur,
2842 2100 3082 2156 notarius
3128 2101 3269 2172 regis
3299 2116 3526 2170 respon-

1946 2194 2027 2249 dit
2059 2211 2072 2248 :
2106 2194 2413 2249 Patriarcba
2446 2204 2466 2231 ε’
2499 2193 2677 2265 Cyrila
2720 2192 2870 2267 dixit.
2904 2192 2985 2247 Ad
3032 2191 3173 2263 quod
3219 2192 3447 2261 superbe
3473 2201 3530 2249 et

1948 2286 2133 2341 illicitc
2159 2286 2260 2340 sibi
2293 2297 2484 2339 nomen
2526 2294 2833 2354 usurpatum
2876 2283 3042 2337 nostri
3088 2283 3335 2337 detestati
3377 2282 3528 2337 dixe-

1948 2386 2073 2434 runt
2105 2397 2116 2431 :
2152 2377 2383 2448 Legatur
2432 2377 2588 2432 nobis
2617 2391 2720 2445 quo
2749 2374 3080 2430 concedente
3119 2374 3259 2431 istud
3304 2373 3403 2430 sibi
3434 2390 3529 2429 no-

1951 2484 2072 2525 men
2095 2469 2268 2541 Cyrila
2297 2466 2602 2537 assumpsit.
2639 2467 2705 2520 Et
2726 2466 2919 2522 exinde
2942 2466 3223 2535 strepitum
3248 2464 3526 2520 concitan-

1954 2570 2070 2628 tes,
2118 2562 2433 2617 calumniari
2494 2560 2783 2616 adversarii
2833 2566 3135 2641 coeperunt.
3172 2560 3234 2613 Et
3260 2557 3382 2627 quia
3429 2558 3531 2613 hoc

1953 2653 2121 2708 nostri
2154 2654 2415 2722 petierant
2450 2661 2506 2706 ut
2527 2652 2739 2719 saltem,
2767 2653 2811 2707 si
2858 2651 3164 2706 examinare
3188 2665 3292 2704 non
3316 2649 3527 2716 licebat,

1953 2730 2548 2817 prudentimultitudini
2581 2747 2665 2801 vel
2694 2756 3005 2816 exspectare
3037 2746 3254 2799 liceret:
3277 2743 3531 2813 jubentur

1955 2836 2188 2891 universi
2220 2836 2311 2892 lilii
2336 2836 2612 2890 catholica:
2634 2835 2891 2892 Ecclesia:
2912 2835 2999 2905 qui
3026 2834 3267 2901 aderant,
3293 2834 3531 2890 centenis

1956 2929 2185 2984 fustibus
2213 2928 2303 3000 [al.
2331 2927 2487 2999 credi]
2524 2927 2690 3009 tundi.
2715 2927 2865 2982 Tunc
2889 2928 3121 2982 clamare
3150 2928 3310 2996 erepit
3347 2927 3532 2983 beatus

1958 3021 2129 3093 [ιω-η
2165 3019 2449 3091 Eusebius]
2496 3019 2764 3090 Eugenius
2797 3038 2809 3072 :
2844 3019 3034 3073 Videat
3058 3019 3200 3075 Deus
3244 3022 3348 3073 vim
3374 3034 3531 3088 qnam

1959 3117 2209 3187 patimur,
2271 3122 2561 3183 cognoscat
2616 3112 2961 3167 afflictioncm
3013 3121 3067 3168 et
3112 3112 3533 3182 persecutionem

1959 3223 2117 3278 quam
2148 3223 2177 3262 a
2209 3205 2638 3277 persecutoribus
2682 3204 3027 3260 sustinemus.
3054 3204 3416 3274 Conversique
3439 3219 3531 3259 no-
3579 3264 3589 3277 ι

1960 3303 2057 3359 stri
2079 3346 2093 3371 ,
2122 3300 2317 3373 Cyrila:
2355 3300 2607 3354 dixerunt
2633 3315 2648 3353 :
2680 3298 2953 3366 Propone
2977 3297 3118 3366 quod
3150 3296 3408 3367 disponis.
3433 3296 3536 3367 Cy-

1961 3397 2059 3452 rila
2083 3395 2215 3449 dixit
2246 3412 2257 3445 :
2291 3391 2479 3447 Nescio
2505 3390 2693 3446 Latine
2716 3389 2880 3461 [Colb.
2913 3390 2938 3445 I
2973 3389 3116 3443 addit
3143 3388 3329 3461 loqui].
3353 3387 3535 3444 Nostri

1962 3488 2198 3558 episcopi
2244 3487 2536 3541 dixerunt:
2565 3485 2787 3554 Semper
2818 3494 2869 3539 te
2911 3481 3096 3538 Latine
3140 3497 3259 3536 esse
3305 3482 3534 3537 locutum

1968 3581 2249 3637 manifesto
2281 3581 2552 3640 novimus;
2578 3578 2735 3632 modo
2766 3578 3005 3631 excusari
3037 3591 3141 3629 non
3171 3575 3334 3632 debes
3356 3620 3371 3644 ,
3403 3591 3537 3644 pra:-

1968 3672 2154 3741 sertim
2177 3670 2299 3738 quia
2330 3678 2384 3723 tu
2415 3668 2573 3737 hujus
2611 3668 2687 3723 rei
2727 3666 3031 3725 incendium
3057 3666 3346 3721 suscitasti.
3375 3665 3441 3720 Et
3464 3666 3539 3720 vi-

1974 3760 2107 3817 dens
2127 3757 2424 3815 catholicos
2454 3760 2734 3828 episcopos
2762 3756 2829 3812 ad
2858 3757 3162 3812 conflictum
3189 3760 3356 3826 magis
3380 3755 3541 3811 fuisse

1972 3963 2183 4019 bantur.
2216 3962 2288 4017 De
2315 3960 2398 4015 his
2432 3957 2759 4027 Augustinus
2799 3960 2852 4013 in
2899 3957 3171 4013 breviculo
3215 3955 3538 4027 collationis.

1968 4035 2124 4089 Plura
2148 4049 2274 4088 vero
2305 4032 2463 4089 habet
2484 4026 2718 4086 Marinus
2740 4030 2831 4085 lib.
2861 4046 2876 4083 ι
2903 4030 3352 4084 Exercitationum
3376 4026 3542 4081 eccle-

1967 4106 2116 4160 siast.
2150 4120 2267 4172 cap.
2298 4104 2388 4157 9.0.
2424 4103 2619 4158 Eorum
2646 4102 2843 4157 mentio
2874 4099 3070 4169 passim
3099 4099 3151 4153 in
3192 4098 3538 4172 conciliorum

1968 4176 2100 4230 actis
2123 4169 2367 4235 habetur,
2398 4189 2459 4228 ex
2489 4172 2680 4242 quibus
2707 4172 2861 4225 facile
2887 4171 3059 4239 quivis
3088 4185 3273 4242 eorum
3304 4169 3539 4222 officium

1968 4247 2280 4315 dignoscere
2294 4246 2401 4314 78
2419 4241 2610 4310 potest.
2636 4244 2701 4297 Et
2720 4242 2877 4307 infra,
2904 4242 3104 4315 prolata
3128 4241 3410 4308 conﬁrmet,
3434 4249 3539 4315 etc.

1966 4310 2083 4371 Fui.
2112 4326 2166 4369 et
2194 4310 2391 4379 Mari:
2405 4315 2722 4381 conﬁrment,
2760 4323 2849 4366 aut
2879 4313 3063 4379 probra
3088 4320 3350 4381 assumpta
3385 4310 3543 4381 refel-

1976 4386 2101 4440 lant.
2136 4380 2629 4452 Gertn.,rouﬁrntet
2679 4394 2765 4437 aut
2808 4383 3012 4449 probra,
3062 4392 3166 4438 ctc.
3212 4380 3435 4435 Ortbod.
3493 4386 3546 4434 et

1975 4457 2272 4520 Loricbins,
2304 4455 2528 4522 imprebe
2549 4463 2807 4523 assumpfa
2830 4452 3049 4521 refellat.

2047 4537 2070 4565 °
2105 4528 2253 4582 Ilune
2287 4526 2457 4579 locum
2492 4522 2816 4579 restituimns
2845 4539 2913 4577 ex
2946 4522 3242 4579 mss.Colb.
3271 4522 3287 4573 I
3326 4531 3379 4576 et
3402 4522 3547 4575 Port.

1974 4597 2383 4666 lntcrpellarnnt
2409 4597 2605 4663 quippe
2633 4594 2903 4666 catholici,
2932 4608 3053 4646 cum
3085 4594 3198 4666 btet}
3228 4593 3427 4666 verba,_
3441 4591 3545 4643 f’a-

1975 4660 2201 4721 trinrcfta
2233 4660 2603 4734 Cyrita'diait,
2655 4663 3328 4734 Notarhzsipronuntiaret.
3388 4660 3551 4713 Ferro

1976 4739 2120 4791 enim
2158 4731 2561 4803 non'poterant,
2600 4743 2655 4785 nt
2696 4733 2784 4786 ille
2814 4731 3047 4803 Cyrilam
3086 4738 3417 4803 nuncuparet
3458 4744 3550 4795 pa-

1979 4802 2464 4868 triarcbam,’untle
2485 4804 2746 4855 sermonis
2788 4802 2956 4869 ipsius
3004 4802 3144 4853 filum
3194 4802 3551 4866 interrnperc.

1980 4876 2131 4929 Coll).
2164 4875 2321 4937 alter,
2342 4873 2610 4931 libertam,
2641 4872 2838 4933 Cbifll.,
2861 4870 3033 4931 Bald.,
3066 4878 3121 4923 et
3148 4869 3322 4937 Bign.,
3355 4871 3550 4921 omissa

1982 4960 2083 4999 una
2117 4946 2274 4997 linea.
2310 4941 2482 5011 Cyrifa
2507 4942 2668 4994 dixit:
2708 4940 2949 5012 Legatur,‘
3007 4949 3119 5012 etc.
3158 4941 3326 5012 Aliter
3358 4940 3553 5012 habent

1981 5016 2128 5079 Sura,
2161 5010 2410 5074 Ortbod.,
2446 5012 2743 5077 Lorit‘bius,
2775 5010 2967 5067 etcum
3000 5010 3076 5065 eis
3108 5010 3254 5063 Bald.
3290 5010 3341 5064 in
3376 5011 3549 5077 p-ol-:~

1983 5085 2246 5156 gotnenis,
2299 5083 2521 5156 scilicet,
2576 5080 3103 5156 Patriarclra_Cyt-ifa
3166 5080 3320 5156 dixit,
3352 5082 3555 5156 aliquos

1986 5150 2206 5211 uestrum
2251 5155 2463 5225 superbe
2512 5162 2559 5207 et
2600 5155 2773 5208 illicita
2816 5154 2911 5207 sibi
2962 5150 3142 5225 nomen
3191 5150 3555 5225 (af/toftt‘urtmt

1987 5243 2276 5297 usurpasse.
2310 5221 2491 5278 Nostri
2504 5227 2691 5297 ⁸ιιτιηιιί
2721 5226 2994 5297 dixerunt:
3026 5221 3263 5290 Legatar,
3304 5232 3405 5276 ett‘.
3456 5224 3556 5275 Sed

1987 5300 2038 5352 ni
2072 5294 2247 5361 fallor,
2282 5310 2467 5350 vocem
2491 5294 2868 5349 Catholicorum
2896 5294 3093 5360 absque
3120 5308 3219 5345 ms.
3245 5306 3558 5358 posuerunt.

1986 5369 2130 5437 quod
2159 5368 2291 5422 altas
2324 5382 2515 5423 sensus
2563 5366 2833 5437 videretur
2869 5364 2959 5437 _cis
3005 5364 3370 5437 essc_nullus.
3428 5363 3557 5416 Nam

1989 5432 2104 5493 Ful.
2134 5448 2187 5493 et
2224 5438 2431 5501 Germ.,
2464 5438 2552 5505 qui
2584 5436 2718 5489 banc
2763 5432 3289 5505 lectionetnbabent,
3335 5449 3432 5502 pro
3474 5450 3559 5486 ca-

1990 5510 2293 5564 tholicorum
2324 5503 2520 5561 habent
2567 5504 2893 5576 patriarcltte,
2925 5514 2979 5557 et
3013 5503 3165 5557 Colb.
3208 5505 3396 5560 tertius
3436 5519 3556 5557 cum

1990 5580 2175 5648 Comp.
2208 5586 2469 5633 neutram.
2509 5573 2673 5648 Porro
2704 5573 2966 5648 familiare
2996 5582 3130 5648 erat,
3156 5585 3217 5648 ut
3258 5576 3365 5644 jam
3397 5589 3558 5648 supra

1991 5643 2411 5711 observavimus,
2444 5646 2582 5716 apud
2625 5643 2755 5700 istos
2774 5643 3012 5716 abesque
3056 5643 3333 5709 barbaras,
3366 5644 3556 5712 prseci-

1994 5737 2154 5799 puum
2180 5718 2351 5795 gentis
2374 5715 2487 5773 suat
2514 5716 2822 5799 episcopum
2855 5715 3201 5789 patriarcham
3228 5727 3554 5791 nuncupare.
