4082 6320
577 357 688 418 219

1857 349 2159 408 VICTORIS
2201 346 2502 404 VITBNSIS

577 486 813 550 paratos,
836 474 1084 527 “omnino
1103 465 1316 525 volebat
1336 463 1904 525 audientiam'diversis
1927 464 2142 519 cavilla-
2169 467 2218 524 Α
2245 463 2555 531 cienterque
2581 460 2958 530 conscriptum,
2988 458 3226 514 dicentes
3255 474 3268 511 :
3300 458 3356 514 Si
3390 464 3626 512 nosttam
3659 458 3809 520 ﬁdem

585 569 824 626 tionibus
850 563 1133 622 declinare.
1176 562 1326 628 Quod
1377 572 1498 618 ante
1548 560 1719 616 nostri
1761 556 2136 628 praevidentes,

583 657 812 715 libellum
834 655 900 710 de
928 654 1029 709 ﬁde
1057 655 1507 724 conscripserant,
1550 653 1680 707 satis
1709 649 1961 705 decenter
1989 646 2138 702 sufﬁ-

2250 568 2569 623 cognoscere
2621 551 2957 615 desideratis,
3005 551 3118 606 htec
3159 559 3244 608 est
3292 552 3488 607 veritas
3531 565 3690 620 quam
3732 565 3812 612 ιο.

2247 661 2447 701 nemus.

651 801 680 832 ⁸
707 792 794 849 Sic
819 791 977 847 habet
999 790 1296 846 Lorichius.
1329 794 1395 846 At
1421 789 1511 844 alii
1552 803 1680 846 mss.
1724 795 1778 841 et
1803 784 1889 841 ed.
1920 783 2124 837 omnino
2162 782 2590 838 audientiam.....
2623 781 2892 853 declinavit

579 925 2286 951 —————————-———'————

1534 1013 2014 1122 LIBER
2106 1012 2418 1120 TER
2439 1010 2597 1118 ΤΙ
2623 1012 2840 1122 US.

982 1201 1317 1248 PIO'BSSIO
1361 1199 1532 1244 FIDE!
1574 1195 2074 1247 CATHOLIGOIUI
2107 1192 2537 1238 EPIIOOPORUM
2582 1193 2904 1239 BUNERICO
2947 1195 3094 1240 REGI
3138 1196 3404 1242 OBLATA.

647 1312 751 1384 23
788 1313 828 1367 l.
876 1309 1057 1365 Unitas
1096 1308 1390 1362 substantia:
1426 1305 1539 1360 Dei.
1585 1335 1653 1344 —
1690 1302 1871 1374 [legali
1912 1300 2139 1371 imperio

577 1407 699 1462 ﬁdei
728 1404 1023 1471 catholicas,
1055 1417 1212 1474 quam
1251 1413 1512 1464 tenemus.
1546 1397 1886 1470 praecipimur
1915 1397 2140 1453 reddere

573 1501 855 1563 rationem,
888 1498 1113 1568 ideoque
1141 1494 1476 1566 aggredimur
1502 1509 1596 1563 pro
1623 1503 1922 1547 nostrarum
1947 1490 2138 1545 virium

574 1593 939 1650 mediocritate
959 1632 973 1656 ,
1008 1590 1189 1645 divino
1213 1590 1326 1644 iulti
1352 1598 1377 1626 ει
1407 1589 1694 1660 adiutorio,
1725 1601 1844 1654 qua:
1869 1584 2140 1639 credimus

572 1685 654 1740 vel
683 1682 1030 1754 praedicamus
1056 1681 1288 1736 breviter
1317 1680 1584 1735 intimare.
1618 1677 1851 1731 Primum
1883 1675 2042 1741 igitur
2073 1672 2140 1727 de

571 1775 774 1830 unitate
815 1773 1122 1828 substantia
1176 1770 1348 1825 Patris
1405 1779 1459 1823 et
1499 1767 1526 1806 ι’
1572 1767 1732 1832 Filii,
1777 1764 1915 1834 quod
1969 1763 2140 1818 Graeci

570 1865 834 1938 ὁμοούσιον
855 1863 1056 1928 dicunt,
1103 1861 1473 1930 exponendum
1505 1859 1657 1914 nobis
1702 1872 1824 1911 esse
1864 1855 2142 1925 cognosci-

571 1972 710 2012 mus.
759 1956 966 2010 Patrem
1007 1968 1154 2022 ergo,
1185 1961 1240 2008 et
1276 1952 1488 2017 Filium,
1520 1957 1574 2005 et
1601 1948 1856 2018 Spiritum
1899 1953 2139 2001 sanetum

571 2047 641 2100 ita
668 2048 717 2099 in
742 2047 941 2099 unitate
982 2044 1202 2099 Deitatis
1232 2043 1570 2113 proﬁtemur;
1600 2050 1657 2094 ut
1683 2049 1736 2094 et
1778 2039 1988 2093 Patrem
2031 2047 2053 2076 ε
2086 2037 2139 2090 in

2320 1297 2380 1352 ll.
2417 1295 2670 1352 Probatur
2689 1315 2752 1352 ex
2779 1299 3082 1367 Scripturis.
3103 1333 3167 1342 -—
3191 1301 3267 1356 Ex
3299 1303 3453 1360 Patre
3477 1315 3654 1361 autem
3676 1321 3817 1375 esse,

2247 1390 2299 1446 id
2329 1401 2408 1446 est
2438 1391 2590 1446 unius
2620 1407 2738 1446 cum
2793 1392 2950 1447 Patre
2996 1395 3338 1460 substantiae,
3388 1396 3468 1452 his
3501 1401 3818 1457 testimoniis

2246 1483 2590 1552 approbatur,
2634 1485 2885 1553 Apostoio
2919 1485 3132 1541 dicente
3163 1504 3180 1541 :
3215 1488 3314 1551 Qui
3345 1505 3456 1542 cum
3484 1494 3550 1544 sit
3581 1493 3819 1562 splendor

2245 1578 2439 1649 glorise,
2470 1586 2512 1631 et
2539 1578 2704 1649 ﬁgura
2725 1578 3018 1632 substantite
3047 1582 3179 1651 ejus,
3202 1597 3380 1651 gerens
3413 1598 3611 1653 quoque
3648 1586 3819 1640 omnia

2246 1670 2391 1724 verba
2414 1671 2610 1724 virtutis
2651 1685 2756 1722 sure
2801 1669 2982 1741 (Hebr.
3021 1687 3059 1733 ι,
3086 1669 3161 1740 '5).
3201 1671 3270 1724 Et
3309 1672 3500 1726 iterum
3535 1674 3648 1741 ipse
3681 1674 3820 1731 Deus

2247 1759 2402 1816 Pater
2426 1762 2818 1816 increduiurum
2849 1761 3124 1831 perﬁdiam
3152 1762 3460 1833 objurgnns,
3501 1766 3590 1836 qui
3621 1768 3820 1835 praedi-

2245 1854 2414 1909 cantis
2446 1868 2539 1922 per
2582 1855 2868 1924 prophetas
2902 1854 3018 1910 Filii
3052 1871 3238 1910 vocem
3291 1858 3338 1910 in
3389 1872 3480 1911 sua
3524 1859 3820 1916 substantia

2248 1953 2556 1999 manentem
2572 1946 2749 1999 audire
2773 1947 3077 2013 noluerunt,
3103 1946 3381 2019 zﬁdixit:
3405 1948 3523 2002 Non
3546 1951 3820 2004 audierunt

2244 2051 2409 2090 vocem
2434 2048 2456 2073 ι’
2486 2039 2778 2092 substantia!
2819 2037 2947 2108 (Jer.
2979 2055 3060 2103 lx,
3099 2042 3216 2110 l0),
3251 2057 3405 2110 quam
3456 2059 3641 2097 vocem
3689 2045 3818 2097 sub-

568 2156 681 2198 suze
708 2141 1030 2214 proprietate
1057 2154 1301 2212 personae
1328 2137 1640 2203 subsistere,
1660 2143 1714 2191 et
1735 2134 1923 2189 Filium
1950 2133 2141 2186 nihiio-
2172 2116 2216 2175 Β
2245 2131 2451 2183 stantiac
2503 2130 2649 2202 [edit.
2682 2147 2800 2185 cum
2835 2132 2962 2205 tam]
2991 2143 3348 2202 contemptam
3383 2137 3604 2191 terribili
3639 2149 3821 2194 conte-

571 2237 745 2289 minus
793 2235 846 2289 in
891 2233 1104 2304 propria
1141 2242 1352 2288 exstare
1399 2245 1658 2300 persona,
1691 2239 1850 2298 atque
1886 2227 2143 2296 Spiritum

570 2337 810 2384 sanctum
847 2342 1089 2396 persona:
1128 2341 1238 2379 sua:
1294 2324 1672 2393 proprietatem
1720 2321 1951 2376 retinere
2000 2319 2142 2374 fideli

567 2417 903 2473 eontessione
949 2399 1223 2471 fateamur.
1272 2415 1388 2470 Non
1418 2415 1665 2470 eumdem
1699 2422 2002 2468 asserentes
2045 2413 2146 2466 Pa-

569 2515 702 2561 trem
718 2522 873 2575 quem
891 2506 1105 2571 Filium,
1132 2520 1305 2575 neque
1329 2504 1521 2559 Filium
1538 2504 1859 2559 conﬁtentes
1877 2503 1964 2570 qui
1985 2502 2144 2556 Pater

577 2599 660 2663 sit,
680 2609 770 2654 aut
789 2601 1013 2670 Spiritus
1041 2609 1288 2663 sanctus;
1319 2613 1489 2668 neque
1512 2597 1582 2652 ita
1606 2597 1862 2666 Spiritum
1900 2605 2142 2650 sanctum

572 2691 883 2757 accipimus,
918 2700 972 2742 ιιι
995 2698 1085 2744 aut
1107 2688 1265 2744 Pater
1294 2689 1366 2742 sit
1392 2694 1484 2742 aut
1506 2688 1703 2753 Filius;
1734 2687 1824 2742 sed
1850 2687 2141 2755 ingenitum

571 2779 803 2847 Patrem,
826 2789 881 2836 et
905 2781 973 2834 de
991 2781 1145 2836 Patre
1171 2781 1262 2853 (al.
1279 2781 1482 2853 natum]
1511 2780 1745 2852 genitum
1770 2781 1982 2846 Filium,
1999 2789 2051 2836 et
2076 2781 2143 2837 de

575 2874 730 2928 I'atre
759 2871 851 2928 etd
882 2873 1014 2928 Filio
1033 2874 1408 2941 procedentem
1428 2873 1682 2943 Spiritum
1705 2882 1971 2942 sanctum,
1987 2875 2142 2930 unius

567 2962 835 3018 credimus
847 2978 966 3019 esse
986 2963 1295 3019 substantia-
1316 2962 1576 3035 [Lor.,et]
1603 2965 1686 3018 vel
1703 2965 1947 3019 essentia:
1976 2981 1990 3018 :
2020 2967 2141 3032 quia

567 3052 785 3123 ingcniti
819 3053 994 3110 Patris
1022 3063 1074 3108 et
1100 3054 1266 3122 geniti
1295 3053 1414 3107 Filii
1459 3062 1514 3108 et
1545 3054 1883 3123 procedentis
1913 3054 2142 3123 Spiritus

566 3144 734 3199 sancti
766 3161 866 3199 una
891 3153 974 3200 est
1012 3145 1203 3211 deitas,
1235 3154 1344 3200 tres
1370 3160 1500 3201 vero
1525 3162 1872 3216 personarum
1901 3149 2141 3217 proprie-

568 3243 727 3290 tates.
762 3237 826 3291 Et
854 3238 975 3308 quia
1020 3248 1203 3292 contra
1237 3238 1375 3292 hanc
1420 3239 1735 3292 catholicam
1766 3241 1849 3294 vel
1880 3241 2138 3308 apostoli-

566 3339 682 3380 cam
738 3327 897 3381 ﬁdem
928 3337 1118 3382 exorta
1159 3327 1380 3382 haeresis
1423 3327 1711 3383 novitatem
1755 3329 2036 3398 quamdam
2061 3331 2140 3384 in-

567 3417 816 3483 duxerat,
844 3433 1088 3474 asserens
1118 3419 1308 3473 Filium
1339 3435 1443 3473 non
1471 3420 1564 3492 [αι.
1592 3419 1681 3490 ex]
1713 3421 1780 3475 de
1815 3421 1986 3475 Patris
2014 3421 2139 3477 sub-

567 3512 757 3566 stantia
775 3509 867 3581 [αι.
897 3508 1099 3580 natum]
1113 3510 1366 3580 genitum,
1396 3474 1490 3564 sed
1515 3526 1578 3565 ex
1605 3474 1763 3566 nullis
1781 3513 2133 3578 exstantibus,
2163 3474 2212 3540 ο

567 3599 619 3654 id
644 3609 727 3655 est
754 3615 819 3654 ex
852 3599 1019 3655 nihilo
1063 3600 1364 3656 substitisse
1391 3621 1405 3658 :
1435 3601 1501 3655 ad
1535 3602 1670 3657 hanc
1700 3602 1986 3672 impietatis
2014 3620 2138 3675 pro-

569 3689 879 3757 fessionem,
909 3707 1027 3762 qnte
1048 3699 1232 3746 contra
1257 3691 1415 3746 ﬁdem
1444 3701 1758 3760 emerserat,
1790 3694 2137 3751 refellendam

567 3792 622 3837 et
650 3783 856 3850 penitus
884 3781 1221 3847 abolendam,
1251 3783 1516 3852 ὁμοούσιον
1543 3798 1720 3838 sermo
1750 3783 1970 3841 Graecus
1997 3789 2138 3854 posi-

569 3881 654 3927 tus
696 3883 811 3934 est,
854 3873 996 3941 quod
1052 3874 1428 3941 interpretatur
1475 3879 1632 3929 unius
1694 3877 2004 3933 substantia:
2053 3881 2137 3934 vel

566 3964 835 4028 essentia,
861 3963 1165 4032 signiﬁcans
1197 3963 1388 4018 Filium
1423 3978 1528 4018 non
1554 3980 1621 4019 ex
1668 3965 1760 4036 [αι.
1789 3967 1973 4039 nullis]
2016 3969 2137 4024 ullis

568 4052 919 4117 exstantibus,
960 4066 1062 4107 nec
1089 4067 1159 4107 ex
1203 4055 1304 4108 alia
1347 4055 1675 4122 substantia,
1723 4057 1816 4110 sed
1865 4057 1932 4112 de
1984 4059 2140 4115 Patre

568 4158 749 4201 natum
777 4159 916 4199 esse.
968 4144 1068 4211 Qui
1099 4159 1224 4200 vero
1269 4153 1419 4215 putat
1460 4146 1730 4217 ὁμοούσιον
1756 4149 2138 4221 auferendum,

568 4253 638 4293 ex
667 4236 834 4291 nihilo
862 4234 973 4290 vult
1002 4251 1241 4291 asserere
1273 4236 1464 4291 Filium
1497 4237 1789 4294 exstitisse.
1825 4242 1927 4296 Sed
1956 4258 2021 4298 ex
2053 4245 2140 4298 ni-

570 4330 680 4384 hilo
711 4345 814 4384 non
843 4339 946 4395 est,
981 4343 1045 4382 ex
1076 4328 1230 4384 Patre
1255 4329 1372 4384 sine
1401 4329 1563 4383 dubio
1600 4339 1702 4398 est,
1743 4341 1797 4387 et
1841 4344 1986 4390 recte
2025 4336 2139 4408 ὁμο-

567 4423 759 4482 ούσιον,
790 4419 842 4474 id
871 4427 953 4474 est
979 4420 1131 4474 unius
1153 4435 1273 4474 cum
1306 4419 1464 4475 Patre
1488 4418 1822 4491 substantiae,
1849 4426 2013 4483 Filius
2035 4438 2138 4485 est.

643 4588 670 4616 ι
698 4579 1222 4655 ϐοά.-1Δ,ιι‹1υῃ‹ξηείε
1247 4589 1301 4636 et
1329 4579 1439 4646 alii,
1460 4582 1676 4655 auxilio.
1711 4583 1892 4649 Mam,
1922 4583 2136 4655 Comp.,

573 4647 719 4720 ιον..
744 4666 796 4707 et
825 4651 999 4715 Orth.,
1032 4652 1182 4718 ﬁdem
1197 4667 1350 4720 quam
1370 4652 1642 4705 credimus.

643 4719 669 4759 δ
701 4723 851 4776 Colb.
884 4724 902 4777 1
933 4723 1080 4776 addit
1104 4719 1492 4790 manuprecenti
1523 4732 1568 4776 et
1595 4722 1823 4790 Spiritus
1851 4725 2030 4777 sancti.

644 4803 666 4829 ε
700 4792 788 4847 Sic
811 4792 1228 4864 Mart.,_Germ.,
1256 4789 1516 4864 “Ful.,_et
1561 4789 1736 4846 Chilil.
1788 4796 1857 4848 At
1896 4793 2048 4849 Colb.
2084 4796 2135 4864 1,

569 4865 779 4932 Comp.,
812 4861 1112 4924 Lorichius,
1144 4873 1208 4932 et
1246 4861 1497 4928 0rthod.,
1529 4878 1624 4930 pro
1653 4878 1760 4917 sua:
1789 4864 1984 4920 habent
2021 4861 2133 4919 sua.

567 4931 717 4992 Colb.
751 4933 905 4993 alter,
930 4943 983 4985 et
1012 4931 1179 4986 Laud.
1212 4945 1332 5004 cum
1361 4932 1824 5004 BaldniRhenan.
1857 4944 1911 4988 et
1957 4935 2131 5004 Bign.,

567 5021 661 5059 sua
678 5004 1002 5075 proprietatis
1025 5017 1260 5075 persona.
1288 5003 1374 5056 Sic
1395 5012 1448 5056 et
1469 5001 1619 5075 Colb.
1639 5006 1833 5075 tertius
1860 5004 1912 5059 in
1938 5001 2133 5075 mai-gi-

571 5091 658 5138 nc,
679 5071 776 5140 'qui
809 5074 861 5126 in
892 5081 1036 5152 textu
1070 5071 1246 5137 habet,
1278 5087 1370 5151 sua
1401 5074 1608 5142 prepria
1627 5073 1837 5127 Deitatis
1862 5071 2096 5145 persond.

641 5141 666 5179 ά
695 5143 817 5196 llaec
848 5140 1099 5209 particula
1133 5141 1282 5195 deest
1312 5157 1366 5194 tn
1389 5141 1552 5195 Laud.
1580 5152 1632 5198 et
1663 5145 1713 5197 in
1743 5144 1973 5200 editione
2004 5147 2118 5202 Rite

570 5212 714 5280 nani.
747 5210 815 5264 At
845 5212 896 5265 in
924 5209 1117 5266 Culb.l
1154 5210 1254 5264 alia
1278 5224 1436 5280 manu
1465 5213 1661 5280 scripta
1693 5223 1793 5269 est.
1824 5215 1890 5268 Et
1912 5216 1962 5270 in
1989 5233 2136 5270 reca-

570 5279 868 5350 pitulatione
894 5282 1024 5335 intra
1059 5296 1204 5336 num.
1236 5279 1300 5333 21
1335 5294 1441 5334 ηοη
1473 5279 1716 5338 habetur.
1750 5286 1934 5339 Exstat
1958 5295 2136 5342 tamen

570 5353 625 5405 in
646 5351 855 5404 cteter'ts
880 5365 1004 5405 mss.
1035 5359 1089 5406 et
1117 5353 1294 5405 editis.

643 5417 856 5495 e_L_a_ud.
887 5418 1050 5495 addit.
1072 5437 1214 5495 metu.
1247 5419 1384 5495 Infra
1415 5429 1590 5477 autem
1619 5422 1670 5477 in
1692 5422 1883 5492 Comp.
1914 5432 1967 5479 et
1992 5426 2134 5495 apud

567 5488 873 5565 Lorichium
902 5489 976 5565 sic
1002 5489 1251 5565 habetur:
1280 5491 1380 5565 Qui
1401 5508 1512 5545 cum
1538 5495 1603 5565 sit
1627 5488 1864 5564 splendor
1894 5504 1938 5548 et
1966 5488 2133 5565 ﬁgura

567 5559 860 5629 substantive
888 5561 995 5629 ejus
1017 5569 1063 5612 et
1088 5563 1419 5614 substantiam
1458 5559 1731 5617 noluerunt
1758 5566 1938 5618 audire
1966 5559 2133 5620 libere-

569 5632 676 5684 tici.
711 5628 849 5681 Dixit
876 5628 1007 5700 alius
1034 5631 1275 5697 praplteta
1307 5647 1327 5685 :
1357 5631 1480 5686 Non
1506 5634 1779 5688 audierunt
1809 5650 1995 5700 vocem,
2027 5645 2131 5690 etc.

571 5702 684 5754 Vox
713 5700 934 5772 heretici
976 5699 1127 5772 deest
1154 5700 1204 5772 in
1245 5700 1432 5772 Comp.
1465 5703 1632 5772 Porro
1676 5706 1726 5758 in
1780 5701 1931 5760 Colb.
1977 5708 2133 5762 unius

569 5771 804 5838 margine
833 5769 946 5824 haec
980 5770 1140 5827 verba
1173 5769 1460 5830 habentur:
1494 5771 1560 5828 In
1596 5773 1819 5832 Ieremia
1851 5777 2132 5833 secundum

2245 2223 2476 2277 statione
2523 2223 2824 2292 increpans,
2856 2225 2920 2277 ad
2944 2225 3191 2280 eumdem
3221 2227 3531 2296 prophetam
3563 2228 3817 2298 loquitur,

2245 2311 2426 2366 dicens
2452 2330 2465 2366 :
2499 2313 2668 2385 Super
2702 2324 2891 2368 montes
2921 2317 3134 2383 accipite
3173 2317 3434 2383 planctum
3456 2358 3469 2382 ,
3495 2325 3540 2389 et
3571 2336 3721 2389 super
3744 2336 3821 2373 se—

2246 2405 2392 2457 mitas
2417 2405 2601 2459 deserti
2620 2406 2827 2467 luctum,
2855 2408 2973 2473 quia
3004 2409 3322 2477 defecerunt,
3354 2425 3410 2462 eo
3437 2410 3572 2478 quod
3594 2427 3694 2464 non
3717 2413 3821 2464 sint

2245 2494 2498 2562 homines;
2531 2515 2630 2552 non
2659 2499 2928 2553 audierunt
2951 2515 3120 2553 vocem
3152 2501 3446 2554 substantia:
3474 2517 3506 2553 a
3531 2502 3820 2556 volatilibus

2244 2589 2357 2642 caeli
2395 2604 2551 2659 usque
2593 2591 2660 2642 ad
2701 2607 2880 2660 pecora
2921 2589 3134 2659 (Ibid).
3181 2590 3245 2644 Et
3284 2591 3493 2645 rursum
3538 2607 3635 2647 eos
3673 2593 3820 2662 quia

2244 2681 2578 2749 professione
2619 2682 2774 2737 unius
2823 2684 3134 2737 substantiae
3160 2684 3507 2748 declinantes,
3547 2685 3598 2739 in
3629 2685 3818 2743 eadem

2247 2773 2365 2829 ﬁdei
2394 2775 2686 2828 substantia
2717 2783 2859 2829 stare
2889 2776 3190 2842 noluerunt,
3225 2776 3465 2845 increpat
3496 2776 3684 2832 dicens
3715 2795 3728 2828 :
3759 2778 3818 2833 Si

2242 2870 2491 2920 stetissent
2510 2866 2563 2919 in
2585 2865 2861 2920 substantia
2889 2881 3021 2931 mea,
3039 2867 3328 2919 avertissem
3369 2868 3536 2936 utique
3565 2883 3651 2922 eos
3679 2885 3712 2920 a
3741 2871 3818 2923 via

2241 2974 2337 3011 sua
2379 2957 2547 3022 mala,
2596 2966 2639 3009 et
2676 2974 2706 3009 a
2745 2958 2971 3025 pessimis
3015 2959 3405 3028 cogitationibus
3451 2961 3554 3013 suis
3601 2960 3814 3032 (larem.

2245 3066 2391 3117 xxttt,
2422 3049 2536 3119 22).
2568 3049 2634 3104 Et
2688 3051 2876 3104 iterum
2927 3065 3031 3104 non
3061 3059 3210 3105 extra
3249 3051 3599 3106 substantiatn
3645 3051 3818 3110 Patris

2243 3139 2434 3195 Filium
2461 3140 2840 3205 conﬁtendum,
2867 3140 2960 3195 sed
2991 3140 3043 3194 in
3071 3140 3255 3196 eadem
3285 3138 3302 3178 ί
3340 3141 3478 3196 iideii
3505 3142 3665 3197 oculo
3690 3158 3819 3197 con-

2242 3234 2495 3289 tuendum
2541 3234 2878 3303 apertissime
2919 3233 3255 3299 declaratur,
3303 3233 3427 3288 dunt
3472 3232 3671 3289 dicitur
3724 3251 3818 3305 per

2243 3326 2552 3395 praphetam
2585 3344 2597 3379 :
2635 3327 2756 3391 Quis
2784 3327 2915 3379 stetit
2939 3327 2989 3380 in
3014 3326 3295 3380 substantia
3323 3327 3550 3395 Domini,
3583 3337 3631 3381 et
3657 3329 3813 3394 vidit,

2243 3429 2287 3473 et
2325 3421 2513 3474 audivit
2540 3423 2741 3475 verbum
2771 3422 2880 3489 ejus
2911 3419 3098 3489 (lbit.,
3129 3419 3258 3487 18)?
3302 3418 3475 3474 Patris
3522 3435 3650 3489 ergo
3691 3419 3817 3474 sub;

2241 3513 2488 3567 stantiam
2541 3510 2730 3565 Fiiium
2765 3526 2884 3566 esse
2927 3511 3250 3580 propheticis
3273 3512 3380 3579 jam
3408 3511 3536 3566 olim
3565 3512 3814 3581 designa-

2239 3617 2349 3661 tum
2390 3615 2471 3660 est
2514 3605 2769 3671 oraculis,
2802 3604 3011 3660 dicente
3051 3603 3336 3660 Salomone
3387 3621 3399 3657 :
3450 3604 3809 3660 Substantiam

2240 3701 2371 3752 enim
2394 3710 2439 3752 et
2460 3699 2776 3752 dulcedinem
2801 3707 2961 3763 tuam,
2989 3713 3141 3768 quam
3173 3707 3196 3743 8
3218 3697 3270 3750 in
3298 3697 3434 3765 ﬁlios
3465 3698 3618 3750 habes
3647 3711 3814 3751 osten-

2240 3790 2392 3844 debas
2425 3789 2582 3858 (Sap.
2610 3804 2728 3853 xvt,
2771 3787 2882 3855 ‘21),
2917 3802 3072 3854 quam
3103 3787 3154 3840 in
3186 3786 3350 3856 ﬁgura
3380 3795 3434 3841 et
3464 3785 3696 3854 imagine
3722 3804 3814 3856 pa-

2242 3883 2322 3936 nis
2343 3884 2577 3937 caelestis
2598 3881 2794 3950 populo
2817 3880 2975 3935 lsrael
3003 3879 3212 3934 coalitus
3240 3889 3459 3948 apparet
3478 3879 3813 3946 proﬂuxisse.

2244 3973 2395 4038 Quod
2425 3972 2538 4041 ipse
2572 3971 2823 4025 Dominus
2849 3971 2901 4025 in
2948 3970 3236 4040 Evangciio
3280 3971 3546 4040 expo:<uit,
3577 3971 3765 4026 dicens
3798 3989 3812 4026 :

2246 4062 2366 4116 Non
2416 4063 2615 4132 Moyses
2663 4064 2801 4116 dedit
2825 4062 2961 4116 vobis
3007 4079 3188 4129 panem
3230 4063 3294 4116 de
3341 4061 3496 4128 (telo,
3529 4063 3618 4115 sed
3658 4061 3816 4117 Pa'er

2245 4171 2382 4208 meus
2412 4154 2498 4206 dat
2531 4153 2665 4207 vobis
2694 4170 2870 4223 panem
2900 4152 2962 4208 de
2991 4154 3114 4208 calo
3141 4151 3318 4222 (Joan.
3347 4168 3418 4220 τι,
3446 4151 3570 4222 '52);
3606 4167 3663 4211 se
3710 4153 3816 4207 uti-

2243 4261 2346 4316 que
2387 4261 2575 4314 panem
2623 4245 2736 4314 ipse
2781 4245 2954 4316 [Lor.,
2996 4244 3278 4315 deﬁniens]
3326 4245 3645 4315 designans,
3691 4261 3815 4300 cuin

2243 4335 2370 4391 dicit
2426 4355 2437 4388 :
2483 4335 2592 4408 Ego
2637 4354 2747 4391 sunt
2795 4337 2942 4408 panis
2993 4337 3132 4390 vivus
3181 4338 3268 4406 qui
3311 4337 3374 4392 de
3423 4341 3546 4392 cazlo
3577 4339 3816 4393 descendi

2247 4427 2408 4500 (Ibid.
2431 4428 2539 4497 11).
2588 4428 2661 4483 De
2699 4444 2802 4498 quo
2843 4429 3001 4484 etiam
3033 4428 3288 4498 prepheta
3327 4429 3492 4484 David
3519 4430 3686 4485 dicit:
3711 4427 3818 4483 Pa.

2245 4588 2379 4643 LXX
2408 4588 2730 4654 lnterpretes.
2753 4589 2902 4657 Quod
2923 4600 3005 4644 est
3024 4607 3229 4646 verum.
3255 4588 3518 4644 Cteterum
3535 4604 3632 4658 pro
3660 4604 3817 4657 super

2243 4669 2450 4724 montes,
2482 4672 2610 4722 etc.,
2635 4659 2929 4725 Lorichins,
2958 4671 3012 4715 et
3034 4663 3124 4715 alii
3156 4661 3370 4723 habent,
3398 4676 3548 4729 super
3587 4671 3809 4714 montem

2240 4729 2414 4799 accipe
2444 4730 2725 4797 planctum,
2749 4740 2802 4785 et
2831 4746 2927 4799 pro
2953 4733 3203 4796 semitam,
3229 4730 3410 4800 aliqui.
3441 4731 3664 4784 semitas.

2315 4797 2334 4836 ί
2370 4799 2533 4854 Laud.
2551 4810 2603 4855 et
2624 4800 2775 4855 Colb.
2796 4801 2850 4856 2.
2875 4799 3124 4856 Fideliter
3137 4804 3318 4856 mentis
3347 4802 3514 4853 oculo.
3541 4799 3762 4854 Rhenan

2521 4841 2533 4852 ο
2551 4839 2603 4855 1..
2625 4839 2775 4855 υυιυο
2799 4839 2850 4864 α,
2875 4839 2897 4852 ι
2928 4839 3113 4856 συινιιιον
3137 4839 3318 4856 σσωιιιιυ
3347 4839 3514 4853 νιν-ιν.
3541 4839 3812 4865 nul-VIl-IIU,

2239 4869 2456 4935 ﬁdeliter
2478 4872 2653 4924 mentis
2676 4871 2855 4926 oculis.
2891 4871 3008 4925 Fui.
3039 4873 3221 4927 Germ.
3283 4879 3339 4926 et
3371 4870 3624 4934 Orthod.,
3673 4871 3815 4936 ﬁdeli

2243 4950 2424 4994 mente.
2455 4941 2607 4995 Colb.
2642 4945 2851 5008 tertius,
2890 4942 3110 5010 ﬁdeliter
3133 4951 3317 4996 mente.
3350 4941 3662 5006 Lorichius,
3695 4941 3815 5008 ﬁdei

2240 5021 2421 5064 mente.

2318 5091 2341 5127 ε
2374 5081 2540 5153 liuius
2572 5081 2673 5136 loci
2701 5092 2754 5136 et
2782 5081 3030 5148 aliorum,
3059 5079 3152 5153 qui
3204 5082 3292 5138 hic
3338 5081 3623 5153 habentur,
3660 5095 3815 5153 egre-

2243 5149 2355 5220 gias
2412 5151 2573 5206 habes
2620 5153 2986 5220 expositiones
3038 5149 3092 5208 iri
3132 5153 3268 5206 libro
3293 5167 3387 5206 seu
3449 5152 3816 5216 ltesponsione

2245 5219 2352 5298 79
2363 5221 2529 5274 sancti
2543 5219 2815 5298 _Fulgen_t_ii
2831 5225 2893 5276 ad
2915 5224 3101 5298 decem
3121 5225 3438 5278 Arianorum
3457 5221 3810 5298 obiectiones,

2244 5292 2299 5362 in
2317 5293 2660 5362 responsione
2675 5292 2873 5347 scilicet
2889 5294 2954 5348 ad
2971 5307 3210 5362 quartam
3225 5309 3410 5348 eorum
3431 5292 3811 5356 objectionem.

2242 5358 2503 5429 (laterum
2531 5359 2683 5416 Colb.
2719 5364 2770 5426 1,
2795 5358 3145 5429 Μετιηῖλύιη
3166 5365 3372 5428 Germ.,
3400 5372 3456 5417 et
3480 5363 3659 5424 Orth.,
3692 5375 3811 5414 cum

2243 5428 2517 5504 Dorichio,
2536 5430 2730 5504 habent
2749 5433 2803 5485 in
2826 5431 2985 5487 Filio.
3016 5433 3080 5486 Et
3097 5428 3263 5504 intra,
3283 5449 3379 5504 pro
3407 5449 3559 5502 quam
3587 5432 3659 5496 in,
3679 5439 3810 5493 etc.,

2241 5498 2391 5553 Orth.
2419 5510 2473 5554 et
2499 5501 2795 5564 Lorichius,
2821 5505 2938 5571 quia
2966 5504 3040 5556 in.
3081 5502 3233 5557 Colb.
3252 5498 3318 5567 1⁷,
3361 5498 3450 5572 qui
3495 5506 3567 5565 in,
3604 5513 3661 5556 ut
3691 5516 3810 5570 qua:

2237 5581 2532 5637 sequuntur
2549 5573 2614 5626 de
2639 5572 2773 5627 Filio
2807 5577 3013 5640 possint
3051 5574 3293 5636 intelligi.
3328 5574 3391 5627 Et
3428 5574 3642 5641 quidem
3690 5573 3810 5624 exi-

2236 5654 2376 5762 ἳξῖε,
2402 5642 2606 5698 videtur
2654 5657 2846 5698 sensus
2893 5645 3104 5700 illorum
3153 5645 3366 5702 Patrum
3424 5652 3482 5698 ut
3520 5641 3726 5711 legatur
3752 5641 3808 5692 in

2289 5726 2397 5765 mo.
