4082 6320
259 282 348 339 εει

1174 275 1259 331 DE
1297 270 1816 332 PERSECUTIONE
1857 268 2242 328 VANDALICA
2280 269 2409 327 LIB.
2450 269 2538 327 Ill.

255 419 356 460 item
374 399 651 473 angelorum
677 396 999 451 manducavit
1026 396 1177 452 hamo
1213 396 1385 467 (Psal.
1418 412 1619 463 Lxxvn,
1667 395 1783 468 25).
1813 398 1862 458 Α
1889 397 1963 453 ait
1994 413 2008 454 :
2046 394 2156 468 Ego
2176 406 2224 452 et
2254 395 2409 452 Pater
2430 412 2587 453 unum
2608 410 2816 463 sumus;
2840 403 2895 452 et
2919 410 2934 450 :
2955 395 3056 463 Qui
3080 394 3217 450 videt
3239 408 3317 447 me
3337 389 3474 449 videt

312 493 390 548 Ill.
416 490 565 546 Pater
586 498 631 543 et
644 487 810 543 Filius
831 499 945 543 sunt
967 488 1517 560 aqualem—Namque
1543 498 1603 544 ut
1620 488 1791 544 adhuc

247 582 523 641 evidentius
563 580 734 635 Patris
778 587 834 635 et
863 579 980 635 Filii
1006 580 1320 635 substantia
1344 582 1544 648 unitas,
1574 588 1628 636 ει
1656 590 1681 619 ι
1713 578 1794 635 di-

244 675 458 733 vinitatis
499 671 771 741 equalitas
813 670 1125 726 ostendatur
1151 715 1165 739 ,
1218 670 1333 741 ipse
1387 671 1440 729 in
1504 670 1791 741 Evangelia

241 767 354 823 dicit
386 762 532 834 :Ego
574 762 630 816 in
665 760 841 828 Patre,
877 770 924 847 et
963 761 1120 816 Pater
1143 762 1198 817 in
1225 778 1304 816 me
1329 770 1423 820 est.
1461 762 1526 817 Et
1559 781 1572 816 :
1607 761 1718 834 Ego
1744 772 1791 817 et

239 858 384 913 Pater
420 870 573 909 unum
614 869 787 909 sumus
815 852 993 926 (Joan.
1025 870 1080 924 x,
1108 856 1200 924 38,
1226 855 1339 927 50).
1387 855 1541 923 Quod
1591 872 1695 912 non
1722 856 1791 913 ad

236 945 473 1002 unitatem
496 944 864 999 tantummodo
890 944 1201 1013 voluntatis,
1225 946 1320 1001 sed
1347 947 1413 1003 ad
1443 961 1603 1003 unam
1626 947 1791 1004 reler-

234 1046 311 1094 tur
332 1036 676 1105 eamdemque
703 1036 1075 1102 substantiam.
1102 1038 1355 1108 quianon
1382 1037 1518 1095 dixit
1547 1056 1561 1093 :
1605 1040 1714 1111 Ego
1738 1047 1794 1096 et

234 1129 375 1185 Pater
388 1120 560 1183 unum
582 1128 857 1196 volumus;
888 1129 1005 1195 sed,
1026 1144 1185 1184 uisum
1205 1145 1405 1188 sumus.
1447 1130 1526 1186 Ex
1550 1146 1616 1186 eo
1643 1132 1788 1187 enim

228 1218 359 1292 quod
387 1228 533 1286 sunt,
564 1234 674 1275 non
702 1233 769 1276 ex
797 1233 864 1275 eo
910 1228 1113 1276 tantum
1143 1220 1283 1291 quod
1313 1222 1520 1288 volunt.
1554 1231 1792 1293 paternas

228 1312 432 1367 unitatis
456 1310 764 1366 declaratur
782 1312 1030 1368 assertio.
1062 1314 1188 1368 Item
1210 1312 1446 1370 Joannes
1468 1315 1791 1385 evangelista

223 1404 342 1460 dicit
370 1419 385 1457 :
408 1402 691 1477 Propterea
710 1419 831 1474 ergo
847 1404 1137 1475 quwrebant
1158 1422 1272 1461 eum
1289 1406 1462 1462 Iudici
1489 1407 1790 1477 interﬁcere,

221 1495 333 1565 quia
349 1510 448 1548 non
475 1493 650 1549 solum
669 1496 888 1550 solvebat
911 1495 1194 1565 sabbatum,
1216 1501 1305 1552 sed
1331 1507 1377 1553 et
1409 1497 1615 1554 Patrem
1644 1517 1793 1556 suum

221 1585 404 1638 dicebat
433 1583 624 1650 Deum,
655 1584 899 1656 aqualem
924 1602 979 1641 se
998 1587 1191 1658 faciens
1226 1587 1335 1644 Deo
1358 1588 1540 1662 (Joan.
1572 1604 1631 1655 ν,
1674 1589 1787 1660 l8).

216 1676 357 1744 Quod
398 1676 590 1747 utique
616 1692 726 1732 non
763 1677 832 1733 ad
869 1677 1083 1733 Judasos
1109 1689 1191 1735 est
1221 1678 1313 1752 [al.
1357 1680 1555 1753 potius]
1580 1682 1791 1752 penitus

1893 498 1939 543 et
1970 486 2205 554 Patrem;
2246 495 2338 543 et:
2366 487 2551 542 Omnia
2578 502 2887 560 quacunque
2924 485 3081 543 Pater
3109 487 3268 559 facit;
3295 485 3472 542 eadem

1893 584 2017 654 facit
2047 580 2216 638 Filius
2241 582 2497 649 similiter,
2526 583 2612 639 vel
2643 592 2837 639 caetera
2871 596 2990 654 quas
3030 580 3271 653 superius
3301 579 3474 637 couti-

1890 684 2105 732 nentur.
2139 673 2233 730 illa
2262 688 2393 730 vero
2416 688 2536 745 quae
2564 673 2634 731 de
2679 688 2745 729 eo
2773 672 3063 731 secundum
3087 672 3356 730 hominem
3386 686 3473 729 re-
3544 726 3552 739 ,

1892 765 2152 831 feruntur,
2183 765 2283 823 ista
2312 774 2436 823 sunt
2466 782 2480 820 :
2511 762 2669 820 Pater
2695 767 2863 836 major
2902 780 2981 820 me
3019 773 3092 821 est
3140 766 3321 835 (Ioan.
3356 778 3468 832 xtv,

1889 856 2003 929 28).
2030 858 2131 913 Et:
2160 857 2284 913 Non
2310 859 2420 913 veni
2441 856 2608 927 facere
2636 855 2941 911 voluntatem
2969 872 3154 923 meam,
3183 858 3272 912 sed
3293 856 3472 912 volun-

1893 960 2044 1007 tatem
2072 951 2183 1021 ejus
2215 952 2303 1023 qui
2331 952 2467 1006 misit
2493 966 2572 1006 me
2614 947 2796 1022 (Joan.
2833 965 2917 1017 vt,
2950 948 3063 1019 '58).
3104 951 3197 1015 Et,
3228 952 3403 1016 Pater,
3426 952 3473 1006 si

1893 1042 2005 1111 ﬁeri
2038 1050 2218 1114 potest,
2253 1050 2480 1098 transeat
2508 1056 2541 1095 a
2564 1057 2643 1097 me
2668 1042 2809 1096 calix
2827 1041 2922 1096 iste
2944 1039 3162 1113 (Matth.
3185 1056 3333 1109 xxvi,
3354 1039 3469 1113 '59).

1892 1135 1990 1192 Vel
2019 1150 2137 1191 eum
2162 1135 2229 1191 de
2259 1149 2418 1191 cruce
2446 1132 2579 1190 dixit
2606 1151 2620 1190 :
2655 1133 2812 1200 Deus,
2848 1131 2983 1188 Dens
3022 1148 3181 1199 meus,
3216 1149 3372 1202 quare
3394 1148 3472 1187 me

1893 1228 2201 1299 dereliquiin
2222 1227 2437 1302 (Matth.
2466 1241 2641 1295 xxvii,
2665 1226 2788 1295 46)?
2820 1226 2885 1280 Et
2926 1224 3118 1281 iterum
3145 1239 3209 1279 ex
3244 1238 3473 1293 persona

1894 1318 2011 1375 Filii
2040 1319 2301 1391 propheta
2334 1319 2462 1375 dicit
2490 1339 2503 1375 :
2539 1317 2615 1374 De
2637 1328 2805 1373 ventre
2828 1318 3001 1389 matris
3032 1334 3155 1371 meae
3178 1315 3310 1370 Deus
3332 1331 3473 1371 meus

1892 1426 1944 1465 es
1982 1421 2035 1465 tu
2078 1409 2248 1483 (Psal.
2294 1426 2417 1476 xxi,
2456 1408 2580 1482 ll);
2622 1409 2702 1466 vel
2731 1424 2850 1464 cum
2880 1409 3046 1462 minor
3074 1407 3268 1480 angelis
3299 1405 3473 1471 (Psal.

1893 1517 2007 1567 vin,
2036 1500 2092 1573 6)
2140 1501 2437 1569 indicalur,
2483 1509 2538 1557 ει
2565 1516 2723 1571 quam
2769 1500 2917 1570 plura
2964 1498 3046 1555 bis
3094 1498 3326 1564 similia,
3356 1513 3474 1569 quae

1893 1593 2071 1649 studio
2121 1593 2397 1650 brevitatis
2442 1608 2548 1649 non
2602 1595 2944 1649 inseruimus.
2991 1592 3158 1648 Filius
3204 1605 3329 1663 ergo
3380 1588 3476 1649 Dei

1895 1686 2054 1741 nullis
2093 1684 2457 1741 conditionum
2503 1685 2910 1742 necessitatibus
2938 1683 3247 1750 obstrictus,
3283 1683 3375 1737 sed
3407 1682 3474 1738 li-

214 1766 563 1834 relerendum,
596 1770 720 1839 quia
738 1770 1066 1839 evangelista
1086 1771 1348 1827 veraciter
1373 1771 1510 1826 dixit
1535 1774 1602 1828 de
1630 1772 1785 1840 Filio,

1902 1779 2017 1833 bcra
2067 1777 2361 1833 divinitatis
2406 1779 2663 1848 potentia,
2698 1777 2769 1831 ita
2801 1791 2921 1846 quae
2951 1782 3130 1831 nostra
3160 1782 3286 1829 sunt
3312 1776 3475 1829 mira-

209 1861 323 1931 quia
350 1859 625 1930 aqualem
658 1860 849 1925 Deo‘se
877 1861 1124 1917 faciebat.
1155 1862 1285 1917 ltem
1317 1863 1367 1917 in
1397 1863 1585 1918 eodem
1613 1863 1790 1919 Evan-

210 1952 339 2020 gelia
361 1955 630 2023 scriptum
657 1963 738 2009 est
766 1971 778 2006 ε
813 1954 1140 2024 Quaecunque
1161 1955 1318 2009 Pater
1358 1957 1500 2027 facit,
1543 1956 1717 2012 eadem
1743 1969 1792 2015 et

210 2043 366 2099 Filius
388 2048 513 2117 facit
539 2047 783 2101 similiter
815 2044 1006 2117 (Ibid.,
1037 2046 1165 2119 19)..
1182 2047 1265 2114 Et,
1292 2049 1424 2103 sicut
1452 2048 1609 2103 Pater
1630 2052 1791 2105 susci-

208 2144 275 2192 tat
303 2147 530 2193 mortuos
550 2147 609 2195 et
626 2139 879 2209 viviﬁcat,
910 2140 984 2194 ita
1009 2148 1058 2195 et
1088 2139 1259 2195 Filius
1295 2156 1421 2211 quos
1445 2140 1551 2195 vult
1571 2141 1790 2212 viviﬁcat

205 2227 383 2297 (lbid.,
403 2231 527 2301 21).
565 2231 723 2297 Item,
746 2240 805 2286 ut
831 2246 1004 2287 omnes
1034 2233 1365 2299 honori/irent
1407 2231 1619 2303 Filium,
1649 2233 1787 2289 sicut

207 2318 543 2391 honoriﬁcant
566 2320 780 2376 Patrem
804 2320 1003 2393 (lbid.,
1036 2323 1148 2395 ‘23).
1180 2323 1421 2395 Equalis
1444 2326 1586 2381 enim
1618 2324 1790 2381 honor

203 2426 303 2466 non
332 2413 435 2468 uisi
465 2414 771 2485 :equalibus
799 2413 1105 2472 exhibetur.
1134 2414 1267 2472 Item
1298 2416 1370 2472 ibi
1397 2416 1563 2473 Filius
1590 2416 1656 2472 ad
1682 2417 1784 2472 Pa-

206 2511 335 2561 trem
359 2507 498 2563 dicit
533 2527 548 2562 :
586 2508 999 2564 Omniameatua
1016 2510 1638 2582 sunt,ettuamea(loan.
1657 2525 1788 2581 xvtt,

204 2600 308 2669 ιε).
335 2602 468 2658 Item
489 2645 507 2671 ,
548 2602 824 2673 Philippe,
873 2605 960 2675 qui
991 2621 1068 2659 me
1100 2605 1235 2659 videt
1257 2648 1272 2672 ,
1311 2606 1445 2660 videt
1477 2616 1522 2661 et
1560 2603 1789 2660 Patrem.

204 2690 475 2757 Quomodo
499 2704 557 2749 tu
589 2693 754 2749 dicis:
785 2693 1010 2751 Ostende
1031 2696 1173 2751 nobis
1213 2693 1421 2751 Patrem
1454 2696 1632 2767 (Joan.
1673 2712 1788 2763 xiv,

196 2783 294 2855 ιιι
333 2785 451 2842 Hoc
486 2803 600 2841 non
645 2786 912 2853 dixisset,
943 2788 1065 2842 nisi
1096 2787 1240 2843 Patri
1271 2803 1368 2859 per
1394 2790 1574 2844 omnia
1606 2788 1792 2845 luisset

196 2877 443 2945 equalis.
480 2877 619 2932 Item
648 2878 765 2947 ipse
787 2878 1044 2933 Dominus
1074 2874 1209 2934 dixit
1240 2898 1255 2934 :
1280 2880 1499 2936 Creditis
1518 2882 1571 2935 in
1605 2881 1789 2950 Deum,

194 2975 239 3020 et
280 2969 335 3022 in
382 2984 471 3024 me
514 2970 706 3024 credite
746 2968 943 3042 (Ibid.,
992 2968 1067 3039 l).
1108 2969 1175 3025 Et
1226 2971 1399 3026 adhuc
1436 2978 1495 3026 ut
1532 2972 1792 3026 unitatem

195 3060 537 3128 aqualitatis
576 3059 999 3125 demonstraret,
1047 3061 1118 3114 ait
1157 3078 1171 3115 ε
1219 3061 1382 3115 Nemo
1425 3062 1565 3115 novit
1598 3061 1796 3115 Filium

1896 1870 1989 1925 bili
2020 1870 2215 1939 pietate
2261 1870 2578 1939 assumpsit,
2622 1876 2681 1923 ut
2730 1882 2759 1923 a
2787 1867 2900 1923 suis
2946 1881 3066 1937 qua
3100 1865 3277 1921 divina
3320 1874 3474 1932 sunt,

1895 1962 2116 2017 cumino
2160 1974 2265 2016 non
2296 1960 2569 2016 destiterit
2599 1977 2613 2013 :
2647 1961 2769 2029 quia
2800 1958 3061 2014 Divinitas
3092 1972 3190 2013 nec
3217 1972 3476 2027 augmen-

1898 2062 2009 2108 tum
2038 2051 2287 2117 admittit,
2335 2064 2435 2106 nec
2460 2050 2659 2120 patitur
2684 2048 3077 2104 detrimeutent.
3110 2047 3259 2104 Unde
3283 2047 3480 2118 gratias

1901 2147 2106 2217 agimus
2151 2143 2328 2199 eidem
2374 2141 2599 2214 [Comp.,
2659 2139 2791 2213 Deo]
2840 2141 3067 2197 Domino
3116 2149 3300 2195 nostro
3346 2138 3475 2195 Jesu

1902 2234 2135 2303 Christo,
2166 2234 2253 2304 qui
2286 2238 2505 2303 propter
2532 2245 2628 2287 nos
2658 2239 2713 2286 et
2735 2241 2953 2302 propter
2980 2240 3214 2286 nostram
3246 2229 3476 2285 salutem

1899 2327 1967 2383 de
1996 2325 2133 2383 ctelo
2171 2323 2484 2389 descendit,
2515 2336 2609 2377 sua
2642 2322 2891 2392 passione
2936 2335 3033 2376 nos
3078 2319 3334 2385 redemit,
3383 2334 3479 2375 sua

1898 2426 2071 2474 morte
2101 2414 2411 2479 vivillcavit,
2439 2429 2533 2469 sua
2564 2412 2879 2469 ascensione
2906 2410 3251 2484 gloriﬁcavit,
3281 2411 3369 2481 qui
3397 2422 3480 2467 se-

1900 2511 2035 2566 dens
2058 2508 2123 2563 ad
2143 2507 2414 2564 dexteram
2438 2504 2609 2561 Patris
2633 2513 2889 2560 venturus
2932 2510 3015 2559 εει
3049 2500 3291 2569 judicare
3335 2500 3481 2557 vivos

1900 2610 1954 2659 et
1984 2608 2243 2667 mortuos,
2276 2598 2436 2669 iustis
2465 2606 2677 2653 aeterna:
2706 2597 2831 2651 vita:
2862 2593 3139 2665 praemium
3172 2594 3477 2664 largiturus,

1900 2695 2081 2766 impiis
2118 2702 2279 2764 atque
2326 2690 2614 2747 incredulis
2646 2689 2835 2745 merita
2864 2687 3123 2759 supplicia
3154 2685 3479 2743 redditurus.

1971 2787 2033 2843 V.
2077 2784 2349 2842 Generatio
2379 2781 2526 2840 Filii.
2566 2812 2637 2823 —
2675 2779 2997 2837 Proﬁtemur
3041 2780 3219 2848 itaque
3265 2779 3479 2834 Patrem

1903 2884 1971 2940 de
1999 2884 2202 2953 seipso,
2248 2880 2349 2936 hoc
2381 2888 2461 2933 ost
2488 2877 2555 2933 de
2584 2891 2649 2933 eo
2686 2875 2825 2947 quod
2863 2876 2975 2944 ipse
3004 2883 3114 2939 εει,
3157 2872 3483 2942 sempiterno

1899 2986 2062 3046 atque
2101 2971 2445 3029 iueﬂabiliter
2483 2966 2679 3024 Filium
2708 2966 2992 3036 genuisse;
3023 2960 3222 3018 Filium
3254 2975 3361 3015 non
3389 2974 3485 3015 ex-

1903 3068 2189 3133 trinsecus,
2218 3062 2316 3137 [al.
2349 3059 2455 3133 vel]
2486 3076 2596 3117 non
2624 3074 2691 3116 ex
2725 3057 2914 3124 nihilo,
2954 3071 3059 3112 non
3087 3070 3152 3110 ex
3176 3052 3278 3109 alia
3307 3052 3486 3123 subja-

190 3149 289 3202 nisi
335 3148 511 3205 Pater
540 3189 557 3217 ,
600 3167 759 3219 neque
810 3150 1015 3205 Patrem
1054 3154 1167 3224 quis
1204 3153 1340 3207 novit
1389 3153 1489 3207 nisi
1532 3151 1723 3220 Filius,
1751 3162 1797 3207 et

1902 3167 2056 3216 eente
2083 3154 2328 3222 materia,
2351 3153 2445 3209 sed
2475 3168 2540 3208 ex
2572 3151 2682 3207 Deo
2702 3158 2884 3205 natum
2906 3162 3047 3203 esse.
3074 3146 3141 3202 Et
3163 3144 3252 3215 qui
3277 3143 3345 3200 de
3372 3142 3485 3198 Deo

189 3240 272 3292 cui
298 3242 536 3295 voluerit
580 3241 751 3297 Filius
792 3244 1017 3299 revelare
1064 3245 1282 3318 (Matth.
1306 3260 1384 3311 xi,
1404 3243 1520 3317 97).
1568 3245 1632 3301 Et
1661 3246 1799 3301 sicut

187 3329 362 3389 Filius
408 3334 511 3390 cui
556 3337 666 3401 vult
694 3337 898 3391 revelat
945 3337 1181 3407 Patrem,
1214 3340 1285 3394 ita
1328 3349 1382 3394 et
1412 3337 1568 3394 Pater
1596 3339 1800 3395 revelat

182 3425 411 3492 Filium,
440 3430 595 3483 sicut
617 3429 733 3499 ipse
770 3428 929 3485 Petro
958 3430 1032 3484 ait
1060 3433 1337 3486 conﬁtenti
1380 3448 1501 3487 eum
1530 3431 1800 3487 Christum

172 3515 388 3574 Filium
417 3518 531 3574 Dei
571 3521 675 3575 vivi
697 3534 819 3576 esse
846 3536 862 3574 :
893 3521 1078 3575 Beatus
1100 3539 1173 3587 es,
1202 3523 1384 3577 Simon
1407 3523 1655 3595 Barjonu,
1678 3523 1802 3593 quia

170 3625 299 3665 caro
324 3621 375 3664 et
402 3611 639 3677 sanguis
666 3626 764 3663 non
782 3611 1017 3664 rerelavit
1047 3612 1155 3677 tibi,
1186 3613 1272 3664 sed
1288 3610 1445 3665 Pater
1464 3628 1605 3665 meus
1634 3613 1721 3680 qui
1750 3614 1806 3665 in

169 3704 324 3759 cretis
365 3708 452 3756 est
504 3698 732 3769 (Matth.
778 3717 896 3770 xvi,
948 3702 1058 3772 l7).
1099 3702 1166 3756 Et
1207 3703 1399 3757 iterum
1428 3702 1593 3757 Filius
1626 3702 1802 3756 dicit:

178 3794 364 3849 Nemo
396 3792 561 3847 venit
582 3793 650 3845 ad
673 3790 879 3846 Patrem
901 3793 999 3847 nisi
1025 3809 1114 3862 per
1141 3810 1221 3847 me
1248 3791 1427 3864 (Joan.
1457 3808 1547 3847 Xiv
1565 3833 1579 3858 ,
1607 3792 1683 3863 6).
1718 3790 1806 3860 Et,

185 3886 364 3941 Nemo
405 3883 567 3937 vertit
596 3883 665 3936 ad
690 3899 788 3951 me,
819 3884 920 3939 nisi
943 3883 1098 3939 Pater
1125 3901 1286 3949 meus,
1316 3887 1402 3956 qui
1443 3886 1579 3939 misit
1600 3902 1696 3951 me,
1728 3893 1810 3939 at-

183 3978 417 4032 traxerit
466 3989 593 4029 eum
620 3973 797 4046 (Joan.
823 3992 874 4030 vt
897 4017 911 4042 ,
950 3976 1061 4047 44).
1093 3975 1121 4014 δ
1151 3974 1306 4033 Unde
1343 3977 1506 4032 claret
1538 3977 1808 4046 :rqualitas

186 4067 380 4124 Patris
423 4077 489 4122 et
539 4065 685 4131 Filii,
726 4081 845 4121 cum
886 4066 952 4121 ad
989 4081 1047 4123 se
1076 4067 1303 4123 invicem
1333 4067 1613 4123 credentes
1642 4067 1811 4123 addu-

181 4169 344 4215 cunt.
406 4159 556 4212 Item
607 4156 737 4211 dicit
779 4174 791 4209 :
837 4157 897 4213 Si
942 4159 1296 4229 cognovissetis
1345 4174 1461 4224 me,
1502 4168 1549 4212 et
1600 4157 1809 4213 Patrem

184 4262 370 4307 nicum
413 4250 608 4319 sitique
649 4250 1029 4321 cognovissetis,
1071 4260 1118 4306 et
1170 4252 1356 4305 amodo
1399 4252 1558 4306 nostis
1593 4267 1729 4320 eum,
1761 4259 1809 4305 et

184 4344 403 4398 vidistis
440 4356 571 4395 essm
598 4339 775 4410 (Joan.
809 4356 917 4406 xiv,
948 4341 1024 4406 '7).

255 4435 362 4491 IV‘.
412 4434 564 4488 Data
602 4433 659 4486 in
686 4430 890 4487 Christo
936 4441 1158 4489 naturis.
1190 4463 1259 4475 -—
1298 4433 1496 4489 Verum
1526 4435 1650 4505 quia
1678 4432 1810 4490 duas

1903 3257 2059 3305 natus
2087 3254 2189 3314 est,
2233 3261 2339 3300 non
2378 3242 2520 3300 aliud
2552 3249 2635 3298 est
2657 3255 2814 3311 quam
2845 3238 2898 3294 id
2929 3235 3070 3308 quod
3108 3236 3265 3292 Pater
3291 3243 3395 3302 est,
3429 3241 3486 3289 et

1901 3342 2102 3399 idcirco
2130 3339 2289 3394 unius
2319 3334 2633 3392 substantiae
2660 3340 2783 3390 est:
2817 3331 2941 3402 quia
2971 3329 3172 3384 veritas
3200 3325 3487 3382 nativitatis

1903 3434 2272 3492 diversitatem
2324 3444 2429 3485 non
2480 3427 2718 3484 admittit
2742 3425 2976 3495 generis.
3009 3420 3140 3478 Nam
3180 3419 3226 3476 si
3266 3417 3489 3475 alterius

1904 3542 1935 3583 a
1960 3526 2119 3581 Patre
2142 3522 2457 3577 substantiae
2479 3528 2583 3585 est,
2610 3526 2702 3571 aut
2726 3530 2886 3571 verus
2909 3512 3079 3568 Filius
3104 3525 3213 3566 non
3243 3520 3346 3574 est,
3374 3516 3487 3573 aut,

1876 3604 1881 3609 ’
1908 3615 2048 3686 quod
2091 3614 2241 3668 nefas
2271 3619 2353 3665 εει
2380 3610 2561 3666 dicere
2580 3650 2594 3674 ,
2637 3607 2872 3676 degener
2902 3612 3060 3658 natus
3090 3610 3192 3657 est.
3217 3600 3315 3654 Est
3341 3598 3487 3653 enim

1909 3685 2069 3761 verus
2090 3704 2290 3766 Filius,
2320 3702 2459 3756 sicut
2481 3700 2556 3754 ait
2580 3698 2813 3755 Joannes
2841 3713 2856 3750 :
2891 3692 2957 3749 Ut
2982 3694 3139 3747 simus
3167 3692 3220 3743 in
3247 3704 3360 3742 vero
3390 3685 3487 3740 Fi-

1909 3799 1980 3853 lio
2018 3798 2127 3868 ejus
2157 3794 2213 3863 (1
2232 3792 2393 3850 Joan.
2420 3809 2477 3859 v,
2507 3788 2630 3862 20).
2657 3787 2772 3845 Non
2795 3795 2878 3843 est
2905 3785 3063 3841 etiam
3088 3781 3340 3852 degener,
3365 3778 3487 3851 quia

1914 3893 2052 3947 Deus
2080 3904 2242 3945 verus
2268 3888 2336 3944 de
2358 3886 2469 3943 Deo
2497 3895 2655 3941 natus
2680 3891 2761 3939 est
2790 3896 2920 3937 vero
2939 3919 2956 3948 ,
2988 3879 3126 3934 sicut
3152 3875 3293 3931 idem
3323 3872 3489 3928 Joan-

1910 3998 2007 4040 nes
2052 3980 2380 4052 evangelista
2427 3976 2758 4047 exsequitur,
2795 3974 2981 4029 dicens
3024 3988 3039 4026 :
3088 3968 3188 4024 Hic
3238 3976 3309 4022 est
3350 3965 3489 4021 Deus

1908 4090 2053 4130 verus
2073 4084 2123 4130 et
2144 4074 2247 4128 vita
2271 4081 2462 4127 (eterna
2487 4068 2537 4141 (Ι
2548 4065 2701 4140 bid.).
2727 4065 2797 4121 Et
2818 4065 2937 4135 ipse
2964 4062 3220 4118 Dominis
3239 4059 3292 4114 in
3314 4057 3491 4113 Evan-

1909 4168 2049 4238 gelio
2080 4181 2096 4220 :
2122 4164 2233 4236 Ego
2255 4178 2393 4230 sum,
2414 4161 2607 4233 inquit,
2627 4160 2729 4225 via,
2752 4159 2935 4213 veritus
2956 4166 3005 4211 et
3028 4156 3131 4210 vita
3158 4150 3339 4224 (Joan.
3372 4164 3490 4216 xiv,

1910 4262 1944 4318 6
1962 4262 1999 4327 ).
2033 4257 2177 4328 Ergo
2200 4256 2245 4311 si
2266 4254 2483 4309 aliunde
2509 4251 2859 4308 substantiam
2894 4262 2999 4303 non
3029 4246 3218 4311 habet,
3243 4243 3310 4300 de
3332 4242 3492 4299 Patre

1913 4348 2115 4414 habet;
2144 4348 2189 4403 si
2219 4346 2289 4402 de
2325 4342 2483 4400 Patre
2524 4341 2704 4407 habet.
2745 4343 2899 4397 unius
2923 4347 3006 4395 est
3034 4336 3345 4393 substantia
3370 4347 3490 4389 cum

1913 4442 2091 4499 Patre.
2120 4438 2227 4497 Sed
2252 4438 2296 4494 si
2327 4436 2487 4494 unius
2508 4435 2822 4492 substantia
2842 4448 2949 4488 non
2979 4439 3063 4486 est
3085 4471 3099 4495 ,
3132 4443 3261 4500 ergo
3287 4440 3394 4481 non
3426 4425 3492 4483 de

184 4527 244 4583 in
279 4527 435 4583 Filio
470 4524 793 4596 proﬁtemur
819 4538 937 4580 esse
964 4534 1202 4592 naturas,
1230 4526 1284 4581 id
1314 4534 1398 4583 est
1425 4527 1591 4582 Deum
1622 4541 1807 4581 verum
1834 4516 1888 4583 Ι)
1911 4532 2093 4603 Patre,
2124 4531 2219 4589 sed
2242 4529 2461 4585 aliunde
2486 4538 2570 4583 est
2599 4543 2615 4583 :
2646 4525 2899 4597 quoniam
2929 4523 3073 4578 unde
3093 4528 3197 4587 est,
3223 4520 3347 4575 inde
3367 4516 3493 4571 sub-

186 4629 248 4678 et
262 4620 575 4677 hominem
600 4633 805 4683 verum,
824 4620 929 4690 25
949 4633 1141 4689 corpus
1162 4629 1216 4675 et
1234 4621 1465 4674 animam
1484 4620 1765 4675 habentem
1793 4636 1806 4673 :

187 4712 477 4785 quidquid
529 4711 601 4765 de
632 4720 657 4749 ε
688 4710 967 4765 excellenti
1016 4710 1353 4767 sublimitatis
1385 4698 1619 4783 potentia
1650 4711 1716 4767 de
1745 4726 1811 4769 eo

190 4804 458 4859 referunt
513 4800 839 4869 Scriptum,
888 4799 1215 4855 admiranda:
1258 4802 1375 4869 eius
1422 4800 1688 4856 divinitati
1717 4801 1812 4855 tri-

188 4896 492 4955 buendum
529 4893 793 4949 sentimus
816 4910 830 4947 :
852 4901 909 4948 et
928 4892 1179 4962 quidquid
1200 4893 1335 4946 intra
1366 4893 1621 4947 honorem
1650 4893 1817 4950 cmic-

190 4988 291 5043 stis
317 4985 606 5058 potentia:
624 4983 898 5039 deeodem
926 4982 1177 5037 humilius
1197 4984 1499 5049 enarratur,
1527 4998 1629 5037 non
1653 4983 1816 5040 verbo

192 5080 292 5136 Dei
322 5122 340 5146 ,
390 5077 508 5135 sed
563 5074 767 5130 homini
814 5083 1121 5145 reputemus
1169 5081 1464 5144 assumpto.
1512 5075 1816 5132 Secundum

190 5173 566 5228 divinitatem
580 5183 722 5248 ergo
747 5176 831 5224 est
860 5168 962 5224 hoc
989 5168 1130 5239 quod
1166 5167 1412 5237 superius
1440 5167 1700 5236 diximus,
1729 5170 1818 5227 ubi

266 5343 296 5370 ι
327 5334 632 5391 “lienam.
657 5339 705 5383 et
734 5329 984 5383 Divinitas
1015 5327 1296 5398 inqualitas.
1330 5327 1489 5398 Coll).
1515 5330 1566 5389 l.
1602 5327 1801 5384 Divini.

194 5413 275 5456 tas
315 5401 647 5459 ostendatur
682 5400 913 5470 aequalis.
947 5399 1010 5453 Et
1043 5395 1210 5470 infra,
1231 5395 1430 5470 Διῖείο-ἱη
1463 5396 1638 5465 Patre,
1676 5410 1804 5465 εις..

188 5475 419 5541 Chil'ﬂ.,
454 5474 618 5539 Bign.
639 5480 692 5541 et
719 5467 1012 5541 Bald._cum
1040 5468 1194 5522 Coll).
1223 5468 1274 5530 1,
1305 5467 1810 5541 Rhettaun,_|tabgttt

188 5537 596 5598 solummodo.
640 5539 748 5611 Ego
783 5550 830 5593 et
872 5539 1023 5611 Pater
1053 5554 1209 5591 unum
1244 5553 1433 5591 sumus.
1467 5537 1631 5593 Laud.
1655 5580 1671 5605 ,
1703 5540 1808 5611 Ego

189 5617 243 5668 in
275 5615 542 5669 Patre...
576 5608 695 5683 ego
716 5615 921 5683 enimget
951 5608 1127 5683 Pater,
1156 5617 1259 5683 εις.

264 5685 295 5723 δ
336 5687 546 5751 Mart,
574 5676 725 5736 Ciilb.
755 5683 806 5747 l,
831 5681 972 5745 Ful.,
996 5677 1484 5751 Germ.,llhcnan.,
1505 5676 1801 5751 Lerjchius,

188 5767 249 5815 et
276 5747 570 5817 OrtltOdL,
604 5752 749 5807 Unde
777 5753 931 5806 claret
957 5750 1295 5804 wanalitaiem
1325 5747 1496 5802 Putris
1520 5757 1564 5802 et
1590 5747 1711 5802 Filii
1739 5751 1806 5805 ad

1912 4624 2161 4681 stantiam
2193 4622 2387 4677 habeat
2412 4633 2636 4676 necesse
2664 4626 2767 4673 est.
2794 4615 2985 4672 Omnia
3018 4614 3158 4668 enim
3191 4626 3254 4667 ex
3287 4608 3455 4664 nihilo
3477 4649 3493 4674 ,

1914 4715 2079 4771 Filius
2109 4726 2239 4767 vero
2265 4711 2332 4765 de
2363 4712 2540 4765 Patre.
2574 4708 2650 4762 De
2676 4706 2882 4761 duobus
2911 4703 3073 4771 eligat
3098 4703 3325 4771 quisque
3347 4698 3491 4768 quod

1913 4806 2070 4871 velit,
2101 4811 2195 4858 aut
2221 4801 2312 4857 det
2332 4801 2385 4857 el
2409 4797 2760 4854 substantiam
2785 4795 2854 4852 de
2896 4795 3085 4863 Patre,
3128 4801 3219 4848 aut
3262 4792 3493 4846 fateatur

1918 4912 1984 4954 ex
2013 4896 2185 4952 nihilo
2215 4892 2542 4950 substitisse.
3352 4966 3360 4973 .

1993 4987 2083 5043 Vl.
2112 4986 2339 5043 Solvitur
2363 4982 2601 5058 objectio.
2629 5009 2699 5022 -—-
2718 4979 2825 5036 Sed
2856 4976 3225 5051 propheticum
3278 4973 3495 5030 forsitan

1924 5079 2180 5151 obiicitur
2208 5075 2573 5134 testimonium
2600 5091 2614 5131 :
2645 5070 3033 5130 Generationem
3068 5071 3176 5140 ejus
3210 5068 3324 5139 quis
3351 5083 3497 5120 επεν.

1925 5172 2062 5227 rabit
2092 5169 2248 5225 llsai.
2277 5184 2390 5237 LIII,
2421 5168 2524 5242 8)?
2549 5167 2683 5224 Cum
2723 5165 2833 5239 [al.
2870 5162 3029 5236 ergo]
3068 5176 3168 5233 ego
3208 5176 3315 5217 non
3346 5161 3495 5216 dixe-

1916 5348 1970 5385 se
1998 5331 2209 5385 invicem
2236 5331 2492 5386 credentes
2517 5330 2793 5384 adducere.

1992 5412 2013 5439 ε
2048 5401 2222 5467 Mart.,
2249 5400 2456 5466 Gerus,
2482 5395 2865 5468 Comp.,Ful.,
2895 5404 2949 5450 et
2971 5393 3218 5468 0rthod.,
3251 5394 3497 5468 excellen-

1915 5472 1999 5525 tis.
2028 5471 2183 5525 Colb.
2212 5466 2273 5534 Vl,
2306 5466 2655 5525 excellentius.
2689 5466 3003 5531 Lorichius,
3035 5466 3319 5520 excellentis
3340 5466 3496 5518 subli-

1915 5542 2105 5595 mitatis
2153 5542 2429 5608 potentiaz,
2478 5549 2624 5604 etc.,
2673 5537 2739 5608 Et
2770 5537 2929 5608 inira
2985 5535 3344 5608 admirandis,
3391 5544 3497 5590 etc.

1915 5610 2091 5668 Mart..
2126 5606 2333 5675 Germ,
2364 5606 2577 5679 Comp.,
2606 5607 2930 5676 Lorichius.,
2954 5615 3009 5663 et
3037 5607 3183 5674 Ful.,
3210 5606 3277 5661 ad
3305 5619 3497 5660 memo-

1915 5681 2132 5736 randum
2161 5683 2273 5752 ejus
2295 5680 2632 5735 divinitatem.
