4082 6320
648 278 753 335 223

1919 265 2225 327 VICTORIS
2263 263 2559 323 manens
2883 284 2891 291 -
3140 226 3163 322 β
3776 278 3854 339 ευ

602 436 609 445 .
652 392 757 449 rim
811 410 823 448 :
865 391 1067 448 Enarra
1112 387 1242 446 mihi
1280 388 1496 445 modum
1543 388 1628 444 vel
1672 386 1979 463 qualitatem
2024 384 2217 441 divinae
2245 381 2301 443 Λ
2325 380 2444 436 dem
2474 380 2610 436 Filio
2632 379 3053 449 dicitzauicum
3079 383 3146 439 sit
3172 385 3624 458 splendorglorita,
3648 397 3691 441 et
3717 392 3855 463 ﬁgura

609 540 613 549 ,
654 483 1028 554 generationis,
1054 491 1109 537 et
1133 479 1264 536 tanti
1284 479 1477 537 secreti
1495 493 1749 535 arcanum
1770 477 2018 534 humanis
2044 477 2223 533 verbis

606 560 613 649 ξ
655 576 887 640 cnuntia,
913 572 1159 653 quoniam
1182 571 1323 629 unde
1348 580 1504 627 natus
1533 570 1623 637 sit,
1646 586 1753 627 non
1773 568 2219 641 quemadmodum

610 734 617 739 _
656 676 807 722 natus
834 665 903 720 sit
929 663 1199 735 requisivi.
1230 663 1419 721 Divina
1448 664 1591 719 enim
1628 662 1905 735 generatio
1949 663 2218 719 inenarra-

655 757 775 814 bilis
814 764 923 822 est,
965 770 1073 811 non
1120 755 1445 827 ignorabilis.
1480 754 1613 810 Nam
1655 770 1821 825 usque
1846 754 1981 809 adeo
2004 768 2110 809 non
2140 763 2225 809 est

609 840 617 924 .‘
655 846 995 919 ignorabitis,
1026 845 1076 902 id
1106 854 1190 901 est
1219 860 1326 901 non
1356 846 1629 916 ignoratur
1657 844 1800 901 unde
1828 844 1920 912 sit,
1952 854 2009 900 ut
2034 853 2089 900 ct
2117 844 2222 899 Pa-

659 947 740 993 ter
759 937 828 994 de
854 938 1031 1007 seipso
1059 937 1341 1008 genuisse,
1371 946 1422 992 ct
1452 936 1619 992 Filius
1662 936 1728 993 de
1766 937 1923 993 Patre
1956 950 2015 992 se
2044 944 2225 991 natum

658 1028 953 1097 saepissime
984 1035 1329 1097 protestetur,
1356 1027 1497 1098 quod
1527 1028 1707 1083 nullus
1746 1027 1964 1083 omnino
2006 1025 2227 1098 ambigit

612 1188 613 1191 η
656 1115 1021 1185 Christianus,
1061 1119 1199 1174 sicut
1238 1118 1294 1173 in
1342 1118 1635 1189 Evangelio
1663 1119 2077 1186 demonstratur,
2107 1119 2225 1189 ipso

658 1212 795 1268 Filio
824 1212 1034 1267 dicente
1078 1229 1091 1265 :
1139 1212 1238 1277 Qui
1274 1220 1444 1266 autem
1471 1228 1570 1266 non
1601 1212 1783 1278 credit,
1809 1216 1923 1285 jam
1959 1211 2227 1281 judicatus

659 1316 753 1371 est,
775 1305 897 1375 quia
918 1320 1018 1358 non
1042 1304 1197 1358 credit
1218 1304 1269 1357 in
1289 1305 1490 1359 nomine
1509 1304 1754 1375 unigeniti
1782 1302 1909 1357 Filii
1932 1304 2028 1358 Dei
2044 1302 2224 1376 (Joan.

658 1410 741 1462 tn,
775 1396 881 1465 id).
905 1396 1031 1450 ltem
1061 1394 1293 1450 Joannes
1319 1393 1642 1465 evangelista
1674 1395 1801 1450 dicit
1828 1412 1841 1449 :
1875 1396 1980 1466 26
2008 1394 2076 1450 Et
2100 1395 2231 1448 vidi-

659 1503 771 1540 mus
798 1486 1013 1557 gloriam
1040 1489 1171 1555 ejus,
1203 1487 1420 1557 gloriam
1442 1497 1680 1559 tanquam
1712 1487 1973 1559 Unigeniti
2009 1504 2042 1541 a
2069 1487 2231 1543 Patre

666 1578 842 1648 (Joan.
880 1595 919 1645 ι,
953 1579 1064 1648 ll).
1094 1579 1236 1647 Ergo
1263 1580 1648 1647 professionem
1680 1588 1915 1634 nostram
1940 1578 2089 1635 brevi
2118 1593 2233 1634 ser-

618 1744 625 1749 .
663 1683 821 1723 mone
851 1660 1234 1743 concludimus.
1270 1670 1495 1741 [Laud.,
1529 1668 1704 1741 Sicut]
1737 1671 1790 1727 Si
1824 1685 1948 1726 vere
1977 1670 2043 1726 de
2074 1670 2231 1726 Patre

2288 526 2291 527 ν
2325 474 2623 528 substantia:
2665 478 2775 547 ejus
2820 474 3013 547 (Hebr.
3041 492 3089 542 ι,
3131 475 3195 548 5)
3235 495 3251 533 :
3288 478 3343 534 in
3374 495 3482 550 quo
3520 481 3795 540 evidentius
3816 499 3858 545 et

2327 576 2627 624 comternus
2657 568 2835 636 Patri,
2887 577 2940 625 ct
2983 569 3354 640 inseparabilis
3380 588 3409 627 a
3440 572 3630 641 Patre,
3660 585 3711 631 et
3735 581 3861 637 unius

2327 675 2446 718 cum
2473 676 2539 716 eo
2565 675 2687 717 esse
2711 662 3025 718 substantia:
3050 664 3390 734 perdocetur,
3427 665 3556 721 dum
3586 667 3684 723 luci
3711 671 3863 740 splen-

2330 751 2431 807 dor
2458 766 2671 823 semper
2691 761 2774 809 cst
2793 761 3114 819 coaeternus,
3142 754 3269 810 dum
3299 756 3559 825 splendor
3578 773 3608 813 a
3635 758 3730 831 [al.
3750 761 3862 833 luce]

2329 844 2823 915 luminenunquam
2850 853 2929 917 est
2959 854 3256 921 separatus,
3286 848 3413 905 dum
3438 850 3684 918 Splendor
3710 868 3738 907 a
3763 854 3861 911 luce

2336 945 2358 974 ε
2393 943 2580 989 natura
2622 934 2705 990 vel
2745 935 3042 991 substantia
3070 951 3339 1007 nunquam
3369 947 3546 1009 potest
3572 955 3689 997 esse
3721 942 3866 999 diver-

2330 1040 2442 1081 sus.
2474 1025 2575 1092 Qui
2608 1025 2751 1081 enim
2779 1026 3035 1096 splendor
3060 1027 3197 1084 lucis
3221 1029 3333 1098 estf,
3367 1029 3510 1087 idem
3540 1039 3595 1087 et
3616 1032 3704 1089 Dei
3726 1033 3867 1090 Patris

2330 1118 2500 1173 virtus
2536 1125 2619 1173 est
2661 1134 2676 1173 :
2719 1118 3079 1188 sempiternus
3103 1134 3232 1191 ergo
3256 1129 3475 1191 propter
3505 1122 3709 1179 virtutis
3733 1133 3867 1181 ater-

2332 1212 2551 1266 nitatem
2574 1250 2591 1275 ,
2624 1210 2993 1281 inseparabilis
3018 1220 3244 1282 propter
3272 1213 3603 1270 claritudinis
3627 1215 3867 1273 unitatem.

2300 1354 2301 1357 η
2331 1302 2400 1371 Et
2434 1301 2536 1358 hoc
2563 1312 2645 1358 est
2676 1301 2816 1371 quod
2848 1316 2946 1358 nos
2973 1301 3204 1359 ﬁdeliter
3249 1303 3579 1374 proﬁtemur,
3612 1306 3786 1362 Filium
3820 1307 3872 1364 ds

2333 1394 2506 1450 Patris
2535 1394 2830 1449 substantia
2860 1402 3075 1460 natum;
3106 1395 3243 1451 sicut
3269 1395 3381 1466 ipse
3402 1396 3559 1453 Pater
3589 1397 3723 1453 Dens
3748 1413 3873 1468 aper.

2335 1487 2599 1544 tissimum
2647 1486 2895 1557 perhibet
2922 1487 3310 1543 testimonium.
3342 1488 3443 1556 Qui
3472 1497 3535 1544 ut
3561 1488 3633 1545 de
3657 1504 3744 1545 sua
3766 1489 3875 1547 inel-

2332 1578 2510 1635 labilis
2565 1586 2771 1634 naturae
2816 1579 3114 1635 substantia
3158 1580 3433 1650 proprium
3482 1595 3541 1636 se
3587 1580 3766 1636 Filium
3804 1595 3875 1651 κο·

2333 1670 2515 1726 nuisse
2541 1677 2885 1737 monstraret,
2909 1668 2975 1724 ad
2997 1669 3365 1725 instruendam
3393 1669 3697 1740 fragilitatis
3713 1681 3877 1727 nostra

662 1767 817 1813 natus
843 1769 949 1827 est,
985 1759 1140 1816 unius
1166 1760 1479 1817 substantiae
1507 1770 1615 1828 est,
1648 1771 1700 1817 et
1737 1762 1841 1833 [al.
1882 1762 2035 1834 vere]
2071 1777 2231 1819 verus
2263 1754 2307 1814 Β
2336 1761 2655 1831 imperitiam
2677 1804 2691 1829 ,
2726 1769 2784 1817 ut
2814 1776 2911 1817 nos
2953 1775 3020 1817 ex
3057 1759 3355 1816 visibilibus
3395 1760 3462 1816 ad
3492 1760 3771 1817 invisibilia
3793 1761 3876 1817 cri-

612 1890 617 1891 κ
660 1852 826 1909 Filius
847 1862 957 1919 est;
982 1853 1073 1907 sed
1095 1853 1139 1909 si
1169 1854 1322 1909 unius
1350 1854 1663 1910 substantia:
1694 1870 1799 1909 non
1830 1863 1930 1921 est,
1957 1868 2055 1909 nec
2073 1870 2229 1910 verus

659 1943 825 1999 Filius
849 1953 963 2010 est;
992 1953 1044 1999 et
1072 1945 1117 1999 si
1142 1960 1300 2000 verus
1322 1946 1370 2000 .F
1377 1946 1495 2002 ilius
1522 1961 1628 2001 non
1654 1956 1755 2013 est,
1781 1961 1880 2003 nec
1902 1961 2060 2002 verus
2089 1946 2231 2003 Deus

658 2043 760 2090 cst.
788 2036 892 2090 Aut
919 2034 965 2089 si
996 2050 1153 2091 verus
1183 2036 1325 2092 Deus
1354 2046 1432 2090 est
1452 2077 1467 2100 ,
1508 2047 1563 2092 et
1593 2047 1768 2093 tamen
1796 2038 1863 2092 de
1894 2037 2069 2093 Patris
2098 2038 2227 2094 sub-

614 2114 619 2123 ’
656 2126 849 2180 stantia
879 2113 981 2180 non
1006 2136 1115 2193 est,
1158 2127 1423 2197 ingenitus
1462 2140 1589 2197 ergo
1619 2137 1671 2182 et
1701 2128 1814 2198 ipse
1843 2135 1944 2182 est.
1970 2128 2074 2184 Sed
2104 2129 2229 2199 quia

657 2219 923 2288 ingenitus
953 2237 1057 2276 non
1088 2229 1189 2289 cst,
1218 2220 1421 2276 factura
1449 2236 1578 2292 ergo
1608 2230 1711 2289 est,
1742 2231 1797 2276 ut
1826 2220 1955 2293 [al.,
1980 2221 2228 2294 putetur]

659 2319 894 2381 putatur,
924 2311 1139 2367 aliunde
1182 2312 1516 2378 subsistens,
1558 2314 1603 2367 si
1632 2312 1699 2369 de
1729 2313 1901 2369 Patris
1937 2315 2230 2370 substantia

660 2418 765 2457 non
792 2412 893 2458 est.
927 2402 1032 2458 Sed
1061 2403 1201 2459 absit
1231 2403 1331 2459 hoc
1362 2405 1431 2459 ita
1472 2404 1715 2461 credere.
1752 2405 1859 2462 Nos
1889 2408 2031 2463 enim
2077 2409 2232 2464 unius

620 2570 623 2575 ί
660 2495 971 2552 suh5tantia:
995 2512 1115 2552 cum
1144 2498 1298 2554 Patre
1320 2498 1513 2555 Filium
1540 2500 1874 2570 proﬁtemur,
1905 2502 2231 2560 detestantes

601 2625 605 2629 ρ
661 2590 1019 2647 Sabellianam
1067 2590 1312 2648 hmrcsim
1334 2632 1349 2658 ,
1380 2594 1609 2665 qumita
1648 2602 1886 2650 sanctam
1915 2594 2228 2651 Trinitatem

628 2676 629 2679 “
660 2682 968 2750 contundit,
1003 2693 1059 2740 ut
1099 2686 1344 2741 eumdem
1372 2686 1514 2742 dicat
1555 2702 1677 2743 esse
1717 2687 1928 2743 Patrem
1956 2703 2113 2759 quem
2145 2688 2230 2742 Fi-

662 2773 791 2828 lium
815 2813 830 2842 ,
863 2774 1220 2848 eamdemque
1260 2777 1446 2832 credat
1488 2793 1607 2833 esse
1656 2778 1909 2849 Spiritum
1949 2786 2188 2833 sanetum
2212 2819 2228 2846 ,

662 2882 767 2921 non
794 2882 1013 2923 servans
1037 2878 1147 2924 tres
1180 2870 1230 2924 in
1263 2870 1462 2925 unitate
1491 2885 1764 2941 personas.

621 3020 630 3027 _
731 2956 840 3014 VII.
873 2956 1096 3027 lngeniti
1125 2967 1171 3013 et
1199 2959 1355 3030 geniti
1380 2962 1552 3015 eadem
1574 2961 1873 3017 substantia.
1905 2991 1974 3002 —
1996 2961 2101 3017 Sed
2124 2960 2232 3017 for-

622 3050 797 3123 _sitan
828 3050 1075 3120 objicitnr
1120 3069 1133 3105 :
1176 3052 1307 3108 Cum
1360 3053 1627 3124 ingenitus
1665 3053 1823 3110 Pater
1865 3055 1966 3123 sit,
2016 3056 2230 3126 genitus

2334 1862 2507 1924 geret,
2538 1862 2765 1909 terrente
2793 1853 3086 1909 nativitatis
3112 1853 3428 1909 vocabulum
3448 1853 3514 1909 ad
3534 1854 3728 1911 divintc
3745 1869 3876 1925 gene-

2333 1946 2557 2002 rationis
2608 1947 2767 2000 trarit
2810 1946 3142 2015 exemplum,
3170 1944 3355 2000 dicens
3398 1962 3412 2000 :
3464 1945 3543 2000 Ex
3606 1954 3745 2001 utero
3784 1956 3877 2000 ante

2334 2040 2602 2110 luciferum
2630 2038 2781 2107 genui
2823 2045 2871 2092 te
2900 2037 3035 2107 (Ps.
3066 2052 3183 2105 crx,
3214 2035 3304 2108 5).
3350 2036 3486 2105 Quid
3522 2037 3749 2103 clarius,
3774 2035 3877 2106 quid

2333 2130 2656 2187 lneulentius
2687 2130 2838 2186 cil‘ari
2868 2129 3128 2186 Divinitas
3168 2129 3515 2201 dignaretur?
3544 2129 3743 2197 Quibus
3767 2129 3877 2185 indi-

2333 2223 2447 2289 ciis,
2481 2222 2673 2293 quibus
2708 2221 3049 2278 existentium
3094 2237 3273 2278 rerum
3319 2222 3584 2293 exemplis
3617 2222 3877 2294 proprieta-

2336 2324 2440 2370 tem
2470 2314 2831 2384 generationis
2861 2314 3032 2385 potuit
3058 2314 3339 2381 intimare,
3369 2328 3529 2386 quam
3556 2324 3619 2371 ut
3656 2331 3742 2385 per
3766 2314 3875 2371 uteri

2334 2405 2747 2476 appellationem
2779 2405 3160 2477 proprietatem
3190 2402 3218 2443 ά
3249 2404 3524 2477 genitricis
3565 2404 3878 2462 ostenderet?

2335 2512 2439 2553 non
2466 2498 2589 2569 quia
2621 2497 2897 2567 corporeis
2918 2497 3243 2567 compositus
3271 2504 3355 2554 est
3373 2496 3656 2565 membris,
3688 2505 3770 2552 aut
3792 2495 3874 2552 ali-

2337 2590 2532 2659 quibus
2575 2599 2784 2645 artuum
2824 2589 3161 2646 lineamentis
3187 2589 3500 2655 distinctus;
3532 2589 3637 2645 sed
3663 2589 3774 2660 quia
3800 2600 3879 2644 nos

2336 2679 2488 2734 aliter
2501 2680 2778 2735 veritatem
2796 2678 2989 2734 divina:
3004 2678 3365 2750 generationis
3381 2676 3565 2733 auditu
3579 2678 3768 2733 mentis
3783 2690 3879 2746 per-

2333 2772 2514 2839 cipere
2536 2784 2641 2824 non
2672 2784 2972 2840 possemus,
2991 2769 3090 2825 nisi
3107 2768 3324 2823 humani
3341 2768 3474 2823 uteri
3499 2780 3879 2839 provocaremur

2336 2862 2615 2930 vocabulo,
2635 2862 2896 2932 utambigi
2917 2861 3053 2917 ultra
3073 2876 3175 2917 non
3190 2868 3387 2931 posset,
3404 2859 3471 2916 de
3485 2861 3582 2917 Dei
3615 2858 3875 2916 substantia

2337 2961 2514 3007 uatum
2543 2967 2693 3018 esse,
2730 2967 2886 3022 quem
2907 2959 3116 3007 constat
3139 2966 3204 3006 ex
3235 2951 3406 3007 Patris
3436 2960 3589 3007 utero
3623 2952 3877 3008 exstitisse.

2407 3045 2511 3115 27
2537 3042 2666 3098 Vill.
2690 3042 2916 3097 lndivisa
2936 3042 3034 3096 Dei
3053 3042 3356 3097 substantia.
3379 3070 3451 3083 —
3465 3041 3756 3099 Credentcs
3774 3054 3877 3110 ergo

660 3140 825 3197 Filius
845 3182 860 3208 ,
906 3158 1011 3198 non
1058 3145 1172 3200 ﬁeri
1204 3159 1362 3214 posse
1400 3161 1561 3200 unam
1600 3147 1952 3218 eamdemque
1983 3149 2228 3203 summa.
2254 3127 2301 3192 C
2335 3134 2501 3189 Deum
2530 3134 2739 3189 Patrem
2764 3134 2831 3190 de
2859 3148 2955 3189 sua
2984 3133 3276 3189 substantia
3294 3133 3695 3204 impassibiliter
3714 3134 3877 3188 Filium

661 3235 787 3291 tiam
817 3237 977 3306 geniti
1007 3246 1166 3309 atque
1194 3238 1412 3307 ingeniti
1446 3255 1459 3291 :
1492 3253 1611 3293 cum
1639 3240 1819 3307 utique
1839 3241 1882 3294 si
1917 3241 2056 3296 sicut
2085 3240 2234 3311 inge—

624 3396 625 3399 η
661 3328 802 3383 nitus
831 3329 989 3384 Pater
1018 3338 1133 3398 est,
1166 3331 1435 3400 ingenitus
1481 3339 1625 3386 esset
1664 3331 1861 3396 Filius,
1910 3339 2035 3387 tunc
2064 3336 2233 3405 magis

660 3416 871 3477 diversa
916 3427 1095 3493 posset
1124 3434 1245 3475 esse
1282 3420 1577 3493 substantia
1598 3462 1613 3488 ,
1642 3422 1765 3492 quia
1797 3423 2158 3494 unusquisque
2202 3440 2232 3479 a

624 3584 629 3591 ~
660 3514 837 3584 scipso
867 3514 1161 3570 subsistens
1184 3529 1519 3571 communem
1547 3515 1894 3572 substantiam
1921 3533 2042 3573 cum
2063 3519 2233 3575 altera

660 3621 766 3662 non
794 3606 1037 3662 haberet.
1068 3604 1201 3662 Cum
1226 3622 1352 3663 vero
1374 3608 1642 3678 ingenitus
1666 3608 1826 3663 Pater
1854 3608 1923 3665 de
1949 3610 2147 3680 scipso,
2180 3610 2236 3665 id
2276 3601 2297 3616 ⁶

659 3705 743 3754 est
781 3697 850 3754 de
888 3712 952 3754 eo
978 3698 1119 3768 quod
1157 3698 1273 3768 ipse
1316 3708 1399 3753 cst
1420 3739 1436 3766 ,
1470 3706 1497 3735 ι
1527 3700 1572 3754 si
1599 3698 1725 3770 quid
1756 3699 1882 3755 illud
1904 3710 1985 3756 est
2014 3701 2232 3758 antdici

661 3791 1007 3859 potest(imo
1037 3792 1156 3861 quia
1208 3800 1263 3845 ut
1310 3800 1394 3846 est
1437 3792 1543 3847 dici
1572 3792 1790 3848 omnino
1838 3808 1942 3848 non
1989 3794 2230 3865 potest),

626 3938 633 3945 ,
664 3881 854 3936 Filium
884 3883 1181 3950 generavit,
1213 3892 1430 3952 apparet
1457 3898 1613 3937 unam
1637 3899 1756 3940 esse
1785 3885 2048 3955 gignentis
2076 3887 2231 3957 geni-

662 3973 810 4044 tique
834 3972 1182 4028 substantiam
1202 4012 1218 4040 ,
1248 3974 1370 4043 quia
1402 3974 1566 4028 Deum
1594 3974 1660 4030 de
1692 3975 1826 4041 Deo,
1857 3976 2034 4032 lumen
2063 3978 2129 4033 dc
2154 3978 2234 4032 lu-

662 4067 805 4121 mine
850 4065 1042 4120 Filium
1075 4078 1193 4120 esse
1220 4066 1484 4121 veraciter
1510 4067 1838 4135 proﬁtemur.
1884 4068 2014 4122 Nam
2058 4069 2228 4125 lucem

662 4172 783 4212 esse
820 4158 1029 4212 Patrem
1069 4157 1297 4213 Joannes
1340 4158 1614 4227 apostolus
1658 4159 1807 4214 testis
1853 4170 1962 4229 est,
1997 4160 2180 4217 dicens
2216 4180 2227 4216 :

666 4249 801 4316 Quia
829 4248 964 4302 Deus
986 4249 1076 4303 lux
1101 4258 1207 4315 est,
1254 4260 1301 4303 et
1328 4248 1541 4303 tenebra:
1571 4253 1621 4303 in
1651 4267 1707 4304 eo
1737 4266 1839 4305 non
1870 4264 1987 4306 sunt
2024 4253 2143 4306 ulla:
2178 4252 2233 4324 (1

662 4340 817 4395 Joan.
847 4359 893 4407 ι,
923 4340 1042 4412 54).
1076 4339 1206 4396 Item
1238 4340 1304 4396 de
1334 4342 1471 4395 Filio
1498 4342 1573 4397 ait
1603 4359 1617 4396 :
1653 4342 1717 4397 Et
1754 4344 1853 4397 vita
1875 4352 1979 4397 erat
2006 4344 2096 4398 lux
2134 4344 2230 4397 lio-

663 4434 886 4498 minum,
934 4444 981 4487 et
1019 4435 1109 4486 lux
1152 4434 1205 4487 in
1245 4434 1459 4488 tenebris
1487 4434 1616 4488 lucet
1635 4477 1649 4501 ,
1680 4445 1724 4489 et
1752 4439 1966 4491 tenebrat
1987 4454 2100 4491 eam
2127 4454 2227 4492 non

2335 3245 2643 3301 generasse,
2673 3246 2778 3285 non
2809 3230 3036 3285 dicimus
3075 3230 3244 3299 ipsam
3280 3228 3636 3284 substantiam
3661 3237 3746 3284 aut
3771 3226 3880 3281 divi-

2335 3337 2449 3377 sam
2480 3336 2600 3378 esse
2640 3323 2692 3376 in
2733 3322 2887 3388 Filio,
2930 3329 3021 3375 aut
3063 3320 3473 3375 diminutionem
3529 3320 3804 3390 pertulisse
3838 3315 3879 3370 in

2339 3414 2529 3479 Patre;
2554 3421 2607 3467 et
2637 3428 2732 3481 per
2761 3412 2862 3467 hoc
2892 3410 3157 3481 passionis
3185 3411 3423 3481 potuisse
3451 3410 3580 3464 vitio
3613 3410 3878 3479 subiacere.

2335 3504 2487 3559 Absit
2516 3503 2656 3559 enim
2686 3518 2717 3557 a
2760 3502 2932 3568 nobis,
2964 3512 3020 3557 ut
3049 3502 3172 3556 talia
3204 3501 3289 3557 vel
3326 3500 3637 3570 opinemur,
3665 3501 3744 3556 vel
3766 3496 3881 3566 cogi.

2336 3606 2532 3661 temns,
2573 3595 2655 3651 vel
2690 3593 2971 3650 credamus
3012 3592 3081 3647 de
3112 3592 3262 3648 Deo:
3299 3591 3422 3661 quia
3476 3606 3573 3647 nos
3618 3590 3881 3661 perlectum

2336 3689 2574 3753 Patrem,
2606 3686 2898 3755 perlectum
2930 3682 3121 3738 Filium
3143 3682 3261 3738 sine
3282 3682 3364 3738 sui
3394 3681 3767 3748 diminutione,
3786 3679 3884 3733 sine

2334 3781 2510 3851 aliqua
2536 3778 2884 3841 derivatione,
2914 3776 3031 3830 sine
3058 3774 3202 3830 omni
3232 3773 3452 3828 omnino
3481 3772 3744 3841 passionis
3764 3768 3885 3824 inlit-

2334 3876 2521 3930 mitatc
2558 3872 2808 3944 genuisse
2836 3870 3062 3924 lideliter
3090 3867 3420 3938 proﬁtemur.
3451 3864 3581 3919 Nam
3612 3865 3702 3936 qui
3730 3860 3885 3931 objicit

2338 3968 2467 4035 Deo,
2497 3965 2636 4036 quod
2662 3965 2706 4019 si
2737 3964 2802 4018 de
2829 3964 3009 4032 scipso
3056 3960 3255 4031 genuit,
3282 3958 3561 4015 divisionis
3581 3958 3766 4013 vitium
3788 3968 3889 4024 pcr-

2305 4060 2473 4124 _tulit,
2506 4065 2679 4128 potest
2723 4056 2901 4111 dicere
2931 4055 3051 4123 quia
3083 4060 3139 4107 et
3179 4052 3417 4106 laborem
3458 4050 3655 4115 sensit,
3702 4044 3887 4118 quando

2336 4153 2581 4209 universa
2610 4146 2869 4215 condidit,
2908 4154 2963 4202 et
3000 4146 3070 4200 ob
3113 4144 3215 4200 hoc
3247 4144 3334 4198 die
3379 4143 3608 4225 septima
3661 4140 3727 4196 ab
3765 4136 3886 4193 omni

2334 4260 2497 4313 opere
2526 4257 2621 4297 suo
2643 4239 2921 4310 requievit.
2965 4236 3068 4293 Sed
3097 4249 3195 4290 nec
3224 4235 3276 4288 in
3305 4232 3614 4304 generando
3645 4231 3711 4287 de
3732 4229 3888 4297 seipse

2335 4330 2751 4407 possit-"ncm‘vel
2778 4329 3183 4384 diminutionem
3215 4326 3447 4395 aliquam
3495 4322 3691 4389 sensit,
3723 4334 3814 4376 nec
3844 4316 3891 4372 in

2334 4426 2611 4484 condendo
2668 4424 2917 4478 universa
2972 4419 3336 4489 fatigationem
3393 4417 3627 4486 aliquam
3675 4412 3887 4484 pertulit.

630 4579 635 4585 ,
663 4525 1143 4596 comprehenderunt
1172 4524 1348 4594 (Joan.
1370 4528 1426 4591 τ,
1459 4527 1514 4592 4,
1550 4526 1633 4597 5).
1672 4527 1734 4581 Et
1760 4527 1897 4581 infra
1928 4545 1943 4582 :
1981 4527 2104 4582 Erat
2151 4527 2232 4582 lu.
2260 4503 2314 4564 Ῐ)
2336 4522 2573 4588 Namque
2597 4525 2654 4571 ut
2679 4512 2978 4571 evidentius
3017 4511 3173 4567 nobis
3198 4509 3394 4565 divina:
3417 4505 3783 4579 generationis
3808 4505 3892 4557 imo

667 4635 776 4672 men
802 4634 990 4681 verum,
1018 4618 1154 4688 quod
1180 4618 1437 4673 illuminat
1459 4636 1654 4674 omnem
1675 4620 1926 4674 hominem
1958 4621 2229 4676 uenientem

665 4713 716 4767 in
747 4712 879 4765 hunc
905 4712 1146 4764 mundum
1176 4710 1360 4781 (Ibid.,
1392 4713 1476 4781 9).
1514 4712 1661 4769 Unde
1692 4722 1913 4783 apparet
1943 4714 2153 4770 Patrem
2179 4724 2233 4771 ct

666 4805 855 4860 Filium
903 4804 1057 4858 unius
1090 4818 1215 4859 esse
1252 4804 1593 4870 substantiae,
1627 4804 1751 4859 dum
1780 4805 1914 4860 lucis
1944 4817 1995 4859 et
2018 4805 2232 4861 luminis

662 4895 873 4950 diversa
900 4910 1002 4949 non
1036 4903 1209 4963 potest
1233 4909 1350 4948 esse
1380 4896 1673 4969 subStantia
1712 4895 1850 4964 ejus,
1888 4897 2232 4965 scilicetqna:

662 4987 730 5042 de
755 5002 812 5043 se
838 4988 1039 5058 gignit,
1071 4996 1120 5041 et
1153 5002 1270 5056 qum
1311 4985 1338 5023 ιι
1381 4987 1447 5043 dc
1476 5002 1533 5041 se
1561 4990 1809 5058 gignente
1838 4990 2035 5044 existit.
2073 4990 2229 5043 Deni-

662 5095 764 5151 que
792 5095 859 5135 ne
886 5078 1079 5148 aliquis
1124 5079 1261 5133 inter
1302 5078 1515 5134 Patrem
1557 5089 1610 5133 ct
1650 5080 1836 5134 Filium
1866 5080 2229 5135 diversitatem

664 5171 918 5227 naturalis
969 5170 1183 5227 luminis
1225 5169 1554 5237 introducat,
1589 5171 1710 5226 ideo
1737 5172 2019 5241 Apostolus
2050 5171 2115 5226 dc
2141 5187 2233 5228 co-

664 5377 686 5408 ε
738 5385 763 5413 α
794 5375 1089 5442 Loricbins,
1134 5375 1195 5430 Si
1230 5374 1433 5447 quidem
1474 5373 1602 5428 illud
1633 5383 1724 5447 aut
1762 5375 1863 5447 dici
1907 5383 2102 5445 potest,
2132 5378 2235 5429 imo

666 5446 784 5517 quia
809 5457 863 5499 ut
897 5448 995 5501 dici
1021 5447 1222 5501 omnino
1258 5463 1357 5500 non
1388 5453 1583 5517 potest,
1615 5446 1718 5501 etc.
1748 5446 1915 5503 Rhea.
1958 5455 2016 5501 ut
2055 5456 2235 5502 nostra

667 5516 819 5579 edit.,
848 5518 947 5571 nisi
968 5519 1103 5587 quod
1132 5533 1226 5585 pro
1255 5517 1455 5587 omnino
1480 5516 1645 5587 habet
1673 5517 1861 5587 omnia.

636 5608 643 5621 τ
712 5599 716 5603 ’
740 5586 765 5624 ιι
794 5590 849 5641 1η
877 5584 1143 5659 pler—isque
1168 5589 1314 5643 deest
1338 5603 1409 5641 se.
1433 5585 1711 5641 Lorichius
1736 5584 1894 5641 habet
1918 5587 1979 5641 de
2006 5588 2237 5660 gignente

667 5667 880 5715 constat.

743 5742 765 5773 ε
794 5730 943 5793 Coll).
978 5732 1030 5796 l,
1059 5734 1304 5789 naturalis
1328 5730 1643 5789 substantia.
1676 5728 1829 5792 Mart.
1857 5729 2079 5788 ctOrth.
2111 5743 2230 5785 cum
2271 5805 2300 5813 ἡ

2337 4612 2656 4685 possibilitas
2687 4619 2709 4646 ο
2741 4602 3218 4667 demonstraretur,
3269 4602 3438 4657 Deum
3481 4615 3547 4656 es
3574 4600 3687 4655 Deo
3733 4598 3891 4652 lumen

2338 4706 2504 4777 [Lor.,
2540 4700 2630 4772 de]
2659 4716 2723 4755 ex
2753 4698 2952 4752 lumine
2983 4695 3170 4749 Filium
3200 4690 3552 4763 proﬁtendum
3583 4689 3891 4777 accepimus.

2314 4776 2391 4856 Si
2420 4812 2546 4868 ergo
2578 4797 2627 4849 in
2655 4790 2940 4861 efﬁcientia
2963 4788 3185 4843 visibilis
3206 4800 3268 4841 ac
3284 4784 3542 4857 mundani
3570 4781 3786 4838 luminis
3806 4776 3893 4832 tale

2336 4890 2536 4961 aliquid
2568 4886 2859 4948 invenitur,
2884 4891 2941 4938 ut
2980 4881 3181 4936 lumine
3210 4895 3274 4934 ex
3322 4878 3523 4934 lumine
3572 4884 3808 4944 sumpto,
3850 4878 3895 4923 et

2338 5000 2433 5056 per
2457 4978 2740 5053 quamdam
2782 4972 3143 5047 generationis
3174 4969 3503 5025 nativitatem
3548 4976 3759 5027 exorto,
3799 4961 3896 5058 ipsa

2338 5075 2553 5133 luminis
2583 5070 2753 5140 origo,
2786 5082 2904 5139 qua:
2927 5081 2989 5121 ex
3021 5080 3079 5118 se
3106 5063 3286 5118 lumen
3318 5058 3462 5113 aliud
3490 5057 3659 5124 dedit,
3695 5067 3792 5109 nec
3815 5057 3894 5105 nn-

2341 5169 2454 5234 nui,
2489 5180 2585 5222 nec
2614 5164 2780 5219 ullum
2812 5159 3027 5216 omnino
3052 5156 3425 5214 detrimentum
3450 5148 3741 5208 ministrati
3765 5162 3827 5201 ex
3853 5154 3901 5197 se

2342 5372 2610 5435 Lorichio,
2634 5372 2816 5424 natura
2837 5383 2894 5422 ac
2916 5364 3212 5421 substantia.
3240 5361 3451 5435 Comp.,
3476 5358 3721 5434 splendor
3746 5373 3776 5409 a
3808 5355 3903 5408 lue:

2340 5464 2399 5500 ac
2427 5434 2725 5497 substantia.
2755 5439 3019 5503 llhenan.,
3043 5446 3224 5509 n_ntu_ra
3246 5434 3555 5509 subsgntiw.
3771 5498 3782 5509 .
3852 5494 3863 5503 .

2411 5513 2437 5551 ἀ
2466 5514 2661 5569 Omnes
2684 5505 3213 5582 IttSS.,pt‘:13lch(_)l_b.
3246 5504 3265 5555 1
3290 5511 3342 5582 et
3365 5502 3532 5582 Port.,
3550 5502 3902 5582 generationis,

2341 5587 2475 5642 sicut
2505 5594 2559 5638 et
2583 5571 3073 5637 editiones-veteres
3101 5573 3343 5630 llbcnani
3368 5582 3421 5627 et
3443 5571 3699 5627 Lorichii.

2414 5635 2852 5727 ε”ιξιὶιιίζηαοιιλ
2890 5650 2947 5717 a,
3000 5648 3269 5714 llhenan.,
3322 5642 3597 5702 Lorichius
3639 5648 3697 5698 et
3732 5635 3901 5703 omn

2340 5727 2679 5803 insinuantur
