4082 6320
229 393 325 452 225
749 393 756 400 ’
1150 389 1238 449 DE
1273 378 1790 447 PERSECU'I‘IONE
1830 373 2218 475 YANDALICA
2254 379 2381 438 LIB.
2422 379 2509 437 III.
3354 374 3462 441 εἶθ

228 499 429 562 luminis
474 496 674 571 perpeti
727 484 935 572 [linem
968 498 1273 571 contingat]
1323 497 1496 570 potuit
1530 512 1544 551 :
1583 500 1780 567 quanto
1806 492 1860 555 Α
1886 490 2129 560 νιιι,25).
2154 493 2262 564 28
2282 491 2728 563 Superlerebatur
2743 498 2918 550 autem
2935 490 3167 566 Spiritus
3185 476 3276 552 Dei
3298 510 3460 564 super

228 597 412 656 rectius
438 601 492 651 et
520 592 712 650 melius
741 592 807 650 de
835 592 1006 650 divini
1036 604 1091 651 et
1133 592 1417 651 ineﬁ‘abilis
1448 589 1661 647 luminis
1692 602 1788 644 na-

228 700 334 747 tura
358 685 675 744 credendum
706 696 806 754 est,
837 686 979 758 quod
1002 702 1067 743 ex
1088 687 1163 744 sei
1173 701 1262 758 psa
1295 685 1473 741 lumen
1498 696 1783 752 generans,

228 766 384 840 minui
409 780 626 837 omnino
648 792 753 834 non
782 779 984 849 potuit?
1006 777 1159 836 Unde
1179 777 1399 849 aqualis
1429 785 1512 832 est
1532 774 1673 831 Patri
1699 772 1789 829 Fi-

228 874 322 931 lius
346 888 450 929 non
479 880 636 927 natus
662 886 729 928 es
767 878 1032 954 tempore,
1076 870 1170 926 sed
1201 867 1436 941 gignenti
1464 874 1785 931 coaeternus,

227 966 352 1022 sicut
375 961 624 1033 Splendor
648 960 865 1033 ab.igne
891 959 1120 1031 genitus,
1145 958 1384 1029 gignenti
1417 954 1791 1011 manifestatur

227 1070 496 1128 aequemus.
542 1052 670 1109 Ilaec
708 1051 775 1108 de
813 1051 986 1107 Patris
1018 1058 1073 1106 et
1104 1049 1227 1105 Filii
1258 1047 1580 1119 mqualitate,
1614 1042 1696 1100 vel
1724 1040 1793 1098 de

227 1147 522 1204 substantia:
566 1145 793 1210 unitate,
842 1147 1101 1213 quantum
1148 1138 1425 1197 brevitatis
1469 1136 1604 1192 ratio
1641 1133 1790 1202 sivit,

227 1235 410 1292 dixisse
436 1232 689 1289 sufﬁciat.

288 1326 375 1383 IX.
402 1325 631 1396 Spiritus
660 1333 867 1379 sanctus
904 1331 976 1378 est
1016 1320 1165 1376 Patri
1206 1329 1253 1376 et
1298 1317 1440 1374 Filio
1465 1314 1795 1373 consubstan-

227 1420 372 1478 tialis.
401 1448 471 1459 —
502 1417 762 1488 Superest
787 1426 845 1472 ut
866 1414 1065 1487 aliquid
1087 1413 1153 1470 de
1176 1412 1378 1482 Spiritu
1402 1417 1607 1477 sancto,
1636 1422 1794 1478 quem

226 1508 359 1567 Patri
394 1523 455 1564 ac
500 1507 643 1563 Filio
664 1500 1174 1563 consubstantialem
1219 1502 1508 1567 credimus,
1548 1511 1796 1569 coaequa—

228 1601 323 1658 lem
351 1608 405 1656 et
440 1607 771 1655 coaeternum
803 1597 1065 1667 dicamus,
1098 1605 1151 1652 et
1179 1593 1495 1651 testimoniis
1539 1590 1800 1663 approbe-

228 1708 354 1749 mus.
387 1691 532 1747 Licet
562 1690 705 1746 enim
734 1688 849 1745 hmo
878 1686 1177 1745 veneranda
1202 1686 1440 1742 Trinitas
1468 1683 1712 1755 personis
1736 1696 1799 1738 ac

228 1784 514 1842 nominibus
535 1781 906 1848 diStincta'sit,
941 1796 1046 1835 non
1071 1789 1249 1835 tamen
1273 1779 1340 1834 ob
1372 1778 1474 1834 hoc
1503 1791 1534 1831 ει
1560 1790 1619 1830 se
1640 1784 1798 1845 atque

1888 596 2078 654 aquas,
2110 592 2291 655 utpote
2310 592 2541 653 creator,
2567 583 2760 642 virtute
2781 585 3031 657 potentia
3049 599 3162 642 sua:
3183 582 3462 639 continens

1889 686 2222 737 creaturam:
2252 685 2309 733 ut
2349 692 2414 733 ex
2445 677 2528 734 bis
2558 677 2676 734 viva
2707 679 2883 735 omnia
2924 679 3298 751 producturus,
3349 677 3464 750 ipse

1889 771 2113 827 rudibus
2142 771 2169 811 δ
2202 772 2450 829 elementi
2476 772 2638 842 signis
2665 773 2879 843 propria
2910 774 3141 830 fomenta
3167 783 3464 848 prastaret,

1889 870 1944 920 et
1974 862 2082 933 jam
2111 871 2237 919 tunc
2267 863 2521 936 mysterio
2548 863 2811 921 emicante
2857 864 3191 936 baptismatis
3214 866 3466 925 virtutem

1890 954 2326 1012 sanctiﬁcationis
2370 956 2593 1027 liquoris
2647 966 2832 1012 natura
2880 957 3203 1029 perciperet,
3232 958 3329 1033 [αι.
3362 961 3469 1032 pri-

1892 1042 2164 1115 mamque]
2199 1047 2472 1117 primaque
2494 1046 2560 1101 ad
2585 1046 2744 1101 vitam
2768 1060 2993 1116 corpora
3016 1047 3248 1103 animata
3278 1052 3471 1121 prodo-

1893 1146 2059 1203 ceret,
2084 1136 2247 1193 David
2290 1137 2512 1209 proinde
2544 1138 2651 1194 Deo
2683 1137 2975 1209 aspirante,
3010 1148 3269 1196 testatur:
3308 1138 3471 1195 Verbo

1811 1269 1823 1280 .
1895 1226 2104 1283 Domini
2133 1230 2244 1284 caeli
2258 1230 2458 1299 firmati
2478 1238 2614 1297 sunt,
2640 1238 2686 1285 et
2716 1229 2915 1302 Spiritu
2934 1230 3037 1285 oris
3053 1232 3165 1303 ejus
3191 1232 3352 1286 omnis
3369 1233 3471 1286 uir-

1894 1328 1973 1376 tus
2000 1336 2173 1375 eorum
2203 1319 2374 1392 (Psal.
2406 1337 2581 1387 sun,
2614 1320 2690 1393 6).
2719 1320 2854 1378 Vide
2880 1335 3044 1393 quam
3075 1321 3229 1393 plena
3254 1323 3322 1379 sit
3352 1322 3474 1380 bre-

1896 1413 2054 1481 vitas,
2096 1422 2150 1470 et
2198 1428 2354 1483 quam
2381 1413 2526 1470 clare
2568 1413 2622 1470 in
2670 1423 3060 1471 sacramentum
3093 1424 3115 1455 ο
3148 1413 3364 1471 unitatis
3390 1428 3477 1472 re-

1896 1503 2086 1561 currit.
2131 1504 2347 1562 Patrem
2393 1506 2445 1561 in
2489 1504 2739 1573 Domino;
2779 1506 2834 1562 in
2885 1505 3038 1562 Verbi
3090 1507 3476 1579 signiﬁcatione
3526 1508 3534 1517 “

1898 1594 2092 1653 Filium
2142 1611 2376 1668 ponens;
2420 1596 2677 1668 Spiritum
2707 1608 2950 1654 sanctum
2995 1597 3247 1655 Altissimi
3295 1614 3358 1655 es
3391 1616 3478 1657 ore

1901 1688 2246 1758 nuncupavit.
2269 1688 2335 1743 Et
2365 1703 2432 1744 ne
2460 1690 2606 1745 vocis
2636 1688 2800 1745 editio
2829 1689 3166 1760 acciperetur
3201 1691 3253 1747 in
3291 1691 3477 1760 Verbo,

1903 1781 2067 1836 cmlos
2097 1795 2189 1849 per
2216 1795 2337 1835 eum
2361 1782 2553 1838 asserit
2577 1798 2696 1840 esse
2717 1784 2976 1842 ﬁrmatos.
3006 1786 3081 1843 Ne
3107 1798 3284 1842 autem
3314 1794 3481 1843 status

228 1893 256 1936 a
280 1891 368 1933 sua
385 1874 687 1930 teternitate
709 1873 1013 1942 discrepare
1035 1870 1432 1935 credenda‘eSt;
1456 1867 1548 1923 sed
1579 1878 1799 1921 manens
1829 1863 1877 1925 Β
1901 1867 1929 1907 ά
1960 1870 2013 1926 in
2056 1871 2255 1942 Spiritu
2286 1880 2582 1941 putaretur,
2614 1873 2851 1929 caelestis
2887 1876 2940 1930 in
2971 1891 3035 1930 eo
3065 1876 3275 1931 virtutis
3314 1876 3482 1945 pleni-

228 1979 342 2025 ante
384 1966 584 2021 saecula
620 1964 868 2020 divinitas
908 1965 961 2018 in
998 1962 1174 2028 Patre,
1208 1972 1263 2017 et
1301 1961 1459 2029 Filio,
1507 1968 1559 2015 et
1597 1958 1800 2027 Spiritu

228 2070 421 2125 sancto,
451 2074 583 2115 vere
617 2073 678 2113 ac
711 2058 927 2128 proprie
963 2055 1221 2122 creditur,
1256 2070 1354 2110 nec
1384 2053 1547 2109 dividi
1598 2053 1800 2107 nostris

229 2150 750 2223 interpretationibus
787 2159 984 2220 potest,
1018 2163 1117 2204 ncc
1156 2162 1339 2203 rursus
1364 2160 1513 2199 versa
1556 2145 1607 2198 in
1642 2157 1800 2196 unam

229 2257 500 2313 personam
540 2239 782 2297 Trinitas
809 2240 922 2309 ipsa
957 2237 1231 2294 confundi.
1281 2236 1403 2290 llarc
1443 2234 1574 2288 ﬁdes
1621 2234 1797 2303 plena,

230 2334 335 2390 haec
366 2344 552 2389 nostra
583 2330 866 2388 credulitas
895 2342 995 2387 est.
1030 2332 1233 2386 Idcirco
1258 2330 1387 2384 deos
1428 2344 1525 2383 nec
1547 2326 1800 2381 mstimari

226 2428 466 2499 patimur,
516 2440 619 2481 nec
661 2425 869 2491 vocari;
907 2424 1000 2478 sed
1030 2440 1192 2479 unum
1238 2424 1398 2478 Deum
1440 2423 1490 2476 in
1538 2420 1802 2489 praedictis

222 2522 456 2590 personis
481 2534 556 2574 ac
578 2517 879 2575 nominibus
899 2516 1236 2572 conﬁtemur.
1258 2514 1639 2571 lnenarrabilis
1661 2515 1800 2568 enim

221 2611 505 2680 Divinitas,
537 2627 641 2666 non
670 2619 726 2666 ut
749 2609 993 2666 concludi
1036 2617 1128 2665 aut
1159 2608 1483 2680 apprehendi
1531 2607 1677 2663 velut
1707 2623 1797 2660 vo-

226 2704 422 2762 cabulis
453 2713 664 2774 posset,
696 2690 835 2758 intra
866 2703 1080 2757 nomina
1114 2716 1477 2772 personasque
1509 2716 1567 2755 se
1594 2699 1805 2769 prtesti-

231 2796 317 2851 tit:
347 2795 442 2851 sed
472 2805 533 2850 ut
565 2794 617 2849 id
639 2795 777 2865 quod
807 2803 922 2849 erat
958 2809 1078 2849 esse
1127 2801 1459 2860 nosceretur,
1506 2791 1804 2860 intelligen-

230 2888 349 2943 tiam
379 2890 462 2945 sui
492 2904 559 2944 ex
591 2898 761 2959 parte,
795 2903 951 2958 quam
974 2901 1170 2957 capere
1212 2887 1457 2941 humana:
1489 2887 1685 2940 mentis
1711 2898 1805 2938 an-

233 2980 419 3051 gustiae
451 2980 829 3051 praevalebant,
863 2978 1206 3034 credentibus
1233 2977 1401 3042 dedit,
1440 2976 1697 3046 propheta
1726 2974 1806 3030 di-

232 3082 419 3126 cente:
458 3070 576 3125 Nisi
595 3069 930 3133 credideritis,
956 3077 980 3104 α
1007 3084 1105 3121 non
1138 3068 1428 3138 intelligetis
1452 3065 1599 3134 (Isai.
1629 3082 1719 3130 vn,
1748 3065 1802 3131 9,

229 3178 326 3216 sec.
356 3160 544 3231 LXX).
571 3160 683 3216 Una
713 3169 796 3215 est
816 3158 956 3230 ergo'
971 3158 1248 3214 Trinitatis
1268 3159 1458 3225 deitas,
1483 3166 1536 3213 et
1565 3157 1615 3212 in
1646 3156 1805 3227 hujus

1904 1963 2140 2018 tudinem
2181 1963 2589 2020 demonstravit.
2630 1965 2762 2022 Nam
2803 1968 2893 2022 ubi
2935 1968 3116 2036 virtus,
3149 1968 3220 2023 ibi
3263 1983 3482 2023 necesse

1902 2063 1985 2110 est
2014 2068 2238 2122 persona
2269 2054 2593 2121 subsistens;
2618 2056 2704 2110 ubi
2728 2057 2911 2125 omnis,
2937 2074 3041 2113 non
3070 2056 3244 2113 ablata
3274 2074 3301 2110 a
3331 2058 3482 2113 Patre

1903 2153 1957 2199 et
1988 2144 2146 2211 Filio,
2175 2144 2268 2199 sed
2302 2156 2668 2201 consummata
2697 2147 3025 2217 signiﬁcatur
3049 2148 3101 2203 in
3130 2147 3329 2219 Spiritu
3360 2163 3483 2202 san-

1906 2246 1993 2292 cto
2024 2254 2035 2289 :
2062 2253 2167 2292 non
2193 2246 2249 2292 ut
2288 2238 2433 2293 solus
2466 2239 2655 2294 habent
2688 2241 2827 2311 quod
2858 2241 2910 2296 in
2943 2241 3101 2298 Patre
3128 2250 3182 2297 ct
3206 2240 3339 2298 Filio
3377 2250 3481 2309 est,

1903 2331 1997 2387 sed
2030 2343 2083 2385 ut
2114 2340 2280 2386 totum
2310 2331 2501 2388 habeat
2522 2348 2640 2389 cum
2674 2342 2920 2404 utroque.

1977 2422 2067 2479 XI.
2104 2423 2223 2478 Tres
2254 2441 2482 2493 persona:
2503 2426 2555 2478 in
2581 2442 2683 2479 uno
2713 2425 2933 2479 nomine.
2962 2456 3030 2466 —
3056 2425 3120 2482 Et
3151 2426 3341 2483 iterum
3363 2441 3483 2482 cum

1906 2514 1972 2571 de
2016 2515 2295 2571 vocatione
2363 2516 2600 2584 gentium
2656 2516 2911 2573 Dominus
2965 2517 3289 2588 loqueretur,
3339 2521 3477 2573 intra

1907 2622 2068 2661 unum
2104 2607 2403 2661 Divinitatis
2440 2621 2632 2663 nomen
2666 2608 2927 2680 (Patrem,
2969 2609 3158 2665 Filium
3190 2610 3263 2682 et)
3310 2610 3482 2682 Spiri-

1909 2707 2019 2756 tum
2066 2711 2307 2755 sanctum
2350 2701 2667 2771 prardicans,
2699 2703 2772 2757 ait
2808 2720 2819 2755 :
2868 2702 3059 2757 Euntes
3086 2704 3260 2758 docete
3310 2720 3483 2759 omnes

1905 2804 2096 2863 gentes,
2129 2795 2438 2864 baptizantes
2461 2811 2545 2849 eos
2570 2796 2622 2848 in
2646 2796 2845 2849 nomine
2869 2793 3039 2849 Patris
3068 2805 3114 2849 et
3142 2793 3269 2849 Filii
3288 2805 3334 2849 et
3366 2795 3486 2866 Spi-

1906 2883 2035 2937 ritus
2075 2886 2235 2939 sancti
2282 2884 2495 2955 (Matth.
2550 2900 2743 2953 xxvttt,
2795 2884 2975 2955 19).Et
3016 2885 3206 2940 iterant
3252 2885 3487 2943 cmlestia

1907 2972 2197 3031 Corinthiis
2220 2977 2514 3046 pra‘dicans
2531 2979 2838 3049 Apostolus,
2871 2977 2985 3033 haec
3006 2977 3241 3033 subdidit
3265 2994 3280 3033 :
3309 2977 3489 3033 Gratia

1909 3067 2118 3124 Domini
2148 3071 2309 3124 nostri
2338 3069 2461 3125 Jesu
2487 3069 2699 3136 Christi,
2726 3080 2773 3123 et
2802 3071 2987 3123 caritas
3022 3069 3133 3135 Dei,
3165 3078 3211 3123 ct
3258 3085 3484 3122 commu-

1907 3163 2096 3218 nicatio
2115 3164 2281 3218 sancti
2306 3162 2530 3233 Spiritus
2556 3179 2670 3216 cum
2697 3161 2927 3217 omnibus
2957 3160 3092 3215 vobis
3129 3158 3178 3232 (Ι
3209 3160 3327 3215 Cor.
3372 3174 3486 3226 xm,

229 3253 481 3309 vocabuli
507 3253 865 3323 appellatione
894 3251 1215 3321 signiﬁcatio
1242 3261 1323 3306 est
1362 3251 1520 3306 unius
1559 3250 1808 3305 substan-
1835 3233 1880 3298 C
1910 3254 2025 3325 25).
2060 3255 2128 3310 Et
2168 3264 2226 3309 ut
2267 3255 2505 3326 apertius
2539 3256 2594 3309 in
2642 3254 2741 3310 bac
2768 3253 3029 3310 Trinitate
3067 3253 3321 3309 unitatem
3363 3253 3487 3309 sub-

228 3345 334 3410 tizc,
379 3360 489 3399 non
537 3345 695 3398 unius
744 3358 1007 3413 personae.
1067 3341 1145 3395 Ad
1191 3356 1348 3412 quam
1400 3355 1512 3395 rem
1562 3340 1809 3395 ﬁdelibus

225 3435 682 3508 comprobaudam
732 3436 785 3490 in
834 3434 1199 3490 testimonium
1252 3433 1332 3487 sui
1386 3432 1645 3486 Diviuitas
1691 3431 1806 3500 ipsa

223 3531 407 3585 multis
426 3540 483 3584 et
511 3527 849 3583 creberrimis
872 3524 1347 3581 contestationibus
1385 3539 1593 3593 semper
1620 3522 1807 3578 adfuit.

223 3621 415 3677 Liceat
458 3634 587 3688 ergo
627 3618 905 3673 brevitatis
950 3615 1267 3683 compendio
1307 3631 1373 3669 ex
1419 3616 1601 3670 multis
1643 3628 1823 3683 pauca.

222 3712 500 3784 proferre,
539 3709 787 3779 quoniam
814 3706 909 3780 [αι.
938 3705 1087 3778 vere]
1126 3721 1249 3760 vera
1283 3705 1529 3776 probatio
1562 3705 1814 3773 majesta-

222 3804 317 3870 tis,
352 3802 568 3857 tametsi
592 3799 751 3855 liabet
779 3798 1139 3869 pluralitatem
1165 3797 1611 3861 testimoniorum,
1638 3796 1815 3866 plura-

225 3894 379 3950 litate
398 3901 578 3947 tamen
602 3904 709 3947 non
732 3889 954 3958 indiget,
978 3888 1229 3959 quoniam
1251 3885 1487 3943 credenti
1513 3900 1679 3957 pauca
1706 3885 1815 3941 suf-

229 3986 438 4042 ﬁciunt.

299 4078 370 4134 Χ.
398 4077 682 4147 Scripturis
713 4075 975 4144 probatur.
1004 4103 1074 4113 —
1104 4072 1337 4129 Primum
1370 4074 1527 4143 igitur
1558 4074 1625 4130 de
1656 4074 1816 4131 Vete-

233 4172 309 4228 ris
327 4171 657 4247 Testanqenti
686 4169 839 4225 libris
861 4169 1197 4240 postmodum
1220 4169 1377 4224 etiam
1400 4167 1556 4234 Novi,
1578 4169 1809 4239 Patrem,

236 4261 452 4326 Filium,
482 4270 537 4317 ct
580 4260 837 4331 Spiritum
885 4268 1127 4315 sanctum
1164 4261 1317 4316 unius
1346 4261 1655 4316 docebimus
1694 4276 1814 4318 esse

236 4354 568 4422 substantiae,
601 4354 740 4409 libro
761 4351 985 4410 Genesis
1004 4353 1085 4409 sic
1114 4352 1401 4409 inchoante
1425 4372 1439 4410 :
1471 4352 1537 4407 In
1559 4355 1812 4426 principio

239 4448 352 4517 fecit
382 4444 524 4500 Deus
554 4445 731 4499 caelum
763 4455 809 4501 et
847 4454 1075 4513 terram;
1102 4456 1237 4500 terra
1266 4455 1432 4500 autem
1460 4455 1566 4501 erat
1594 4447 1816 4501 invisibi-

240 4540 320 4607 lis,
349 4550 392 4593 et
424 4540 782 4609 incomposita,
814 4548 858 4593 et
882 4540 1097 4594 tenebrae
1127 4550 1269 4595 erant
1290 4557 1442 4611 super
1466 4540 1723 4611 abyssum,
1766 4550 1813 4595 et

1911 3348 2121 3403 stantia:
2153 3346 2437 3415 fateamur,
2469 3346 2599 3403 illud
2646 3347 2805 3403 etiam
2850 3346 3005 3402 nobis
3034 3356 3115 3402 est
3152 3345 3483 3416 intuendum,

1912 3440 2180 3511 quomodo
2208 3439 2369 3507 Deus,
2402 3454 2524 3495 cum
2562 3438 2628 3494 de
2660 3438 2842 3495 mundi
2872 3447 2926 3494 et
2962 3437 3192 3493 nominis
3219 3438 3489 3493 creatione

1912 3531 2240 3600 disponeret,
2281 3539 2673 3587 sacramentum
2730 3529 3005 3586 Trinitatis
3047 3529 3363 3593 ostenderit,
3409 3526 3489 3584 di-

1914 3635 2041 3676 cens
2067 3638 2079 3672 :
2125 3617 2397 3673 Faciamus
2426 3619 2683 3672 hominem
2722 3620 2788 3672 ad
2817 3620 3087 3689 imaginem
3121 3628 3167 3672 et
3194 3618 3491 3673 similitudi-

1916 3727 2027 3764 nem
2056 3718 2278 3763 nostram
2308 3708 2460 3778 (Cen.
2491 3723 2528 3775 ι,
2552 3707 2664 3777 26).
2685 3705 2815 3762 Cum
2833 3707 2961 3761 dicit
2987 3717 3229 3775 nostram,
3258 3707 3492 3762 ostendit

1917 3803 2099 3874 utique
2128 3818 2233 3856 non
2263 3801 2450 3867 unius;
2482 3814 2604 3856 cum
2630 3814 2759 3855 vero
2793 3799 3065 3869 intaginem
3105 3807 3152 3854 et
3199 3799 3492 3854 similitudi-

1916 3884 2059 3961 nem,
2093 3904 2117 3931 θ
2148 3892 2351 3964 profert
2398 3891 2789 3963 :equalitatem,
2834 3889 3204 3945 distinctiones
3243 3903 3493 3961 persona-

1916 4001 2036 4041 rum
2067 3986 2330 4049 insinuat;
2362 3992 2421 4037 ut
2448 3982 2502 4038 in
2523 3981 2713 4038 eodem
2735 3995 2900 4053 opere
2919 3981 2989 4037 sit
3017 3980 3287 4037 Trinitatis
3311 3991 3492 4052 aperta

1916 4075 2168 4146 cognitio,
2204 4075 2256 4130 in
2288 4088 2394 4146 quo
2428 4088 2525 4130 nec
2555 4074 2833 4146 pluralitas
2863 4072 2958 4145 [αι.
2989 4071 3171 4145 causa]
3207 4088 3355 4129 cassa
3387 4082 3490 4143 est,

1917 4187 2016 4228 nec
2045 4169 2339 4227 similitudo
2374 4168 2719 4235 dissentiens,
2748 4168 2873 4224 dum
2902 4175 2957 4223 et
2992 4167 3370 4238 consequentia
3417 4167 3494 4223 sic

1917 4264 2242 4334 loquuntur:
2275 4260 2343 4316 Et
2372 4260 2501 4314 dixit
2529 4257 2691 4326 Dens,
2720 4268 2775 4314 et
2810 4259 2928 4330 fecit
2957 4255 3117 4324 Reus,
3149 4265 3202 4313 ct
3242 4257 3494 4312 benedixit

1886 4408 1889 4409 ν
1918 4353 2056 4410 Deus
2076 4352 2231 4425 (Gen.
2258 4349 2319 4423 ι).
2354 4351 2421 4406 Ει
2444 4365 2663 4407 necesse
2692 4358 2775 4406 est
2805 4359 2863 4404 ut
2892 4347 3179 4404 creationis
3221 4347 3382 4403 totius
3403 4363 3494 4421 au-

1919 4454 2037 4502 ctor
2086 4446 2224 4500 Deus
2260 4458 2397 4498 unus
2436 4443 2525 4498 sit.
2571 4441 2741 4509 Quam
2789 4439 2908 4496 ﬁdei
2964 4440 3226 4495 rationem
3279 4439 3495 4509 antiqua

1919 4537 2146 4607 denique
2170 4549 2264 4606 per
2290 4533 2505 4605 Moysen
2531 4530 2834 4588 benedictio
2858 4530 3063 4601 pandit,
3086 4538 3138 4585 et
3158 4529 3493 4598 comprobat,

242 4598 464 4699 Spiritus
490 4598 865 4702 Dei'ferebatur
890 4648 1041 4702 super
1068 4647 1226 4700 aquas
1252 4598 1404 4703 (Gen.
1434 4647 1473 4697 I,
1505 4598 1555 4696 I:
1585 4631 1662 4703 2).
1692 4598 1812 4703 [al.,
1843 4598 1896 4660 D
1921 4644 2024 4700 qua
2064 4598 2395 4683 benedicere
2416 4623 2669 4693 populum
2719 4598 3053 4678 sacramento
3092 4621 3244 4676 trinae
3284 4622 3495 4675 invoca-

242 4721 331 4778 Ille
352 4720 465 4793 qui)
498 4721 589 4776 Ille
604 4722 918 4791 principium
940 4723 1030 4791 qui
1049 4721 1248 4777 ludatis
1265 4722 1386 4792 quis
1412 4731 1557 4777 esset
1581 4722 1815 4778 interro-

241 4812 482 4885 gantibus
510 4813 643 4869 dixit
672 4830 684 4866 :
718 4812 1061 4883 Principium,
1089 4815 1174 4884 qui
1205 4821 1250 4868 et
1272 4813 1449 4881 loquor
1474 4812 1609 4867 vobis
1632 4812 1817 4885 (Joan.

311 5008 334 5035 α
365 4998 464 5053 llic
495 4998 642 5053 locus
670 5003 752 5052 est
780 4994 1074 5052 secundum
1106 4994 1410 5051 versionem
1440 4994 1805 5063 Septuaginta,

246 5070 326 5123 ubi
355 5069 464 5124 οὐδέ
495 5076 562 5140 μὴ
586 5076 768 5140 trp-san
794 5084 810 5122 :
842 5067 1084 5140 Vulgata,
1113 5081 1213 5140 non
1249 5065 1620 5140 perntanebitis.
1646 5065 1813 5140 Caste-

246 5154 365 5194 rmn
393 5151 452 5194 ut
493 5135 778 5209 plurimum
815 5135 991 5193 textus
1022 5137 1311 5207 Scriptum
1351 5135 1691 5209 proferuntur
1729 5135 1815 5209 hic

246 5225 309 5266 ex
343 5205 589 5265 versione
633 5208 799 5275 LXX,
844 5205 1156 5279 plerumque
1203 5222 1301 5262 nec
1346 5205 1515 5279 istius
1538 5205 1814 5279 ,vcrsionis

247 5289 383 5347 sunt,
412 5296 513 5335 nec
542 5279 798 5350 Vulgata,
828 5276 886 5333 ut
909 5276 1204 5334 confercnti
1239 5278 1459 5350 patebit.
1493 5277 1580 5333 Sic
1618 5287 1671 5332 et
1698 5276 1812 5331 loca

249 5350 373 5405 Novi
402 5348 729 5406 'I‘cstarnenti
764 5350 1081 5419 quandoque
1122 5348 1286 5404 textui
1315 5348 1502 5403 (ἔπεεο
1528 5358 1650 5403 sunt
1680 5361 1809 5402 con-

250 5419 453 5485 Iormia,
475 5421 759 5490 aliquando
782 5419 1255 5490 uostrachulgatzn,
1278 5434 1658 5490 nonnunquam
1683 5433 1816 5473 neu-

251 5492 311 5544 tri
340 5494 480 5558 quod
512 5489 597 5545 hic
621 5490 787 5545 semel
815 5489 1085 5543 monuisse
1108 5492 1236 5543 satis
1264 5494 1351 5543 sit.

314 5560 342 5597 δ
368 5562 460 5616 Sic
488 5576 553 5616 ex
588 5560 745 5615 codd.
778 5560 923 5613 Port.
953 5567 1008 5613 et
1030 5559 1191 5612 Laud.
1224 5559 1380 5612 simul
1408 5559 1607 5627 junctis
1633 5559 1814 5625 Icgcn-
1902 5590 1908 5598 -

251 5628 369 5685 dum
396 5646 516 5687 esse
541 5631 863 5686 censuimus.
886 5628 1016 5682 Nam
1040 5628 1207 5681 Laud.
1226 5629 1385 5684 habet
1404 5629 1633 5683 clementi
1654 5629 1814 5697 signis

254 5700 491 5770 fomenta.
542 5701 713 5765 Port.,
758 5699 1014 5753 elementis
1067 5700 1275 5770 propria
1319 5697 1814 5770 [οιηεηιαηϐιιζιεῐί

255 5767 433 5830 omnes
476 5786 609 5829 mss.
653 5780 708 5829 et
747 5769 873 5826 editi
918 5786 932 5823 :
972 5767 1080 5840 ipse
1114 5767 1324 5825 rudibus
1363 5768 1652 5835 elementis;
1681 5768 1812 5838 ignis

258 5845 442 5933 proprii
466 5844 689 5925 {eruenta
710 5848 993 5920 priuatam.

1926 4717 2341 4787 tionisjubetur.
2374 4715 2462 4768 Ait
2490 4713 2631 4767 enim
2672 4712 2812 4766 Deus
2841 4712 2906 4764 ad
2946 4711 3164 4781 Moysen
3191 4728 3205 4764 :
3236 4711 3323 4766 Sic
3342 4710 3493 4764 bene-

1930 4812 2064 4865 dices
2091 4806 2334 4879 papulum
2360 4817 2546 4870 meum,
2575 4808 2623 4855 et
2652 4815 2742 4870 ego
2764 4799 3053 4854 benedicens
3082 4799 3200 4855 illos
3231 4815 3253 4855 :
3279 4798 3497 4853 Benedi-

1995 4998 2016 5027 ε
2045 4985 2196 5042 Coll).
2232 4984 2292 5051 Ι,
2326 4981 2479 5039 Mart.
2510 4990 2564 5038 et
2591 4978 2749 5036 Ortli.
2791 4993 2910 5034 cum
2942 4976 3212 5044 Loricbio,
3240 4978 3292 5031 in
3318 4994 3496 5051 sacra-

1922 5068 2086 5115 mento
2114 5058 2282 5111 unitas
2316 5053 2551 5110 recurrit.
2587 5052 2724 5121 Quin
2758 5059 2814 5105 et
2838 5051 2996 5121 paqu
3022 5057 3177 5113 ante,
3219 5064 3315 5119 pro
3347 5050 3498 5121 plena

1920 5131 2159 5192 brat-itas,
2192 5126 2471 5182 Loricbius
2491 5120 2671 5192 habet,
2702 5122 2864 5192 plana,
2887 5120 3120 5175 brevitas.

1989 5198 2017 5237 ά
2049 5188 2217 5254 Laud.
2247 5198 2404 5253 Mart.
2430 5205 2484 5251 et
2511 5188 2765 5260 Orth.,’in
2787 5191 3023 5261 spiritum
3052 5197 3327 5261 reputctur.
3353 5188 3498 5246 licti-

1919 5270 2093 5328 neuda
2120 5280 2293 5324 tamen
2320 5275 2499 5323 nostra
2526 5265 2705 5321 lectio.
2731 5261 2922 5317 'I'ribus
2943 5262 3083 5314 enim
3112 5260 3225 5314 istis
3254 5262 3492 5328 vocibus,

1906 5341 2161 5405 .Domini,
2200 5339 2362 5394 Verbo
2390 5382 2404 5406 ,
2449 5346 2503 5392 et
2534 5335 2761 5407 Spiritu,
2794 5332 2847 5386 in
2876 5332 3081 5402 psalmo
3112 5330 3356 5407 laudatis,
3392 5340 3498 5386 tres

1906 5403 2199 5475 Trinitatis
2225 5403 2586 5465 sanctissimae
2605 5416 2861 5475 personas
2888 5415 3165 5471 expressas
3187 5403 3351 5459 fuisse
3371 5417 3498 5458 san-

1920 5481 2145 5537 etissimi
2174 5479 2507 5534 conlessorcs
2534 5473 2845 5531 ostendunt.

1994 5562 2017 5588 θ
2050 5552 2234 5605 Plures
2280 5565 2407 5603 mss.
2455 5563 2576 5613 cum
2624 5544 2782 5598 editis
2820 5541 3062 5611 aliquot,
3106 5543 3491 5599 similitudinem

1921 5623 2134 5692 profert,
2158 5619 2496 5692 a’qualitatem
2524 5614 3210 5692 distinctionispersonarum
3247 5614 3495 5692 insinuat.

1920 5678 1989 5746 Et
2018 5678 2175 5754 infra,
2210 5678 2489 5743 iimititndo
2515 5685 2830 5755 dissentiens,
2856 5678 3025 5742 Laud.
3052 5684 3210 5741 habet
3229 5678 3496 5741 dissimili-

1918 5763 2044 5824 tudo
2073 5759 2389 5818 dissentiens.

4037 5246 4041 5321 l

4040 5720 4041 5769 ι
