4082 6320
1875 322 2188 395 VICTORIS
2224 321 2531 387 VITENSIS

3716 322 3821 387 ω

570 456 655 504 cat
683 456 731 501 te
763 442 1008 499 Dominus
1032 448 1083 496 et
1109 437 1361 495 custodiat
1389 445 1458 495 te.
1492 435 1759 495 lltuminet
1794 436 2040 492 Dominus
2072 436 2148 506 [αα
2174 438 2230 505 Α
2254 435 2413 507 longo
2438 438 2788 507 separationis
2815 437 3095 497 intervallo
3124 437 3328 495 divisit
3350 439 3446 503 sed
3478 448 3603 509 tres,
3635 440 3819 513 inquit,

572 540 700 596 ciem
724 553 869 592 suam
894 549 1041 606 super
1056 541 1124 598 te,
1147 538 1193 585 et
1221 531 1522 585 misereatur
1544 529 1642 585 tui.
1665 528 1876 584 Attollat
1902 527 2149 581 Dominus

573 629 757 701 (aciem
782 642 932 683 suam
955 638 1107 691 super
1134 630 1199 688 te,
1228 632 1275 677 et
1320 623 1402 675 det
1432 621 1522 676 tibi
1547 636 1723 692 pacem
1751 619 1940 691 (Num.
1974 635 2047 685 vn,
2081 619 2151 674 25

571 718 727 790 seq.).
773 716 925 786 Quod
966 716 1067 771 hoc
1109 712 1283 784 ipsum
1338 712 1597 783 propheta
1638 711 1803 768 David
1846 713 2148 779 conﬁrmat,

569 810 793 875 dicens:
829 807 1105 864 Benedicat
1141 823 1232 862 nos
1273 803 1432 872 Deus,
1471 804 1610 860 Deus
1653 815 1839 871 noster,
1892 803 2150 857 benedicat

570 920 663 960 nos
703 901 861 967 Deus,
890 910 938 957 et
972 909 1205 955 metuant
1232 914 1348 952 eum
1395 914 1564 952 omnes
1605 899 1730 967 lines
1780 909 1926 951 terra:
1975 894 2149 967 (Psal.

570 1009 717 1062 vat,
747 994 829 1065 8).
858 992 1031 1060 Quam
1053 990 1330 1047 Trinitatis
1356 990 1613 1045 unitatem
1659 1004 1905 1061 superna:
1939 987 2153 1060 angelo-

570 1099 694 1153 rum
718 1086 941 1141 virtutes
971 1083 1089 1156 [ms.
1130 1080 1186 1148 ‘2,
1217 1082 1269 1138 in
1318 1080 1445 1152 uno]
1489 1081 1688 1153 bymno
1717 1089 2059 1146 venerantur,
2100 1089 2155 1137 et

570 1186 657 1245 ter
678 1192 927 1242 numero,
944 1175 1187 1241 Sanctus,
1202 1175 1442 1240 Sanctus,
1459 1174 1699 1241 Sanctus,
1727 1172 1980 1228 Dominus
1996 1172 2152 1240 Deus,

571 1269 783 1335 sabaoth
820 1266 977 1338 (Isai.
1020 1281 1093 1335 vl,
1155 1267 1233 1335 5),
1286 1264 1605 1321 indesinenti
1653 1274 1880 1321 canente
1936 1279 2050 1331 ore,
2099 1265 2153 1319 in

575 1362 735 1429 unius
770 1359 1038 1431 fastigium
1066 1357 1446 1415 dominationis
1485 1356 1708 1427 gloriam
1747 1356 1862 1426 ejus
1898 1356 2151 1417 exaltant.

572 1452 730 1521 Quod
757 1460 815 1513 ut
839 1450 1016 1507 adhuc
1042 1449 1281 1519 apertius
1308 1446 1539 1505 ﬁdelium
1568 1446 1815 1503 sensibus
1838 1447 2153 1513 inculcetur.

575 1541 875 1609 caelestium
906 1541 1288 1611 mysteriorum
1318 1540 1593 1595 conscium
1635 1539 1975 1609 producimus
2022 1539 2158 1595 Pau-

574 1632 709 1689 lum.
748 1632 839 1688 Ait
866 1631 1011 1688 enim
1050 1649 1065 1687 :
1098 1630 1385 1687 Divisiones
1429 1639 1600 1685 autent
1642 1630 1980 1684 donationum
2015 1642 2155 1697 sunt,

574 1722 714 1779 idem
767 1733 939 1777 autem
993 1722 1253 1794 Spiritus;
1303 1733 1349 1777 et
1404 1723 1674 1777 divisiones
1726 1723 2157 1777 ministrationum

2251 537 2408 583 unum
2434 532 2574 585 sunt.

2325 619 2437 676 XII.
2470 620 2672 678 Creatto
2700 637 2823 693 ipsis
2870 631 2941 676 est
2992 623 3293 683 communis.
3325 652 3395 664 -ο
3423 622 3494 679 Ut
3521 630 3699 678 autem
3726 622 3821 678 ad-

2252 710 2355 767 huc
2400 712 2570 783 magis
2613 715 2884 784 magisque
2928 713 3099 770 sancti
3128 713 3360 784 Spiritus
3404 729 3523 771 cum
3575 713 3729 770 l’atre
3772 724 3827 772 et

2250 800 2388 857 Filio
2416 817 2519 857 una
2546 800 2717 877 [Lor.,
2750 802 3002 875 dignitas]
3032 804 3283 859 divinitas
3314 804 3366 859 in
3395 804 3643 859 creandis
3666 805 3824 869 rebus

2252 896 2500 953 omnibus
2541 900 2967 964 demonstretur,
3016 899 3184 954 habes
3229 908 3523 956 creatorem
3568 898 3822 970 Spiritum

2250 1002 2491 1049 sanctum
2515 992 2567 1048 in
2597 992 2730 1048 libro
2754 991 2891 1049 Job:
2918 990 3163 1063 Spiritus,
3193 991 3383 1062 inquit,
3410 992 3609 1046 divinus
3629 1002 3723 1059 est,
3744 993 3826 1062 qui

2252 1084 2367 1156 fecit
2400 1099 2514 1148 me;
2542 1094 2590 1138 et
2620 1083 2846 1154 Spiritus
2893 1083 3261 1155 Omnipotentis
3295 1084 3382 1154 qui
3421 1083 3561 1137 docet
3600 1100 3679 1138 me
3711 1081 3827 1153 (Job

2252 1191 2445 1239 χχχιιι,
2476 1175 2591 1247 24).
2627 1175 2691 1230 Et
2720 1174 2883 1230 David
2913 1176 3043 1230 dicit
3072 1194 3084 1228 :
3118 1174 3303 1228 Emitte
3332 1174 3581 1244 Spiritum
3608 1186 3754 1229 tuum
3784 1186 3829 1230 et

2253 1267 2575 1333 creabantur,
2612 1277 2659 1323 et
2687 1268 2949 1323 renovabis
2973 1268 3154 1339 facient
3180 1275 3325 1321 terra:
3352 1264 3524 1338 (Psal.
3554 1281 3644 1321 cut
3662 1306 3677 1332 ,
3713 1265 3825 1336 50).

2254 1358 2312 1416 Si
2336 1356 2534 1415 crealio
2559 1370 2612 1414 et
2634 1358 2914 1414 renovatio
2946 1373 3040 1429 per
3068 1356 3325 1426 Spiritum
3351 1356 3475 1421 erit,
3508 1357 3625 1413 sine
3658 1355 3825 1413 dubio

2253 1456 2309 1507 et
2330 1449 2646 1521 principium
2699 1449 2986 1505 creationis
3028 1448 3149 1504 sine
3177 1448 3381 1519 Spiritu
3409 1463 3516 1502 non
3556 1447 3672 1503 fuit.
3710 1448 3834 1505 Post

2254 1540 2576 1597 creationem
2608 1540 2767 1610 igitur
2809 1538 3156 1595 ostendimus
3179 1579 3196 1608 ,
3227 1538 3351 1607 quia
3400 1537 3637 1593 viviﬁcat
3669 1538 3834 1594 etiam

2258 1628 2489 1701 Spiritus
2518 1640 2754 1696 sanctus,
2794 1629 2932 1686 sicut
2970 1628 3128 1685 Pater
3154 1639 3208 1685 et
3248 1629 3431 1683 Filius.
3476 1628 3742 1697 Equidem
3771 1629 3835 1684 de

2257 1735 2482 1792 persona
2510 1721 2680 1776 Patris
2706 1720 2871 1776 refert
2896 1720 3185 1791 Apostolus
3219 1736 3232 1773 :
3265 1718 3441 1773 Testor
3472 1718 3523 1772 in
3555 1728 3829 1790 conspectu

576 1824 715 1881 sunt,
745 1814 881 1867 idem
899 1824 1069 1867 autem
1102 1812 1385 1879 Dominus;
1414 1822 1461 1867 et
1500 1813 1773 1869 divisiones
1810 1816 2158 1885 opaationum
2188 1798 2235 1858 Β
2261 1812 2391 1881 Dei,
2410 1813 2497 1881 qui
2530 1812 2749 1882 viviﬁcat
2775 1813 2944 1866 omnia
2974 1809 3035 1884 (1
3069 1810 3197 1864 Tim.
3229 1826 3278 1864 vn
3299 1849 3314 1875 ,
3358 1809 3468 1880 15).
3501 1808 3678 1864 Vitam
3707 1824 3837 1863 vero

575 1912 716 1973 sunt,
744 1903 879 1959 idem
902 1920 1019 1971 vero
1049 1902 1213 1970 Deus,
1242 1906 1330 1974 qui
1360 1912 1603 1975 'operatur
1622 1904 1797 1959 omnia
1833 1906 1886 1959 in
1929 1906 2158 1963 omnibus

577 1990 640 2065 (Ι
662 1993 779 2049 Cor.
815 2011 907 2065 xu,
930 1994 965 2049 ι
994 1995 1151 2066 seq.),
1182 2003 1290 2050 etc.
1324 1995 1391 2050 Et
1413 2003 1560 2051 certe
1589 1994 1687 2051 has
1710 1996 2031 2052 divisionum
2061 1996 2160 2052 dif-

578 2086 836 2145 ferentias
861 2103 958 2157 pro
988 2087 1245 2158 qualitate
1270 2103 1333 2144 ac
1366 2089 1559 2144 merito
1589 2089 2013 2159 participantium
2041 2089 2161 2159 Spi-

578 2180 739 2237 ritum
768 2189 1011 2235 sanctum
1034 2190 1060 2217 ι
1089 2181 1272 2237 docuit
1299 2181 1533 2251 operari,
1558 2196 1681 2236 cum
1704 2181 1937 2251 ipsarum
1967 2182 2163 2252 gratia-

579 2283 701 2325 rum
727 2269 1057 2326 dit‘ferentias
1084 2271 1394 2341 partiretur,
1425 2272 1478 2326 in
1505 2270 1704 2326 ultimis
1731 2272 1909 2327 intulit
1937 2273 2159 2329 dicens:

582 2359 714 2415 Htec
751 2369 920 2414 autem
971 2363 1142 2414 omnia
1190 2370 1429 2430 operatur
1472 2377 1603 2415 unus
1639 2369 1790 2432 atque
1826 2362 1959 2417 idem
1994 2361 2163 2434 Spiri-

580 2460 688 2518 tus,
718 2451 946 2505 dividens
972 2452 1183 2521 propria
1204 2451 1479 2520 unicuique
1502 2460 1655 2524 prout
1695 2454 1799 2507 vult
1842 2452 2028 2525 (lbid.,
2049 2452 2159 2527 Ii).

583 2541 740 2602 Unde
761 2544 937 2599 nullus
964 2543 1294 2613 ambiguitati
1336 2544 1654 2615 relinquitur
1685 2545 1855 2611 locus,
1898 2549 2022 2616 quin
2055 2548 2163 2619 29

581 2634 784 2691 clareat
807 2635 1062 2705 Spiritum
1083 2645 1325 2691 sanctum
1349 2645 1404 2692 et
1424 2636 1586 2693 Deum
1611 2652 1751 2706 esse,
1780 2648 1835 2694 et
1853 2653 1962 2693 suae
1976 2641 2163 2694 volun-

583 2729 719 2802 tatis,
734 2737 1034 2796 auctorem,
1059 2728 1148 2799 qui
1174 2738 1363 2784 cuncta
1391 2732 1625 2800 Operari,
1648 2738 1704 2786 et
1730 2731 2024 2786 secundum
2044 2746 2163 2802 pro-

579 2819 716 2893 pria:
748 2822 1034 2877 voluntatis
1063 2820 1341 2877 arbitrium
1361 2820 1562 2887 divinas
1587 2821 2001 2892 dispensationis
2020 2822 2159 2879 dona

576 2906 764 2983 ’Iargiri
792 2912 1126 2984 apertissime
1152 2912 1566 2969 demonstratur.
1599 2912 1732 2982 Quia
1774 2914 1860 2969 ubi
1916 2914 2160 2970 volunta-

580 3003 657 3059 ria
683 3006 974 3074 gratiarum
1014 3003 1320 3059 distributio
1361 3003 1697 3074 praedicatur,
1749 3020 1853 3060 non
1885 3014 2061 3078 potest
2084 3006 2161 3061 vi-

580 3093 697 3151 deri
738 3094 977 3151 conditio
1011 3095 1327 3152 servitutis:
1370 3093 1427 3151 in
1456 3104 1705 3151 creatura
1749 3096 1890 3152 enim
1930 3098 2160 3153 servitus

582 3186 923 3256 intelligenda
950 3195 1055 3258 est,
1088 3188 1142 3242 in
1169 3185 1430 3242 Triuitate
1457 3202 1585 3243 vero
1605 3187 1895 3243 dominatio
1918 3203 1982 3244 ac
1998 3189 2158 3244 Iiber-
2186 3156 2235 3231 β

583 3283 686 3331 tas.
719 3277 786 3332 Et
815 3288 872 3331 ut
913 3278 1086 3333 adhuc
1128 3278 1245 3333 luce
1279 3277 1475 3333 clarius
1510 3277 1667 3334 unius
1706 3278 1998 3335 divinitatis
2040 3294 2160 3335 esse

580 3382 703 3423 cum
734 3367 889 3423 Patre
906 3377 962 3425 et
988 3368 1123 3423 Filio
1148 3369 1400 3438 Spiritum
1421 3378 1661 3424 sanctum
1680 3368 1987 3439 doceamus,
2001 3370 2162 3425 Joan-

581 3458 665 3515 nis
680 3460 1019 3531 evangelista;
1039 3458 1341 3516 testimonio
1360 3462 1758 3529 comprobatur.
1783 3460 1872 3517 Ait
1895 3476 2159 3533 namque:

578 3551 707 3608 Tres
737 3564 855 3609 sunt
886 3554 974 3625 qui
999 3554 1339 3609 testimonium
1372 3553 1635 3626 perhibent
1686 3555 1740 3609 in
1788 3555 1935 3621 cato,
1980 3554 2159 3623 Pater,

587 3642 822 3713 Verbum,
852 3656 902 3700 et
929 3645 1154 3717 Spiritus
1190 3654 1417 3711 sanctus,
1447 3656 1495 3701 et
1516 3643 1544 3684 ιι
1573 3646 1625 3700 Ιιὶ
1655 3658 1755 3701 tres
1783 3662 1941 3700 unum
1967 3657 2085 3701 sunt
2108 3644 2163 3719 (Ι

579 3735 737 3794 Joau.
768 3754 822 3807 v,
854 3737 933 3808 7).
969 3749 991 3777 ε
1016 3736 1283 3809 Nunquid,
1310 3738 1407 3805 ait,
1444 3746 1554 3793 tres
1579 3738 1631 3792 iu
1653 3736 1914 3794 differenti
1946 3740 2164 3809 :equali-

582 3836 686 3885 tatc
732 3831 979 3901 sejuncti,
1011 3840 1100 3887 aut
1128 3830 1455 3902 quibuslibet
1500 3829 1868 3888 diversitatum
1907 3831 2162 3903 gradibus

658 4148 685 4177 ⁸
710 4137 890 4195 οιιὶιιι.
920 4139 1107 4205 etaiii,
1131 4142 1337 4196 decens.
1367 4140 1653 4197 Loricbius
1673 4156 1803 4199 vero
1839 4141 2027 4210 habet,
2058 4144 2155 4198 do-

578 4210 685 4281 cuit
713 4212 938 4281 operari,
962 4218 1098 4281 etut
1127 4212 1202 4265 sic
1222 4212 1449 4281 ipsarum
1477 4212 1779 4281 gratiarum,
1808 4222 1912 4269 etc.

650 4278 678 4318 ι’
716 4278 768 4333 In
800 4279 920 4335 cod.
944 4278 1096 4335 Colb.
1126 4278 1389 4336 annorum
1420 4278 1636 4337 circiter
1662 4282 1766 4337 700
1794 4282 1910 4338 hsce
1937 4283 2161 4338 habetur

578 4349 881 4423 observatio
911 4351 963 4404 in
1002 4352 1241 4423 margine
1269 4368 1283 4403 :
1320 4350 1459 4423 Nota
1492 4351 1545 4404 in
1589 4353 1802 4423 epistota
1841 4353 1969 4407 beati
1997 4352 2162 4407 Joan-

574 4421 657 4474 ssis
682 4421 755 4474 ita
779 4419 1064 4494 legentum.
1092 4419 1356 4494 Caeterum
1383 4421 1500 4476 ιιι-(ι
1527 4419 1711 4494 verba,
1741 4422 1864 4478 Tres
1890 4434 2007 4477 sunt
2034 4426 2123 4494 qui
2144 4466 2158 4488 ,

2260 1903 2351 1962 dat
2376 1902 2637 1959 Christus.
2672 1902 2819 1971 Oves,
2851 1900 3045 1973 inquit,
3067 1916 3191 1953 mete
3211 1914 3380 1954 vocem
3407 1914 3570 1952 meam
3596 1898 3838 1966 audiunt,

2258 2002 2306 2048 et
2335 2010 2425 2066 ego
2452 1994 2607 2047 vitam
2626 2001 2866 2048 aeternam
2895 1993 2961 2045 do
2986 1989 3094 2045 illis
3120 1989 3171 2062 (J
3184 2006 3301 2043 oon.
3336 2005 3388 2053 x,
3416 1987 3509 2052 27,
3539 1988 3658 2057 28).
3684 1986 3837 2041 Vivi-
3920 2064 3923 2065 ν

2260 2082 2483 2139 ﬁcamur
2506 2099 2635 2139 vero
2664 2098 2693 2136 a
2722 2082 2923 2153 Spiritu
2952 2090 3157 2147 sancto,
3193 2080 3308 2151 ipso
3324 2078 3536 2134 dicente
3568 2076 3801 2132 Domino
3825 2093 3836 2129 :

2262 2176 2488 2247 Spiritus
2515 2183 2586 2229 est
2608 2174 2695 2245 qui
2720 2174 2934 2242 vivi/icat
2962 2170 3140 2245 (Joan.
3168 2186 3242 2238 vt,
3275 2171 3384 2239 64).
3417 2169 3556 2226 Ecce
3575 2185 3682 2224 una
3710 2167 3837 2223 vivi-

2262 2267 2439 2324 ficatio
2468 2267 2639 2323 Patris
2680 2275 2734 2323 et
2780 2266 2900 2322 Filii
2946 2276 3000 2321 et
3047 2265 3277 2336 Spiritus
3305 2266 3476 2320 sancti
3523 2271 3711 2336 aperte
3746 2265 3840 2319 de-

2261 2368 2551 2417 monstrata
2584 2369 2684 2414 est.

2333 2451 2469 2507 XIII.
2529 2451 2879 2506 Press-tentia.
2919 2478 2990 2488 —
3040 2447 3438 2505 Prasscuentiam
3495 2462 3676 2503 rerum
3726 2464 3841 2502 om-

2263 2544 2408 2601 nium
2440 2546 2493 2599 in
2525 2545 2634 2600 Deo
2662 2558 2802 2610 esse,
2839 2550 2894 2597 et
2922 2542 3253 2597 occultorum
3284 2541 3680 2611 cognitionem,
3716 2540 3843 2597 licet

2264 2655 2421 2696 nemo
2465 2636 2801 2692 Christianus
2830 2635 3077 2705 ignoret,
3119 2640 3293 2689 tamen
3324 2648 3388 2689 ex
3433 2632 3668 2688 Danielis
3710 2633 3844 2686 libra

2262 2729 2662 2789 monstrandum
2680 2735 2781 2784 est.
2805 2726 2958 2793 Deus,
2981 2725 3171 2796 inquit,
3186 2725 3273 2795 qui
3284 2727 3595 2780 occultorum
3613 2726 3842 2797 cognitor

2262 2842 2335 2892 ss,
2373 2825 2460 2895 qui
2494 2822 2733 2892 prwscius
2766 2838 2815 2874 es
2837 2820 3058 2874 o‘mnium
3081 2826 3349 2886 antequam
3369 2827 3645 2871 nascantur
3679 2815 3844 2886 (Dan.

2261 2930 2386 2980 xm,
2417 2913 2529 2985 42).
2558 2913 2683 2968 Ilznc
2704 2911 2888 2968 eadem
2920 2908 3251 2980 prescientia
3280 2909 3335 2962 in
3363 2906 3577 2963 Christo
3608 2917 3708 2973 est,
3742 2908 3844 2964 sic-

2263 3017 2319 3065 ut
2352 3006 2516 3064 refert
2555 3003 2891 3076 Evangelista
2924 3022 2935 3054 :
2970 3001 3045 3055 Ab
3090 3000 3235 3055 initio
3273 3009 3443 3054 autem
3470 3000 3658 3053 sciebat
3695 2998 3842 3054 Iesus

2261 3100 2374 3171 quis
2403 3106 2531 3154 esset
2568 3113 2680 3152 eum
2726 3094 3002 3149 traditurus
3020 3136 3033 3162 ,
3057 3090 3132 3146 vel
3151 3092 3238 3162 qui
3259 3101 3423 3147 essent
3449 3106 3551 3144 non
3576 3090 3674 3163 [αι.
3708 3092 3842 3146 deest

2264 3189 2394 3261 non]
2424 3189 2681 3244 credentes
2705 3188 2756 3241 in
2784 3202 2897 3241 eum
2926 3182 3105 3255 (Joan.
3138 3199 3189 3236 γι
3208 3224 3221 3246 ,
3250 3182 3363 3249 65).
3392 3181 3543 3248 Quod
3571 3182 3645 3237 sit
3666 3190 3840 3238 autem

2263 3283 2595 3341 oceultorum
2642 3279 2906 3349 cognitor,
2954 3293 3021 3332 ex
3050 3275 3151 3330 boc
3197 3274 3536 3330 manifestum
3582 3282 3688 3344 est,
3722 3288 3841 3329 cum

2266 3375 2494 3432 obscura
2524 3371 2743 3428 comilia
2770 3369 3072 3426 Iudaeorum
3104 3366 3386 3423 traducens
3415 3365 3628 3421 dicebat
3657 3384 3673 3423 :
3709 3366 3840 3434 Quid

2265 3468 2499 3539 cogitatis
2529 3480 2744 3532 nequam
2789 3463 2845 3517 in
2888 3461 3120 3516 cordibus
3160 3460 3333 3513 vestris
3363 3457 3583 3531 (Matth.
3627 3473 3717 3514 ιχ.
3744 3458 3841 3527 4)?

2269 3557 2528 3616 Similiter
2573 3553 2822 3625 prtescire
2875 3550 3050 3605 onnda
3095 3550 3352 3620 Spiritum
3401 3562 3679 3615 sanctum,
3730 3550 3841 3619 ipse

2270 3648 2627 3707 manifestavit
2654 3644 2839 3700 dicens
2868 3643 2932 3696 ad
2959 3643 3230 3712 apostolos
3258 3656 3273 3696 :
3305 3640 3433 3694 Cum
3455 3640 3645 3693 venerit
3671 3639 3840 3709 Spiri-

2269 3752 2349 3796 tus
2376 3740 2625 3804 veritatis,
2651 3736 2845 3790 docebit
2869 3750 2953 3788 vos
2981 3733 3173 3797 omnia,
3200 3742 3245 3785 et
3272 3741 3479 3786 ventura
3515 3731 3840 3785 annuntiabit

2268 3834 2404 3891 vobis
2431 3831 2611 3904 (Joan.
2640 3844 2765 3895 xm,
2797 3827 2907 3898 16).
2940 3824 3039 3894 Qui
3071 3831 3292 3880 ventura
3320 3822 3637 3878 annuntiare
3664 3822 3839 3894 perbi-

2264 4157 2382 4198 rum
2414 4136 2661 4198 eumdem
2692 4139 2866 4195 locum
2900 4137 3087 4209 laudat
3128 4138 3441 4209 Fulgentius
3481 4136 3536 4192 in
3586 4137 3728 4192 libro
3772 4137 3838 4192 de

2264 4213 2544 4273 Trinitatc.
2571 4222 2624 4266 ct
2647 4211 2699 4266 in
2723 4209 2826 4263 alio
2846 4208 3100 4264 adversus
3121 4207 3326 4264 Pintam
3349 4207 3659 4278 episcopum
3685 4210 3841 4263 Aria-

2264 4298 2391 4362 num
2436 4283 2686 4362 scripto:
2732 4294 3031 4362 quanquam
3082 4279 3233 4336 istius
3279 4290 3551 4362 auctorem
3600 4278 3840 4360 alium_a

2264 4350 2559 4423 Fulgentio‘
2579 4353 2775 4413 fuisse,
2809 4350 2909 4416 ipsi
2936 4360 3114 4423 tamen
3142 4351 3420 4423 aqualem,
3453 4360 3707 4423 cettseant
3737 4350 3841 4423 viri

2259 4419 2476 4479 eruditi.
2522 4422 2651 4478 γωδ
2682 4420 2969 4476 Mabillonii
3006 4422 3353 4490 appendicem
3382 4422 3416 4473 Ξ
3442 4420 3506 4474 ad
3545 4419 3839 4486 Liturgiam

574 4501 708 4551 etc.,
733 4490 855 4563 quin
876 4492 928 4545 in
960 4493 1229 4563 nonnullis
1255 4506 1531 4563 sacrorum
1563 4492 1854 4548 Bibliorum
1882 4490 2159 4550 codicibus
2189 4556 2228 4563 _
2264 4494 2614 4557 Gallicanam,
2650 4509 2767 4562 pag.
2797 4507 3004 4546 ccxsw.
3028 4492 3226 4563 Tamen
3270 4494 3591 4563 Augustinus
3630 4490 3771 4563 libro
3802 4508 3869 4546 n,

579 4556 955 4633 translatorum
992 4556 1304 4617 inﬁdelitate
1340 4561 1605 4633 excidisse
1652 4564 1996 4633 conqueritur
2033 4580 2158 4620 San-
2184 4556 2238 4617 Ι)
2261 4573 2446 4621 contra
2476 4556 2840 4627 Maxiniirﬁnn,
2862 4562 3323 4633 cap;22,num.3,
3343 4556 3429 4616 ubi
3453 4562 3566 4633 lucc
3587 4560 3750 4616 verba
3774 4577 3840 4617 ex

578 4639 695 4704 etus
718 4631 1095 4704 Hieronymus,
1114 4633 1198 4687 vel
1220 4632 1393 4701 quivis
1405 4631 1740 4704 aliusauctor
1761 4631 1850 4703 qui
1869 4634 1968 4689 sub
1996 4634 2155 4704 hujus

574 4701 686 4827 go
709 4702 879 4756 sancti
900 4701 1137 4757 doctoris
1158 4704 1373 4758 nomine
1398 4703 1671 4773 prologum
1695 4701 1859 4759 edidit
1882 4706 1932 4759 in
1955 4701 2156 4773 episto-

630 4788 657 4826 s
704 4773 996 4827 canonicas
1017 4814 1033 4827 .
1088 4774 1392 4827 relittiosius
1446 4773 1501 4827 in
1555 4774 1832 4827 codicibus
1885 4774 2151 4827 Africanis

630 4788 657 4826 s
704 4773 1033 4844 cationicas,
1088 4774 1392 4844 religiosius
1446 4773 1501 4829 in
1555 4774 1832 4831 codicibus
1885 4774 2151 4831 Africanis

574 4852 885 4915 conservata
913 4843 1076 4899 fuisse
1104 4843 1251 4915 patet
1278 4859 1340 4899 ex
1372 4844 1473 4899 hoc
1503 4844 1646 4912 loco,
1679 4845 1769 4900 ubi
1803 4846 1986 4901 Patres
2014 4846 2152 4901 Afri-

573 4914 690 4986 cani
725 4914 775 4968 in
806 4914 1442 4986 unumcongregatipro
1472 4915 1764 4972 emittenda
1795 4915 1918 4972 ﬁdei
1948 4917 2151 4986 profes-

570 4982 723 5039 sione
761 4998 822 5038 ea
865 4982 1245 5038 adhibuei-unt.
1286 4982 1394 5038 Nec
1432 5000 1663 5043 unquam
1694 5001 1759 5041 ea
1801 4987 1871 5043 de
1900 4982 1966 5041 re
1984 4989 2153 5042 recla-

486 5103 489 5107 ,
570 5066 745 5126 litasse
768 5055 990 5123 legimus
1016 5054 1264 5126 Arianae,
1284 5053 1376 5124 qui
1397 5053 1557 5126 regaii
1578 5065 1705 5126 tunc
1735 5057 1970 5126 potentia
2002 5056 2146 5124 freti,

571 5122 702 5176 nihil
734 5122 841 5180 non
870 5134 1115 5194 poterant
1143 5122 1399 5194 adversus
1425 5122 1906 5193 catholicosIQuin
1936 5137 1992 5182 et
2019 5122 2143 5182 Fulé

568 5194 780 5265 gentius
804 5193 959 5265 paulo
983 5206 1104 5265 post
1125 5195 1179 5249 in
1212 5193 1349 5265 libro
1364 5204 1552 5265 contra
1576 5196 1805 5251 Arianos
1830 5198 1929 5251 sub
1954 5197 2138 5261 tinem,

569 5261 817 5337 eumdem
844 5261 1020 5320 locum
1059 5264 1304 5337 adducit,
1338 5277 1447 5319 non
1473 5263 1648 5337 solum
1670 5274 1921 5337 tanquam
1947 5281 1979 5322 e
2003 5269 2147 5322 εστι-

566 5335 722 5454 stum
745 5344 1034 5418 sumptum,
1066 5335 1160 5393 sed
1188 5346 1243 5393 et
1269 5350 1428 5421 quem
1447 5350 1496 5419 _a
1537 5335 1706 5420 beato.
1723 5335 1989 5408 Cypriane
2017 5339 2142 5419 lau-

607 5409 749 5454 stum
772 5402 934 5454 fuisse
954 5414 1047 5454 χιι-
1071 5409 1172 5454 mh
1192 5417 1479 5454 testimoni:
1503 5422 1567 5454 ex
1592 5406 1864 5454 Scrmtnra
1889 5423 2103 5454 nomine.
2126 5427 2138 5454 ξ

607 5409 749 5454 stum
772 5402 934 5460 fuisse
954 5402 1048 5469 ait,
1071 5409 1172 5463 sub
1192 5402 1480 5463 testimonii
1503 5422 1570 5463 ex
1592 5402 1866 5469 Scriptura
1889 5408 2103 5464 nomine
2126 5427 2138 5462 :

568 5467 871 5555 Cypriqnus,
898 5467 1073 5555 inquit
1092 5518 1108 5545 ,
1144 5476 1265 5555 hinc
1289 5479 1576 5555 testimonio
1602 5478 1665 5555 de
1696 5467 1979 5555 Scriptagis
1991 5478 2139 5555 inse—

889 5540 1138 5620 Qomimts
1170 5562 1187 5602 :
1219 5546 1329 5620 Ego
1350 5591 1365 5617 ,
1397 5559 1499 5603 ctc.
1535 5549 1603 5603 Et
1628 5540 1957 5604 iterumEDe
1982 5546 2139 5603 Patre

2258 4636 2400 4691 beati
2424 4634 2643 4689 Joannis
2681 4631 2935 4702 epistola,
2956 4631 3079 4686 Tres
3109 4650 3263 4687 unum
3304 4643 3440 4691 sunt,
3473 4631 3711 4695 discutit,
3747 4648 3840 4686 co-

2252 4706 2376 4760 dice
2413 4721 2539 4760 usus
2588 4708 2752 4760 fuisse
2791 4704 3000 4758 videtur
3040 4704 3095 4757 in
3136 4719 3243 4774 quo
3285 4706 3650 4774 testimonium
3694 4703 3841 4758 istud

2256 4775 2451 4844 Patris,
2480 4785 2609 4840 etc.,
2640 4788 2958 4844 expressum
2985 4790 3093 4830 non
3119 4785 3252 4830 erat.
3281 4774 3426 4844 Idem
3453 4773 3740 4828 dicendum
3771 4774 3839 4828 de

2257 4843 2510 4901 Facundo
2546 4843 2915 4900 llermianensi
2949 4844 3085 4915 libro
3124 4861 3140 4899 ι
3186 4861 3280 4915 pro
3320 4843 3838 4915 defensionetrium

2255 4917 2626 4987 capitulorum.
2650 4916 2766 4987 sed
2787 4929 2920 4984 opus
2949 4914 3087 4969 istud
3115 4913 3395 4971 Facundos
3424 4926 3574 4970 extra
3600 4913 3837 4969 Africam

2253 4985 2713 5055 constantinopoli
2739 4985 2938 5055 degens
2959 4988 3297 5055 conscripsit.
3322 4987 3511 5043 liram
3534 4993 3835 5049 estautern,

2288 5058 2392 5111 uod
2426 5059 2478 5112 in
2510 5054 2778 5111 nonnullis
2811 5054 2971 5110 etiam
2997 5056 3372 5114 vetustissimis
3412 5054 3696 5112 bibliorum
3738 5070 3840 5111 co-

2286 5127 2459 5183 icibus
2486 5141 2617 5180 IIISS.
2650 5126 2956 5197 proﬂigator
2981 5127 3131 5196 prelo
3166 5144 3229 5181 us
3254 5144 3411 5197 supra
3448 5127 3696 5181 laudatus
3716 5128 3837 5196 epi-

2286 5198 2404 5253 tolis
2433 5198 2723 5253 canonicis.
2748 5206 2804 5253 et
2830 5196 3045 5253 cuidem
3077 5143 3178 5253 sui
3198 5198 3367 5253 sancti
3394 5198 3704 5253 Hieronvmi
3733 5213 3835 5253 no-

2246 5198 2404 5253 stolis
2433 5196 2723 5259 canonicis.
2748 5206 2804 5253 et
2830 5196 3045 5265 quidem
3077 5196 3178 5253 sub
3198 5196 3367 5254 sancti
3394 5198 3704 5268 Hieronymi
3733 5213 3835 5253 no-

2246 5269 2425 5335 mine,
2458 5276 2513 5321 et
2541 5277 2717 5323 tamen
2758 5272 2809 5321 in
2841 5276 2988 5322 textu
3017 5270 3314 5324 versiculus
3345 5270 3437 5325 ille
3478 5269 3714 5324 omissus
3737 5269 3832 5322 sit.
3871 5313 3875 5316 ,

2247 5337 2354 5393 Sed
2395 5338 2532 5392 hanc
2562 5338 2985 5393 controversiam
3006 5339 3308 5396 accuratius
3332 5337 3723 5395 discedendum
3746 5352 3837 5393 re-

2244 5407 2539 5483 linquimus
2549 5408 2835 5483 sodalibus
2864 5410 3082 5477 nostris,
3115 5411 3205 5481 qui
3238 5410 3545 5483 Hieronymi
3573 5411 3833 5479 operibus

2245 5479 2591 5533 recensendis
2619 5493 2834 5549 operam
2865 5490 3080 5535 navant.

2317 5559 2340 5622 ε
2376 5548 2478 5622 Alii
2511 5550 2725 5622 codices
2750 5549 2966 5622 habent
2978 5550 3037 5622 in
3059 5549 3318 5622 dilereuti
3335 5548 3833 5622 tequalisate._L0ri-

563 5619 619 5667 et
648 5608 789 5692 Filio
824 5613 1102 5692 et_Spiritu
1138 5608 1313 5672 sancio
1352 5608 1733 5692 scriptumest;
1773 5628 1823 5692 et
1854 5629 1953 5692 tres
1981 5633 2165 5692 unum.
2240 5619 2423 5692 chius
2449 5620 2807 5688 indifferentia
2843 5608 3463 5692 qualium-Rhenanus,
3513 5619 3835 5689 Mileum}

567 5690 705 5760 sunt.
726 5684 1024 5760 Cyprianus
1052 5697 1231 5741 autem
1257 5703 1379 5760 eum
1400 5684 1641 5760 fundavit
1670 5699 1780 5760 tum
1810 5688 1863 5743 in
1896 5689 2141 5760 librogde
2241 5691 2559 5760 (mutate.

569 5749 786 5810 Unitaté
808 5749 1088 5825 Ecclesiae,
1118 5765 1230 5812 tum
1256 5757 1308 5811 in
1326 5759 1547 5827 epistola
1574 5759 1641 5815 ad
1671 5758 2008 5827 Jubajanum.
2038 5757 2147 5816 Ite-
