4082 6320
1163 319 1248 377 DE
1285 312 1805 378 PERSECU‘I‘IONE
1846 308 2235 372 VANDALICA
2273 314 2403 376 LIB.
2444 313 2532 374 ιιι.

3365 318 3472 378 250

253 439 410 502 betur,
436 446 671 505 praescire
720 435 899 491 omnia
950 450 1055 491 non
1112 435 1386 492 dubitatur
1434 453 1447 488 :
1501 433 1624 506 quia
1680 432 1795 502 ipse
1821 427 1876 490 Α
1899 428 1972 485 ait
1998 445 2014 485 :
2043 428 2268 501 Spiritus
2298 430 2505 487 Domini
2534 434 2743 503 repleuit
2785 433 2954 490 orbem
2986 442 3259 504 terrarum,
3301 444 3349 490 et
3376 435 3474 492 hac

249 533 531 583 ‘scrutatur
557 524 858 580 altitudines
879 524 1064 592 Dei,et
1093 526 1239 580 novit
1258 525 1435 581 omnia
1463 540 1583 596 qum
1604 528 1657 579 in
1684 523 1795 577 Deo
1904 521 2042 593 quod
2069 522 2287 576 continet
2313 523 2485 577 omnia
2505 524 2771 579 scientiam
2798 525 2947 581 habet
2971 529 3105 583 uocis
3119 526 3271 600 (Sep.
3306 543 3359 597 ι,
3390 526 3467 602 7).

244 626 375 683 sunt,
415 615 545 671 sicut
589 622 852 674 memorat
889 615 1103 686 Paulus,
1133 616 1315 672 dicens
1343 634 1355 671 :
1399 615 1630 685 Spiritus
1656 614 1792 668 enim
1896 610 2026 668 Item
2052 611 2217 668 David
2246 612 2375 669 dicit
2401 631 2413 668 :
2442 612 2553 681 Quo
2576 616 2656 671 ibo
2677 635 2709 671 a
2734 617 2935 686 Spiritu
2967 629 3074 688 tuo,
3104 629 3149 677 et
3176 636 3206 672 a
3232 619 3362 691 {acie
3385 628 3472 675 tua

243 706 397 763 omnia
421 712 685 771 scrutatur,
716 705 868 759 etiam
898 706 1197 761 altitudines
1232 702 1330 759 Dei
1350 703 1406 776 (1
1437 702 1558 759 Cor.
1585 718 1643 771 ιι,
1678 700 1789 772 I0).

1894 719 1992 767 quo
2029 705 2259 777 fugiam?
2290 704 2351 761 Si
2380 707 2654 761 ascendere
2677 707 2733 764 in
2753 709 2953 775 ctelum,
2990 718 3046 767 tu
3073 710 3180 766 illic
3203 726 3287 777 es;
3317 711 3363 767 si
3380 710 3470 767 de-

241 800 356 855 Item
384 799 434 853 in
463 797 645 853 eodem
676 798 794 856 loco
829 816 844 856 :
874 797 1017 854 Sicut
1060 814 1209 853 nemo
1256 798 1348 852 scit
1380 797 1644 869 hominum
1678 810 1793 861 quat
1893 795 2135 852 scendero
2157 806 2179 833 θ
2208 798 2260 852 in
2285 798 2540 869 infernum
2561 798 2683 853 ades
2701 816 2719 865 ;
2752 800 2797 854 si
2831 817 3089 873 sumpsero
3115 820 3303 872 pennas
3333 819 3470 860 meas

236 901 339 949 sunt
364 890 600 956 hominis,
630 891 731 944 nisi
758 891 967 960 spiritus
990 894 1104 964 ejus
1122 892 1210 961 qui
1231 891 1283 944 in
1313 891 1422 961 ipso
1448 898 1556 955 est;
1586 888 1658 942 ita
1696 901 1785 939 ne-

236 1000 309 1039 mo
328 984 413 1037 scit
434 998 541 1052 qua:
560 992 676 1036 sunt
707 981 799 1037 Dei
822 1023 837 1048 ,
869 983 968 1037 nisi
1003 982 1229 1054 Spiritus
1264 979 1358 1036 Dei
1383 980 1576 1051 (lbid.,
1603 978 1715 1046 II).

1890 884 1943 940 in
1973 887 2238 954 directum,
2269 897 2314 943 et
2351 888 2645 944 habitavere
2667 891 2719 943 in
2750 893 2985 947 extremis
3030 896 3189 949 maris
3217 911 3237 950 :
3285 897 3468 951 etenim

1887 976 2012 1031 illuc
2055 994 2233 1032 manus
2285 989 2371 1033 tua
2400 980 2612 1034 deducet
2650 997 2747 1046 me,
2774 994 2820 1036 et
2847 983 3121 1039 continebit
3149 1001 3226 1041 tne
3253 986 3464 1042 dextere

294 1072 421 1127 XIV.
448 1071 682 1126 Potentia
704 1073 861 1126 sancti
894 1072 1140 1141 Spiritus.
1170 1102 1241 1113 —
1271 1071 1353 1127 Ad
1384 1066 1784 1139 intelligendam
1889 1080 1976 1128 tua
1998 1071 2441 1145 (Psal.cxsxvtu,
2461 1077 2493 1130 7
2525 1076 2678 1149 seq.).

230 1178 343 1219 vero
372 1163 654 1234 potentiam
687 1164 921 1233 Spiritus
947 1162 1140 1232 sancti,
1166 1176 1333 1234 pauca
1357 1161 1425 1216 de
1457 1158 1785 1216 terribilibus

1961 1165 2097 1221 XVI.
2162 1167 2373 1224 Habitat
2426 1168 2566 1225 Deus
2628 1172 2681 1225 in
2740 1171 2939 1227 sanctis
3003 1172 3114 1229 suis
3176 1174 3463 1234 secundum

226 1255 553 1326 proferamus.
588 1254 912 1310 Vendiderat
952 1256 1381 1327 possessionem,
1426 1262 1482 1309 ut
1529 1254 1782 1323 scriptum
1890 1259 2294 1329 promissionem
2355 1278 2457 1332 qua
2514 1261 2722 1321 dixerat
2769 1281 2783 1317 :
2834 1263 3090 1320 Habitabo
3138 1267 3190 1321 in
3233 1266 3335 1321 illis
3377 1264 3459 1338 (ll

226 1354 300 1402 est
342 1348 390 1400 in
435 1345 658 1402 Actibus
705 1348 1065 1417 apostolorum
1114 1345 1263 1419 (Cap.
1299 1360 1351 1416 ν,
1382 1343 1462 1416 2),
1496 1358 1781 1415 suppressa

223 1447 355 1509 parte
386 1439 622 1506 pecunias
649 1437 864 1493 dolosus
899 1437 1214 1508 discipulus,
1245 1438 1509 1507 reliquum
1542 1451 1637 1506 pro
1670 1444 1780 1491 toto

221 1537 330 1584 ante
366 1528 521 1597 pedes
566 1545 776 1600 ponens
814 1532 1200 1601 apostolorum,
1248 1527 1471 1584 oﬂ‘endit
1522 1528 1776 1596 Spiritum

217 1630 459 1683 sanctum,
490 1636 652 1691 quem
692 1621 907 1690 putabat
949 1636 1009 1677 se
1061 1620 1250 1677 latere.
1273 1618 1380 1675 Sed
1407 1619 1531 1691 quid
1560 1618 1626 1673 ad
1654 1634 1776 1675 eum

1885 1347 2003 1404 Cor.
2036 1350 2237 1425 vt,I6).
2269 1353 2420 1421 Quod
2443 1370 2569 1409 vero
2599 1354 2854 1412 Dominus
2884 1355 3041 1413 Jesus
3063 1356 3193 1413 dicit
3214 1357 3265 1414 in
3288 1356 3463 1416 Evan-

1878 1446 2049 1514 gelto:
2071 1442 2270 1499 .llanete
2294 1445 2345 1499 in
2366 1464 2442 1501 me
2457 1456 2506 1503 et
2530 1464 2622 1517 ego
2643 1450 2695 1504 in
2715 1450 2851 1505 vobis
2872 1447 3049 1522 (Joan.
3068 1466 3158 1506 xv.
3175 1450 3257 1519 ι),
3274 1451 3463 1521 probat

1881 1532 1982 1589 hoc
2009 1534 2203 1592 Paulus
2231 1536 2415 1594 dicens
2440 1556 2453 1594 :
2484 1540 2563 1595 An
2584 1541 2784 1596 nescitis
2820 1542 2941 1612 quia
2964 1539 3113 1597 Iesus
3135 1540 3368 1597 Christus
3389 1552 3462 1599 est

1878 1626 1932 1680 in
1951 1627 2087 1680 vobis
2111 1625 2200 1697 (II
2229 1628 2348 1683 Cor.
2376 1645 2489 1695 ιιιι,
2510 1630 2602 1702 5)?
2623 1631 2734 1689 IIoc
2758 1642 2937 1688 autem
2957 1641 3128 1688 totum
3149 1632 3201 1689 in
3231 1631 3461 1703 Spiritus

214 1710 332 1768 dixit
358 1712 616 1767 continuo
652 1712 838 1767 beatus
863 1711 1089 1768 Petrus?
1115 1711 1337 1777 Anania,
1365 1727 1525 1782 quare
1552 1708 1776 1766 Satanas
1818 1788 1825 1789 ί
1881 1715 2208 1775 habitatione
2234 1720 2572 1789 adimpletur,
2601 1723 2742 1778 sicut
2779 1733 3042 1779 memorat
3067 1722 3298 1780 Joannes
3326 1740 3341 1778 :
3374 1721 3461 1778 E3

210 1804 397 1874 replevit
421 1820 507 1859 cor
540 1814 695 1858 suum
723 1812 778 1858 ut
803 1803 1089 1860 mentireris
1119 1802 1336 1875 Spiritui
1377 1813 1550 1857 sancto
1575 1799 1735 1870 (Ibid.
1757 1842 1775 1870 ,
1807 1788 1854 1851 Β
1880 1808 1997 1880 hoc.
2027 1804 2216 1882 inqu",
2247 1788 2435 1870 uim,“
2466 1815 2589 1884 quia
2616 1815 2669 1870 ίη
2697 1815 2841 1872 ποθί,
2882 1825 2956 1871 ω
2977 1856 2993 1883 ν
3029 1818 3147 1887 φαίη
3169 1815 3232 1870 αι
3260 1814 3459 1885 Spir)“

210 1896 295 1968 δη
320 1898 381 1953 Et
408 1895 547 1954 infra
586 1915 598 1950 :
633 1896 756 1953 Non
804 1914 857 1953 es
902 1896 1141 1952 mentitus
1186 1896 1493 1964 hominibus,
1545 1895 1631 1949 sed
1670 1891 1778 1948 Deo

209 1989 389 2062 (lbid.,
433 1990 511 2062 ι).
572 1989 743 2062 Atque
795 1989 867 2046 ita
920 2003 1204 2060 percussus
1246 1989 1444 2044 virtute
1500 1986 1646 2058 ejus,
1692 1986 1776 2041 cui

208 2080 401 2136 mentiri
430 2081 729 2150 voluerat,
779 2081 1095 2151 exepiravit.
1125 2079 1261 2147 Quid
1310 2079 1394 2133 ltic
1421 2077 1537 2133 vult
1587 2075 1777 2131 beatus

208 2167 380 2228 Petrus
407 2171 636 2243 intelligi
657 2171 910 2242 Spiritum
934 2171 1208 2225 sanctum?
1233 2169 1422 2236 Utique
1440 2169 1640 2223 clarum
1672 2175 1775 2233 est,

207 2274 314 2315 cum
333 2261 479 2330 dicit,
510 2259 641 2315 Non
667 2260 903 2314 mentitus
923 2276 975 2313 es
1004 2257 1310 2323 hominibus,
1338 2256 1426 2311 sed
1459 2256 1584 2309 Deo.
1612 2254 1778 2311 Mani-

207 2348 381 2409 Icstum
411 2363 494 2410 est
522 2366 678 2423 ergo,
711 2352 963 2423 quoniam
1004 2350 1092 2421 qui
1136 2348 1393 2404 mentitur
1422 2347 1529 2418 3o
1557 2346 1774 2416 Spiritui

204 2456 395 2512 sancto,
417 2446 532 2504 Deo
566 2447 822 2502 mentitur
853 2462 867 2499 :
896 2453 950 2499 et
970 2444 1061 2514 qui
1081 2442 1252 2499 credit
1280 2442 1332 2496 in
1368 2440 1623 2510 Spiritum
1653 2453 1775 2494 san-

202 2549 353 2605 ctum,
374 2537 549 2595 credit
579 2537 632 2592 in
662 2537 847 2593 Deum.
870 2536 1000 2592 Tale
1022 2533 1243 2605 aliquid,
1270 2533 1375 2587 imo
1406 2530 1600 2587 lo'rtius
1622 2532 1775 2601 quid-

201 2626 313 2683 dam
353 2631 613 2686 Dominus
643 2628 695 2684 in
729 2626 1012 2698 Evangelio
1051 2623 1311 2694 ostendit,
1344 2622 1531 2679 dicens
1562 2640 1578 2678 :
1614 2622 1775 2676 Otune

202 2730 452 2789 peccatum
480 2730 529 2773 et
566 2718 877 2789 blasphemia
905 2716 1184 2771 remittetur
1208 2715 1495 2768 hominibus
1524 2729 1543 2767 :
1563 2713 1651 2784 qui
1677 2729 1773 2767 au-

198 2819 285 2863 tem
311 2811 736 2882 blasphemaverit
762 2811 815 2865 in
837 2808 1090 2881 Spiritum
1115 2817 1367 2870 sanctum,
1412 2823 1513 2862 non
1550 2806 1773 2861 remitte-

197 2910 270 2956 tur
313 2905 388 2971 ei,
419 2920 586 2975 neque
611 2904 664 2958 in
694 2905 786 2957 hoc
805 2902 1023 2967 steculo,
1055 2916 1213 2968 neque
1255 2900 1307 2954 in
1337 2899 1508 2970 futuro
1550 2896 1771 2966 (Matth.

192 3002 281 3062 ιιι,
302 2996 392 3062 51,
419 2995 540 3067 52).
558 2995 585 3034 δ
602 2997 740 3051 Ecce
772 2992 993 3050 terribili
1024 2990 1288 3048 sententia
1310 2988 1676 3045 irremissibile
1703 2989 1773 3044 di~

189 3085 386 3143 citesse
408 3099 687 3158 peccatum
709 3089 755 3143 ei
784 3086 940 3158 quiin
971 3085 1226 3155 Spiritum
1255 3092 1497 3140 sanctum
1526 3082 1774 3152 blasphe-

189 3146 432 3235 maverit'.
459 3178 558 3252 (al.
580 3146 884 3251 Cutnpar'at]
912 3146 1172 3246 Compara
1195 3175 1320 3231 huic
1345 3173 1625 3231 sententia:
1645 3146 1773 3229 illud
1800 3146 1849 3214 (ἶ

189 3274 327 3344 quod
357 3275 621 3343 scriptum
652 3281 735 3329 est
761 3273 812 3328 in
844 3273 977 3328 libro
1002 3280 1026 3310 ο
1049 3269 1350 3341 Regnorum
1380 3286 1395 3323 :
1432 3267 1490 3322 Si
1518 3266 1775 3339 peccando

180 3365 476 3433 peccaverit
528 3365 603 3418 eir
639 3365 689 3418 in
723 3364 907 3430 virum,
929 3362 1142 3418 orabunt
1190 3375 1284 3430 pro
1310 3375 1369 3414 eo
1395 3375 1415 3413 .'
1444 3359 1487 3415 si
1511 3366 1679 3412 autem
1722 3358 1775 3410 in

173 3450 337 3507 Deum
370 3456 693 3524 peccaverit,
724 3454 837 3524 quis
856 3453 1018 3508 orabit
1057 3467 1152 3521 pro
1190 3467 1249 3507 eo
1278 3449 1332 3519 (ι
1365 3450 1494 3522 Reg.
1541 3464 1615 3516 ιι,
1640 3446 1774 3517 25)?

165 3540 376 3618 δίει-κο
410 3546 798 3617 blaspltemare
844 3546 899 3600 in
943 3545 1203 3614 Spiritum
1250 3552 1521 3607 sanctum,
1570 3551 1625 3597 et
1655 3556 1779 3611 pee-

164 3652 289 3695 care
316 3639 378 3693 in
410 3637 595 3694 Deum
630 3637 831 3705 simile,
869 3637 920 3691 id
948 3645 1054 3701 est,
1079 3634 1399 3704 inexpiabile
1422 3635 1628 3688 crimen
1656 3642 1735 3686 cst
1754 3674 1769 3698 ,

163 3730 272 3804 iam
306 3738 563 3802 quantus
590 3729 659 3784 sit
689 3726 916 3800 Spiritus
942 3734 1157 3784 sanctus
1185 3725 1549 3795 unusquisque
1578 3739 1779 3795 cogno-

170 3825 294 3879 scit.
722 3825 730 3832 ’

240 3914 364 3972 ιν.
411 3911 706 3968 Prwsentia
735 3910 832 3968 Dei
871 3911 1071 3983 ubique.
1120 3941 1189 3952 --
1215 3909 1360 3967 Deus
1390 3908 1531 3979 quod
1578 3908 1779 3979 ubique

175 4009 241 4062 sit
259 4017 521 4077 praesens
549 4011 603 4059 et
644 4003 862 4075 impleat
904 4001 1104 4069 omnia,
1144 4016 1241 4058 ore
1286 4000 1542 4056 discimus
1568 3996 1596 4036 ⁸
1626 3999 1779 4056 lere-

177 4098 298 4153 mia
333 4114 348 4151 :
383 4094 531 4167 Ego,
560 4094 761 4164 inquit,
792 4094 929 4151 Deus
956 4095 1351 4165 approximans,
1382 4104 1427 4147 et
1452 4093 1635 4147 nonde
1662 4093 1775 4146 lon-

181 4194 374 4264 ginquo
405 4207 425 4246 :
456 4190 504 4246 si
532 4190 858 4245 absconditus
880 4191 1032 4262 fuerit
1063 4190 1211 4245 homo
1240 4191 1294 4245 in
1332 4190 1663 4259 absconditis,
1692 4206 1776 4245 er-

180 4298 242 4353 go
264 4298 361 4354 ego
388 4296 499 4335 non
546 4280 719 4334 uidebo
760 4281 913 4335 eum?
945 4279 1134 4335 Nonne
1158 4281 1343 4335 caelum
1367 4289 1412 4334 et
1457 4289 1646 4335 terrain
1674 4296 1771 4352 ego

181 4371 367 4444 impleo
396 4369 540 4444 (Jer.
565 4381 723 4437 um,
752 4369 844 4436 23,
873 4370 1006 4442 ειν
1033 4370 1173 4439 Quid
1203 4380 1382 4427 autem
1413 4370 1482 4425 de
1521 4385 1616 4426 sua
1648 4370 1769 4425 ubi-

1879 1917 1970 1956 suo
2000 1902 2139 1958 dedit
2170 1903 2312 1958 nobis
2336 1901 2384 1975 (l
2414 1902 2572 1961 Joan.
2602 1921 2672 1974 tv,
2706 1907 2817 1978 13).
2854 1905 3115 1963 Similiter
3142 1915 3197 1962 et
3224 1906 3455 1963 Paulus:

1881 1990 2104 2049 Nescitis
2131 1996 2251 2064 quia
2285 1996 2525 2065 templum
2553 1995 2647 2052 Dei
2677 1999 2820 2063 estis,
2862 2008 2908 2052 et
2938 1997 3166 2068 Spiritus
3198 1997 3292 2052 Dei
3317 1996 3460 2052 habi-

1879 2090 1952 2136 tat
1978 2083 2031 2137 in
2060 2084 2194 2138 vobis
2219 2082 2273 2154 (I
2304 2084 2423 2141 Cor.
2456 2102 2543 2153 III,
2568 2085 2697 2158 i6)?
2731 2086 2799 2142 Et
2822 2085 3014 2143 iterum
3041 2086 3168 2143 dicit
3194 2104 3213 2143 :
3240 2084 3453 2157 Gloriﬁ-

1880 2183 1987 2227 cate
2015 2183 2063 2227 et
2093 2184 2289 2245 portate
2308 2174 2484 2230 'Deum
2512 2176 2564 2230 in
2585 2192 2797 2247 corpore
2825 2186 2988 2232 uestro
3019 2176 3073 2249 (1
3100 2177 3216 2232 Cor.
3242 2192 3315 2245 VI,
3335 2174 3453 2247 ευ).

1875 2262 2045 2330 Quem
2070 2264 2272 2319 Deum?
2301 2266 2483 2336 utique
2514 2264 2531 2304 ί
2563 2265 2819 2338 Spiritum
2846 2276 3113 2336 sanctum,
3144 2266 3295 2338 cujus
3317 2274 3453 2323 tem-

1876 2356 2022 2426 plum
2052 2370 2172 2412 esse
2202 2355 2472 2413 videmur.

1946 2446 2109 2501 XVII.
2151 2446 2281 2502 Nam
2308 2446 2448 2519 quod
2501 2459 2687 2521 arguat
2716 2448 2897 2517 Pater,
2927 2454 3112 2519 arguat
3137 2446 3325 2513 Filius,
3362 2462 3451 2503 ar-

1876 2551 2006 2612 guat
2050 2538 2279 2611 Spiritus
2305 2551 2522 2597 sanctus
2549 2540 2622 2596 ita
2650 2539 2980 2611 probandum
3012 2550 3114 2597 est.
3160 2538 3215 2595 In
3248 2538 3455 2611 psalmo

1875 2630 2285 2702 quadragesimo
2337 2644 2479 2686 nono
2521 2631 2715 2702 legitur
2766 2649 2779 2685 :
2815 2630 3080 2686 Pcccatori
3126 2639 3295 2686 autem
3334 2631 3455 2686 dicit

1876 2720 2011 2777 Deus
2038 2739 2056 2775 :
2084 2722 2251 2787 Quare
2281 2731 2336 2776 tu
2362 2737 2570 2778 enarras
2596 2722 2845 2789 iustitiam
2866 2739 3047 2789 meam,
3075 2730 3124 2777 et
3143 2722 3357 2777 assumis
3376 2732 3449 2776 te-

1874 2821 2174 2867 stamentum
2199 2829 2364 2868 meum
2388 2830 2479 2884 per
2500 2830 2555 2869 os
2580 2821 2720 2867 tuum
2740 2812 2914 2884 (Psal.
2946 2827 3098 2879 xm,
3126 2812 3252 2884 I6)?
3282 2812 3343 2867 Et
3368 2813 3450 2867 in-

1874 2902 1989 2959 fra:
2023 2907 2249 2975 Arguam
2288 2913 2356 2974 te,
2384 2916 2428 2958 et
2449 2913 2666 2958 statuam
2683 2903 2873 2977 (Laud.
2911 2902 3049 2973 ante)
3071 2913 3247 2957 contra
3272 2902 3451 2973 facient

1876 3004 2012 3050 tuam
2039 2994 2201 3067 (Ibid.
2221 3035 2236 3062 ,
2267 2994 2383 3066 2i).
2410 2993 2575 3049 David
2597 2993 2842 3049 similiter
2866 3007 3025 3049 orans
3051 2992 3180 3048 dicit
3207 2991 3273 3045 ad
3300 2990 3454 3046 Chri-

1876 3094 2017 3143 stum
2045 3105 2057 3141 :
2091 3084 2325 3151 Domine,
2342 3101 2405 3140 ne
2436 3086 2489 3138 in
2517 3084 2599 3139 ira
2627 3092 2716 3138 tua
2743 3100 2931 3155 arguas
2953 3099 3032 3137 me
3060 3081 3234 3155 (Paul.
3264 3097 3339 3149 vt,
3361 3081 3451 3150 2);

1877 3178 1999 3248 quia
2029 3181 2143 3249 Ipse
2170 3184 2427 3233 venturus
2452 3184 2536 3232 est
2559 3189 2784 3246 arguere
2808 3188 3022 3231 omnem
3051 3188 3285 3230 carnem.
3314 3172 3454 3242 Quid

1878 3284 2007 3326 vero
2032 3268 2101 3325 de
2128 3266 2329 3339 Spiritu
2368 3274 2554 3322 sancto
2587 3265 2835 3322 Salvator
2859 3264 2913 3321 in
2946 3264 3236 3336 Evangelia
3273 3262 3454 3321 dicit?

1874 3363 2003 3420 Cum
2032 3365 2243 3430 venerit,
2289 3360 2477 3433 inquit,
2527 3358 2840 3425 Paraclitu,
2878 3358 2967 3414 ille
2993 3369 3169 3431 arguet
3200 3359 3446 3413 mundum

1875 3457 1938 3511 de
1964 3466 2191 3525 peccato,
2212 3462 2258 3510 et
2282 3454 2344 3508 de
2365 3453 2581 3523 iustitia,
2611 3461 2657 3506 et
2686 3451 2749 3506 de
2767 3451 2968 3521 judicio
2994 3448 3174 3520 (least.
3207 3465 3293 3505 xvi
3316 3492 3333 3519 ,
3369 3451 3448 3520 8).

1876 3546 1989 3601 Hoc
2019 3545 2317 3615 praevidens
2358 3542 2524 3598 David
2551 3541 2816 3598 clamabat
2856 3541 2924 3596 ad
2972 3541 3297 3596 Dominum:
3331 3539 3446 3605 Qua

1876 3637 1959 3691 ibo
1987 3654 2019 3691 a
2041 3636 2241 3706 Spiritu
2273 3643 2377 3701 tuo,
2416 3645 2464 3688 et
2494 3648 2526 3687 a
2567 3632 2701 3702 {acie
2733 3640 2822 3685 tua
2842 3647 2945 3703 quo
2994 3632 3189 3703 fugiam
3227 3628 3448 3703 (Paetus.

1878 3741 2110 3782 cxxxvm
2128 3768 2143 3793 ,
2173 3724 2271 3794 7)!

1950 3816 2135 3873 XVIII.
2182 3815 2314 3871 Nam
2340 3812 2565 3885 etquod
2614 3813 2785 3869 bonus
2825 3811 2894 3868 sit
2934 3810 3110 3879 Pater,
3162 3808 3334 3868 hem
3376 3810 3457 3869 ﬁ-

1876 3910 2001 3977 lius,
2032 3910 2206 3965 bonus
2229 3906 2460 3978 Spiritus
2484 3913 2721 3972 sanctus,
2747 3903 2827 3959 sic
2852 3903 3129 3973 probatur.
3162 3902 3304 3960 Dicit
3330 3918 3455 3974 pro.

1878 4000 2033 4075 pheta
2068 4018 2080 4054 :
2114 3999 2285 4054 Bonus
2311 4013 2364 4053 es
2403 4005 2477 4061 tu,
2510 3993 2744 4061 Dourine,
2787 4004 2837 4049 et
2864 3995 2917 4048 in
2962 3994 3186 4049 hauriret:
3216 4003 3307 4049 tua
3333 3994 3459 4050 doce

1876 4110 1954 4149 me
1966 4091 2361 4166 justiﬁcationes
2381 4100 2492 4144 tuas
2516 4086 2688 4156 (Psal.
2714 4100 2877 4142 ctvtu
2899 4131 2914 4155 ,
2936 4086 3053 4159 68).
3085 4085 3161 4142 De
3182 4101 3244 4142 se
3271 4096 3449 4142 autem

1874 4189 1990 4262 ipse
2014 4184 2331 4257 Unigenitus
2355 4201 2369 4239 :
2400 4180 2514 4256 Ego
2536 4196 2648 4236 suat
2668 4190 2842 4253 pastor
2868 4180 3026 4235 boans
3045 4177 3223 4253 (Ioan.
3253 4194 3305 4243 ι,
3338 4177 3450 4249 II).

1877 4280 1953 4335 De
1980 4279 2183 4349 Spiritu
2206 4291 2357 4348 teque
2381 4282 2572 4330 sancto
2598 4272 2764 4327 David
2791 4271 2845 4326 in
2878 4271 3084 4342 psalmo
3100 4272 3231 4328 dicit
3255 4271 3321 4325 ad
3354 4271 3457 4326 Do-

1876 4377 2119 4430 minum:
2166 4369 2391 4442 Spiritus
2438 4377 2553 4422 tuus
2600 4366 2765 4421 bonus
2792 4364 3007 4421 deducet
3052 4381 3130 4421 me
3174 4365 3227 4420 in
3264 4374 3453 4420 terrain

184 4477 282 4537 que
312 4465 610 4536 prmsentia
651 4463 896 4519 Salvator
938 4465 988 4519 in
1032 4463 1321 4533 Evangelio
1347 4462 1513 4518 dicit?
1544 4461 1770 4518 Ubicun-
1803 4512 1854 4574 υ
1879 4465 2097 4539 [Laud.,
2130 4460 2281 4533 viam]
2309 4471 2498 4516 rectam
2511 4456 2746 4574 l(.Pstslm.
2778 4472 2943 4574 Ciﬁlll.
2976 4456 3086 4574 Hc).

182 4570 298 4625 que,
331 4558 412 4611 ait
433 4600 449 4624 ,
488 4556 678 4626 fuerint
708 4556 809 4609 duo
840 4558 916 4609 vel
945 4565 1044 4610 tres
1074 4556 1271 4610 collecti
1317 4558 1369 4609 in
1400 4558 1601 4609 nomine
1630 4571 1770 4621 meo,

186 4648 249 4702 ibi
274 4659 323 4703 et
355 4666 451 4721 ego
484 4666 597 4703 sum
623 4650 678 4703 in
697 4650 859 4703 medio
887 4664 1059 4704 eorum
1082 4649 1297 4722 (Matth.
1341 4664 1464 4703 xvm
1488 4690 1504 4714 ,
1544 4647 1662 4719 20).
1698 4649 1775 4703 De

182 4736 384 4809 Spiritu
415 4740 641 4810 adaeque
662 4749 868 4805 sancto,
896 4739 1037 4810 quod
1066 4738 1207 4794 adsit
1238 4739 1457 4810 ubique,
1489 4740 1621 4794 dicit
1650 4754 1772 4807 pro-

186 4830 343 4899 pheta
374 4847 451 4888 ex
489 4846 715 4902 persona
742 4831 833 4886 Dei
867 4848 880 4884 :
905 4828 1016 4901 Ego
1044 4831 1097 4883 in
1118 4830 1279 4897 vobis,
1305 4840 1350 4884 et
1378 4830 1605 4899 Spiritus
1633 4845 1774 4883 meus

186 4930 277 4977 stat
302 4924 357 4976 in
383 4922 555 4978 medio
578 4932 797 4977 uestrum
826 4919 1039 4984 (Each.
1072 4936 1236 4976 xxxv:
1252 4962 1269 4990 ,
1297 4919 1414 4991 27).
1437 4920 1504 4975 Et
1522 4920 1772 4977 Salomon

254 5115 280 5143 ⁸
308 5103 475 5159 CoIb.
508 5102 561 5165 Ι,
594 5100 869 5156 Scrutatur
895 5110 967 5155 est
994 5101 1301 5165 altitudinis.

250 5173 281 5213 δ
311 5173 464 5239 Ful.,
496 5161 704 5243 Germ,
735 5171 980 5243 θοιμι,
1012 5161 1271 5243 Orthod.,
1300 5169 1609 5240 Loricltius,
1643 5185 1770 5243 etc.,

187 5241 319 5299 Ecce
350 5238 602 5298 terribilis
626 5242 910 5296 sententia!
939 5238 1313 5309 lrrentissibile,
1348 5254 1454 5299 etc.

256 5326 282 5355 ο
312 5314 434 5370 Afri
465 5312 662 5382 saepius
690 5313 829 5383 hunc
870 5312 1078 5383 titulum
1107 5312 1257 5383 libris
1287 5314 1486 5383 Regum
1508 5317 1773 5374 attribue-

188 5396 350 5453 runt,
391 5395 453 5439 ut
486 5381 631 5452 patet
655 5396 726 5437 ex
756 5381 1085 5453 Tertulliano
1128 5381 1221 5436 lib.
1260 5399 1297 5437 ιι
1337 5381 1520 5441 contra
1548 5385 1771 5443 llarcio-

188 5451 347 5529 nem,
384 5451 547 5509 beato
564 5451 869 5529 _Augustino
895 5452 1118 5529 passim,
1149 5453 1374 5529 concilio
1415 5471 1472 5529 In
1494 5453 1787 5529 Carthagii

188 5521 375 5591 nensi,
402 5533 519 5579 etc.
554 5521 691 5590 Quia
727 5532 801 5592 et,
815 5528 1033 5592 sanctus
1065 5521 1394 5592 Cyprianus,
1433 5524 1614 5581 Graeca
1642 5521 1775 5584 vtice

191 5590 521 5666 plerumque
563 5593 726 5666 libros
765 5590 1038 5666 senatus
1087 5590 1339 5666 appellat.
1380 5594 1521 5649 Idem
1574 5596 1775 5651 faciunt

186 5660 358 5723 aiam
386 5660 637 5719 nonnulli
660 5677 727 5719 es
747 5662 864 5718 aliis
882 5660 1169 5731 provinciis
1194 5660 1399 5727 Patres,
1427 5666 1569 5731 quod
1592 5674 1772 5721 tamen

191 5728 1775 5807 ωνηιιατοπιόαυωᾱααιιαωῑωιορηιοιο

1952 4557 2090 4611 XIX.
2132 4555 2262 4623 Quis
2289 4563 2468 4607 autem
2493 4550 2805 4619 dignitatem
2842 4547 2985 4600 illam
3022 4546 3254 4616 Spiritus
3282 4549 3450 4601 sancti

1881 4652 2051 4723 possit
2080 4646 2290 4703 tacere?
2334 4642 2553 4712 Antiqui
2596 4641 2741 4695 enim
2791 4638 3068 4707 propheta:
3107 4636 3452 4692 clamabant:

1882 4742 2011 4797 Htec
2027 4741 2148 4793 dicit
2167 4736 2431 4791 Dominus.
2457 4732 2603 4787 Hanc
2626 4744 2809 4793 vocem
2830 4729 3078 4784 Christus
3093 4729 3382 4784 adveniens
3403 4727 3453 4779 in

1880 4833 1984 4903 ει
2000 4844 2150 4884 suam
2169 4836 2447 4895 personam
2470 4820 2765 4883 revocavit,
2787 4817 3004 4873 dicens:
3034 4817 3143 4888 Ego
3156 4825 3326 4871 autem
3344 4817 3455 4870 dico

1879 4922 2019 4979 vobis
2049 4917 2258 4993 (Matth.
2300 4930 2354 4983 v,
2385 4911 2500 4984 22).
2542 4909 2674 4967 Novi
2701 4916 2880 4967 autem
2907 4907 3181 4981 propheta
3203 4905 3330 4978 quid
3359 4904 3453 4976 [ιιι.

1882 5092 2469 5210 “mla-.1212???
2492 5090 2887 5210 ξὲἷῗνξεῗάῗῖῗ
2907 5087 3330 5210 'tfl‘l‘tni‘bil's.
3361 5156 3422 5210 Ili

1953 5169 1981 5209 ει
2014 5168 2204 5224 Plures
2238 5156 2368 5219 mss.
2406 5173 2461 5219 et
2498 5170 2710 5218 veteres
2747 5161 2872 5216 editi
2915 5156 3112 5215 habent
3144 5156 3330 5214 Esaia.
3361 5156 3453 5212 llic

1878 5252 2060 5300 tamen
2091 5243 2237 5295 locus
2264 5244 2347 5291 est
2384 5250 2455 5291 es
2487 5232 2720 5291 Ieremia
2753 5231 3085 5300 demptus.

1952 5297 2162 5368 ῑουιι».
2202 5309 2225 5361 ι
2268 5315 2325 5361 et
2362 5304 2661 5369 Loricbius,
2693 5302 2762 5356 ωι
2790 5297 3067 5370 infernum.
3100 5297 3164 5370 Et
3202 5298 3359 5370 inira,
3390 5299 3452 5355 Si

1879 5376 2487 5467 sumpseranisauduu”
2535 5375 2596 5431 Si
2645 5368 3158 5467 recipiamnProhin
3209 5369 3452 5467 directum

1880 5440 2034 5510 Colit.
2069 5452 2118 5515 I,
2151 5447 2414 5503 diluculo:
2432 5440 2531 5516 pro
2554 5440 2817 5516 extremis,
2838 5440 3175 5516 Golb._alter,
3200 5450 3446 5516 eadem;

1881 5540 1979 5596 pro
2005 5510 2467 5596 c_ontine_ltit,nFul_:,
2489 5515 2699 5596 ϐαι-ιιι..
2717 5526 2770 5569 et
2800 5510 3329 5596 Lorichiusateuebit.

1882 5578 1976 5632 ri
2007 5594 2159 5649 Colb.
2190 5589 2216 5642 1
2235 5626 2251 5654 ,
2281 5578 2533 5656 Spiritum
2560 5578 2792 5642 sanctum
2819 5593 2994 5651 uocat,
3032 5583 3183 5656 cujus
3208 5578 3452 5651 tentplam

1878 5677 1991 5720 esse
2016 5664 2286 5717 debemus.
