4082 6320
624 296 724 357 25!

1922 297 2227 389 vicrouts
2266 297 2583 359 YI'I‘ENSIS

3768 303 3871 357 239

625 415 739 490 qui]
768 413 1101 470 clamabant?
1131 412 1268 468 sicut
1303 410 1564 482 prepheta
1616 411 1827 482 Agabus
1883 413 1938 468 in
1979 414 2198 471 Actibus
2226 418 2281 479 Α
2304 414 2451 482 dum,
2476 416 2519 470 si
2557 415 2781 485 iudicat,
2812 416 2857 470 si
2888 415 3059 471 bonus
3102 422 3155 471 et
3187 423 3364 473 rectus
3386 426 3490 486 est,
3518 418 3564 473 si
3584 417 3651 473 de
3675 432 3741 474 eo
3767 394 3870 474 cla-

627 506 989 577 apostolorum
1016 522 1027 557 :
1056 503 1181 558 llaec
1211 503 1331 557 dicit
1364 501 1589 574 Spiritus
1623 513 1827 560 sanctus
1876 504 2012 579 (Act.
2070 523 2159 562 ut
2185 549 2201 574 ,

626 599 741 660 il).
786 597 853 652 Et
899 595 1091 651 Paulus
1138 593 1205 649 ad
1249 593 1587 650 Timotheum
1634 614 1645 647 :
1682 596 1937 667 Spiritus,
1995 597 2200 669 inquit,

625 691 893 760 manifeste
919 686 1041 741 dicit
1070 686 1120 759 (ι
1153 685 1287 740 Tim.
1344 702 1423 751 tv,
1458 687 1534 756 l).
1573 688 1702 754 Qua:
1740 704 1836 745 vox
1869 691 2085 746 omnino
2113 690 2205 746 de-

623 787 888 835 monstrat
915 775 1323 833 indiﬁ'erentiam
1351 777 1644 833 Trinitatis.
1681 779 1747 833 Et
1776 780 1967 835 Paulus
1992 781 2204 852 quidem

622 872 746 927 dicit
775 886 832 925 se
877 885 907 925 a
938 870 1047 927 Deo
1094 870 1249 925 Patre
1279 880 1333 925 et
1387 870 1599 927 Christo
1650 881 1893 926 vocatum
1945 871 2109 928 fuisse
2154 881 2209 928 et

621 966 840 1020 missum
875 981 889 1018 :
923 964 1158 1030 Paulus,
1193 963 1396 1033 inquit,
1444 963 1705 1031 apostolus
1735 982 1834 1019 non
1873 967 1934 1018 ab
1982 965 2205 1018 homini-

621 1056 713 1109 bus
760 1074 915 1127 neque
974 1073 1064 1120 per
1109 1056 1397 1123 hominem,
1441 1057 1528 1110 sed
1572 1074 1660 1127 per
1698 1056 1874 1112 Iesum
1911 1056 2204 1127 Christum,

622 1143 814 1217 [Laud.
834 1186 847 1210 ,
878 1144 993 1218 ad.)
1022 1154 1068 1201 et
1092 1143 1258 1200 Deum
1290 1143 1494 1199 Patrem
1523 1145 1667 1218 (Gal.
1709 1162 1754 1213 ι,
1791 1147 1864 1216 1).
1900 1148 1953 1201 ιιι
1985 1147 2209 1203 Actibus

622 1246 797 1291 autem
826 1236 1191 1307 apostolorum
1231 1234 1423 1307 legitur
1451 1236 1588 1306 quod
1630 1252 1659 1291 a
1687 1238 1887 1308 Spiritu
1918 1248 2103 1293 sancto
2140 1238 2208 1293 sit

625 1337 935 1397 segregatus
961 1333 1015 1381 et
1044 1327 1257 1381 missus.
1292 1324 1380 1382 Sic
1420 1327 1564 1381 enim
1613 1327 1876 1398 scriptum
1922 1337 2003 1385 est
2034 1345 2046 1382 :
2083 1326 2209 1382 llaec

625 1417 748 1471 dicit
799 1416 1024 1487 Spiritus
1073 1427 1326 1473 sanctus:
1374 1416 1652 1489 Segrega‘e
1678 1417 1802 1471 mihi
1845 1416 2132 1473 Barnabam
2161 1428 2210 1473 et

625 1508 842 1563 Saulum
862 1508 914 1562 in
943 1524 1070 1576 opus
1094 1523 1193 1578 quo
1219 1508 1389 1561 vocavi
1416 1524 1501 1562 eos
1526 1508 1663 1581 (Act.
1695 1525 1787 1563 xm
1807 1551 1821 1577 ,
1855 1508 1934 1581 ἓ).
1957 1510 2021 1563 Ει
2050 1509 2207 1579 paulo

625 1610 743 1672 post
776 1620 786 1655 :
822 1599 963 1670 Ipsi,
1006 1600 1211 1671 inquit,
1252 1601 1390 1655 missi
1425 1618 1456 1654 a
1500 1599 1701 1672 Spiritu
1732 1611 1906 1655 sancto
1937 1602 2209 1657 descende-

625 1702 745 1747 runt
784 1692 1069 1747 Seleuciam
1097 1690 1295 1761 (Ibid.,
1329 1692 1403 1761 4).
1438 1689 1565 1746 Item
1596 1692 1648 1746 in
1682 1691 1870 1747 eodem
1906 1692 2083 1748 libro:
2117 1694 2210 1747 At-

2307 507 2652 575 matur:llcec
2677 509 2796 562 dicit
2821 507 3046 579 Spiritus
3068 518 3305 575 sanctus;
3333 511 3377 564 si
3408 510 3698 580 prophetas
3744 524 3871 565 cnn-

2307 603 2499 669 stituit,
2534 601 2578 655 si
2624 601 2898 671 apostolos
2932 600 3111 667 mittit,
3137 601 3181 656 si
3229 602 3506 671 episcopos
3556 601 3803 667 praeﬁcit,
3832 603 3872 656 si

2307 693 2613 749 consolator
2649 702 2750 758 est,
2794 693 2838 747 si
2892 702 3079 747 cuncta
3126 682 3400 762 dispensat
3454 698 3621 763 prout
3660 692 3795 757 vult,
3834 693 3873 745 si

2307 784 2474 839 abluit
2519 794 2572 839 et
2612 783 2890 854 justiﬁcat,
2923 784 2967 837 si
3016 791 3309 837 tentatorcs
3358 796 3484 837 suos
3511 781 3803 846 interﬁcit;
3834 782 3874 834 si

2308 876 2354 932 is
2400 878 2489 946 qui
2518 893 2637 933 eum
2682 875 3128 946 blaSphemaverit
3161 889 3264 930 non
3297 873 3457 929 habet
3482 873 3873 939 remissionem,

2310 982 2483 1037 neque
2515 968 2567 1021 in
2605 967 2705 1022 hoc
2746 966 2965 1034 sa'culo,
2997 982 3167 1035 nequc
3197 967 3248 1020 in
3300 964 3497 1034 futuro,
3531 964 3673 1035 quod
3703 964 3877 1033 utique

2311 1059 2421 1113 Deo
2463 1059 2731 1129 proprium
2763 1069 2845 1114 est
2877 1076 2891 1113 :
2924 1060 3037 1113 haec
3060 1056 3274 1128 eum_ita
3301 1057 3426 1123 sint,
3456 1071 3551 1111 cur
3590 1055 3658 1110 de
3687 1069 3753 1109 eo
3781 1054 3875 1109 du-

2309 1149 2529 1215 bitatur,
2552 1149 2692 1220 quod
2728 1160 2748 1189 ε
2780 1149 2921 1205 Βίας
2949 1148 3040 1219 sit,
3084 1163 3205 1203 cum
3256 1163 3377 1203 eum
3424 1161 3647 1216 onerum
3679 1144 3872 1215 magni-

2312 1243 2438 1300 tudo
2462 1242 2603 1314 quod
2632 1255 2713 1301 est
2742 1245 2856 1314 ipse
2906 1240 3243 1298 manifestet?
3271 1239 3386 1295 Non
3433 1239 3619 1309 utique
3672 1238 3878 1294 alienus

2311 1347 2394 1393 est
2422 1352 2453 1391 a
2488 1336 2662 1392 Patris
2686 1344 2740 1391 et
2769 1334 2888 1391 Filii
2920 1333 3217 1404 majestate,
3250 1331 3340 1403 qui
3388 1347 3493 1387 non
3523 1342 3605 1387 est
3647 1329 3715 1385 ab
3754 1344 3878 1400 ope-

2310 1444 2427 1484 rum
2460 1426 2651 1483 virtute
2678 1426 2903 1482 alienus.
2946 1424 3165 1480 Frustra
3216 1423 3292 1493 illi
3342 1437 3537 1477 nomen
3590 1419 3878 1476 divinitatis

2312 1529 2556 1590 negatur,
2584 1519 2738 1589 cujus
2761 1527 2997 1588 potestas
3021 1532 3125 1571 non
3157 1523 3333 1586 potest
3355 1513 3628 1584 abnegari.
3661 1513 3876 1569 Frustra

2319 1612 2609 1684 prohibeor
2656 1627 2776 1665 eum
2814 1626 2933 1666 cum
2980 1610 3136 1665 Patre
3161 1618 3215 1664 et
3246 1608 3381 1663 Filio
3410 1607 3678 1671 venerari,
3723 1619 3877 1675 quem

2315 1701 2498 1771 exigor
2519 1716 2639 1755 cum
2668 1698 2825 1755 Patre
2856 1709 2908 1754 et
2941 1698 3075 1754 Filio
3104 1698 3371 1754 conﬁteri.
3398 1698 3455 1754 Si
3485 1697 3574 1753 ille
3605 1696 3736 1751 mihi
3761 1709 3877 1750 cum

626 1786 811 1840 tendite
848 1784 982 1839 vobis
1020 1792 1066 1838 et
1115 1784 1347 1838 universo
1388 1784 1563 1855 gregi,
1595 1784 1648 1837 in
1696 1800 1794 1854 quo
1843 1799 1930 1838 eos
1983 1784 2209 1855 Spiritus

2318 1792 2476 1848 Patre
2499 1799 2553 1846 et
2581 1792 2716 1846 Filio
2739 1790 2941 1846 confert
2964 1788 3333 1845 remissionem
3359 1800 3724 1858 peccatorum,
3750 1801 3877 1841 con-

626 1885 830 1931 sanctus
858 1875 1116 1929 constituit
1138 1876 1400 1945 episcopos
1423 1875 1561 1944 (Act.
1598 1889 1666 1928 xx
1689 1914 1704 1940 ,
1730 1873 1842 1944 28).

698 1973 817 2029 XX.
842 1973 1092 2029 Paracliti
1137 1991 1318 2029 nomen
1346 1990 1632 2031 commune.
1659 2004 1730 2015 -
1755 1974 1833 2031 Ne
1866 1972 1985 2045 quis
2029 1980 2207 2027 autem

626 2064 885 2137 Spiritum
926 2076 1191 2133 sanctum,
1223 2067 1345 2139 quia
1376 2067 1670 2124 Paraclitus
1721 2068 1894 2123 dictus
1943 2075 2045 2135 est,
2079 2081 2209 2121 con-

626 2156 924 2226 temptibile
963 2156 1165 2227 aliquid
1209 2157 1495 2213 existimet.
1530 2157 1827 2213 Paraclitus
1873 2156 2017 2212 enim
2044 2155 2209 2210 advo-

627 2256 778 2303 catus
808 2257 912 2314 est,
944 2247 1031 2302 vel
1077 2250 1252 2318 potius
1281 2249 1588 2305 consolator
1626 2249 1917 2305 secundum
1965 2247 2205 2302 Latinam

630 2339 884 2411 linguam,
918 2355 1037 2411 qua:
1079 2340 1368 2411 appellatio
1413 2342 1573 2396 etiam
1620 2341 1753 2396 Filio
1782 2340 1877 2396 Dei
1908 2339 2208 2396 communis

630 2440 733 2496 est,
763 2431 901 2486 sicut
952 2431 1083 2487 dicit
1138 2431 1373 2487 Joannes
1408 2450 1419 2485 :
1457 2431 1586 2488 Herc
1627 2433 1819 2503 inquit,
1862 2431 2026 2486 scribo
2068 2430 2207 2484 vobis

632 2532 687 2577 ut
714 2540 814 2578 non
833 2525 1075 2594 peccetis;
1099 2524 1186 2579 sed
1214 2534 1260 2579 et
1281 2525 1324 2580 si
1343 2526 1457 2596 quis
1486 2527 1788 2595 peccaverit,
1833 2534 1859 2561 ⁸
1889 2524 2209 2578 Paraclitum

630 2617 868 2673 habemus
916 2619 1056 2691 apud
1114 2618 1324 2673 Patrem
1376 2621 1555 2673 Jesum
1623 2619 1881 2674 Christum
1921 2620 2121 2690 justum
2154 2615 2207 2689 (I

630 2708 786 2766 Joan.
816 2727 877 2780 II,
933 2709 1020 2782 I).
1078 2711 1209 2766 Nam
1258 2720 1312 2767 et
1359 2711 1473 2781 ij-se
1528 2712 1783 2767 Dominus
1835 2728 1955 2767 eum
1986 2712 2112 2767 dicit
2143 2710 2209 2766 ad

636 2802 946 2872 apostolos,
1003 2803 1233 2857 Alterum
1287 2802 1607 2858 Paraclitum
1653 2806 1812 2858 mittet
1854 2805 1991 2859 vobis
2050 2803 2211 2858 Pater

633 2892 824 2965 (Joan.
854 2909 960 2957 XIV,
993 2894 1089 2963 16)
1117 2934 1132 2960 ,
1166 2895 1282 2953 sine
1318 2894 1481 2950 dubio
1532 2912 1652 2951 cum
1681 2895 1811 2951 dicit
1857 2896 2072 2950 alterum
2104 2894 2213 2948 Pa-

630 2990 890 3055 raclitum,
913 3004 973 3047 se
1012 3006 1225 3062 quoque
1256 2990 1578 3048 Paraclitum
1622 2993 1945 3049 manifestat.
1979 2993 2083 3049 Sed
2115 3009 2212 3048 nc-

630 3095 735 3153 que
756 3098 785 3135 a
813 3082 971 3138 Patre
1000 3081 1102 3138 hoc
1134 3097 1329 3139 nomen
1351 3084 1597 3140 Paracliti
1624 3085 1859 3140 alienum
1903 3094 2004 3140 est.
2041 3085 2209 3141 Bene-

633 3175 864 3229 ﬁcentia:
891 3176 1035 3229 enim
1066 3189 1263 3230 nomen
1305 3184 1404 3242 est,
1449 3191 1554 3231 non
1602 3188 1826 3233 natura}.
1860 3178 2116 3248 Denique
2144 3176 2215 3237 ad.
2236 3149 2282 3212 Ο

632 3266 944 3322 Corinthios
972 3267 1166 3323 Paulus
1211 3269 1285 3322 ita
1316 3269 1504 3323 scribit
1534 3286 1546 3322 :
1580 3268 1888 3323 Benedictus
1938 3266 2080 3323 Deus
2114 3268 2217 3324 Pa-

639 3366 715 3415 ter
745 3356 954 3413 Dontini
977 3358 1137 3413 nostri
1165 3359 1293 3413 Iesu
1319 3357 1528 3423 Christi,
1553 3357 1712 3413 Pater
1733 3360 2215 3427 mis'ericordiarum,

637 3459 684 3505 et
701 3449 837 3506 Deus
858 3450 1022 3505 omnis
1044 3449 1527 3520 consolationis,qui
1551 3465 1644 3504 nos
1672 3451 1963 3505 consolatur
1988 3448 2074 3521 (II
2096 3448 2214 3503 Cor.

638 3557 683 3609 ι,
709 3542 836 3615 34).
866 3543 1079 3599 Etcum
1119 3542 1427 3601 censolator
1464 3542 1657 3598 dicitur
1702 3542 1881 3609 Pater,
1912 3542 2218 3597 consolator

636 3632 829 3705 Filius,
854 3636 1161 3692 consolator
1181 3636 1341 3692 etiam
1368 3635 1601 3707 Spiritus
1630 3644 1868 3703 sanctus,
1903 3650 2006 3690 una
2038 3643 2216 3690 tamen

643 3730 799 3788 nobis
829 3729 1127 3786 consolatio
1156 3745 1186 3785 a
1222 3729 1483 3785 Trinitate
1515 3737 1827 3799 praestatur;
1855 3728 1994 3783 sicut
2026 3736 2080 3783 et
2109 3742 2215 3782 una

644 3822 893 3879 remissio
948 3830 1312 3891 peccatorum,
1344 3821 1602 3892 Apostolo
1654 3820 1991 3875 afﬁrmante:
2024 3819 2217 3886 Abluti,

643 3915 838 3986 inquit,
868 3915 985 3971 estis
1012 3924 1061 3970 et
1080 3916 1377 3988 justi/icati,
1405 3922 1450 3968 et
1470 3915 1775 3983 sancti/lenti
1804 3914 1921 3968 estis
1943 3913 1996 3967 in
2016 3913 2220 3966 nomine

647 4003 860 4058 Domini
889 4004 1050 4058 nostri
1093 4001 1219 4057 Jesu
1266 4001 1477 4068 Christi,
1510 4013 1557 4056 et
1594 4003 1647 4055 in
1677 4001 1878 4073 Spiritu
1909 4002 2005 4055 Dei
2058 4002 2219 4056 nostri

641 4095 697 4168 (1
720 4095 841 4151 Cor.
887 4111 959 4161 vt,
1006 4096 1064 4150 ll
1092 4094 1131 4165 ).
1164 4094 1448 4149 Possemus
1490 4093 1639 4164 plura
1694 4094 1868 4149 adhuc
1909 4093 1977 4150 de
2024 4093 2218 4151 divinis

643 4188 938 4259 Scripturis
963 4186 1208 4257 proferre
1239 4186 1563 4251 testimonia,
1594 4201 1714 4256 qua:
1737 4184 1765 4223 ιι
1790 4186 1939 4256 juxta
1968 4186 2216 4257 baptismi

638 4290 1031 4338 sacramentum
1074 4278 1388 4335 Trinitatem
1438 4279 1596 4334 unius
1648 4279 1856 4349 gloriae,
1888 4281 2216 4350 operationis

639 4386 703 4426 ac
736 4371 988 4441 potentia:
1010 4370 1355 4426 manifestam
1385 4386 1398 4423 :
1430 4370 1523 4425 sed
1553 4370 1676 4442 quia
1709 4386 1775 4426 ex
1805 4370 1888 4427 his
1918 4372 2107 4442 plenus
2134 4382 2217 4429 est

639 4462 963 4533 sapientium
1011 4462 1331 4531 intellectus,
1385 4462 1550 4518 multa
1593 4463 1984 4534 prmterivimus
2038 4465 2216 4521 studio

639 4551 942 4611 brevitatis.
1204 4602 1209 4607 .

711 4646 851 4702 XXI.
904 4647 1299 4719 Recapitulatio.
1324 4647 1695 4704 —Faciamus
1737 4663 1864 4719 ergo
1895 4649 2211 4719 recapitula-

639 4739 836 4795 tionem
880 4737 1145 4795 dictorum
1190 4747 1520 4794 nostrorum.
1568 4739 1626 4795 Si
1659 4740 1726 4795 de
1771 4740 1926 4795 Patre
1974 4739 2215 4810 procedit

637 4830 870 4901 Spiritus
910 4839 1148 4896 sanctus,
1180 4829 1223 4884 si
1252 4830 1464 4898 liberat,
1496 4832 1540 4885 si
1585 4831 1840 4886 Dominus
1889 4841 1972 4887 est
2008 4843 2063 4887 et
2092 4846 2215 4887 san-

637 4927 855 4994 ctiﬁcat,
880 4926 924 4982 si
947 4935 1094 4981 creat
1115 4941 1236 4981 cum
1255 4926 1413 4980 Patre
1426 4934 1480 4981 et
1502 4925 1638 4980 Filio
1659 4935 1713 4980 et
1735 4925 1985 4993 viviﬁcat,
2011 4924 2054 4979 si
2080 4940 2214 4993 pra:-

640 5018 918 5075 scientiam
950 5018 1112 5073 habet
1153 5033 1273 5072 eum
1308 5017 1465 5073 Patre
1494 5025 1550 5073 et
1576 5018 1732 5085 Filio,
1760 5019 1804 5073 si
1839 5018 2031 5087 ubique
2058 5028 2214 5073 estet

637 5111 821 5183 implet
852 5112 1054 5181 omnia,
1087 5110 1133 5167 si
1173 5109 1375 5165 habitat
1403 5110 1457 5165 in
1495 5110 1702 5178 electis,
1748 5112 1794 5167 si
1835 5111 2008 5181 arguit
2059 5127 2216 5192 mun-

710 5279 735 5307 ⁸
760 5270 1003 5345 Vulgata,
1025 5269 1354 5345 Advocatum,
1372 5270 1513 5338 quod
1545 5269 1683 5326 idem
1711 5277 1810 5323 est.
1830 5269 2207 5345 Grmtecusenim

640 5348 813 5395 textus
852 5338 1049 5415 liabei,
1092 5341 1450 5415 Παρὰτλῃτον,
1492 5356 1521 5395 a
1561 5355 1664 5410 qua
1689 5353 1837 5415 _voce
1880 5338 2168 5415 Paraclitus
2195 5383 2210 5409 ,

638 5415 797 5465 etiam
838 5426 932 5479 per
962 5411 1187 5465 litteram
1236 5411 1253 5463 i
1298 5412 1530 5466 breviter
1561 5420 1618 5463 ut
1654 5411 1802 5463 aiunt
1841 5412 2168 5465 enuntiatam
2195 5451 2211 5477 ,

638 5480 865 5551 derivari
894 5490 1090 5549 potest,
1116 5490 1171 5535 ut
1202 5481 1441 5550 pluribus
1465 5481 1654 5551 probat
1681 5480 1740 5534 ν.
1763 5480 1825 5533 C.
1857 5479 2089 5534 Joannes
2116 5484 2215 5535 Da-

640 5551 798 5622 ptista
826 5550 1038 5617 Thiers,
1066 5552 1117 5605 in
1148 5552 1403 5620 singulari
1432 5550 1497 5606 de
1530 5553 1628 5622 hac
1654 5565 1784 5603 voce
1818 5551 2211 5622 dissertatione.

709 5620 737 5658 δ
767 5622 900 5686 Quia
950 5622 1000 5675 in
1043 5619 1307 5691 baptismo
1343 5622 1562 5679 dicitur.
1599 5619 1664 5673 In
1696 5621 1895 5691 nomine
1934 5619 2140 5686 Patris,
2169 5632 2216 5677 et

639 5688 789 5769 Filii,
818 5701 865 5747 et
894 5688 1125 5769 Spiritus
1139 5694 1320 5764 sancti,
1350 5694 1457 5768 ει
1484 5691 1677 5766 quibus
1704 5690 1879 5748 verbis
1904 5691 2076 5750 unitas
2094 5692 2214 5753 Trio

639 5763 821 5829 uitatis
850 5763 1185 5835 exprimitur.

2311 1884 2419 1939 fert
2465 1882 2942 1945 sanctiﬁcationem
2973 1889 3029 1937 et
3072 1883 3234 1937 vitam
3285 1889 3616 1951 perpetuam,
3648 1881 3877 1949 ingratus

2312 1990 2431 2032 sum
2456 1975 2611 2029 nimis
2631 1982 2685 2029 et
2707 1973 3069 2044 impiissimus,
3095 1974 3139 2027 si
3162 1973 3209 2028 ei
3231 1987 3350 2027 cum
3375 1972 3529 2026 Patre
3549 1982 3602 2026 et
3624 1970 3757 2025 Filio
3780 1984 3876 2024 non
3970 1960 3973 1965 λ

2315 2068 2493 2124 refero
2518 2068 2758 2137 gloriam,
2792 2068 2897 2137 32
2933 2076 3023 2120 aut
3049 2065 3093 2119 si
3122 2080 3225 2120 non
3257 2075 3337 2119 est
3365 2079 3483 2118 cum
3517 2063 3675 2117 Patre
3706 2063 3879 2117 colen-

2314 2162 2414 2218 dus
2443 2172 2496 2218 et
2538 2162 2693 2229 Filio,
2723 2178 2849 2231 ergo
2887 2176 2985 2215 nec
3030 2158 3364 2214 conﬁtendus
3391 2158 3552 2212 estin
3602 2156 3874 2225 baptismo.

2312 2255 2368 2311 Si
2411 2264 2589 2310 autem
2620 2253 2930 2309 omnimodo
2974 2252 3305 2308 conﬁtendos
3349 2263 3433 2307 est
3469 2250 3762 2305 secundum
3801 2249 3879 2303 di-

2310 2357 2454 2403 ctum
2490 2346 2723 2413 Domini,
2753 2357 2805 2401 et
2838 2345 3176 2400 traditionem
3207 2343 3592 2415 apostolorum,
3619 2357 3685 2395 re
3730 2339 3879 2395 senti-

2310 2440 2467 2510 plena
2495 2439 2563 2493 sit
2594 2438 2745 2503 ﬁdes,
2771 2437 2888 2507 quis
2919 2451 3004 2491 me
3036 2436 3230 2506 poterit
3266 2435 3334 2488 ab
3364 2434 3480 2504 ejus
3507 2432 3656 2487 cultu
3708 2430 3878 2503 prohi-

2308 2530 2471 2588 bere?
2504 2530 2557 2591 lu
2592 2545 2746 2600 quem
2776 2529 2917 2583 enim
2947 2528 3169 2582 credere
3194 2526 3409 2595 jubeor,
3434 2525 3483 2579 ei
3518 2524 3680 2579 etiam
3710 2523 3873 2578 debeo
3968 2561 3973 2566 .

2310 2624 2629 2693 supplicare.
2656 2620 2904 2678 Adorabo
2926 2636 3051 2690 ergo
3076 2620 3309 2684 Patrem,
3332 2617 3567 2672 adorabo
3590 2628 3640 2670 et
3664 2616 3870 2682 Filium,

2310 2714 2546 2769 adorabo
2574 2724 2628 2769 et
2672 2713 2929 2782 Spiritum
2960 2720 3226 2776 sanctum,
3252 2726 3352 2764 una
3380 2708 3675 2778 eademque
3723 2722 3875 2761 vene-

2312 2806 2537 2862 ratione.
2562 2804 2714 2872 Quod
2738 2805 2780 2858 si
2810 2804 2929 2873 quis
2960 2804 3150 2879 durum
3193 2802 3293 2856 hoc
3332 2809 3502 2870 putat,
3526 2800 3707 2854 andth
3747 2814 3871 2868 quo.

2310 2898 2472 2952 modo
2502 2895 2666 2951 David
2695 2895 2763 2951 ad
2791 2895 3059 2951 culturam
3088 2894 3180 2949 Dei
3208 2892 3392 2948 ﬁdeles
3420 2892 3663 2946 hortatur
3692 2908 3705 2944 ε
3736 2890 3868 2943 Ado-

2310 2999 2442 3057 rate,
2467 2988 2660 3059 inquit,
2686 2986 2964 3042 scabetlum
2987 2987 3172 3057 pedum
3221 2988 3331 3056 ejus
3360 2985 3541 3058 (Psal.
3587 3000 3763 3049 xcvtn,
3791 2982 3869 3049 5).

2311 3084 2369 3140 Si
2417 3083 2691 3154 religionis
2733 3092 2815 3137 est
2866 3081 3093 3136 adorare
3143 3080 3432 3135 scabellum
3486 3080 3679 3149 pedum
3733 3079 3874 3149 ejus,

2316 3185 2514 3247 quanto
2541 3176 2710 3246 magis
2741 3174 3048 3244 religiosum
3090 3171 3134 3227 si
3176 3172 3290 3242 ejus
3319 3171 3549 3242 Spiritus
3599 3165 3872 3226 adoretur?

2318 3268 2412 3325 llte
2449 3268 2635 3337 utique
2682 3267 2933 3336 Spiritus,
2983 3279 3140 3334 quem
3188 3264 3378 3319 beatus
3407 3263 3600 3318 Petrus
3648 3262 3699 3317 in
3746 3270 3874 3317 tanta

2316 3361 2640 3416 sublimitate
2668 3358 2992 3431 praedicavit,
3016 3357 3241 3412 dicens:
3277 3356 3479 3427 Spiritu
3523 3363 3702 3408 sancto
3728 3354 3869 3407 misso

2319 3453 2383 3508 de
2441 3453 2617 3519 cretis,
2672 3452 2725 3505 in
2762 3468 2915 3519 quem
2956 3450 3323 3520 concupiscunt
3377 3449 3547 3520 angeli
3603 3448 3873 3520 prospicere

2320 3546 2372 3619 (Ι
2390 3545 2529 3600 Petr.
2567 3544 2991 3616 t,l%).Siangeli
3013 3558 3134 3600 eum
3156 3542 3377 3613 cupiunt
3403 3541 3666 3611 aspicere,
3695 3546 3874 3609 quanto

2319 3644 2488 3715 magis
2516 3659 2614 3699 nos
2653 3642 2897 3698 homines
2936 3641 3189 3696 mortales
3218 3638 3244 3675 ά
3287 3652 3409 3693 eum
3450 3636 3725 3706 despicere
3773 3647 3867 3688 non

2327 3740 2609 3805 debemus,
2639 3754 2707 3794 ne
2736 3736 2873 3792 forte
2902 3745 2958 3790 et
2983 3734 3136 3790 nobis
3164 3731 3395 3798 dicatur,
3417 3731 3557 3786 sicut
3584 3730 3773 3784 dictum
3800 3732 3871 3778 est

2321 3833 2388 3887 ad
2420 3832 2683 3887 Judasos:
2732 3829 2833 3884 Vos
2879 3843 3073 3900 semper
3124 3826 3345 3898 Spiritui
3397 3833 3574 3879 sancto
3620 3817 3870 3882 restitistis,

2323 3925 2453 3979 sicut
2490 3933 2537 3978 et
2567 3932 2739 3992 patres
2767 3920 2917 3975 uestri
2939 3918 2958 3991 (
2982 3919 3093 3973 Act.
3118 3932 3217 3983 vn,
3244 3917 3307 3974 51
3331 3916 3376 3986 ).

2298 4060 2301 4063 λ
2399 4013 2566 4069 XXII.
2593 4011 2744 4081 Quod
2788 4012 2834 4067 si
2878 4010 2992 4065 haec
3032 4016 3181 4064 tanta
3219 4017 3272 4063 et
3303 4007 3424 4061 talia
3479 4019 3587 4061 non
3638 4000 3869 4060 inclinant

2321 4106 2558 4161 animum
2584 4106 2651 4159 ad
2675 4102 3035 4159 venerandum
3066 4090 3622 4170 Spiritumr'sanctum,
3661 4092 3866 4162 accipito

2322 4199 2497 4256 adhuc
2538 4198 2733 4270 aliquid
2775 4196 2982 4252 fortius.
3013 4194 3102 4250 Sic
3127 4193 3268 4249 enim
3296 4190 3492 4246 Paulus
3525 4186 3734 4243 instruit
3756 4196 3866 4253 pro-

2321 4292 2508 4363 phetas
2525 4290 2867 4354 Ecclesite,in
2890 4286 3081 4357 quibus
3098 4285 3279 4355 utique
3303 4291 3359 4337 et
3379 4298 3473 4352 per
3498 4295 3634 4352 quos
3657 4278 3865 4349 Spiritus

2326 4392 2543 4438 sanctus
2574 4380 2914 4450 loquebatur:
2940 4378 3022 4443 Si,
3046 4376 3235 4446 inquit,
3268 4390 3436 4429 omnes
3465 4368 3866 4444 praphetaveriut,

2333 4473 2487 4527 intret
2513 4482 2679 4525 autent
2706 4470 2890 4539 aliquis
2913 4466 3155 4537 inﬁdelis,
3180 4474 3267 4519 aut
3293 4465 3472 4528 idiota,
3496 4460 3800 4518 convincitur
3815 4454 3866 4507 ab

2240 4532 2295 4595 D
2323 4562 2577 4626 omnibus,
2598 4560 2916 4614 ta‘aminatur
2936 4558 2997 4612 ab
3021 4557 3269 4621 omnibus,
3289 4555 3485 4609 occulta
3510 4568 3704 4625 quoque
3726 4545 3866 4603 cordis

2319 4658 2431 4727 ejus
2449 4652 2718 4723 manifesta
2742 4650 2833 4722 [ςιι.
2854 4652 2990 4719 sunt]
3016 4649 3145 4718 ﬁunt
3167 4658 3247 4702 :et
3279 4658 3397 4700 tunc
3426 4646 3614 4699 cadens
3636 4646 3685 4697 in
3713 4639 3865 4711 {aciein

2321 4746 2556 4801 adorabit
2588 4744 2773 4811 Deum,
2824 4742 3158 4813 pronuntians
3189 4740 3307 4807 quia
3333 4754 3445 4791 vere
3492 4736 3631 4790 Deus
3674 4736 3724 4788 in
3751 4728 3866 4785 vobis

2317 4848 2391 4894 est
2423 4836 2480 4910 (1
2515 4835 2635 4891 Cor.
2696 4850 2801 4899 xtv,
2832 4833 2925 4898 24,
2955 4830 3081 4901 9.5).
3117 4831 3182 4885 Et
3224 4830 3406 4899 utique
3451 4828 3505 4883 in
3546 4829 3625 4882 eis
3665 4823 3864 4894 Spiritus

2318 4921 2534 4989 sanctus
2555 4939 2656 4992 est,
2690 4929 2779 4999 qui
2810 4924 3150 4998 prOphetant.
3180 4923 3234 4980 Si
3266 4937 3394 4992 ergo
3425 4920 3674 4976 inﬁdeles
3694 4914 3861 4999 cadunt

2320 5025 2372 5079 in
2406 5023 2614 5089 faciem,
2646 4998 2951 5074 etiadorant
3000 5015 3254 5085 Spiritum
3301 5022 3546 5068 sanetum
3596 4998 3859 5081 perterriti,

2320 5124 2372 5171 et
2394 5114 2716 5169 conﬁtentur
2736 5108 2919 5183 [Lor.,
2939 5106 3099 5178 victi]
3129 5105 3277 5188 inviti
3305 5121 3319 5158 :
3346 5112 3546 5174 quanto
3574 5101 3736 5171 magis
3762 5094 3860 5150 lidc‘

2396 5281 2417 5308 ο
2462 5270 2548 5326 Sic
2597 5266 2803 5331 Germ.,
2850 5266 2996 5330 Ful.,
3026 5265 3178 5321 Colb.
3209 5264 3258 5332 l,
3295 5263 3576 5319 Loriehius
3604 5271 3658 5317 et
3698 5255 3862 5315 0rtho~

2319 5340 2446 5397 dos.
2495 5343 2567 5394 At
2594 5338 2773 5393 exnteri
2825 5339 3040 5401 habent,
3092 5336 3227 5389 Deus
3269 5352 3371 5389 non
3400 5338 3487 5402 sit,
3530 5349 3643 5388 cum
3685 5339 3866 5399 operum

2321 5411 2689 5481 magnitudine,
2723 5410 2858 5478 quod
2888 5419 2961 5461 est
2991 5409 3099 5477 ipse
3129 5406 3450 5481 manifesta;
3498 5475 3509 5481 _
3560 5474 3579 5481 Δ
3640 5475 3650 5481 ⁸
3769 5468 3796 5481 η
3837 5465 3845 5475 ,

2391 5468 2430 5518 δ’
2461 5468 2759 5543 Ιλοιὶοιιιιιέ,
2790 5494 2889 5532 non
2919 5468 3219 5546 den'egentus
3245 5468 3381 5530 eum.
3411 5475 3477 5530 Et
3498 5474 3734 5534 inferius,
3764 5468 3865 5537 Spi-

2319 5553 2443 5606 ritui
2470 5561 2641 5606 sancto
2672 5550 2944 5603 rest.’tistis.
2978 5548 3037 5601 In
3066 5549 3356 5617 Scriptura:
3387 5555 3533 5617 textu
3570 5547 3777 5617 habitur
3804 5552 3865 5589 τε·

2320 5623 2517 5677 sistitis.
2549 5621 2749 5675 Tamen
2799 5619 2850 5673 in
2882 5617 3142 5674 breviario
3189 5611 3312 5672 lidei
3357 5615 3495 5686 apud
3529 5611 3865 5686 Sirntondutu.

2322 5694 2460 5749 sicut
2489 5702 2543 5747 et
2589 5691 2696 5755 hic,
2731 5689 2921 5761 legitur
2964 5688 3254 5761 restitistis;
3283 5684 3467 5761 quare
3495 5702 3677 5743 vocem
3722 5684 3862 5745 hanc,

2321 5777 2444 5835 qua:
2468 5764 2524 5825 in
2551 5761 2708 5826 editis
2735 5758 2805 5825 ε(
2817 5773 2951 5822 mss.
2977 5758 3227 5833 habetur,
3257 5758 3595 5821 retinuimus.
