4082 6320
538 418 645 475 Ξ59

1817 400 1839 448 \
1859 400 2121 456 ICTORIS
2161 396 2469 455 VITENSIS

3688 393 3792 450 2ίο

612 528 697 583 Ill.
734 524 940 581 Swvitia
980 523 1033 575 in
1075 519 1332 590 episcopos
1379 512 1678 569 catholicos.
1719 541 1787 555 --
1822 513 1951 568 Post
1996 514 2109 567 haec
2136 516 2191 575 Α
2214 512 2350 568 cturi
2381 523 2562 566 sumus
2588 526 2599 562 :
2622 506 2914 565 Christiani
2936 520 3144 572 sumus,
3178 504 3282 577 37
3313 504 3547 575 episcopi
3587 518 3787 571 sumus,

539 618 710 675 edicta
762 616 941 672 feralia
992 626 1197 667 veneno
1232 619 1257 647 ι
1292 609 1527 664 toxicato
1579 616 1908 673 transversa,
1962 605 2141 674 jubet,

539 719 761 766 cunctos
788 708 1067 777 episcopos
1094 703 1183 773 qui
1212 702 1528 772 Carthagine
1551 698 1761 755 fuerant
1782 696 2111 768 congregati,

538 815 764 871 quorum
783 799 891 868 jam
912 795 1193 861 ecclesias,
1216 793 1405 848 domos
1423 801 1478 847 et
1500 790 1854 846 substantiam
1878 794 2112 857 ceperat,
2140 848 2143 851 Α

538 894 597 948 in
626 889 869 963 hospitiis
901 888 1094 961 quibus
1136 895 1290 942 erant
1336 882 1647 953 exspoliari,
1696 890 1747 937 et
1789 880 2145 950 exspoliatos.

542 985 687 1040 foras
716 998 898 1038 muros
927 980 1174 1052 propelli.
1215 977 1331 1032 Non
1371 976 1587 1041 animal,
1640 990 1744 1029 non
1775 988 1981 1039 servus,
2011 987 2143 1033 non,

541 1076 796 1132 mutanda
820 1091 940 1146 quae
988 1073 1229 1129 ferebant
1258 1069 1576 1127 vestimenta
1606 1068 1816 1138 penitus
1844 1066 2119 1122 dimittun—

541 1180 650 1225 tur.
698 1168 914 1226 Addens
942 1166 1116 1221 adhuc
1143 1175 1199 1220 ut
1230 1164 1404 1218 nullus
1432 1163 1738 1232 quempiam
1770 1162 1980 1216 illorum
2012 1159 2110 1214 ho-
2142 1204 2143 1211 η

542 1265 706 1335 spitio
733 1265 1016 1333 reciperet,
1050 1268 1142 1314 aut
1165 1256 1469 1313 alimoniam
1495 1263 1790 1325 praestaret.
1815 1252 1914 1320 Qui
1941 1260 2116 1308 autem

542 1358 648 1412 hoc
671 1352 1037 1419 miserationis
1054 1364 1215 1408 causa
1246 1348 1422 1405 facere
1441 1355 1715 1412 tentasset,
1736 1361 1855 1401 cum
1874 1345 2121 1425 universa

541 1448 705 1502 domo
729 1460 824 1501 sua
844 1443 1091 1499 incendio
1114 1448 1470 1497 cremaretur.
1502 1439 1789 1509 Sapienter
1811 1448 1939 1493 tunc
1958 1436 2120 1493 etiam

542 1536 767 1607 projecti
806 1534 1041 1605 episcopi
1093 1532 1363 1598 fecerunt,
1419 1540 1508 1599 ut,
1562 1530 1691 1585 licet
1730 1529 2118 1596 mendicantes,

540 1629 739 1684 exinde
767 1642 871 1683 non
893 1627 1135 1682 abirent:
1162 1624 1281 1695 quia
1304 1624 1348 1679 si
1376 1622 1710 1687 recederent,
1732 1620 1760 1660 ιι
1783 1636 1888 1675 non
1917 1629 2141 1687 tantum,

543 1721 809 1777 violenter
831 1717 1050 1772 omnino
1082 1722 1479 1779 revocarentur,
1534 1712 1629 1768 sed
1674 1722 1730 1767 et
1769 1712 2145 1771 mentirentur,

544 1828 659 1877 eos,
688 1812 825 1866 sicut
855 1808 1059 1865 mentiti
1091 1815 1233 1872 sunt,
1277 1805 1476 1874 fugisse
1521 1804 1859 1871 conflictum;
1894 1804 2123 1860 maxime

2217 605 2563 676 apostolicam
2588 602 2745 658 fidem
2776 616 2934 656 unam
2962 609 3015 656 et
3038 613 3217 654 veram
3248 596 3790 667 tenemusJ’actoquc

2218 710 2339 767 post
2365 696 2761 752 confessionem
2780 693 2902 748 fidei
2928 691 3141 748 silentio
3162 690 3396 755 modico,
3423 690 3495 744 illi
3512 689 3646 759 quia
3670 704 3791 759 rege

2218 788 2431 844 fuerant
2477 787 2727 843 destinati
2777 784 3107 841 festinabant
3149 791 3471 853 extorquere
3530 782 3793 850 episcopis

2218 882 2631 935 sacramentum.
2687 877 2837 932 Tunc
2866 876 3006 932 beati
3047 874 3144 930 viri
3177 884 3198 913 ο
3225 873 3549 928 Hortulzmus
3591 881 3643 927 et
3671 872 3793 928 Flo-

2219 971 2497 1027 rentianus
2525 970 2761 1041 episcopi
2803 984 2901 1039 pro
2929 966 3178 1023 omnibus
3203 975 3257 1021 et
3284 981 3404 1020 cum
3446 964 3696 1020 omnibus
3718 964 3792 1020 di-

2222 1071 2453 1118 xerunt:
2483 1061 2732 1132 Nunquid
2774 1060 3023 1116 animalia
3050 1073 3150 1115 nos
3179 1058 3565 1113 irrationabilia
3593 1072 3796 1124 sumus,

2221 1161 2282 1210 ut
2308 1154 2610 1211 nescientes
2635 1153 2761 1224 quid
2788 1153 2973 1207 charta
3001 1150 3271 1206 contineat
3300 1148 3459 1204 facile
3480 1156 3571 1202 aut
3600 1158 3802 1203 temere

2219 1248 2498 1319 iuremus?
2524 1246 2972 1302 Acceleraverunt
2995 1258 3207 1315 quoque
3233 1240 3311 1296 illi
3337 1255 3367 1294 a
3396 1255 3522 1311 rege
3549 1238 3800 1295 destinati

2223 1343 2506 1412 scripturas
2530 1342 2609 1397 eis
2639 1337 2918 1410 propalare
2945 1345 3207 1399 tenorem,
3231 1334 3321 1404 qui
3353 1332 3656 1402 hujusmodi
3688 1347 3801 1386 ser-

2227 1434 2471 1490 monibus
2498 1433 2671 1488 fuerat
2691 1430 2981 1486 coloratus.
3011 1429 3101 1483 Sic
3119 1427 3261 1481 enim
3282 1423 3609 1479 calumniosa
3634 1422 3801 1478 series

2224 1526 2552 1585 continebat.
2580 1524 2786 1591 Jurate,
2814 1526 2860 1579 si
2892 1534 3012 1594 post
3037 1524 3239 1580 obitum
3267 1523 3469 1578 domini
3504 1521 3670 1576 nostri
3707 1534 3797 1573 rc-

2226 1620 2328 1691 gis,
2358 1620 2473 1690 ejus
2502 1618 2668 1673 filium
2701 1615 2972 1673 Hilderirh
2998 1615 3313 1672 desideretis
3335 1629 3457 1671 esse
3488 1628 3685 1683 regem,
3715 1610 3797 1665 vel

2225 1714 2270 1767 si
2298 1713 2475 1767 nullus
2505 1719 2743 1768 vestrum
2768 1710 2833 1764 ad
2865 1709 3112 1779 regiones
3138 1709 3522 1765 transmarinas
3543 1706 3800 1777 epistolas

2226 1805 2418 1877 diriget
2451 1823 2466 1858 :
2495 1806 2618 1876 quia
2663 1804 2709 1859 si
2758 1813 3151 1859 sacramentum
3200 1802 3358 1871 hujus
3396 1803 3474 1857 rei
3521 1800 3799 1867 dederitis,

540 1906 666 1973 quia
689 1905 778 1961 ubi
806 1910 1218 1965 reverterentur,
1246 1900 1355 1969 jam
1383 1913 1719 1968 nequaquam
1743 1896 1918 1953 fuerat
1942 1897 2116 1953 eccle-
2150 1900 2200 1962 Β
2222 1900 2470 1958 restituet
2510 1914 2607 1955 vos
2634 1898 2875 1955 ecclesiis
2912 1898 3125 1954 vestris.
3157 1896 3421 1968 Cogitavit
3448 1903 3573 1951 tunc
3601 1894 3801 1949 multo-

542 1998 639 2053 siis
669 1996 961 2053 substantia
990 1994 1074 2051 vel
1112 1993 1363 2049 domibus
1390 1991 1681 2061 occupatis.
1713 1992 1847 2046 Dum
1877 2006 2006 2061 ergo
2030 2006 2145 2062 εει.

543 2101 752 2147 mentes
784 2091 835 2145 in
862 2090 1091 2147 circuitu
1119 2104 1394 2144 murorum
1422 2088 1565 2142 nudo
1588 2087 1687 2142 sub
1714 2101 1836 2142 aere
1859 2086 2121 2155 jacerent,

543 2184 740 2239 factum
770 2192 854 2238 est
880 2191 938 2237 ut
967 2197 1059 2237 rex
1090 2181 1284 2251 impius
1307 2179 1374 2234 ad
1403 2179 1634 2247 piscinas
1657 2178 1877 2242 exisset,
1905 2178 2126 2233 cuiuni-

545 2275 690 2330 versi
721 2288 1010 2330 occurrere
1040 2272 1360 2335 maluerunt,
1394 2270 1631 2325 dicentes
1656 2288 1668 2322 :
1700 2269 1769 2325 Ut
1793 2267 1921 2339 quid
1950 2270 2127 2324 taliter

545 2367 891 2437 afﬂigimur?,
919 2380 1018 2435 pro
1064 2365 1257 2435 quibus
1306 2363 1459 2419 malis
1505 2363 1645 2418 forte
1684 2362 1983 2417 commissis
2024 2361 2126 2417 ista

545 2457 918 2528 perpetimur?
964 2457 1020 2511 Si
1068 2456 1135 2511 ad
1158 2455 1568 2524 disputationem
1591 2454 1894 2525 congregati
1918 2467 2125 2520 sumus,

548 2563 716 2619 quare
740 2548 1125 2617 eXSpoliamur,
1154 2561 1322 2617 quare
1353 2545 1701 2612 traducimur,
1734 2560 1901 2616 quare
1929 2543 2129 2600 ditieri-

547 2655 690 2708 mur,
722 2650 777 2698 et
802 2642 918 2697 sine
945 2641 1211 2706 ecclesiis,
1243 2649 1297 2695 et
1321 2639 1566 2695 domibus
1597 2639 1795 2694 nostris
1824 2638 1965 2693 foras
1991 2636 2125 2693 civi-

549 2744 712 2791 tatem
737 2733 877 2789 fame
901 2743 955 2789 et
972 2733 1211 2788 nuditate
1236 2733 1564 2797 laborantes,
1586 2730 1775 2786 mediis
1802 2729 2128 2785 stercoribus

548 2827 888 2882 volutumur?
916 2826 1062 2894 Quos
1091 2825 1180 2880 ille
1214 2824 1386 2879 torvis
1409 2824 1576 2878 oculis
1607 2823 1922 2893 reSpiciens,
1953 2821 2127 2892 prius—

548 2935 710 2989 quam
740 2922 1138 2990 suggeStionem
1172 2935 1356 2975 eorum
1388 2918 1645 2983 audisset,
1667 2917 1827 2986 jussit
1849 2931 2015 2986 super
2035 2928 2129 2971 eos

549 3026 669 3065 cun
698 3012 998 3068 sessoribus
1026 3026 1193 3081 equos
1216 3011 1407 3065 dimitti
1434 3018 1489 3064 ut
1517 3009 1607 3064 tali
1633 3008 1886 3063 violentia
1910 3013 2131 3077 possent

550 3118 660 3157 non
695 3102 868 3158 solum
910 3104 1136 3170 conteri,
1176 3117 1359 3158 verum
1403 3101 1564 3157 etiam
1601 3101 1833 3157 enecari.
1893 3101 2129 3168 Quorum

551 3204 678 3250 tunc
705 3195 859 3249 multi
880 3196 1094 3250 contriti
1117 3204 1259 3259 sunt,
1278 3204 1331 3249 et
1352 3196 1622 3265 praecipue
1649 3209 1806 3250 senes
1831 3202 1885 3250 et
1908 3195 2127 3249 infirmi.

2227 2009 2347 2050 rum
2376 1994 2461 2063 pia
2490 1991 2823 2062 simplicitas,
2868 1992 3029 2047 etiam
3056 1998 3240 2046 contra
3274 1988 3687 2059 prohibitionem
3719 1986 3803 2039 di-

2228 2087 2427 2151 vinam,
2457 2091 2850 2141 sacramentum
2884 2082 3035 2150 dare,
3069 2097 3136 2137 ne
3164 2082 3255 2136 Dei
3283 2080 3507 2151 populus
3533 2080 3585 2134 in
3620 2087 3801 2149 poste-

2229 2195 2349 2235 rum
2379 2179 2604 2247 diceret,
2651 2177 2794 2249 quod
2823 2175 2951 2232 vitio
2979 2175 3340 2245 sacerdotum,
3369 2176 3460 2244 qui
3488 2176 3674 2244 jurare
3703 2188 3801 2227 no-

2229 2271 2466 2341 luerunt,
2498 2286 2605 2327 non
2635 2270 2842 2327 fuerint
2860 2268 3103 2327 ecclesiae
3133 2269 3411 2325 restitutas.
3461 2267 3567 2322 Alii
3595 2282 3803 2335 quoque

2229 2365 2519 2421 astutiores
2547 2364 2806 2435 episcopi,
2838 2364 3133 2420 sentientes
3149 2362 3328 2419 dolum
3356 2361 3581 2427 fraudis,
3604 2377 3801 2430 nequa-

2230 2471 2389 2525 quam
2430 2456 2614 2526 jurare
2643 2455 2952 2521 voluerunt,
3000 2454 3242 2510 dicentes
3286 2452 3610 2523 prohibitum
3641 2451 3805 2509 fuisse

2229 2548 2537 2619 evangelica
2584 2548 2934 2611 auctoritate,
2971 2547 3087 2616 ipso
3134 2546 3362 2600 Domino
3391 2545 3631 2607 dicente,
3687 2544 3805 2597 Non

2221 2644 2464 2716 jurabitis
2489 2644 2545 2697 in
2570 2652 2673 2699 toto
2693 2640 2910 2712 (Matth.
2929 2656 2983 2706 v,
3006 2640 3121 2710 54).
3145 2640 3350 2708 Quibus
3375 2637 3601 2693 ministri
3632 2638 3806 2707 regis:

2230 2736 2496 2793 Secedant
2522 2735 2577 2791 in
2606 2743 2779 2806 parte,
2822 2735 3102 2805 inquiunt,
3154 2734 3243 2803 qui
3288 2734 3469 2801 jurare
3497 2731 3803 2801 disponunt.

2229 2828 2331 2899 Qui
2358 2843 2480 2884 cum
2504 2826 2840 2891 secederent,
2867 2826 3091 2881 notariis
3118 2824 3476 2880 scribentibus
3505 2824 3632 2893 quid
3659 2825 3801 2894 quis-

2229 2937 2334 2993 que
2358 2921 2580 2988 diceret,
2614 2928 2669 2976 et
2707 2919 2775 2975 de
2805 2934 2910 2990 qua
2942 2918 3154 2974 civitate
3184 2917 3374 2975 fuisset
3397 2928 3678 2985 exceptum
3699 2928 3802 2972 est.

2232 3012 2494 3069 Similiter
2516 3012 2713 3068 factum
2736 3020 2817 3067 est
2844 3020 2898 3066 et
2916 3009 2983 3065 de
3006 3009 3109 3064 illis
3125 3008 3215 3079 qui
3235 3008 3452 3063 minime
3473 3008 3803 3075 iuraverunt.

2239 3104 2542 3175 Statimque
2570 3118 2693 3173 pars
2721 3112 2947 3173 utraque
2971 3100 3225 3157 custodit-
3253 3100 3607 3170 mancipatur.

2303 3192 2369 3248 γ.
2403 3192 2470 3247 In
2489 3194 2726 3249 exsilium
2746 3178 3115 3246 truduntur.——
3135 3188 3478 3245 Postmodum
3521 3204 3650 3246 vero
3673 3189 3805 3244 fraus

623 3285 714 3341 IV.
747 3286 880 3339 Doto
905 3286 1384 3340 circumveniuntur.
1401 3314 1469 3324 —
1486 3285 1634 3339 Tunc
1662 3285 1854 3339 deinde
1874 3284 2127 3353 jubentur
2153 3274 2201 3339 C
2230 3304 2348 3359 quae
2368 3289 2640 3343 celabatur
2655 3287 2918 3357 apparuit.
2942 3284 3254 3341 Jurantibus
3280 3284 3460 3353 itaque
3481 3282 3685 3337 dictum
3701 3291 3802 3337 est:
3842 3302 3845 3303 ν

556 3377 624 3432 ad
646 3376 928 3447 quemdam
959 3377 1156 3443 locum,
1201 3377 1292 3446 qui
1321 3375 1514 3430 dicitur
1540 3375 1684 3430 aedes
1732 3376 2020 3445 Memoriae,
2051 3376 2128 3430 illi

555 3471 655 3525 viri
685 3469 779 3523 Dei
806 3483 1109 3533 occurrere,
1134 3467 1375 3531 fraudem
1416 3468 1516 3523 sibi
1543 3468 1844 3524 nescientes
1875 3476 2126 3538 aptatam.

552 3557 653 3618 Ubi
682 3577 804 3616 cum
830 3560 1127 3630 venissent,
1176 3560 1362 3615 charta
1404 3560 1483 3615 eis
1524 3559 1824 3615 ostenditur
1872 3559 2129 3626 involuta,

551 3654 851 3724 diciturque
896 3653 1001 3708 illis
1041 3653 1145 3708 ista
1184 3653 1479 3709 subtilitate
1523 3653 1824 3723 serpentis;
1877 3652 2132 3708 Dominus

551 3756 735 3805 noster
766 3762 860 3803 rex
892 3746 1212 3811 llunericus,
1238 3745 1363 3801 licet
1393 3745 1572 3801 doleat
1596 3744 1738 3814 quod
1763 3743 1969 3800 fueritis
1996 3759 2128 3800 con-

556 3848 871 3909 temptores,
902 3845 957 3892 et
984 3836 1158 3892 adhuc
1206 3837 1320 3906 ejus
1348 3835 1604 3891 voluntati
1631 3835 1851 3891 obedire
1889 3835 2132 3903 tardetis,

555 3943 613 3987 ut
641 3932 757 4000 ejus
786 3929 1093 3985 efficiamini
1146 3929 1420 3998 religionis
1466 3930 1617 3998 cujus
1674 3938 1757 3984 est
1803 3929 1939 4000 ipse,
1992 3944 2134 3985 nunc

555 4033 732 4078 tamen
766 4021 966 4075 bonum
987 4020 1055 4075 de
1082 4020 1533 4093 vobiscogitavit.
1564 4020 1619 4076 Si
1643 4020 1952 4091 juraveritis
1976 4022 2048 4075 ita
2078 4008 2147 4077 uti

554 4115 696 4185 quod
720 4114 819 4169 ista
852 4115 1035 4169 charta
1057 4113 1296 4168 continet
1326 4113 1551 4180 faciatis,
1582 4114 1812 4168 dimittet
1839 4130 1934 4169 vos
1962 4116 2135 4171 eccle-

555 4205 649 4259 siis
681 4215 735 4259 et
770 4203 1018 4259 domibus
1048 4203 1261 4257 vestris.
1312 4204 1393 4258 Ad
1425 4204 1565 4273 quod
1616 4203 1851 4259 universi
1904 4205 2140 4276 episcopi

564 4295 957 4364 responderunt
988 4310 1001 4348 :
1030 4292 1255 4363 Semper
1300 4293 1550 4361 dicimus,
1602 4304 1657 4350 et
1680 4293 1932 4362 diximus,
1979 4307 2031 4351 et
2059 4297 2140 4353 di-

555 4407 818 4475 Geiserici,
845 4426 998 4482 quam
1026 4410 1265 4482 adversus
1305 4410 1502 4482 piorum
1533 4419 1747 4481 gentem,
1779 4410 1932 4464 veluti
1971 4394 2149 4468 draco,

556 4484 677 4536 bino
721 4498 806 4535 ore
852 4480 1084 4546 sibilans,
1122 4480 1314 4535 edidit.
1354 4481 1459 4536 Sed
1496 4480 1606 4551 jam
1654 4490 1847 4550 tempus
1879 4489 1951 4534 est
1994 4495 2046 4535 ut
2076 4485 2128 4537 in

556 4564 735 4622 quarto
775 4552 869 4606 hoc
913 4550 1081 4605 libello
1110 4551 1263 4619 ﬁnem
1294 4550 1600 4605 narrationis
1633 4551 1797 4621 facere
1825 4552 2129 4620 debeamus;

556 4621 677 4693 quia
701 4624 965 4693 indignum
994 4632 1039 4675 et
1070 4621 1301 4676 indecens
1327 4632 1398 4676 est
1419 4632 1471 4675 ut
1497 4623 1589 4675 sub
1619 4623 1885 4692 tyrannica
1907 4623 2131 4678 collocu-

556 4692 690 4748 tionc
718 4692 881 4748 sermo
908 4693 1167 4765 subjaceat
1207 4693 1424 4747 divinus.
1473 4692 1719 4765 Auditum
1747 4707 1864 4765 ergo
1911 4696 2131 4762 petimus

555 4766 618 4819 ab
663 4763 1233 4819 auditoribus‘libcnter
1264 4764 1659 4829 accommodari,
1687 4763 2130 4835 cum'principium

2237 3380 2265 3416 ά
2290 3379 2424 3447 Quia
2449 3388 2634 3434 contra
2666 3388 2990 3449 praeceptum
3016 3377 3285 3447 Evangelii
3310 3376 3493 3447 jurare
3530 3375 3765 3431 voluistis
3787 3414 3801 3439 ,

2231 3471 2389 3541 jussit
2412 3486 2503 3526 rex
2527 3480 2583 3526 ut
2599 3470 2843 3526 civitates
2865 3479 3024 3541 atque
3043 3469 3300 3525 ecclesias
3315 3481 3521 3524 vestras
3542 3482 3802 3538 nunquam

2236 3564 2484 3631 videatis,
2509 3564 2605 3620 sed
2632 3564 2877 3634 relegati,
2910 3564 3188 3620 colonatus
3214 3563 3336 3633 jure
3374 3562 3439 3618 ad
3459 3561 3802 3617 excolendum

2236 3672 2393 3729 agros
2423 3658 2746 3726 accipiatis:
2779 3657 2852 3710 ita
2882 3664 3060 3711 tamen
3092 3664 3150 3710 ut
3178 3668 3285 3710 non
3316 3652 3553 3725 psallatis
3578 3694 3593 3719 ,
3642 3665 3803 3721 neque

2241 3750 2428 3816 oretis,
2452 3756 2546 3804 aut
2569 3747 2635 3803 ad
2663 3746 2949 3817 legendum
2978 3747 3216 3803 codicem
3260 3730 3309 3799 in
3350 3745 3597 3799 inanibus
3641 3751 3817 3814 gestes

2241 3840 2337 3905 tis;
2370 3854 2474 3896 non
2504 3839 2807 3909 baptizetis.
2839 3853 3011 3909 neque
3041 3837 3322 3903 ordiuctis,
3357 3845 3449 3891 aut
3472 3836 3699 3904 aliquem
3726 3848 3802 3888 re-

2244 3932 2530 3989 conciliare
2582 3933 2939 4002 praesumatis.
2996 3930 3254 3986 Similiter
3310 3943 3415 3983 non
3469 3928 3801 3997 iurantibus,

2243 4025 2389 4078 aiunt
2436 4024 2606 4092 :Quia
2636 4039 2856 4095 regnum
2890 4024 2981 4078 lilii
3003 4022 3204 4078 domini
3233 4022 3399 4076 nostri
3431 4037 3537 4077 non
3577 4020 3763 4088 optatis
3786 4060 3801 4085 ,

2244 4118 2441 4174 idcirco
2457 4118 2644 4187 jurare
2672 4118 2938 4173 noluistis.
2964 4115 3045 4173 0b
3072 4131 3231 4188 quant
3273 4130 3488 4171 causam
3521 4113 3653 4183 jussi
3683 4111 3802 4167 BSllS

2243 4211 2295 4264 in
2317 4210 2661 4265 Corsicanam
2692 4211 2918 4266 insulam
2948 4210 3204 4281 relegari,
3254 4219 3310 4263 ut
3351 4210 3490 4279 ligna
3535 4207 3797 4277 profutura

2244 4303 2471 4359 navibus
2491 4303 2773 4359 dominicis
2799 4303 3045 4359 incidatis
3076 4313 3123 4358 ο.

2240 4417 2403 4482 tione,
2441 4417 2741 4471 Ortulanus.
2774 4418 2894 4473 Fuit
2921 4426 3098 4473 autem
3124 4418 3403 4488 episcopus
3434 4415 3724 4488 Benefensis
3752 4414 3800 4466 in

2237 4488 2528 4559 Byzacena,
2560 4499 2618 4559 ut
2645 4503 2711 4543 ex
2740 4489 2933 4559 Notitia
2963 4498 3125 4559 patet.
3160 4486 3540 4542 'Flor'entianus
3572 4486 3801 4559 vet-oste

2238 4557 2435 4613 dicitur
2474 4558 2527 4613 in
2558 4557 2798 4627 (ἔθηκε,
2848 4557 2988 4627 Ευιί,
3038 4560 3215 4622 Mart.,
3265 4559 3431 4626 Port.,
3481 4559 3660 4620 0rth.,
3706 4557 3803 4609 Lo-

2239 4630 2399 4696 rich.,
2432 4637 2486 4683 et
2520 4630 2685 4695 Belf.;
2732 4635 2869 4685 sicut
2914 4643 2968 4686 et
3018 4632 3070 4683 in
3099 4629 3296 4685 Notitia
3334 4629 3549 4693 Africae,
3581 4629 3669 4682 ubi
3696 4628 3801 4696 cpi-

2239 4714 2433 4769 scopus
2462 4699 2751 4754 Midilensis
2798 4702 2851 4754 in
2896 4700 3141 4755 Numidia
3171 4700 3486 4769 appellatur.
3520 4700 3672 4755 Colb.
3703 4708 3803 4769 ιρι-τ

2241 4766 2349 4825 tius
2367 4786 2485 4825 cum
2516 4772 2715 4840 aliquot
2732 4772 2913 4838 editis,
2938 4766 3375 4825 Florentinianus.
3401 4772 3446 4824 Is
3470 4785 3628 4838 porro
3650 4766 3804 4824 simul

557 4837 673 4889 ιὶθνί
698 4836 860 4909 animi
892 4835 945 4887 ίη
972 4848 1147 4889 eorum
1174 4835 1913 4909 sonueritauribusrquoniam
1943 4852 2131 4909 magna
2156 4836 2209 4897 D
2236 4856 2356 4896 cum
2386 4835 2680 4896 llortulano
2709 4835 3021 4897 accensetur
3047 4843 3187 4909 apud
3238 4835 3482 4897 Adonem
3496 4856 3510 4905 ;
3541 4851 3594 4895 et
3625 4843 3676 4893 in
3707 4840 3806 4891 lto-

556 4918 603 4960 et
637 4906 873 4959 miranda
897 4914 1178 4974 martyrum
1201 4906 1482 4958 certamina
1503 4906 1804 4972 conﬁdimus
1830 4906 2125 4974 narratura,

557 4986 829 5046 praestante
859 4977 968 5045 ipso
1010 4975 1133 5029 Jesu
1176 4975 1397 5037 Christo,
1438 4978 1522 5041 qui
1553 4976 1737 5029 laureis
1770 4977 1982 5045 miriﬁce
2008 4996 2129 5032 san-

556 5060 663 5101 ctos
707 5056 914 5102 coronat
958 5062 1099 5117 suos,
1146 5060 1313 5098 amen.
1363 5046 1495 5099 Tum
1543 5046 1721 5100 habe‘t.
1767 5047 1955 5117 Incipit
2004 5047 2131 5103 liber

554 5118 781 5187 quintus.
812 5117 936 5171 Post
964 5116 1092 5181 hwc,
1124 5128 1228 5171 etc.

632 5197 659 5223 ι
699 5189 911 5253 Aliiuot
939 5202 1068 5242 mss.
1112 5197 1161 5241 et
1193 5186 1343 5252 editi,
1372 5188 1593 5241 toxicata
1620 5196 1919 5241 transverso.
1951 5187 2129 5245 Caete-

558 5272 677 5341 rum
707 5256 1001 5378 Cyprianus
1046 5257 1209 5338 edicta
1258 5258 1641 5326 persecutionis
1670 5259 1853 5328 feralia
1899 5260 2132 5327 appellat

558 5337 717 5378 entst.
750 5329 782 5378 5
848 5328 912 5378 ad
942 5329 1320 5378 Antomanum.
1354 5342 1473 5378 ante
1503 5343 1643 5378 nunc
1675 5337 1756 5378 est
1790 5330 1921 5378 edit.
1951 5329 2125 5378 Oxon.

557 5330 733 5398 epist._
750 5328 817 5382 52
848 5328 912 5381 ad
942 5328 1320 5391 Antonianum,
1354 5342 1473 5396 quas
1503 5343 1643 5383 nunc
1675 5337 1756 5383 est
1790 5330 1921 5385 edit.
1951 5329 2125 5383 Oxon.

559 5396 651 5455 55.
686 5396 898 5451 Feralia
924 5400 1086 5452 edicta
1114 5407 1374 5453 memorat
1397 5413 1609 5469 quoque
1632 5407 1819 5454 auctor
1857 5400 2126 5455 Passionis

560 5478 764 5593 septa?
812 5468 1190 5525 monachorum
1240 5468 1553 5539 martyrum,
1601 5471 1843 5539 superius
1896 5484 1925 5523 a
1978 5469 2132 5525 nobis

560 5556 670 5593 rea
751 5579 765 5592 .

560 5549 765 5595 relatas.

633 5608 660 5647 δ
689 5608 967 5665 Orthodox
989 5619 1041 5665 et
1068 5608 1364 5676 Lorichius,
1398 5626 1655 5679 nunquam
1691 5610 1894 5666 omnino
1926 5625 2130 5664 revoca-

561 5690 753 5736 rentur.
788 5681 853 5735 Et
892 5681 1047 5747 infra,
1078 5681 1293 5733 maxime
1319 5681 1439 5750 quia
1468 5683 1573 5750 ubi,
1606 5691 1710 5737 etc.
1755 5679 2032 5735 Lorichius
2076 5689 2132 5735 et

460 5818 467 5825 ‘
564 5752 676 5820 alii,
706 5753 921 5825 maxime
946 5755 1063 5825 quia
1100 5766 1210 5825 non
1248 5761 1623 5825 reverterentur.
1675 5751 1795 5805 Jam
1835 5765 1994 5825 ttch
2022 5752 2130 5804 ulla

561 5833 669 5878 erat
699 5822 937 5876 Ecclesirv
964 5822 1261 5883 substantia,
1288 5821 1371 5891 uel
1400 5825 1627 5875 omnibus
1657 5821 1932 5891 occupatis.

636 5905 657 5934 ‘
699 5894 851 5949 Colb.
884 5894 917 5946 Ξ
962 5903 1013 5950 ct
1057 5892 1197 5948 Fltl..
1252 5890 1582 5948 Ilut'lttltttttts.
1635 5894 1735 5948 Ali
1774 5890 1885 5947 Sinc
1932 5892 2131 5959 aspira-

2236 4928 2395 4967 mano
2423 4913 2817 4982 Martyrologio,
2851 4913 2966 4966 aliis
2991 4913 3385 4967 confessoribus
3418 4911 3677 4965 Africanis
3713 4924 3805 4963 su-

2239 4999 2330 5051 pra
2358 4981 2687 5047 memoratis,
2719 4981 2807 5038 die
2851 4984 2920 5038 38
2958 4982 3306 5046 Novembris;
3339 4984 3406 5038 de
3448 4981 3641 5050 quibus
3690 4982 3807 5034 vide

2240 5069 2398 5123 supra
2429 5065 2606 5109 notam
2638 5055 2699 5111 Η
2734 5065 2787 5110 et
2812 5054 2881 5109 25
2909 5053 3063 5123 (Coll.
3102 5055 3225 5109 185.
3258 5071 3312 5107 n.
3346 5062 3394 5118 ⁸,
3425 5062 3473 5107 ct
3500 5053 3621 5114 190,
3654 5068 3706 5105 n.
3736 5052 3804 5123 ε).

2136 5160 2139 5165 -
2240 5122 2410 5180 Perro
2459 5127 2559 5180 hoc
2605 5126 2723 5180 loco
2767 5128 2818 5178 in
2850 5125 3050 5193 aliquot
3080 5140 3211 5182 mss.
3248 5124 3521 5179 codicibus
3568 5132 3621 5175 et
3654 5122 3807 5175 editis

2241 5195 2636 5250 iuterseruntur
2664 5196 2826 5249 multa
2856 5210 2975 5264 quin
2995 5212 3060 5250 ex
3090 5196 3332 5265 superius
3367 5195 3535 5248 relato
3558 5193 3805 5265 Hunerici

2241 5266 2417 5319 edicto
2445 5266 2680 5319 detracta
2720 5263 2885 5330 Sunt,
2915 5281 3034 5336 quas
3071 5263 3167 5319 suo
3212 5267 3357 5329 loco,
3392 5276 3446 5318 ut
3475 5265 3562 5318 alii
3597 5263 3808 5317 codices

2245 5336 2462 5406 habent,
2486 5344 2540 5389 et
2565 5335 2697 5390 ordo
2726 5350 2903 5391 rerum
2933 5335 3198 5406 gestarum
3230 5335 3480 5401 postulat,
3512 5336 3806 5389 retulimus.

2318 5403 2346 5443 δ
2374 5404 2462 5460 Sic
2486 5406 2783 5461 Lorichius.
2816 5408 2883 5461 At
2911 5403 3087 5461 Chiffl.
3121 5415 3173 5462 et
3198 5406 3311 5473 alii,
3343 5407 3510 5471 Quare
3541 5417 3802 5458 ωηατ-αα..

2237 5476 2507 5547 voluistis?
2530 5475 2694 5530 Iussit
2735 5493 2841 5544 rex,
2875 5487 2982 5534 etc.
3012 5478 3135 5542 Alii,
3168 5493 3260 5547 pro
3288 5494 3389 5547 qua
3416 5493 3471 5528 re
3492 5477 3669 5545 jussit,
3699 5483 3802 5529 etc.

2236 5546 2434 5619 sua
2461 5546 2617 5613 infra,
2638 5549 2897 5603 catenatus
2920 5551 3059 5619 jure,
3079 5546 3181 5602 etc.
3207 5546 3395 5619 Comp.
3425 5555 3481 5601 et
3505 5546 3800 5610 Lorichius,

2237 5618 2461 5672 colonias
2476 5619 2602 5688 jure
2630 5619 2698 5672 ad
2718 5618 3048 5673 excolendum
3077 5634 3257 5688 agrum
3287 5618 3572 5688 accipiatis.

2313 5698 2337 5725 ο
2370 5686 2787 5745 ΙΙίοὈΙιίΠΙθιίιιε
2810 5690 3060 5743 Notitiam
3092 5686 3348 5744 Ecclesiae
3378 5687 3641 5741 Africana:
3668 5686 3802 5740 iuse—

2239 5758 2367 5882 ruitr,
2409 5774 2564 5829 quam
2609 5760 2779 5815 visum
2834 5769 2917 5816 est
2967 5759 3139 5830 potius
3198 5760 3420 5815 seorsim
3471 5755 3800 5829 postmodum

2239 5844 2335 5882 nro
2360 5845 2498 5882 erre.

2239 5844 2498 5899 prorerre.

2662 5990 2723 6003 σν..
