4082 6320
320 408 410 462 ΞΗ

1251 403 1334 458 DE
1372 402 1893 459 PERSECUTIONE
1936 403 2315 458 VANDAIJCA
2359 406 2483 461 LIII.
2530 408 2588 461 V.

3448 382 3571 461 sua

1153 565 1261 635 38
1301 562 1770 670 LIBER
1856 562 2624 709 QUINTUS.

820 732 1208 792 PERSECUTIO
1234 744 1582 791 usususus
1611 727 1939 787 HUNERICI
1979 743 2300 787 sovsnsus
2334 744 2543 789 omnes
2575 746 3015 794 onrnonoxos.

379 857 415 910 l.
452 853 744 909 Persecutio
770 851 1040 923 generatis.
1064 880 1134 891 —
1180 848 1397 904 Addidit
1440 849 1617 916 itaque
1643 855 1667 884 ³
1713 846 1879 902 bestia
1907 851 1962 912 Α
1986 844 2199 900 nutibus
2220 846 2519 915 oculorum,
2550 857 2598 903 et
2629 851 2910 918 increpans
2929 855 3244 911 auctoritate
3273 864 3507 912 materna
3528 896 3548 924 ,
3573 840 3581 875 ³

309 945 421 1014 illa,
452 946 766 1016 sanguinem
794 944 979 998 sitiens
995 943 1356 1006 innocentum,
1372 939 1636 1009 episcopis
1651 938 1878 993 necdum

306 1038 473 1093 adhuc
499 1038 556 1091 in
583 1035 840 1093 exsilium
867 1034 1106 1100 directis,
1136 1048 1234 1103 per
1287 1032 1564 1087 universas
1611 1029 1878 1086 Africana:

308 1141 459 1183 terra:
490 1129 819 1195 provincias,
852 1141 960 1182 uno
992 1135 1236 1196 tempore
1289 1132 1520 1181 tortores
1566 1122 1876 1179 crudelissi-

305 1235 417 1277 mos
439 1221 738 1286 destinare,
770 1229 826 1277 et
854 1220 998 1275 nulla
1024 1220 1369 1275 remansisset
1394 1218 1585 1274 domus
1627 1226 1683 1273 et
1730 1217 1878 1273 locus

304 1314 387 1367 ubi
417 1328 523 1367 non
550 1311 742 1367 fuisset
773 1309 865 1384 [αι.
899 1308 1150 1381 ululatus]
1185 1309 1414 1380 ejulatus
1457 1318 1511 1364 et
1558 1309 1763 1375 luctus,
1819 1318 1876 1364 ut

300 1409 422 1464 nulli
444 1411 612 1473 aetati,
637 1408 765 1462 nulli
789 1414 1100 1478 parceretur
1124 1404 1299 1471 sexui,
1317 1404 1419 1459 nisi
1448 1404 1551 1459 illis
1577 1403 1665 1473 qui
1688 1418 1874 1459 eorum

294 1500 707 1557 succumberent
732 1498 1011 1554 voluntati.
1048 1496 1154 1552 llos
1184 1495 1437 1563 fustibus,
1487 1495 1610 1550 illos
1652 1510 1877 1566 suspen-

294 1594 401 1659 dio,
451 1592 598 1647 alios
642 1591 849 1662 ignibus
892 1589 1325 1645 concremabant.
1377 1587 1622 1669 Mulieres
1667 1602 1794 1643 vero
1822 1597 1876 1644 et

296 1687 571 1756 prtecipue
601 1684 828 1750 nobiles,
852 1694 1039 1740 contra
1063 1683 1184 1752 jura
1213 1681 1626 1748 naturae,nudas
1655 1683 1874 1737 omnino

290 1781 341 1836 in
364 1780 496 1835 facie
526 1778 747 1849 publica
770 1777 1101 1833 cruciabam.
1136 1777 1218 1831 Ex
1250 1776 1445 1846 quibus
1465 1791 1623 1831 unam
1638 1785 1872 1832 nostram

290 1870 601 1941 Dionysium
626 1868 824 1925 cursim
855 1882 918 1923 ac
946 1868 1187 1923 breviter
1207 1866 1520 1923 nominabo.
1549 1865 1685 1922 Cum
1716 1867 1871 1923 vide-
1904 1920 1907 1923 .

288 1972 405 2019 rent
430 1977 552 2017 eam
588 1977 695 2016 non
720 1960 895 2016 solum
919 1958 1175 2015 audacem
1212 1974 1352 2024 esse,
1375 1960 1470 2013 sed
1496 1958 1656 2014 etiam
1677 1967 1876 2014 matro-

288 2056 366 2109 nis
394 2053 616 2108 caeteris
640 2050 1022 2121 pulchriorem,
1047 2051 1215 2120 ipsam
1245 2049 1420 2119 primo
1442 2048 1545 2105 nisi
1575 2058 1699 2104 sunt
1722 2049 1876 2104 lusti-

286 2145 378 2200 bns
406 2144 769 2214 ex5potiatam
794 2151 1068 2213 appetere.
1096 2141 1123 2180 δ
1156 2142 1289 2210 Quae
1316 2156 1440 2197 cum
1471 2151 1761 2211 pateretur,
1790 2142 1873 2198 di-

1983 937 2052 991 ita
2066 936 2404 1005 confortavit,
2428 948 2485 994 ut
2509 949 2680 996 matre
2699 942 2866 998 multo
2891 944 3077 1000 fortior
3096 946 3429 1005 redderetur.
3453 948 3555 1004 Cui

1962 1027 2123 1093 inter
2173 1030 2408 1086 crudelia
2464 1032 2688 1088 verbera
2719 1035 3010 1092 constituto
3048 1036 3118 1092 ita
3155 1037 3367 1093 dicebat
3398 1059 3411 1094 :
3441 1041 3553 1096 Mec

1981 1131 2184 1189 mento,
2215 1123 2406 1190 tilitni,
2439 1126 2562 1195 quia
2591 1126 2644 1181 in
2684 1128 2898 1184 nomine
2946 1127 3219 1186 Trinitatis
3275 1132 3328 1186 in
3381 1142 3553 1188 matre

1980 1215 2219 1271 Ecclesia
2245 1218 2509 1275 catholica
2558 1219 2806 1290 baptizati
2855 1237 3059 1277 sumus.
3106 1223 3223 1278 Non
3265 1225 3552 1294 perdamus

1981 1307 2347 1364 indumentum
2377 1322 2573 1367 nostra:
2600 1313 2805 1380 salutis,
2834 1329 2901 1369 ne
2930 1316 3147 1371 veniens
3179 1317 3427 1381 invitator
3452 1335 3551 1374 ve.

1956 1410 2118 1456 stem
2143 1416 2249 1457 non
2278 1402 2515 1459 inveniat
2535 1406 2847 1474 nuptialem,
2875 1416 2929 1463 et
2952 1407 3096 1463 dicat
3116 1409 3402 1465 ministris:
3429 1411 3552 1466 Mit-

1979 1494 2067 1547 tite
2094 1494 2147 1548 in
2170 1497 2398 1550 tenebras
2424 1498 2718 1564 exteriores,
2749 1499 2835 1554 ubi
2863 1501 2956 1554 erit
2981 1503 3132 1569 ﬂetus
3159 1500 3422 1556 oculorum
3445 1546 3459 1569 ,
3501 1512 3551 1559 et

1952 1589 2170 1643 .stridor
2201 1591 2426 1646 dentium
2449 1590 2659 1662 (Matth.
2689 1609 2824 1659 aut,
2856 1594 2969 1665 15).
3004 1595 3113 1661 Illa,
3145 1596 3216 1649 [ili
3239 1639 3253 1663 ,
3299 1612 3451 1665 poena
3481 1599 3550 1653 ti-

1952 1683 2169 1737 .menda
2199 1693 2283 1739 est
2319 1701 2438 1755 qua:
2486 1701 2752 1756 nunquam
2793 1686 3011 1754 linitur;
3064 1688 3151 1743 illa
3194 1689 3551 1745 desideranda

1978 1774 2081 1828 vita
2107 1790 2226 1845 qua:
2251 1790 2462 1847 semper
2492 1777 2738 1833 habetur.
2772 1778 2990 1834 Talibus
3014 1780 3191 1850 itaque
3229 1780 3393 1836 filium
3422 1781 3550 1836 soli-

1976 1866 2111 1922 dans
2136 1870 2337 1935 verbis,
2392 1871 2645 1927 velociter
2693 1879 2982 1943 martyrem
3033 1872 3177 1928 fecit.
3217 1873 3550 1930 Venerabilis

1975 1975 2102 2017 vero
2124 1962 2460 2030 adolescens,
2480 1964 2762 2034 Majoricus
2781 1966 3015 2032 nomine,
3042 1967 3092 2021 in
3109 1967 3397 2022 certamine
3419 1982 3549 2022 conv

1975 2054 2225 2113 fessionis
2255 2058 2498 2127 spiritum
2528 2059 2777 2129 reddens,
2803 2074 3014 2116 cursum
3048 2061 3383 2129 palmiferum
3420 2075 3549 2114 con-

1975 2149 2290 2214 summavit;
2314 2151 2732 2221 amplexansque
2760 2151 2848 2206 illa
2880 2153 3105 2207 llOSlialll
3135 2167 3307 2217 suam,
3340 2152 3550 2221 quantis

285 2247 531 2308 ceretque
562 2236 632 2290 de
670 2233 897 2289 Domino
926 2248 1025 2288 suo
1052 2248 1240 2289 secura
1266 2248 1281 2287 :
1303 2232 1542 2301 Qualiter
1584 2232 1716 2288 libet
1741 2248 1862 2288 cru-
1891 2242 1940 2304 Β
1965 2241 2136 2310 potuit
2163 2242 2379 2297 vocibus
2401 2243 2507 2313 39
2532 2243 2757 2297 Domino
2784 2245 2980 2312 gratias
3000 2259 3184 2313 agens,
3208 2244 3272 2298 ad
3299 2243 3549 2313 gaudium

285 2333 437 2397 ciate,
470 2326 781 2385 verecunda
803 2335 977 2383 tamen
1004 2328 1246 2389 membra
1270 2326 1436 2382 nolite
1464 2326 1698 2392 nudare;
1748 2343 1862 2382 am-

288 2426 420 2493 plius
461 2425 541 2479 illi
579 2428 745 2496 magis
795 2425 1050 2490 furentes,
1094 2418 1308 2477 celsiori
1352 2419 1472 2475 loco
1502 2416 1863 2475 vestimentis

285 2528 501 2574 erutam
536 2521 895 2585 constituunt,
926 2513 1285 2587 spectaculum
1334 2526 1452 2568 eam
1496 2512 1744 2568 omnibus
1788 2513 1862 2569 fa-

286 2615 503 2668 cientes.
532 2614 663 2681 Qurc
692 2613 832 2668 inter
852 2612 987 2668 ictus
1011 2611 1299 2681 virgarum,
1318 2607 1444 2662 dum
1468 2607 1625 2662 rivuli
1646 2608 1863 2678 sangui-

284 2708 363 2761 nis
393 2716 507 2761 toto
531 2707 642 2775 jam
673 2720 899 2777 corpore
921 2705 1210 2767 ﬂuitarent,
1245 2701 1409 2757 libera
1447 2715 1579 2757 voce
1608 2701 1820 2757 dicebat
1848 2719 1861 2755 :

285 2799 512 2855 linistri
541 2798 760 2863 diaboli,
794 2798 934 2869 quod
962 2798 1028 2853 ad
1075 2795 1420 2868 opprobrium
1468 2808 1642 2849 meum
1692 2794 1866 2850 facere

284 2892 630 2963 computatis,
655 2892 767 2963 ipsa
792 2892 904 2947 laus
932 2905 1051 2946 mea
1082 2897 1200 2954 est;
1230 2896 1284 2943 et
1321 2887 1445 2957 quia
1481 2895 1599 2941 erat
1634 2886 1863 2955 Scriptu-

283 3000 460 3041 rarutn
492 2984 793 3039 divinatum
842 2982 1064 3037 scientia
1094 2981 1274 3051 plena,
1301 2977 1494 3048 aptatia
1522 2985 1721 3032 aretata
1752 2991 1866 3047 pte-

284 3078 382 3138 nis,
415 3085 470 3130 et
503 3076 614 3145 ipsa
635 3075 747 3143 jatn
782 3082 1009 3144 martyr,
1041 3072 1175 3127 alios
1203 3069 1271 3125 ad
1299 3067 1608 3140 martyrium
1645 3068 1862 3124 confor-

284 3166 369 3221 [ab
386 3176 446 3220 it.
478 3168 608 3233 Qua:
635 3181 733 3221 suo
758 3174 949 3221 sancto
963 3164 1215 3235 exemplo
1231 3177 1367 3233 pene
1385 3161 1686 3217 universam
1708 3175 1859 3218 suam

279 3257 507 3323 patriam
562 3256 826 3313 liberavit.
872 3257 1001 3324 Quae
1046 3269 1166 3310 cum
1197 3268 1350 3309 suum
1400 3256 1614 3310 unicum
1657 3252 1854 3320 lilium,

281 3349 566 3404 admodum
589 3350 762 3405 adhuc
792 3358 992 3406 tenerae
1022 3348 1197 3405 aetatis
1218 3357 1272 3405 et
1306 3348 1590 3405 delicatum
1613 3389 1629 3415 ,
1664 3349 1856 3405 timore

277 3457 556 3511 pmaarum
586 3442 984 3498 formidolosum
1016 3442 1371 3510 conspiceret,
1407 3440 1700 3497 verberans
1728 3456 1848 3496 eum

276 3560 279 3565 '
349 3567 375 3594 ιι
422 3556 611 3611 Bestiae
674 3572 869 3612 nomen
934 3558 1363 3626 persecutoribus
1418 3558 1602 3612 tribuit
1655 3559 1852 3625 passim

275 3627 591 3684 Lactantius
632 3628 687 3679 in
734 3628 868 3680 libro
914 3628 981 3681 de
1020 3626 1276 3680 Mortibus
1314 3627 1743 3682 Persecutorum.
1778 3628 1852 3682 Ita

1963 2332 2079 2402 spei
2107 2332 2325 2401 futuras,
2362 2335 2414 2389 in
2458 2350 2553 2390 sua
2601 2335 2761 2391 domo
2796 2336 2981 2391 maluit
3015 2337 3277 2407 sepelire;
3318 2347 3373 2392 ut
3413 2351 3548 2406 quo-

1964 2424 2103 2479 tiens
2124 2439 2286 2495 super
2314 2427 2614 2495 sepulcrum
2652 2428 2768 2497 ejus
2796 2427 3040 2483 Trinitati
3079 2444 3261 2498 preces
3302 2428 3545 2493 ell‘nndit,

1965 2516 2193 2571 alienam
2216 2532 2273 2573 se
2301 2533 2330 2572 a
2348 2517 2458 2573 filio
2478 2534 2745 2590 nunquam
2769 2534 2889 2574 esse
2905 2520 3156 2575 confidat.
3172 2520 3367 2587 Quanti
3386 2520 3545 2590 igitur

1965 2622 2062 2676 per
2086 2623 2202 2664 eam
2225 2609 2277 2664 in
2305 2608 2394 2664 illa
2425 2609 2658 2675 civitate,
2692 2621 2746 2666 ut
2792 2611 2994 2680 praefati
3027 2624 3240 2677 sumus,
3298 2612 3545 2681 acquisiti

1968 2701 2075 2755 sint
2101 2701 2229 2766 Deo,
2264 2702 2477 2772 longum
2507 2713 2589 2758 est
2610 2718 2881 2759 enarrare.
2900 2703 3029 2758 Nam
3052 2703 3237 2773 etejus
3264 2718 3539 2775 germana,

1963 2795 2176 2849 nomine
2205 2795 2411 2860 Dativa,
2436 2806 2596 2867 atque
2626 2797 2845 2852 Leontia
2882 2797 2985 2852 lilia
3008 2797 3181 2852 sancti
3213 2808 3235 2836 ο
3276 2796 3536 2852 ϐετωπί

1968 2886 2225 2958 episcopi,
2257 2899 2620 2959 cognatusque
2661 2891 2895 2953 nativae,
2939 2889 3265 2944 venerabilis
3311 2889 3536 2944 Emilius

1972 2979 2230 3045 medicus,
2264 2980 2543 3051 religiosus
2569 2995 2783 3050 quoque
2805 2981 3016 3036 Tertius
3045 2980 3317 3035 Trinitatis
3334 2980 3543 3035 confes.

1966 3072 2119 3127 sione
2149 3075 2471 3142 praclarus,
2517 3078 2599 3129 vel
2646 3074 2941 3129 Sibidensis
2991 3072 3292 3127 Bonifacius
3343 3082 3537 3143 quanta

1971 3166 2306 3236 pertulerint,
2339 3167 2690 3238 qualibusqne
2721 3167 3045 3222 cruciatibus
3080 3164 3424 3254 evisceratus,
3458 3165 3539 3221 vel

1966 3259 2248 3315 eviscerati
2279 3258 2406 3324 sint,
2439 3260 2528 3330 qui
2561 3261 2701 3315 valet
2727 3275 2791 3314 ex
2813 3259 2999 3316 ordine
3025 3259 3185 3314 dicat.
3286 3288 3289 3291 λ

1964 3368 1975 3373 “
2048 3353 2113 3408 ll.
2144 3354 2292 3409 Servi
2323 3356 2510 3420 passio.
2545 3385 2612 3395 -—
2639 3352 2665 3391 ἀ
2697 3355 2895 3411 Servus
2924 3368 3134 3423 quoque
3163 3350 3542 3407 Tuburbitanze

1963 3445 2196 3501 civitatis
2228 3446 2467 3515 majoris,
2499 3460 2790 3517 generosus
2821 3453 2875 3500 et
2903 3445 3093 3499 nobilis
3122 3444 3223 3510 vir,
3266 3459 3362 3512 pro
3385 3441 3538 3497 Chri-

1962 3544 2081 3614 eum
2106 3562 2552 3627 Tuburbitanum,
2583 3572 2628 3614 et
2667 3560 2944 3625 Victoriam
2972 3558 3190 3613 inferius
3232 3571 3533 3627 memoran-

1962 3630 2105 3692 dam,
2136 3632 2225 3697 qui
2276 3632 2518 3699 proinde,
2541 3620 2780 3696 Vexcepta
2809 3620 3065 3691 Victoria.
3105 3629 3185 3699 b_is
3326 3620 3537 3680 Baronii

277 3698 554 3779 [Seronem
579 3696 999 3780 malanubestiant
1018 3696 1251 3778 appellat
1278 3697 1506 3780 nam}.
1542 3697 1616 3750 De
1650 3696 1855 3780 Diocle-
1886 3716 1933 3780 ο
1963 3696 2342 3780 martyrologio
2370 3709 2881 3780 commemorantur.
2900 3696 3357 3780 _P0rr0.lt:ntt'lius',‘
3378 3712 3534 3780 quem

276 3766 429 3821 tiano
455 3766 681 3837 ejusque
705 3766 921 3832 collegis
950 3760 1263 3837 dicit'num.
1293 3765 1379 3820 l6.
1426 3764 1552 3837 Tres
1593 3766 1860 3821 acerbissi-
1888 3760 1933 3780 “⁴
1962 3770 2049 3824 alii
2084 3760 2337 3822 Emelium
2365 3770 2565 3831 dicunt,
2597 3770 2666 3822 ab
2712 3767 2952 3821 Usuardo
2979 3777 3032 3819 et
3073 3766 3258 3837 Adone
3286 3763 3532 3837 Afntt'liu-

275 3855 376 3891 ητα»
404 3838 578 3891 bestiis
598 3835 888 3902 saeviebant,
910 3847 1015 3892 etc.
1039 3835 1151 3891 Hoc
1181 3844 1358 3891 autem
1385 3836 1584 3904 optime
1609 3851 1859 3905 persecu-

278 3908 492 3964 toribus
521 3922 816 3973 congruere
846 3908 1035 3977 probat
1064 3907 1203 3977 idem
1232 3915 1419 3977 auctor
1447 3906 1617 3977 lib.v
1647 3906 1863 3963 Divina-

278 3996 398 4035 rum
429 3976 991 4046 Institutionnm,cap.
1024 3978 1110 4032 ll.
1143 3976 1220 4048 De
1241 3976 1324 4032 bis
1352 3977 1503 4048 plura
1532 3976 1776 4034 Baluzius
1805 3979 1859 4035 in

280 4050 426 4104 notis
459 4049 521 4102 ad
549 4063 666 4119 cap.
702 4050 765 4101 ιλ)
797 4047 1032 4113 praedicti
1061 4047 1243 4101 libelli.
1356 4047 1385 4101 ἦ

354 4120 380 4157 ι)
423 4117 637 4187 Comp.,
674 4120 802 4183 Quae
841 4135 953 4172 eum
998 4128 1203 4188 peteret,
1245 4117 1533 4188 diceretque
1577 4135 1596 4173 :
1643 4118 1722 4172 De
1751 4119 1858 4175 Deo

283 4208 394 4245 sum
439 4207 633 4254 secura,
669 4199 775 4245 etc.
825 4187 1004 4244 Rben.
1028 4198 1084 4244 ut
1120 4188 1246 4243 editi
1288 4187 1398 4252 alii,
1444 4187 1544 4244 nisi
1594 4190 1733 4254 quod
1766 4206 1861 4258 pro

286 4270 562 4329 pateretur,
598 4261 791 4315 habeat
839 4268 1044 4329 peteret.
1092 4260 1259 4314 Paulo
1312 4267 1473 4325 ante,
1524 4260 1623 4314 nisi
1669 4272 1855 4318 sunt...

284 4341 541 4402 appetere.
577 4331 851 4385 Lorichins
877 4332 1036 4386 habet
1054 4332 1191 4402 jussi
1215 4339 1403 4385 sunt...
1430 4342 1628 4402 aptare.

360 4414 382 4440 ε
430 4402 652 4457 Unicum
680 4402 1025 4468 Germanum,
1056 4401 1363 4471 episcopum
1393 4401 1599 4456 scilicet
1628 4402 1859 4459 Perada-

287 4474 550 4528 miensem
583 4473 633 4526 in
681 4473 954 4542 Byzacena
976 4513 991 4535 ,
1024 4482 1371 4539 repra-sentat
1421 4472 1615 4526 Notitia
1644 4473 1857 4536 Africae.

287 4544 354 4597 de
382 4557 494 4613 quo
522 4543 766 4611 supe.ius
793 4544 994 4615 mentio
1035 4542 1172 4597 facta
1203 4551 1302 4597 est.
1330 4542 1393 4615 _S_i
1431 4543 1479 4596 is
1519 4552 1602 4597 est
1633 4544 1746 4613 ipse
1770 4546 1860 4615 qui

288 4615 372 4667 hic
397 4612 744 4677 memoratur,
769 4614 1019 4683 colligere
1038 4627 1319 4682 possumus
1330 4612 1597 4668 Victorem
1621 4612 1861 4671 nostrum

288 4684 457 4751 patria
491 4684 954 4739 Peratlamit-nsem
988 4685 1170 4751 fuisse,
1203 4699 1267 4737 ex
1298 4683 1382 4737 his
1403 4683 1606 4739 scilicet
1637 4686 1816 4741 verbis
1842 4704 1857 4742 :

291 4752 705 4826 (Inamrnostram
740 4754 1068 4826 Dionysium,
1088 4764 1191 4809 etc.
1224 4752 1292 4807 Et
1317 4754 1531 4826 quidem
1562 4752 1630 4808 de
1660 4754 1859 4826 Diony-

291 4772 460 4807 unum
485 4772 705 4808 nostram
740 4772 1057 4878 mongssam,
1088 4772 1191 4809 etc.
1225 4772 1292 4807 ω
1317 4772 1531 4822 quidem
1562 4772 1630 4808 αθ
1660 4772 1859 4826 Diony-

288 4826 366 4879 sia
394 4825 624 4893 aliisque
654 4826 871 4893 martyri
914 4840 975 4878 us
1021 4824 1106 4877 hic
1135 4824 1465 4889 memoratis,
1498 4832 1745 4893 tanquam
1791 4826 1860 4880 de

291 4962 540 5021 betdeum
592 4975 821 5020 nostrum
852 4962 1144 5035 episcopum
1162 4962 1421 5035 appellat.
1460 4962 1626 5035 Porro
1668 4963 1857 5019 horum

290 5037 849 5107 omniummarlyt‘um
882 5032 1210 5107 memoriam
1254 5032 1413 5107 simul
1451 5032 1856 5107 recol_unt_vnl-g

289 5116 407 5174 gata
432 5102 741 5162 Latinorum
768 5102 1137 5176 martyrologia
1160 5102 1248 5176 die
1270 5102 1661 5176 6_De_cembri_s;
1688 5102 1856 5176 Graeci

293 5172 419 5231 vero
464 5177 555 5231 die
591 5175 854 5246 sequenti.
890 5172 1163 5230 Usuardus
1191 5175 1267 5246 sic
1315 5173 1478 5246 habet
1522 5191 1535 5228 :
1579 5172 1645 5246 In
1684 5175 1860 5246 Africa

292 5256 587 5301 sanctarum
617 5244 895 5315 Dionysiae,
931 5246 1141 5312 Datim,
1174 5244 1421 5315 Lemaire.
1452 5254 1500 5298 et
1525 5244 1746 5315 religiosi
1767 5246 1862 5299 viri

295 5320 494 5371 nomine
523 5317 703 5383 Tertii,
753 5304 1025 5370 Ἁζηνιίιέαηὶ
1072 5304 1140 5368 ιε’
1164 5314 1446 5384 Bouifacii,
1480 5331 1594 5370 cum
1618 5304 1740 5370 aliis
1769 5317 1877 5379 tri-1

296 5386 405 5452 bus,
454 5392 541 5455 qui
591 5403 784 5453 omnes,
821 5395 923 5442 etc.
986 5387 1038 5439 In
1095 5385 1479 5455 Martyrologio
1509 5387 1750 5441 Romano
1782 5388 1864 5441 liis

298 5454 525 5514 Usuardi
573 5458 749 5513 verbis
792 5456 1038 5525 adjicitur
1076 5454 1408 5522 separatim:
1455 5454 1654 5511 Ibidem
1700 5457 1865 5512 sancti

298 5525 558 5598 Majoriei,
587 5528 681 5591 ﬁlii
723 5537 912 5582 sancta
956 5525 1234 5598 Dioyysiaz,
1275 5527 1383 5593 qui,
1418 5536 1532 5598 etc.
1565 5527 1633 5598 Et
1663 5527 1749 5581 die
1776 5543 1860 5581 se—

368 5594 478 5654 enti
510 5616 523 5654 :
559 5598 784 5652 Tuburbi
830 5597 993 5651 sancti
1026 5594 1184 5665 Servi
1214 5597 1475 5665 martyris,
1516 5597 1621 5664 qui,
1656 5606 1760 5652 etc.
1793 5602 1862 5651 At

349 5668 417 5722 do
446 5673 608 5725 trium
645 5669 712 5724 ab
746 5668 985 5723 Usuardo
1004 5664 1397 5732 designatorum
1429 5667 1644 5720 nomina
1675 5681 1862 5721 recen-

302 5748 404 5803 set,
433 5749 480 5795 et
508 5740 731 5805 Servilii,
760 5747 803 5792 et
852 5735 1105 5798 Victricis,
1152 5741 1198 5786 et
1244 5733 1503 5805 Iifajoriei.
1551 5735 1627 5789 Ex
1668 5736 1865 5802 quibus

304 5811 476 5892 verbis
496 5811 669 5893 liquet
690 5803 795 5893 tres
832 5808 968 5891 illos,
996 5818 1218 5893 quorum
1254 5803 1525 5893 Usuar'dus
1566 5807 1865 5893 tacuitnno-

306 5881 464 5951 mina,
492 5873 656 5936 fuisse
680 5879 984 5947 Majoricum
1006 5873 1171 5931 filium
1193 5883 1390 5932 sancta:
1418 5873 1720 5944 Dionysiae;
1743 5874 1868 5931 Ser—

1886 5080 1941 5143 D

1963 3857 2059 3893 ηυε
2083 3840 2401 3924 ³Ρβθ¹¹³¹¹¹¹ἶε
2433 3839 2596 3924 Paule
2622 3839 2782 3924 intra
2817 3834 3365 3924 Sibfts'f'2:_,l?!_i"ﬁu
3398 3834 3539 3924 '23:"?

1963 3904 2199 3981 reperire
2231 3924 2333 3965 non
2362 3911 2525 3965 licuit.
2556 3910 2713 3964 Forte
2728 3908 3021 3981 legendum
3049 3904 3382 3981 Sicilibgisis.
3410 3904 3532 3981 llaec

1962 3974 2129 4052 enim,
2174 3988 2231 4036 ut
2276 3981 2523 4052 observat
2567 3974 2838 4052 Norisius,
2882 3974 3532 4052 ⁸ιειιέιηιςψδ.Τυδυιῆῃηιι

1962 4042 2175 4120 oblique
2206 4042 2559 4117 respiciebat,
2590 4067 2618 4105 a
2651 4048 2840 4118 majori
2879 4048 2945 4102 M.
2983 4049 3041 4120 P.
3076 4042 3142 4120 {8
3168 4045 3389 4100 distans.
3424 4044 3534 4120 _Cn-

1959 4122 2046 4191 jus
2071 4118 2351 4191 episcopus
2372 4139 2439 4178 ex
2470 4132 2622 4191 parte
2651 4120 2861 4191 Donati,
2888 4118 3267 4191 Quadratianus
3298 4118 3532 4191 nomine,

1961 4187 2233 4248 collationi
2257 4187 2531 4255 'Cartba'g.
2584 4190 2826 4247 interfuit
2878 4205 2995 4259 cap.
3038 4190 3161 4243 498.
3196 4187 3288 4259 Est
3324 4195 3377 4241 et
3409 4188 3536 4259 urbs

1964 4261 2249 4318 Cilibiensis
2278 4265 2430 4331 cujus
2481 4263 2736 4318 Tertullus
2764 4263 3044 4329 episcopus
3088 4261 3213 4331 item
3264 4258 3532 4331 Donatista

1967 4333 2020 4409 in
2052 4335 2236 4409 eadem
2269 4326 2553 4409 collatione
2581 4326 2878 4409 recensitus
2910 4326 3005 4385 fuit
3033 4345 3150 4398 cap.
3186 4327 3312 4409 296.
3346 4326 3539 4409 Zubedi

1964 4406 2180 4471 fundum
2205 4406 2257 4458 in
2277 4407 2530 4459 territorio
2572 4402 2870 4459 Fussalensi
2917 4410 3179 4457 memorat
3207 4400 3533 4469 Augustinus

1963 4475 2574 4551 librojatrdeCivitate
2606 4473 2949 4551 Dei,cap_._8_._
3057 4541 3070 4551 _
3147 4540 3192 4551 η
3254 4541 3266 4551 _
3356 4540 3368 4551 _
3446 4541 3474 4551 Α,

1968 4572 2001 4617 ·λ
2033 4547 2142 4617 85
2164 4548 2192 4583 ά
2222 4546 2403 4601 Variat
2425 4546 2476 4600 in
2500 4547 2747 4600 omnibus
2763 4540 3161 4617 cedicibusloci
3180 4541 3334 4617 huius
3355 4540 3534 4617 l_e_ctio.

1964 4610 2352 4671 ChiftTetianam
2373 4617 2708 4679 retinuimus,
2729 4629 2886 4683 quam
2906 4613 3161 4683 exhibent
3170 4612 3332 4683 etiam
3357 4610 3531 4683 Bign._,

1966 4685 2208 4740 Rbenan.
2234 4696 2288 4741 et
2309 4686 2482 4750 Bald.,
2507 4685 2610 4738 nisi
2631 4680 2793 4749 quod,
2816 4697 2914 4751 pro
2927 4682 3151 4751 Seruus,
3169 4681 3361 4751 habent
3382 4680 3530 4730 servi.

1965 4757 2137 4821 Port.,
2172 4756 2314 4819 Ful.,
2345 4749 2549 4815 Germ.,
2574 4752 2751 4810 0rth.,
2778 4749 2924 4821 Sura,
2952 4760 3008 4805 et
3035 4749 3338 4821 Loricbius,
3363 4763 3536 4799 servus

1962 4819 2159 4893 quoque
2187 4824 2546 4893 Tuburbitante
2575 4822 2794 4893 civitatis
2825 4819 3083 4893 Majorus,
3112 4819 3339 4893 generosi
3365 4826 3413 4893 et
3443 4831 3531 4893 ito-

289 4896 387 4950 sibi
416 4884 589 4963 magis
613 4896 752 4950 notis
779 4884 1033 4964 loquitur.
1054 4892 1254 4947 Tamen
1282 4884 1726 4964 infra,'num.'l1,
1756 4894 1860 4948 Ha-
1896 4914 1927 4963 ᾖχ
1964 4884 2227 4960 bilis'viri,
2262 4902 2366 4964 etc.
2396 4892 2486 4947 Sic
2514 4890 2745 4964 (ει-9011)ἵ
2776 4891 2834 4951 l;
2863 4884 3082 4964 θέα-ι)το
3101 4884 3535 4964 ,Μαλοτιιῇιξὲρρι

1963 4965 2176 5034 majoris
2194 4954 2297 5034 {et
2319 4962 2505 5034 Comp.
2536 4959 2855 5034 >Majoricus.
2884 4954 3038 5034 _Co|b.
3067 4959 3200 5034 alter
3228 4954 3531 5034 account}.

1966 5023 2103 5102 tius,
2137 5023 2236 5088 nisi
2281 5032 2420 5102 quod
2456 5023 2893 5101 'ltabet'generosi
2923 5027 3356 5102 etnobilisyiri.‘
3380 5023 3533 5078 Colb.

1967 5095 2158 5159 tertius
2198 5104 2249 5158 in
2295 5095 2532 5172 margine
2576 5095 2743 5172 prima
2788 5116 2944 5155 manu
2978 5098 3135 5172 habet
3163 5095 3356 5172 Maiori
3384 5106 3534 5172 mari.

1966 5174 2135 5229 Porro
2160 5184 2273 5229 erat
2298 5175 2349 5229 in
2380 5166 2556 5229 Africa
2576 5166 2782 5242 duplex
2813 5172 3000 5225 civitas
3030 5167 3342 5242 Tuburbium
3372 5166 3535 5242 dicta,

1965 5248 2135 5314 majus
2164 5241 2369 5300 scilicet
2410 5254 2463 5299 et
2499 5238 2685 5298 minus.
2735 5242 2803 5314 Et
2830 5242 3041 5314 quidem
3065 5309 3075 5314 _
3087 5239 3298 5314 unicum
3343 5253 3404 5291 ex
3441 5238 3538 5290 hoc

1967 5309 2195 5370 Victoris
2220 5317 2336 5370 loco
2367 5324 2678 5386 martyrem,
2709 5312 2798 5381 qui
2832 5310 3017 5386 Servus
3046 5309 3340 5386 dicebatur,
3373 5322 3538 5376 agno-

1966 5395 2121 5440 scunt
2152 5386 2360 5441 laudata
2384 5380 2625 5454 supe'rins
2655 5380 3030 5454 inartyrologia
3041 5398 3079 5454 :_
3085 5380 3328 5454 quamvis
3358 5393 3539 5454 recent

1968 5459 2132 5512 tiOres
2153 5458 2316 5525 aliqui
2342 5448 2526 5510 vocem
2553 5453 2781 5522 majoris.
2797 5448 2927 5525 'quae
2947 5448 3011 5502 ad
3027 5449 3280 5525 _Tuburbii
3305 5450 3540 5525 revocari

1970 5528 2161 5589 debet,
2195 5519 2290 5594 pro
2315 5519 2639 5594 confessoris
2681 5522 2893 5575 nomine
2927 5521 3251 5588 accipientes
3272 5560 3285 5583 ,
3316 5519 3542 5594 alterum

1970 5588 2258 5667 martyrem
2292 5595 2505 5667 nomine
2553 5592 2812 5667 Majarum
2848 5599 3322 5667 exccg..averun_t._
3344 5589 3416 5667 De.
3440 5588 3565 5667 alio,

1970 5668 2096 5721 item
2111 5658 2379 5737 'martyre,
2414 5663 2568 5737 hujus
2596 5658 2746 5737 δὲτινὶ
2768 5660 3071 5737 occasione,
3095 5661 3277 5737 Tiburi
3294 5661 3358 5737 in
3388 5658 3579 5737 Itatin'~

1969 5738 2190 5805 conﬁcto
2234 5728 2441 5805 abemus
2483 5728 2540 5789 in
2585 5730 2979 5787 Commentario
3027 5740 3207 5784 nostro
3256 5728 3541 5787 historico,

1971 5822 2088 5876 cap.
2124 5808 2176 5861 6.

4031 5568 4033 5627 4

4031 5684 4033 5731 ‹

4032 5762 4033 5819 l
