4082 6320
308 369 404 425 215

1252 364 1342 421 DE
1380 358 1899 421 PERSECUTIONE
1937 356 2328 421 VANDALICA
2367 350 2497 425 LiB.
2537 364 2624 435 ν.)

3446 368 3556 429 246

304 481 433 538 dari.
461 477 555 535 Cui
578 480 742 537 frater
771 481 932 548 alius,
970 487 1213 536 metuens
1243 494 1312 536 ne
1342 478 1501 535 fidem
1530 484 1775 550 negaret,
1803 474 1873 531 de
1895 473 1952 537 Α
1976 474 2119 531 mina
2152 484 2539 535 tormentorum
2566 480 2764 550 poterit
2796 479 3032 541 edicere.
3054 478 3344 551 Quare“
3363 479 3551 545 bodie-

302 570 585 639 suspendio
604 571 900 627 clamabat:
917 571 1063 639 Noli,
1083 571 1214 635 noli,
1233 570 1429 636 frater;
1455 574 1560 625 nun
1579 570 1650 624 ita
1665 567 1871 639 juravi—

301 679 417 721 mus
439 662 673 721 Christo.
701 665 978 722 Accusabo
999 673 1185 720 tecum
1208 671 1335 718 ante
1351 663 1598 718 thronum
1612 660 1731 731 ejus
1754 668 1869 716 ter-

301 755 509 810 ribilem
537 754 842 811 venerimus
868 773 883 809 :
905 754 1027 825 quia
1070 768 1234 823 super
1261 767 1457 822 corpus
1497 751 1618 822 ejus
1653 759 1708 807 et
1739 765 1869 808 san-

301 845 510 915 guinem
539 845 842 916 juravimus
884 855 942 902 ut
976 861 1071 916 pro
1108 860 1173 902 eo
1200 844 1377 917 [Lor..
1408 842 1593 916 simul]
1633 843 1863 899 invicem

298 940 579 1009 patiamur.
609 939 714 994 lsta
747 940 935 995 dicens
955 947 1011 994 et
1032 938 1136 993 alia
1176 937 1363 1003 multa,
1387 935 1710 992 confortavit
1744 949 1870 1006 ger-

297 1043 506 1086 manum
551 1028 619 1084 ad
653 1030 893 1101 praelium
931 1028 1220 1101 passionis,
1269 1028 1360 1098 qui
1386 1027 1625 1083 clamans
1662 1024 1865 1099 ingenti

298 1135 421 1179 voce
445 1119 661 1175 dicebat
686 1137 701 1177 :
726 1120 820 1195 [αι.
848 1120 1079 1195 Adicite}
1113 1119 1337 1193 Adigcte
1370 1118 1649 1193 suppliciis
1677 1116 1872 1189 quibus

297 1215 490 1281 vultis,
548 1224 605 1270 et
660 1215 833 1286 pinnis
885 1213 1221 1289 Christianos
1269 1218 1476 1269 arctate
1514 1210 1869 1268 crudelibus:

294 1306 432 1376 quod
470 1305 639 1361 frater
670 1321 819 1361 meus
848 1305 1090 1365 facturus
1128 1314 1232 1374 eat,
1276 1302 1383 1360 hoc
1408 1316 1509 1375 ego
1542 1302 1705 1359 etiam
1746 1315 1866 1372 ago.

292 1396 514 1461 Quantis
539 1396 659 1465 jam
710 1397 923 1452 laminis
968 1396 1150 1467 ignitis
1192 1394 1373 1452 adusti
1425 1402 1574 1463 sttnt,
1620 1393 1872 1466 qualibus

294 1487 500 1558 ungulis
522 1486 753 1547 exarati.
776 1486 971 1558 quibus
993 1485 1317 1545 cruciatibus
1339 1485 1492 1553 torti,
1525 1498 1611 1543 res
1639 1486 1751 1555 ipsa
1775 1483 1870 1541 do-

291 1590 392 1646 cet,
425 1580 567 1650 quod
600 1595 699 1637 eos
728 1581 832 1651 ipsi
866 1590 1101 1639 tortores
1126 1594 1157 1633 a
1199 1593 1297 1634 sua
1326 1577 1465 1637 facie
1502 1578 1870 1652 projecerunt,

289 1672 526 1729 dicentes
556 1691 574 1727 :
602 1674 741 1730 Istos
766 1674 1003 1729 imitatur
1026 1673 1309 1731 universus
1331 1672 1580 1745 populus,
1615 1683 1672 1730 ut
1692 1673 1873 1730 nullus

285 1765 349 1820 ad
389 1773 638 1821 nostram
666 1765 986 1837 religionem
1017 1762 1231 1836 penitus
1257 1772 1627 1831 convertatur;
1656 1773 1708 1823 et
1735 1779 1874 1836 prte-

1974 581 2080 636 que
2108 568 2279 636 posita
2306 570 2358 625 in
2390 581 2637 642 promptu
2661 574 3023 637 demonstrat.
3050 575 3203 639 Alios
3224 575 3345 637 sine
3369 576 3547 637 mani-

1972 655 2097 723 bus,
2127 657 2262 713 alios
2288 661 2407 717 sine
2452 661 2647 727 oculis,
2696 664 2832 727 alios
2872 666 3077 738 absque
3121 665 3372 737 pedibus.
3409 666 3548 727 alios

1975 757 2196 806 truncus
2241 752 2460 811 naribus
2497 754 2820 827 auribusque
2868 758 3137 830 intendas,
3168 759 3275 833 ιι
3304 760 3550 833 aliosque

1973 841 2157 901 videas
2185 843 2351 905 nimio
2367 846 2661 915 suspendio
2677 848 2901 919 spatulis
2928 851 3023 923 lat.
3051 852 3309 925 scapulis]
3325 854 3550 922 evulsis,
3586 902 3593 911 ,

1973 945 2156 1006 caput,
2198 936 2340 1007 quod
2387 937 2627 997 eminere
2652 940 2882 1008 solebat,
2929 942 2983 1001 in
3012 944 3190 1003 medio
3216 946 3553 1015 scapularum

1974 1028 2143 1088 fuisse
2178 1028 2506 1101 demersum,
2548 1031 2679 1091 dum
2712 1033 2912 1104 jugiter
2949 1033 3005 1095 in
3031 1033 3271 1108 sltis[al.
3312 1037 3550 1111 sedibus]

1975 1120 2182 1180 aedibus
2228 1122 2523 1192 suspendio
2564 1125 2891 1197 cruciantes,
2938 1127 3257 1196 impulsione
3299 1144 3552 1191 manuum

1975 1212 2192 1269 funibus
2221 1213 2452 1285 agitatis,
2492 1229 2588 1289 per
2622 1230 2845 1275 vacuum
2886 1231 3066 1279 aerem
3096 1217 3201 1277 huc
3227 1228 3394 1290 atque
3420 1220 3549 1281 illuc

1974 1303 2244 1363 iaciebant
2273 1305 2451 1377 vagari
2483 1306 2801 1377 pendentes.
2832 1309 2933 1378 Qui
2967 1324 3347 1381 nonnunquam
3373 1311 3552 1371 disru-

1976 1397 2085 1471 ptis
2111 1398 2333 1457 funibus
2357 1400 2427 1459 de
2458 1400 2548 1459 illa
2574 1392 2861 1459 a'ltitudine
2898 1404 3292 1475 suspensionis,
3326 1404 3435 1460 ictu
3464 1419 3553 1458 va-

1976 1490 2088 1549 lido
2132 1502 2468 1561 corruentes,
2506 1494 2724 1567 plurimi
2759 1510 2938 1557 arcem
2977 1496 3184 1557 cerebri
3215 1512 3336 1555 cum
3378 1496 3550 1556 oculis

1975 1583 2308 1641 amiserunt:
2333 1586 2423 1643 alii
2453 1585 2737 1645 contractis
2763 1588 2976 1650 ossibus
3014 1587 3261 1660 spiritum
3294 1587 3549 1643 continuo

1982 1674 2351 1748 reddiderunt,
2381 1676 2473 1733 alii
2502 1685 2621 1748 post
2646 1677 2862 1749 paulum
2890 1678 3298 1737 exhalaverunt.
3331 1677 3435 1734 Sed
3460 1677 3553 1749 qui

1980 1764 2084 1822 hoc
2134 1766 2437 1825 fabulosum
2484 1777 2657 1841 putat,
2691 1779 2713 1807 ο
2744 1770 3000 1829 Uranium
3040 1771 3271 1831 Zenonis
3320 1771 3553 1842 legatum

286 1858 436 1927 cipue
461 1858 599 1925 quia
638 1857 776 1912 nulli
810 1856 1033 1925 livores,
1071 1854 1220 1913 nulla
1260 1870 1540 1925 pinnarum
1568 1854 1790 1929 vestigia
1817 1855 1875 1913 in
1902 1849 1954 1912 Β
1979 1856 2291 1930 interroget.
2323 1863 2377 1915 in
2417 1859 2572 1931 cujus
2601 1864 2885 1933 praesentia
2919 1864 3185 1933 pracipue
3219 1873 3368 1934 gesta
3396 1874 3551 1929 sunt;

285 1948 360 2003 eis
392 1948 617 2017 penitus
640 1947 979 2004 videbantur.

306 2088 321 2102 ,
354 2038 437 2093 Vl.
472 2037 526 2093 Μ
534 2039 621 2093 ira
649 2038 775 2109 ﬁdes
804 2037 1195 2109 Typasensium.
1218 2037 1415 2111 Ingens
1444 2037 1772 2095 miraculum.
1794 2068 1866 2080 -—

287 2132 337 2187 lu
374 2142 400 2169 ι
433 2131 737 2204 Typasensi
777 2145 908 2188 vero
956 2130 1099 2203 quod
1144 2140 1356 2202 gestum
1401 2137 1486 2187 est
1531 2131 1864 2187 Mauritania:

287 2227 498 2298 majoris
529 2227 758 2285 civitate
778 2225 844 2282 ad
866 2224 1078 2281 laudem
1102 2223 1196 2280 Dei
1221 2223 1497 2280 insinuare
1522 2222 1864 2281 festinemus.

288 2322 417 2376 Dum
461 2335 584 2375 sua:
628 2319 829 2376 civitati
874 2318 1134 2375 Arianum
1181 2317 1493 2389 episcopum
1543 2331 1608 2373 ex
1658 2318 1870 2373 notario

286 2412 313 2452 δ
337 2412 533 2484 Cyrila:
577 2411 644 2467 ad
670 2410 970 2482 perdendae
1012 2411 1218 2467 animas
1255 2408 1558 2466 ordinatum
1590 2408 1867 2475 vidissent,

250 2488 253 2489 ⁷
289 2503 457 2559 omnis
484 2502 650 2559 simul
677 2502 870 2557 civitas
902 2500 1182 2558 evectione
1217 2500 1392 2556 navali
1421 2501 1487 2557 de
1533 2501 1775 2573 proximo
1799 2501 1867 2556 ad

292 2597 606 2667 Hispaniam
634 2594 896 2666 confugit,
943 2592 1146 2650 relictis
1175 2594 1513 2665 paucissimis
1540 2592 1630 2666 qui
1666 2593 1868 2649 aditum

290 2704 389 2741 non
424 2689 743 2743 invenerant
765 2686 1072 2758 navigandi.
1113 2685 1258 2754 Quos
1293 2685 1617 2742 Arianorum
1657 2686 1869 2755 episco-

292 2794 388 2847 pus
430 2779 607 2848 primo
654 2776 1070 2844 blandimentis,
1118 2785 1303 2848 postea
1349 2776 1506 2832 minis
1544 2776 1872 2847 compellere

291 2868 473 2939 erepit.
507 2877 571 2922 ut
597 2882 691 2923 eos
723 2866 925 2923 faceret
948 2867 1197 2922 Arianos.
1233 2867 1339 2922 Sed
1370 2867 1535 2923 fortes
1567 2868 1618 2922 in
1647 2867 1873 2923 Domino

294 2972 697 3030 permanentes,
738 2976 842 3015 non
886 2961 1064 3014 solum
1094 2959 1372 3015 suadentis
1400 2961 1662 3017 insaniam
1691 2961 1874 3017 irrise-

295 3060 441 3119 ruut,
467 3067 655 3107 verum
673 3053 833 3106 etiam
880 3051 1095 3120 publice
1127 3053 1385 3122 mysteria
1410 3052 1588 3107 divina
1629 3053 1681 3106 in
1713 3053 1874 3108 domo

293 3160 391 3198 una
433 3144 746 3215 congregati
791 3143 1067 3197 celebrare
1112 3152 1407 3213 coeperunt.
1452 3143 1603 3213 Quod
1654 3145 1744 3201 ille
1781 3159 1875 3200 co-

1974 1950 2065 2006 illa
2111 1952 2316 2008 scilicet
2345 1966 2527 2019 causa,
2574 1955 2698 2025 quia
2736 1957 2959 2013 veniens
3004 1956 3378 2028 Carthaginem
3428 1973 3550 2015 sese

1975 2059 2073 2117 pro
2100 2044 2411 2103 defensione
2434 2046 2780 2105 ecclesiarum
2816 2048 3200 2105 catholicarum
3228 2051 3440 2109 venisse
3466 2051 3550 2118 ja-

1972 2136 2173 2192 ctabat.
2218 2138 2287 2193 Et
2328 2146 2387 2194 ut
2410 2136 2487 2197 illi
2529 2140 2835 2197 ostenderet
2878 2148 3137 2212 tyrannus
3171 2157 3231 2199 se
3277 2143 3544 2199 neminem

1922 2290 1925 2293 _
1974 2229 2285 2298 formidare,
2318 2231 2371 2285 in
2404 2231 2509 2288 illis
2533 2231 2724 2301 plateis
2750 2232 2832 2289 vel
2863 2232 2993 2289 vicis
3023 2233 3201 2303 plures
3233 2242 3461 2291 tortores
3489 2243 3548 2287 et

1973 2321 2305 2379 crudeliores
2323 2321 2529 2388 statuit,
2556 2324 2609 2378 in
2634 2322 2826 2392 quibus
2854 2323 3042 2392 legatis
3068 2324 3233 2381 moris
3254 2335 3336 2381 est
3361 2337 3547 2383 ascen-

1973 2412 2149 2470 dendo
2174 2412 2243 2469 ad
2274 2414 2529 2483 palatium
2560 2422 2612 2471 et
2638 2412 3014 2473 descendendo
3054 2413 3282 2473 transire
3313 2430 3327 2469 :
3357 2412 3422 2468 ad
3454 2427 3547 2483 op-

1974 2505 2249 2576 probrium
2279 2505 2530 2563 videlicet
2559 2505 2727 2575 ipsius
2767 2505 3094 2576 reipublicae,
3144 2514 3201 2562 et
3229 2506 3396 2564 nostri
3438 2504 3547 2573 jam

1972 2599 2269 2655 deficientis
2301 2597 2557 2669 temporis
2587 2600 2800 2655 faecem.

2048 2690 2178 2747 Vill.
2213 2689 2463 2746 Matrona:
2486 2691 2765 2745 exsulantis
2790 2692 3096 2745 constantia.
3126 2719 3194 2731 --
3215 2689 3364 2747 Tunc
3387 2690 3546 2761 igitur

1975 2791 2025 2837 et
2054 2781 2298 2853 quaedam
2334 2796 2468 2837 uror
2514 2781 2790 2851 cujusdam
2835 2782 3090 2839 cellarita:
3147 2782 3287 2852 regis
3332 2783 3549 2837 nomine

1980 2870 1999 2909 ί
2038 2873 2241 2944 Dagila,
2295 2889 2414 2945 qua:
2455 2872 2785 2942 temporibus
2837 2874 3093 2930 Geiserici
3123 2874 3392 2931 multoties
3438 2874 3549 2942 jam

1976 2965 2256 3019 confessor
2278 2965 2578 3031 exstiterat,
2610 2974 2852 3021 matrona
2882 2965 3077 3021 nobilis
3105 2979 3169 3021 ac
3190 2964 3438 3031 delicata,
3459 2964 3549 3019 lla-

1974 3056 2128 3124 gellis
2156 3065 2209 3111 et
2237 3054 2464 3111 fustibus
2493 3055 2714 3111 omnino
2733 3054 3035 3123 debilitata,
3081 3054 3273 3113 exsilio
3316 3054 3469 3108 arido
3497 3062 3550 3109 et

1978 3146 2121 3201 invio
2144 3146 2436 3217 relegatur,
2473 3145 2562 3201 ubi
2587 3144 2766 3201 nullus
2794 3145 3069 3203 hominum
3123 3146 3261 3203 forte
3311 3144 3551 3200 consola-

290 3248 580 3306 gooscens,
613 3234 928 3290 relationem
971 3236 1183 3290 occulte
1204 3231 1581 3306 Carthaginem
1611 3236 1870 3299 adversus
1897 3216 1944 3282 α
1979 3239 2139 3295 tionis
2169 3216 2342 3309 gratia
2368 3236 2618 3293 veniendi
2642 3236 2866 3293 haberet
2893 3251 3194 3305 accessum,
3244 3235 3553 3307 relinquens

290 3342 383 3381 eos
447 3327 662 3381 direxit.
710 3327 837 3394 Qua:
883 3341 1007 3382 cum
1058 3328 1170 3397 regi
1222 3326 1560 3392 innotuisset,
1619 3330 1867 3385 comitem

286 3417 577 3488 quemdam
623 3432 743 3471 cum
793 3417 1066 3473 iracundia
1114 3418 1374 3489 dirigens,
1420 3420 1670 3489 prmcepit
1712 3430 1767 3476 ut
1816 3421 1867 3474 in

280 3508 466 3563 medio
500 3510 637 3575 foro,
666 3521 987 3580 congregata
1013 3511 1138 3565 illuc
1163 3512 1306 3564 omni
1337 3512 1631 3581 provincia,
1664 3512 1871 3581 linguas

283 3604 367 3658 eis
411 3608 467 3655 et
524 3613 712 3655 manus
754 3603 997 3656 dexteras
1044 3601 1300 3657 radicitus
1333 3600 1668 3656 abscidisset.
1720 3602 1871 3670 Quod

285 3710 409 3749 cum
441 3692 647 3747 factum
671 3692 876 3755 fuisset,
903 3694 1104 3762 Spiritu
1132 3702 1318 3747 sancto
1349 3701 1654 3762 praestante,
1688 3694 1759 3748 ita
1797 3695 1876 3748 lo-

286 3788 395 3842 cuti
430 3796 561 3839 sunt
588 3796 640 3840 et
670 3785 980 3856 loquuntur,
1022 3782 1291 3853 quomodo
1318 3792 1472 3838 antea
1501 3783 1871 3855 loquebantur.

289 3878 397 3933 Sed
440 3877 488 3931 si
540 3876 659 3947 quis
698 3875 1002 3929 incredulus
1046 3889 1166 3929 esse
1206 3874 1454 3944 voluerit,
1494 3883 1681 3946 pergat
1735 3890 1875 3932 nunc

290 3969 838 4038 Constantinopolim,
869 3976 922 4021 et
947 3965 1017 4021 ibi
1050 3966 1285 4035 reperiet
1314 3981 1474 4020 unum
1500 3966 1566 4021 de
1598 3967 1723 4034 illis,
1749 3966 1874 4022 sub-

292 4063 574 4114 diaconem
606 4058 953 4129 Reparatum,
984 4070 1264 4112 sermones
1292 4055 1489 4129 politos
1519 4057 1635 4112 sine
1661 4056 1763 4112 ulla
1792 4058 1873 4111 of-

294 4132 947 4220 fensione’loquentem.
986 4147 1066 4203 0h
1107 4164 1266 4217 qnam
1298 4164 1511 4203 causam
1552 4149 1872 4205 venerabilis

296 4244 519 4297 nimium
564 4241 617 4295 in
649 4239 845 4311 palatio
875 4238 1108 4296 Zenonis
1137 4240 1477 4309 imperatoris
1520 4240 1766 4308 habetur,
1817 4251 1874 4298 et

299 4335 563 4402 prmcipue
593 4331 771 4400 regina
801 4330 935 4384 mira
968 4345 1090 4385 eum
1123 4332 1420 4387 reverentia
1456 4341 1762 4387 veneratur.

367 4424 475 4478 νη.
522 4421 741 4476 Vandali
768 4424 822 4475 in
848 4438 969 4475 suos
1000 4422 1236 4476 sariunt.
1262 4451 1332 4461 --
1357 4422 1463 4480 Sed
1488 4424 1607 4494 quis
1632 4439 1871 4497 congruo

296 4532 546 4573 sermone
578 4516 747 4586 possit
793 4514 1012 4587 exsequi
1052 4522 1144 4567 aut
1182 4529 1503 4571 coacervare
1532 4515 1871 4573 diversitates

1973 3349 2097 3388 cum
2126 3331 2587 3402 gaudio‘domum,
2617 3330 2866 3387 maritum
2895 3329 3053 3385 simul
3102 3338 3157 3387 et
3199 3328 3313 3401 [al.
3339 3329 3504 3383 lilium
3532 3328 3549 3399 ]

1977 3424 2133 3480 filios.
2157 3425 2249 3479 Cui
2280 3434 2459 3495 postea
2488 3423 2722 3481 oblatum
2747 3437 2867 3479 esse
2896 3421 3109 3486 dicitur,
3128 3429 3183 3481 ut
3203 3422 3255 3479 in
3282 3420 3549 3477 mitiorem

1975 3532 2218 3572 eremum
2251 3516 2528 3581 translata,
2561 3515 2847 3581 frueretur,
2874 3515 2918 3569 si
2948 3514 3350 3580 velletrsulatio
3376 3514 3550 3569 socio-

1977 3624 2115 3663 rum.
2148 3606 2242 3660 llla
2267 3622 2391 3661 vero
2414 3608 2599 3675 ingens
2642 3605 2741 3659 sibi
2782 3606 2969 3659 adesse
3015 3604 3238 3659 credens
3268 3604 3548 3673 gaudium,

1978 3697 2067 3750 ubi
2098 3696 2275 3749 nullus
2303 3696 2562 3749 humanus
2585 3703 2727 3748 esset
2756 3694 3081 3749 consolantis
3110 3692 3348 3755 allectus,
3368 3709 3436 3747 ne
3462 3698 3552 3747 lie-

1977 3798 2055 3841 ret
2080 3783 2421 3851 supplicavit.

2049 3874 2136 3929 lX.
2170 3872 2307 3927 Cleri
2352 3872 2768 3943 Carthaginiensis
2812 3873 3112 3926 certamina.
3156 3871 3385 3926 Muritlaz
3413 3888 3553 3944 egre-

1976 3969 2117 4039 gium
2147 3967 2367 4036 facinus.
2394 3994 2463 4006 --
2488 3966 2639 4021 Tunc
2669 3965 2829 4019 etiam
2864 3965 3103 4035 Eugenio
3122 3973 3337 4035 pastore
3356 3964 3465 4034 jam
3498 3967 3552 4021 in

1975 4060 2166 4115 exsilio
2191 4058 2500 4126 constituto,
2530 4062 2817 4112 utiiversus
2835 4058 3012 4112 clerus
3038 4057 3293 4112 Ecclesia:
3318 4054 3551 4111 Cartha-

1974 4154 2115 4223 ginis
2142 4153 2291 4211 cede
2310 4152 2595 4222 inediaque
2621 4162 2944 4216 maceratur,
2973 4158 2998 4199 ι
3040 4149 3154 4206 fere
3170 4150 3445 4220 quingenti
3466 4149 3550 4207 vel

1974 4245 2223 4314 amplius.
2242 4243 2386 4299 later
2404 4258 2539 4312 quos
2562 4242 3106 4313 quamplurimierant
3124 4243 3356 4301 lectores
3376 4242 3551 4300 infan-

1976 4338 2094 4406 tuli,
2125 4339 2216 4407 qui
2243 4333 2536 4407 gaudentes
2558 4334 2614 4391 in
2644 4333 2894 4399 Domino,
2924 4334 3110 4403 procul
3138 4331 3551 4391 exsiliocrttdeli

1977 4428 2283 4484 truduntur.
2316 4424 2425 4483 Sed
2453 4425 2753 4484 libertatem
2778 4435 2926 4495 tunc,
2950 4439 3070 4485 cum
3092 4424 3269 4480 media
3292 4423 3422 4485 urbe
3444 4438 3551 4485 ca:-

1979 4520 2235 4575 derentur
2269 4518 2361 4591 [aL
2393 4514 2604 4586 liliritae]
2632 4517 2856 4573 Murittae
2904 4516 3110 4575 diaconi
3160 4514 3371 4573 caeteris
3418 4513 3551 4575 libe-

298 4624 575 4680 pmnarum
605 4622 735 4677 quas
756 4622 820 4662 ex
838 4607 989 4677 jussu
1016 4605 1158 4676 regis
1192 4608 1298 4674 sui,
1330 4608 1489 4663 etiam
1524 4610 1619 4680 ipsi
1648 4610 1871 4668 Vandali
1900 4591 1954 4652 Ῐ)
1978 4614 2175 4669 riorem
2203 4621 2380 4666 tacere
2411 4626 2514 4664 non
2545 4609 2735 4663 debeo.
2761 4608 2881 4663 Fuit
2901 4609 3112 4677 quidam
3145 4606 3170 4642 δ
3204 4604 3542 4676 Elpidoforus

296 4704 347 4757 in
388 4717 522 4759 suos
567 4699 812 4757 homines
838 4697 1231 4759 exercuerunt?
1268 4699 1326 4755 lu
1369 4704 1480 4772 ipsa
1508 4718 1722 4773 quoque
1750 4722 1871 4775 (tuae
1972 4707 2214 4771 nomine,
2244 4704 2469 4760 nimium
2490 4701 2730 4757 crudelis
2756 4713 2808 4756 et
2835 4700 3005 4766 ferus,
3031 4699 3118 4753 cui
3144 4698 3320 4753 fuerat
3338 4696 3551 4764 delega-

297 4809 440 4864 gcsta
469 4804 598 4850 sunt
614 4792 962 4863 Carthagine,
988 4793 1036 4847 si
1066 4794 1267 4847 nitatur
1300 4796 1533 4863 scriptor
1560 4796 1870 4866 singillatim
1972 4809 2085 4853 tum
2119 4796 2358 4853 membra
2383 4793 2751 4847 confessorum
2780 4790 2981 4844 Christi
3001 4790 3275 4859 suppliciis
3297 4798 3549 4856 grassan-

297 4895 559 4953 astruere,
600 4885 763 4940 etiam
804 4882 921 4937 sine
948 4890 1140 4937 ornatu
1164 4884 1448 4950 sermonis,
1490 4900 1590 4939 nec
1620 4887 1732 4957 ipsa
1775 4904 1871 4946 no-
1976 4890 2125 4945 tibus
2156 4886 2381 4941 laniare.
2412 4881 2513 4937 llic
2540 4880 2741 4937 dudum
2771 4878 2946 4937 fuerat
2965 4877 3103 4948 apud
3120 4890 3220 4941 nos
3238 4877 3289 4933 in
3323 4874 3540 4932 ecclesi:

1978 5040 2131 5099 Orth.
2166 5045 2219 5092 et
2242 5032 2549 5098 Loricbius,
2573 5031 2774 5086 Avium.

2056 5110 2072 5148 ί
2107 5107 2257 5165 Colh.
2305 5106 2357 5172 l,
2387 5105 2577 5175 Comp.
2616 5113 2676 5175 et
2718 5103 2897 5175 Part,
2923 5100 3135 5175 Διεειιίφιρρῇὶ
3170 5098 3310 5175 regis
3349 5099 3551 5175 nomine

1981 5164 2179 5253 Dagillt'
2195 5164 2356 5253 ,Δίιᾳῇί
2375 5164 2541 5253 υςιιιῐ
2560 5184 2613 5229 ει
2640 5164 2892 5253 horidi,
2909 5170 3103 5253 uagitu
3122 5211 3136 5236 ,
3166 5164 3311 5237 NL,
3325 5164 3547 5253 cerua,

1976 5240 2130 5308 Mart.
2151 5294 2166 5319 ,
2198 5240 2353 5306 οδω.
2386 5247 2539 5319 alter,
2573 5245 2876 5319 et_llell‘or.,
2925 5240 3365 5319 Dagilium._qut:,
3407 5246 3545 5307 etc.;

1976 5323 2050 5381 ita
2082 5309 2387 5379 ut'maritus
2414 5309 2575 5375 etiam
2601 5309 2887 5389 aliquando
2906 5309 3182 5389 copit-ssor
3207 5309 3391 5389 fuerit.

2049 5403 2073 5439 Β
2107 5392 2304 5447 [lorum
2332 5390 2568 5447 omnium
2610 5379 2761 5440 simul
2808 5398 2927 5439 cum
2961 5381 3186 5453 Eugenio
3206 5427 3221 5452 ,
3252 5379 3304 5436 Μ
3314 5379 3467 5437 urina
3495 5396 3525 5437 e

1981 5464 2246 5525 Salutari,
2274 5457 2583 5513 memoriam
2616 5455 2885 5509 celebrant
2928 5453 3298 5525 martyrelogia
3338 5453 3543 5525 vulgata

1978 5535 2068 5589 die
2100 5532 2165 5585 l3
2188 5520 2332 5589 Julii.
2362 5527 2627 5585 Murittum
2652 5526 2851 5593 aliquot
2876 5525 3000 5585 item
3018 5520 3405 5595 martyr-'ologia
3432 5520 3547 5577 si..-

1978 5604 2204 5675 gillatim
2232 5596 2647 5675 intemo‘rantdie
2674 5597 2741 5675 et
2766 5595 2963 5675 pluuii.

2048 5674 2071 5710 δ
2090 5674 2241 5727 Colh.
2265 5675 2288 5726 1
2314 5679 2367 5724 et
2390 5669 2558 5732 PorL,
2582 5663 2970 5735 llelpidoforus.
2996 5665 3219 5723 Ortbod.
3242 5665 3339 5720 L0:
3354 5665 3544 5723 icltius.

1978 5744 2309 5814 Epidoforus.

366 5057 392 5086 ι
434 5048 492 5103 In
542 5043 739 5101 Africa:
783 5040 981 5096 Notitia
1033 5045 1359 5095 memoratur
1410 5036 1548 5092 inter
1593 5038 1681 5106 cpi

301 5115 629 5173 Mauritania:
671 5113 1015 5169 Caesariensis
1062 5109 1348 5181 Reparatus
1380 5106 1727 5181 Tipasitauas.
1775 5106 1875 5169 Est

302 5201 352 5244 cl
373 5190 478 5242 alia
503 5184 789 5257 Typasain
817 5181 1062 5239 Numidia
1083 5225 1098 5249 ,
1141 5179 1295 5257 cujus
1324 5180 1605 5250 episcopus
1633 5179 1874 5257 [ﬁnances

302 5261 348 5313 in
380 5250 813 5312 cadem-Nomia
861 5261 1185 5309 recensetur.
1220 5250 1296 5306 De
1324 5260 1545 5321 utraque
1586 5251 1789 5323 agimus
1814 5254 1873 5309 in

302 5330 441 5384 notis
469 5327 538 5382 ad
562 5325 816 5382 Notitiam
847 5323 1060 5377 Africae.

368 5399 394 5438 δ
427 5398 674 5453 Rhenan.
717 5403 771 5451 et
811 5393 987 5448 Chilﬂ.
1019 5408 1138 5447 cum
1180 5391 1383 5461 aliquot
1424 5401 1641 5463 mss.get
1680 5391 1869 5463 editis,

303 5467 549 5539 Cyrilam.
576 5465 729 5539 Orib.
758 5473 814 5539 et
824 5462 1141 5539 _Lorit_:ltins,
1164 5478 1231 5539 ex
1254 5463 1453 5539 notario
1479 5461 1615 5539 nulla
1638 5462 1727 5515 ad.

374 5551 398 5579 ⁸
428 5539 506 5595 De
526 5535 920 5594 confessoribus
941 5533 1140 5602 absque
1164 5532 1337 5602 lingua
1366 5532 1700 5601 loquentibus
1721 5533 1872 5602 plura

307 5610 541 5667 dicemus
566 5610 619 5664 in
646 5601 1329 5663 Commentario’historico
1351 5616 1469 5671 cap.
1500 5602 1551 5656 7.

375 5679 404 5719 δ
434 5678 744 5746 Lorichius,
789 5676 937 5731 hodie
990 5674 1166 5744 cuique
1210 5672 1471 5741 proposita
1528 5674 1581 5726 in
1635 5686 1871 5742 promptu

313 5753 702 5807 demanstratur.

436 5822 641 5890 Germ.,
673 5818 816 5885 Ful.,
850 5817 1027 5883 Mart,
1066 5814 1280 5887 Comp.,
1312 5822 1366 5868 et
1388 5812 1538 5868 Colb.
1578 5813 1627 5875 l,
1660 5812 1843 5866 Anium
