4082 6320
558 378 662 435 217

1843 371 2149 428 VICTORIS
2189 370 2498 431 VITENSIS

3704 373 3807 431 248

556 495 737 552 Fausti
767 493 1080 563 baptizatus,
1111 502 1270 559 quem
1295 488 1618 544 venerabilis
1648 487 1855 544 bluritta
1872 489 2129 546 diaconus
2155 497 2208 555 Α
2233 492 2334 546 alia
2365 492 2573 548 Muritta
2600 491 2831 563 dicente,
2862 508 2982 564 igne
3009 494 3355 551 conscientia:
3376 503 3501 549 ante
3524 492 3700 562 ignem
3732 504 3805 547 ωε

555 588 625 644 de
653 576 804 643 alveo
831 584 991 639 fontis
1018 589 1327 652 susceperat
1346 589 1677 651 generatum.
1706 580 1832 637 Post
1852 596 1980 637 vero
2000 582 2128 638 dum

555 684 901 749 apostataret,
926 683 1083 729 tantm
1117 674 1322 729 exstitit
1361 671 1587 729 feritatis
1638 673 1894 730 adversus
1944 673 2131 731 Eccle-

555 770 690 824 siam
721 765 833 832 Dei,
860 773 918 820 ut
940 764 1186 834 superior
1206 763 1455 819 omnibus
1482 772 1774 820 exsecutor
1800 766 2130 835 persecutio-

552 861 638 915 nis
662 859 845 914 fuisset
866 858 1131 912 inventus.
1161 855 1300 925 Quid
1325 858 1528 911 multa“!
1552 856 1687 912 Dum
1713 858 1884 927 primo
1900 859 2129 930 presby-

553 950 654 1006 teri
681 948 956 1019 suppliciis
978 946 1285 1003 macerandi
1311 946 1502 1003 ordine
1542 948 1854 1015 citarentur,
1890 961 2008 1019 post
2044 965 2130 1005 ar-

554 1034 937 1100 chidiaconum'
955 1039 1255 1096 Salutarem
1281 1081 1297 1106 ,
1326 1032 1563 1109 aptatur,
1590 1040 1760 1109 ptenis
1801 1050 2127 1098 memoratus

554 1140 787 1197 Muritta.
817 1140 938 1196 Fuit
958 1126 1107 1195 enim
1129 1139 1396 1195 secundus
1437 1140 1490 1194 in
1523 1138 1701 1194 officio
1738 1137 2125 1193 ministrorum.

554 1237 687 1304 Quia
711 1249 832 1290 cum
862 1232 1179 1303 Elpidoforo
1202 1233 1425 1289 sedente
1454 1242 1508 1289 et
1528 1233 1814 1299 fremente,
1841 1230 2131 1287 honorabi-

558 1329 624 1383 lis
650 1328 832 1384 senior
855 1326 1111 1397 cmpisset
1128 1325 1363 1393 extendi,
1396 1326 1703 1412 ppiusquam
1732 1324 1902 1399 [Lor.,
1924 1322 2132 1379 crucia-

554 1420 721 1491 retur]
750 1426 1057 1483 exueretur,
1086 1419 1225 1473 clam
1257 1418 1395 1474 forte
1422 1418 1790 1474 nescientibus
1815 1417 2041 1482 cunctis,
2066 1417 2129 1472 il-

553 1515 627 1580 la,
657 1513 850 1583 quibus
876 1528 1000 1568 eum
1026 1512 1328 1582 suscipiens
1355 1511 1422 1567 de
1449 1512 1596 1568 fonte
1641 1511 1841 1567 dudum
1887 1518 2126 1577 texerat,

555 1617 582 1643 ο
612 1605 811 1659 sabana
847 1604 1143 1674 bajulabat.
1173 1604 1377 1671 Quibus
1406 1604 1680 1661 ventilatis
1704 1648 1720 1672 ,
1774 1603 2041 1674 simulque
2075 1603 2130 1658 in

556 1697 856 1751 ostentione
884 1696 1093 1751 cunctis
1124 1698 1377 1763 extentis,
1412 1697 1464 1751 in
1493 1697 1574 1752 bis
1605 1696 1784 1752 verbis
1806 1695 1953 1767 loqui
1976 1711 2132 1751 exor-

554 1803 665 1852 sus,
700 1796 861 1846 t0tam
892 1787 958 1841 ad
1000 1788 1183 1843 ﬂetum
1212 1797 1266 1843 et
1306 1788 1569 1859 lacrymas
1612 1789 1970 1843 commovisse
1999 1787 2133 1843 dici-

2231 593 2442 639 ternum
2472 583 2846 639 obmutescens
2874 585 3216 657 Elpidoforus
3236 584 3541 643 torrebatur

2303 674 2369 732 Χ.
2393 674 2577 731 Clerici
2602 677 2653 730 in
2677 677 2910 731 exsilium
2938 678 3187 732 trust—0
3204 677 3461 734 Parentes
3482 675 3663 747 itaque
3688 675 3809 731 uni-

2230 769 2372 824 versi
2394 768 2554 825 dorsa
2582 782 2674 823 sua
2707 769 3038 837 verberibus,
3066 770 3271 826 alacres
3301 769 3367 825 ad
3392 769 3641 847 exsilium
3675 782 3808 838 per-

2230 869 2379 929 gunt.
2413 861 2612 928 Quibus
2633 860 2807 916 adhuc
2832 862 2884 915 in
2915 861 3104 917 itinere
3133 861 3387 933 longioris
3411 861 3513 916 via:
3538 862 3805 917 constitu-

2232 952 2320 1017 tis,
2343 950 2698 1019 destinantur,
2726 953 2993 1023 episcopis
3014 952 3334 1009 Arianorum
3367 951 3804 1025 suggerentibus,

2231 1043 2476 1099 homines
2502 1043 2959 1101 immisericordes
2988 1058 3051 1101 ac
3080 1044 3391 1113 violenti,ut
3415 1044 3545 1100 illud
3565 1042 3708 1115 quod
3729 1044 3810 1098 eis

2188 1148 2189 1151 ‘
2232 1136 2370 1191 forte
2392 1136 2664 1191 miseratio
2690 1135 2994 1193 Christiana
3026 1136 3187 1194 victui
3229 1138 3529 1193 contulerat
3568 1134 3811 1207 profutu-

2190 1222 2195 1249 ῖ
2231 1242 2373 1294 rum,
2401 1226 2690 1284 crudeliter
2715 1227 3017 1285 auferretur
3043 1243 3059 1283 :
3093 1228 3307 1299 quando
3331 1228 3694 1297 unusquisque
3717 1241 3810 1281 eo-

2235 1332 2352 1377 rum
2381 1321 2633 1376 libentius
2664 1318 2803 1376 forte
2830 1319 3082 1376 cantabat
3126 1336 3141 1374 :
3184 1319 3377 1374 Nudus
3401 1320 3533 1375 exivi
3566 1319 3629 1373 de
3666 1327 3811 1372 utero

2235 1416 2411 1470 matris
2440 1430 2564 1469 mete
2592 1412 2717 1483 (Job
2742 1429 2782 1482 ι,
2812 1412 2932 1485 21),
2964 1413 3165 1470 nudum
3194 1416 3355 1470 etiam
3389 1429 3477 1469 me
3503 1421 3718 1484 oportet
3742 1412 3811 1467 ad

2196 1512 2197 1515 “
2235 1508 2482 1565 exsilium
2511 1522 2752 1578 pergere,
2791 1507 2917 1578 quia
2970 1507 3223 1562 Dominus
3263 1506 3408 1561 novit
3452 1505 3811 1561 esurientibus

2235 1602 2410 1657 cibum
2444 1601 2739 1670 porrigere,
2763 1608 2818 1654 et
2847 1600 2901 1653 in
2929 1600 3145 1655 deserto
3173 1597 3628 1654 vestire.Vandali
3661 1611 3808 1651 nam-

2235 1709 2338 1763 que
2366 1692 2471 1747 duo
2495 1690 2596 1747 sub
2627 1689 2898 1747 Geiserico
2927 1691 3124 1761 saepius
3150 1688 3273 1745 facti
3302 1686 3673 1757 confeSsores,
3720 1703 3810 1743 co-

2237 1785 2457 1839 mitante
2482 1792 2675 1851 matre,
2706 1783 3029 1851 contemptis
3051 1782 3300 1837 omnibus
3326 1780 3525 1837 divitiis
3542 1782 3810 1848 suis,cutl

556 1890 644 1935 tur
664 1880 955 1936 civitatem.
988 1880 1111 1935 Haec
1138 1890 1266 1936 sunt
1304 1882 1616 1937 linteamina
1637 1928 1650 1951 ,
1690 1882 1995 1953 Elpidofore
2039 1881 2132 1937 mi-

2236 1876 2437 1932 eisdem
2462 1875 2673 1931 clericis
2702 1874 2769 1930 ad
2798 1873 3046 1933 exsilium
3072 1883 3447 1945 perrexerunt.
3470 1874 3547 1930 De
3578 1873 3813 1929 multitu-a

557 1972 727 2027 nister
755 1972 981 2037 erroris,
1000 1987 1119 2041 quae
1154 1983 1204 2027 te
1235 1972 1585 2041 accusabunt,
1611 1987 1732 2027 cum
1762 1974 2015 2042 majestas
2044 1989 2138 2029 ve-

557 2060 696 2115 nerit
723 2061 1038 2130 jndicantis.
1069 2059 1451 2118 Custodientur
1478 2064 1756 2134 diligentia
1793 2079 1910 2119 mea
1949 2064 2017 2119 ad
2060 2074 2137 2121 te-

557 2153 864 2208 stimonium
894 2164 998 2208 tua:
1019 2155 1370 2224 perditionis,
1413 2156 1479 2210 ad
1528 2156 1945 2228 demergendum
1992 2165 2044 2211 te
2084 2157 2138 2213 in

559 2245 811 2314 abyssum
838 2245 985 2313 putei
1006 2245 1391 2315 sulphurantis.
1425 2246 1548 2302 Haec
1580 2257 1652 2312 te,
1695 2247 1879 2303 infelix
1900 2287 1915 2313 ,
1949 2248 2139 2306 imma-

556 2337 790 2391 culatum
820 2336 1102 2391 cinxerunt
1128 2337 1195 2392 de
1230 2338 1377 2392 fonte
1406 2348 1711 2409 surgentem
1743 2357 1755 2392 :
1790 2338 1905 2395 haec
1928 2347 2010 2407 te,
2040 2341 2140 2395 mi-

556 2430 803 2493 serrime,
829 2431 1005 2485 acrius
1027 2440 1434 2500 persequentur,
1458 2431 1818 2489 flammantem
1838 2433 2138 2505 gehennam

558 2534 679 2575 cum
711 2521 940 2590 coeperis
968 2521 1242 2590 possidere
1275 2523 1438 2592 :quia
1460 2522 1679 2579 induisti
1726 2534 1779 2580 te
1808 2526 2139 2582 maledictio-

560 2629 681 2667 nem
701 2614 838 2669 sicut
859 2614 1259 2681 vestimentum,
1292 2616 1542 2671 scindens
1572 2627 1731 2693 atque
1753 2619 2007 2675 amittens
2025 2620 2141 2676 veri

559 2704 666 2777 42
694 2707 1026 2777 baptismatis
1053 2717 1107 2763 et
1128 2707 1248 2765 fidei
1274 2719 1690 2766 sacramentum.
1723 2711 1863 2781 Quid
1906 2714 2141 2771 facturus

560 2813 639 2861 es,
671 2798 856 2863 miser,
888 2813 1007 2853 cum
1035 2800 1175 2855 servi
1205 2800 1607 2857 Patrisfamilias
1622 2802 1687 2857 ad
1707 2818 1919 2860 caenam
1940 2807 2140 2876 regiam

558 2903 884 2959 congregare
909 2891 1172 2959 coeperint
1202 2891 1491 2947 invitatos?
1536 2893 1688 2949 Tunc
1741 2904 1794 2950 te
1847 2896 2138 2966 aliquando

557 2991 824 3046 vocatum,
879 2983 1192 3039 terribiliter
1246 2984 1554 3055 indignatus
1605 2995 1824 3042 exutum
1872 2989 2011 3043 stola
2046 3005 2140 3046 rex

555 3073 891 3141 conspiciens
921 3073 1162 3145 nuptiali,
1193 3075 1335 3133 dicet
1367 3077 1460 3133 tibi
1491 3079 1723 3147 :Amice,
1757 3082 2012 3151 quomodo
2042 3084 2142 3137 huc
2176 3112 2179 3115 ι

555 3166 729 3218 venisti
754 3175 936 3220 vestem
959 3183 1060 3220 non
1089 3166 1279 3222 habens
1305 3170 1583 3239 nuptialem
1615 3170 1830 3241 (Matth.
1883 3188 1990 3227 xxn
2015 3216 2028 3240 ,
2067 3174 2137 3228 12

2239 1968 2363 2024 dine
2392 1978 2567 2024 autem
2594 1966 2923 2039 pergentium
2952 1967 3339 2037 confessorum,
3359 1968 3410 2023 id
3441 1978 3527 2024 est
3560 1968 3811 2023 Ecclesia:

2194 2064 2199 2067 ‘
2239 2060 2585 2141 Carthaginis
2608 2061 2946 2126 clericorum,
2974 2070 3294 2132 suggerente
3338 2061 3569 2132 quodam
3606 2059 3634 2099 ἀ
3667 2061 3809 2116 exle~

2241 2162 2390 2210 ctore
2419 2153 2719 2209 Theucario
2747 2154 2987 2225 perdito,
3034 2169 3167 2224 quos
3212 2154 3304 2211 ille
3343 2164 3564 2211 noverat
3609 2156 3814 2213 vocales

2241 2260 2485 2303 strenuos
2512 2257 2671 2318 atque
2692 2256 2845 2317 aptos
2868 2246 3099 2302 modulis
3118 2248 3423 2314 cantilena,
3448 2246 3809 2318 designatione

2242 2354 2336 2393 sua
2366 2339 2563 2394 debere
2589 2339 2718 2393 dicit
2740 2337 3020 2394 duodecim
3066 2339 3353 2395 infantulos
3382 2343 3655 2409 separari,
3684 2357 3813 2412 quos

2242 2432 2356 2498 ipse
2385 2446 2505 2485 cum
2532 2429 2827 2485 catholicus
2873 2439 3056 2495 esset,
3099 2441 3226 2485 tunc
3274 2429 3565 2501 discipulos
3614 2433 3812 2488 habuit.

2242 2520 2433 2577 Statim
2466 2521 2558 2577 illo
2584 2525 2927 2591 suggerente,
2957 2520 3057 2575 sub
3096 2519 3437 2576 festinatione
3468 2522 3589 2576 viro
3638 2522 3809 2578 dimit-

2242 2623 2443 2679 tuntur,
2468 2623 2522 2669 et
2546 2615 2595 2668 vi
2625 2614 2887 2668 barbarici
2916 2613 3115 2670 furoris
3140 2613 3385 2669 bissenus
3414 2629 3670 2669 numerus
3693 2630 3805 2685 pue-

2194 2714 2199 2715 ί
2244 2722 2429 2761 rerum
2478 2706 2546 2760 de
2594 2705 2785 2760 itinere
2810 2715 3108 2761 revocatur.
3143 2705 3505 2775 Segregantur
3550 2720 3807 2776 corpore,

2192 2796 2197 2801 ’
2246 2811 2351 2852 non
2380 2795 2568 2866 spiritu
2600 2811 2628 2850 a
2651 2812 2811 2867 grege
2843 2807 3172 2864 sanctorum,
3207 2799 3298 2869 qui
3342 2798 3592 2854 timentes
3632 2800 3805 2870 praeci-

2244 2890 2452 2961 pitium,
2493 2906 2614 2945 cum
2644 2891 2888 2960 suspiriis
2921 2890 3276 2962 lacrymarum
3301 2932 3315 2958 ,
3344 2907 3412 2947 ne
3439 2892 3805 2950 divellerentur

2244 2986 2683 3054 constringebant
2707 2985 2951 3040 manibus
2976 2999 3148 3055 genua
3174 2986 3474 3050 sociorum,
3519 3001 3656 3057 quos
3700 2988 3807 3041 vio.

2244 3078 2405 3133 lentia
2438 3090 2616 3131 tamen
2648 3075 2919 3140 haeretica,
2951 3075 3251 3131 minacibus
3291 3091 3549 3147 separans
3588 3077 3808 3148 gladiis,

2244 3166 2618 3238 Carthaginem
2645 3168 2937 3223 revocavit.
2964 3168 3070 3223 Sed
3098 3168 3222 3223 dum
3249 3184 3368 3224 cum
3397 3169 3498 3234 eis,
3530 3170 3680 3239 quasi
3701 3185 3808 3226 Clllll

555 3259 730 3328 seq.)?
762 3258 876 3313 Non
903 3259 1058 3313 video
1080 3259 1221 3329 quod
1242 3235 1466 3327 contuli,
1494 3278 1601 3315 non
1623 3235 1855 3333 agnosco
1876 3235 2134 3335 quodde-
2162 3235 2210 3298 ο
2245 3261 2335 3316 tali
2365 3235 2522 3314 actate
2555 3259 2650 3332 [αι.
2681 3260 2909 3330 plerique
2939 3260 3068 3331 non]
3095 3261 3203 3330 jam
3246 3260 3520 3316 blanditiis
3547 3235 3807 3333 ageretur,

554 3350 628 3403 di.
665 3350 946 3404 Perdidisti
978 3351 1181 3406 militia:
1213 3352 1548 3424 chlamydem
1587 3369 1744 3423 quam
1791 3355 1818 3393 ιι
1867 3357 1919 3412 in
1970 3360 2132 3416 tutela

558 3442 913 3511 virgineorum
944 3443 1309 3498 membrorum
1333 3443 1517 3500 decem
1555 3447 1825 3504 mensibus
1873 3449 2049 3516 texui,
2080 3460 2134 3506 et

557 3537 821 3593 tendicula
851 3538 1024 3593 crucis
1049 3539 1341 3596 extendens
1364 3555 1502 3611 aqua
1530 3541 1778 3597 mundavi
1801 3586 1814 3609 ,
1850 3548 1905 3599 et'
1934 3560 2132 3614 purpu-

554 3654 615 3693 ra
643 3639 745 3694 mei
775 3640 1048 3711 sanguinis
1074 3639 1345 3696 decoravi.
1375 3641 1491 3696 Non
1522 3645 1795 3713 conspicio
1825 3646 2029 3701 cultum
2059 3648 2131 3701 si-

551 3742 761 3814 gnaculi
794 3742 919 3810 mei,
947 3741 1313 3799 characterem
1345 3758 1451 3799 non
1478 3744 1635 3801 video
1660 3745 1953 3803 Trinitatis.
1987 3748 2135 3804 Talis

550 3843 814 3900 interesse
834 3858 939 3899 non
962 3824 1159 3913 poterit
1186 3845 1357 3912 epulis
1395 3845 1550 3901 meis.
1581 3845 1766 3917 Ligate
1812 3863 1934 3903 eum
1964 3850 2137 3904 mani-

550 3947 675 4012 bus,
705 3954 760 4000 et
787 3945 1011 4015 pedibus
1038 3946 1172 4011 suis,
1207 3943 1479 4013 funiculis,
1507 3948 1630 4016 quia
1654 3961 1714 4002 se
1748 3949 1861 4017 ipse
1886 3949 2131 4005 volunta-

553 4048 633 4104 rie
658 4061 910 4117 separare
932 4046 1103 4102 voluit
1128 4060 1158 4100 a
1185 4046 1461 4102 catholicis
1485 4047 1684 4104 dudum
1706 4048 1956 4105 fratribus
1996 4053 2128 4107 suis.
2200 4086 2207 4091 ι

554 4149 674 4217 Ipse
703 4146 859 4202 funes
886 4146 1135 4205 extendit
1153 4148 1492 4203 continuatos
1534 4148 1587 4203 in
1629 4149 1908 4219 laqueum,
1941 4152 2133 4221 quibus

551 4257 605 4303 et
630 4248 976 4317 semetipsum
1010 4247 1220 4311 vinxit;
1248 4256 1304 4303 et
1331 4248 1501 4315 alios,
1535 4263 1602 4304 ne
1628 4250 1693 4304 ad
1725 4250 1863 4306 istud
1887 4253 2133 4309 venirent

552 4347 880 4413 convivium,
914 4336 1207 4417 impedivit.
1232 4347 1387 4402 Juxta
1418 4349 1663 4404 semitam
1693 4352 1872 4407 multis
1900 4355 2129 4409 scanda-

522 4454 527 4455 ’
553 4448 663 4503 itm
688 4448 887 4518 posuit,
911 4460 1070 4519 quem
1095 4464 1236 4504 nunc
1263 4463 1384 4504 cum
1407 4452 1601 4507 rubore
1629 4464 1887 4522 perpetuo
1934 4466 1999 4510 et
2029 4456 2119 4512 de-
2194 4456 2197 4459 λ

550 4543 747 4599 decore
770 4544 1092 4613 sempiterno
1119 4542 1187 4598 de
1214 4545 1459 4601 convivio
1485 4560 1605 4602 meo
1642 4548 1862 4618 proieci.
1905 4549 2030 4607 llatae
2074 4562 2127 4610 et

2242 3350 2546 3420 superiores
2576 3350 2687 3404 suis
2718 3350 2916 3405 inventi
2944 3352 3259 3417 suntannis,
3282 3360 3338 3407 et
3359 3367 3426 3407 ne
3452 3352 3808 3409 obdormircnt

2242 3445 2294 3498 in
2326 3452 2519 3510 morte,
2550 3444 2821 3499 lucernam
2852 3445 2952 3500 sibi
2982 3447 3278 3515 evangelici
3309 3446 3525 3503 luminis
3552 3451 3810 3505 accende-

2238 3546 2382 3592 runt.
2415 3536 2758 3607 lndignantur
2784 3538 2853 3594 ob
2884 3538 2985 3594 hoc
3013 3538 3247 3609 graviter
3275 3540 3481 3609 Ariani,
3524 3552 3578 3597 et
3623 3559 3682 3598 se
3730 3558 3811 3598 su:

2240 3641 2455 3700 peratos
2476 3646 2503 3684 a
2530 3633 2711 3701 pueris
2734 3632 3077 3688 erubescunt.
3108 3632 3259 3690 Unde
3284 3634 3497 3690 accensi
3535 3636 3690 3693 subdi
3720 3637 3812 3693 ite-

2194 3720 2199 3725 ’
2242 3736 2359 3779 rum
2386 3724 2610 3779 fustibus
2633 3725 2855 3793 jubent;
2886 3740 3018 3797 quos
3038 3726 3149 3797 jam
3178 3738 3303 3783 ante
3331 3728 3678 3799 paucissimos
3704 3731 3812 3787 dies

2197 3822 2205 3830 '
2244 3816 2406 3871 variis
2437 3816 2749 3871 verberibus
2770 3815 3180 3887 dissipaveraitt.
3215 3819 3601 3891 lmprimuntur
3626 3824 3812 3881 vulne-

2244 3911 2393 3966 ribus
2417 3910 2659 3976 vulnera,
2694 3919 2744 3966 et
2774 3900 2983 3965 iursum
3030 3910 3185 3981 ρωηὲ
3222 3915 3515 3968 restaurata
3558 3906 3811 3972 recrude-

2243 4003 2363 4057 scit.
2395 4002 2615 4057 Factum
2644 4010 2746 4068 est,
2780 4001 3007 4056 Domino
3051 4003 3385 4061 confortante
3410 4050 3423 4076 ,
3457 4017 3511 4061 ut
3558 4022 3659 4064 nec
3687 4018 3811 4064 :etas

2243 4096 2419 4150 minor
2440 4096 2694 4152 deﬁceret
2723 4099 2777 4152 in
2807 4098 2995 4155 dolore
3023 4100 3116 4172 [al.
3149 4100 3265 4173 sed]
3286 4143 3301 4168 ,
3329 4113 3383 4159 et
3412 4107 3580 4175 mgis
3606 4107 3810 4165 animus

2242 4198 2512 4244 cresceret
2537 4190 2819 4245 roboratus
2852 4192 2905 4246 in
2936 4191 3041 4247 fide
3061 4208 3194 4263 quos
3216 4208 3357 4249 nunc
3381 4193 3649 4267 Carthago
3677 4200 3809 4253 miro

2240 4282 2367 4336 colit
2390 4280 2602 4349 affectu,
2633 4293 2685 4339 et
2710 4284 2861 4353 quasi
2889 4283 3170 4341 duodecim
3201 4288 3565 4357 apostolorum
3587 4290 3805 4346 chorum

2238 4374 2501 4443 conspicit
2528 4390 2836 4444 puerorum.
2862 4374 2978 4431 Una
3020 4376 3254 4448 degunt,
3288 4379 3443 4436 simul
3486 4392 3804 4444 vescuntur.

2239 4464 2440 4533 pariter
2470 4463 2731 4533 psallunt,
2764 4466 2923 4521 simul
2961 4467 3014 4521 in
3060 4468 3286 4524 Domino
3329 4470 3645 4540 gloriantur.
3699 4473 3801 4528 Illis

2237 4554 2422 4611 diebus
2452 4566 2507 4611 et
2535 4556 2641 4611 duo
2661 4557 3021 4627 negotiatores
3045 4597 3061 4621 ,
3105 4558 3479 4629 Frumentius,
3520 4574 3544 4602 θ
3579 4574 3635 4620 et
3669 4568 3799 4621 alius

618 4712 657 4793 ξι.
677 4702 947 4793 lfae'voce
1176 4702 1614 4793 "designaritv'el
1651 4722 1715 4761 ex
1763 4706 1866 4763 hoc
1895 4707 2126 4793 Victoris
2155 4713 2208 4775 D
2231 4712 2665 4793 cut_n_l.orichio,
2698 4716 2893 4793 habent
2931 4719 3145 4793 vultum.
3173 4719 3322 4788 Sur.,
3353 4721 3529 4793 Bign.,
3560 4723 3714 4778 Colb.
3748 4723 3793 4789 1,

545 4774 685 4839 loco,
711 4772 966 4843 colligere
996 4774 1138 4828 licet.
1174 4772 1526 4830 Consentium
1553 4776 1666 4831 fere
1705 4793 1892 4832 omnes
1920 4781 2124 4843 glossa-

541 4847 741 4900 riorum
773 4846 1061 4911 scriptores
1083 4845 1220 4914 apud
1249 4847 1516 4900 eruditum
1548 4844 1805 4916 Cangium
1832 4848 1881 4902 in
1909 4848 2124 4904 Glossa-

542 4916 641 4980 rio,
677 4916 766 4969 ubi
796 4930 823 4967 a
855 4915 1057 4970 Graecis
1087 4924 1320 4969 mutuata
1354 4916 1572 4970 dcitur.
1607 4915 1805 4971 Eadem
1841 4934 1967 4973 voce
1995 4937 2122 4976 usus

541 4995 627 5040 est
654 5001 759 5041 non
790 4985 957 5041 semel
983 4983 1269 5054 Gregorius
1299 4987 1540 5056 Magnus,
1576 4988 1910 5056 potissimum
1941 4990 2117 5045 Dialo-

540 5072 728 5125 gorum
756 5056 891 5111 libro
920 5072 992 5120 tv,
1019 5071 1137 5123 cap.
1168 5056 1256 5120 55,
1288 5056 1374 5109 ubi
1407 5055 1607 5110 immini
1636 5072 1667 5111 e
1693 5058 1880 5113 balneo
1903 5064 2118 5116 exeunti

539 5129 731 5179 sabana
771 5136 1069 5195 praeparata
1116 5125 1279 5198 fuisse
1321 5125 1500 5179 refert.
1531 5126 1597 5180 Et
1638 5128 1730 5181 lib.
1764 5144 1847 5191 ιιι,
1878 5145 1993 5198 cap.
2029 5134 2115 5196 17,

541 5198 703 5265 homo
749 5197 938 5249 sabano
985 5195 1304 5265 constrictus
1342 5198 1589 5265 sepultus
1659 5199 1773 5252 fuit.
1826 5199 1883 5256 in
1932 5195 2112 5255 collat.

538 5264 944 5339 Carthaginensi
987 5264 1292 5339 cognitione
1330 5264 1365 5316 2
1390 5307 1403 5329 ,
1444 5282 1560 5335 cap.
1596 5267 1683 5333 55,
1730 5286 1940 5339 cumque
1986 5273 2121 5326 intra

2229 4792 2284 4837 et
2315 4783 2511 4856 Rhem,
2541 4802 2642 4839 non
2669 4788 2987 4856 conspiciunt
3012 4792 3148 4843 oculi
3177 4794 3271 4843 mei
3298 4783 3659 4848 characterem.

2305 4864 2327 4929 ὲ
2357 4853 2505 4929 Colb.
2536 4856 2561 4929 fl
2595 4856 2773 4922 habet,
2792 4853 3053 4914 Parentes
3078 4864 3247 4928 itaque
3267 4864 3508 4929 universi,
3535 4865 3685 4919 dorsa
3711 4881 3797 4919 sua

2226 4926 2507 4997 verberibus
2527 4924 2767 4982 habentes
2790 4929 3003 4997 repleta,
3036 4924 3251 4994 alacres,
3280 4945 3383 4995 etc.

2296 4992 2322 5030 ά
2354 4994 2410 5050 1η
2442 4997 2608 5075 editis
2624 4998 2813 5066 legitur
2843 4992 2905 5052 ex
2932 5002 3151 5075 lectore;
3183 4992 3392 5057 videtur
3414 5014 3591 5059 tamen
3623 5006 3792 5075 legen-

2194 5082 2195 5085 η
2224 5063 2348 5156 dttm
2376 5080 2502 5156 esse
2526 5063 2775 5156 erlect'orr
2801 5085 2904 5121 uno
2933 5071 3210 5138 vocabulo,
3246 5083 3301 5126 ut
3330 5077 3643 5131 ostendatur
3664 5063 3798 5156 lianc

2224 5134 2349 5188 olim
2383 5136 2946 5214 Ecclesimjectorem,
2982 5152 3163 5214 postea
3195 5134 3488 5211 apostatam
3522 5146 3797 5214 spurcissi-

2198 5204 2366 5276 illum
2397 5205 2586 5260 fuisse.
2623 5208 2723 5261 Pro
2754 5204 3060 5276 Tlteucorio,
3098 5204 3309 5267 Lorich.
3342 5227 3391 5270 et
3424 5204 3577 5271 Ortlt'.
3606 5216 3796 5271 habent

2223 5273 2715 5349 TlteucorioLBign.
2759 5273 3071 5334 Tlteucaritc.
3120 5283 3269 5349 Apud
3310 5284 3688 5341 Bollandianus
3715 5285 3796 5340 die

539 5336 1069 5425 subanumeolum'en,
1092 5336 1703 5425 Bkc‘."?ilir3£CCCllrrlllll
1732 5336 1925 5425 passim
1963 5344 2118 5424 huius
2219 5342 2487 5425 Ἅβρᾳ.ἰί
2518 5336 2845 5425 7_‘Iteiito_rico.
2874 5350 3029 5425 _.\lart.
3065 5336 3606 5425 Tlte'urariovpe—r-dieo;

540 5406 620 5478 rei
648 5404 914 5478 exempla.
945 5405 1074 5478 Vide
1116 5405 1354 5461 Bolland.
1398 5408 1450 5461 in
1483 5408 1641 5463 vitam
1672 5404 1839 5465 sancti
1882 5404 2114 5478 Zosimi,

540 5474 625 5528 die
652 5473 723 5526 24
752 5473 1010 5529 Januarii.

612 5543 637 5618 lt
667 5544 757 5598 Sic
783 5544 1077 5618 Lorichius.
1110 5547 1235 5618 Alii,
1254 5550 1314 5618 in
1343 5547 1442 5601 tela
1472 5550 1835 5618 virgitteorum,
1865 5562 1969 5608 etc.
1999 5553 2112 5608 Ali-

540 5614 627 5705 qui
661 5622 779 5705 post
793 5615 1138 5705 gtemlrrorum
1164 5617 1364 5705 addulnt
1399 5614 1764 5705 gestatum-Sic
1791 5614 1846 5677 et
1870 5639 1968 5705 pro
1997 5633 2110 5677 ten-

539 5685 745 5764 tlicula,
793 5685 918 5764 Sun.
949 5696 1003 5764 et
1035 5687 1184 5764 llign.
1217 5685 1719 5764 habenttendicttlas
1748 5685 1939 5757 crucis,
1982 5712 2110 5764 quas

490 5794 491 5797 η
542 5762 833 5808 ex'emlcns.
881 5756 1029 5809 Colb.
1062 5757 1111 5817 1,
1155 5768 1270 5826 post
1298 5760 1495 5824 crucis,
1524 5761 1667 5815 addit
1693 5779 1893 5817 manus.
1928 5756 2104 5820 Etin-

541 5828 638 5888 tm,
675 5842 766 5893 pro
794 5828 1012 5888 cultum,
1047 5826 1183 5891 Ful.,
1236 5826 1447 5894 Cernn,
1494 5829 1680 5901 Cotnp.
1705 5873 1719 5897 ,
1763 5843 1817 5888 et
1854 5834 2102 5904 0rthod.,

2292 5423 2315 5451 ⁸
2346 5415 2497 5497 Colb.
2527 5418 2577 5483 1,
2608 5420 2762 5497 paulo
2786 5420 2954 5497 fusius
2984 5439 2995 5473 :
3026 5423 3233 5497 ct_alius
3254 5415 3486 5481 similiter
3512 5434 3624 5497 ejus
3645 5428 3794 5492 tequi-

2218 5499 2371 5566 ttocus
2403 5485 2732 5566 Frumentius
2762 5490 3047 5566 dicebatur,
3065 5493 3235 5566 ipsius
3258 5496 3480 5566 ejusdem
3506 5485 3641 5552 urbis
3673 5485 3792 5554 δαν·
3850 5500 3857 5505 “

2215 5555 2618 5639 ιΙξαρὶῃὶδ,“υηο
2645 5560 2919 5639 uocabulo,
2962 5555 3246 5639 pariterque
3267 5555 3431 5639 érntia
3465 5571 3620 5639 simul
3655 5586 3790 5639 egre-

2212 5627 2319 5695 gio,
2349 5636 2451 5681 etc.
2480 5629 2622 5683 Port.
2658 5629 2810 5685 habet
2845 5627 3057 5701 quoque
3086 5627 3198 5688 huic
3228 5627 3386 5691 vcrba
3417 5656 3429 5691 :
3462 5638 3630 5708 Ipsius
3659 5627 3789 5713 eius-

2212 5696 2325 5748 dem
2355 5700 2459 5748 ΩἿ
2486 5702 2622 5748 urbis
2642 5698 2991 5748 Carthaginis-
3027 5703 3219 5748 Eorum
3249 5711 3556 5748 inpium-inm
3586 5714 3782 5748 untmea

2250 5713 2325 5749 em

2212 5771 2591 5839 inartvrologia
2617 5771 2890 5829 celebrant
2915 5772 3003 5830 die
3026 5772 3094 5828 25
3116 5774 3307 5832 Martii.
3370 5786 3377 5793 ‘

2354 5700 2466 5782 87_
2486 5702 2622 5782 urbis
2642 5698 2991 5782 carthaginis.
3027 5703 3219 5782 Eorum
3249 5698 3557 5782 ittettioriam
3586 5698 3783 5782 vnlgaza
