4082 6320
270 399 358 457 249

1184 388 1267 444 DE
1307 384 1820 443 PERSECUTIONE
1864 385 2242 443 VANDAIJCA
2283 390 2409 447 UB.
2453 393 2514 449 ν.

3363 394 3466 448 250

267 505 574 566 Frumentius
605 503 841 573 ejusdem
875 503 1018 558 urbis
1039 503 1254 572 egregio
1277 500 1536 572 martyrio
1558 499 1802 557 coronati
1829 502 1880 563 Α
1907 499 2208 554 uolentibus
2239 501 2478 560 faucibus
2498 506 2790 576 ingerebat.
2825 507 2954 564 Nam
2977 507 3022 564 si
3043 524 3337 564 communis
3365 509 3466 564 Do-

265 614 388 657 sunt.
420 601 558 654 Tunc
585 607 637 653 et
663 607 866 668 septem
891 598 1104 661 fratres,
1133 611 1239 650 non
1269 603 1455 648 natura
1488 594 1580 649 sed
1610 594 1802 662 gratia,

263 694 401 748 simul
429 694 474 744 in
515 690 836 744 monasterio
863 689 968 760 43
998 696 1415 752 commanentes,
1449 685 1806 741 confessionis

262 784 527 839 certamine
554 781 786 850 expleto,
819 771 1316 835 immarcescibilem
1362 789 1715 847 pervenerunt
1737 778 1804 833 ad

262 890 509 940 coronam,
529 874 576 928 id
600 885 677 928 εει
701 873 981 928 Liberatus
1002 873 1187 937 abbas,
1207 869 1510 925 Bonifacius
1528 871 1803 937 diaconus,

263 969 472 1023 uServus
498 966 867 1033 subdiaconus,
900 963 1146 1020 Rusticus
1173 963 1548 1027 subdiaconus,
1572 964 1805 1034 Rogatus

262 1060 546 1124 monachus,
560 1059 833 1130 Septimus
845 1059 1134 1115 monachus
1151 1069 1202 1114 et
1219 1057 1473 1112 Maximus
1490 1057 1801 1112 monachus.

323 1152 403 1207 XI.
433 1152 634 1205 Antonii
658 1153 850 1206 sterilia
898 1153 950 1204 in
973 1160 1205 1206 sanctum
1234 1149 1544 1220 Eugenium.
1574 1180 1644 1189 —
1672 1149 1803 1204 Nam

259 1248 342 1303 illo
373 1257 607 1316 tempore
635 1245 902 1301 crudelius
945 1246 1261 1300 Arianorum
1295 1243 1548 1315 episcOpi,
1579 1244 1802 1313 presby-

259 1340 343 1393 teri
373 1347 425 1392 et
453 1338 654 1402 clerici,
684 1352 842 1407 quam
870 1351 964 1392 rex
985 1345 1040 1392 et
1073 1335 1312 1401 Vandali,
1333 1334 1641 1390 saeviebant.
1674 1335 1803 1390 Nam

254 1433 310 1486 ad
333 1432 750 1503 persequendum
797 1431 895 1501 ipsi
927 1445 1047 1486 cum
1094 1430 1206 1484 suis
1230 1429 1436 1485 clericis
1467 1429 1663 1499 ubique
1686 1431 1803 1499 gla-

253 1525 342 1578 diis
356 1523 575 1577 acciucti
608 1525 924 1587 currebant;
948 1523 1085 1577 sicut
1111 1521 1322 1590 quidam
1346 1523 1645 1591 episcopus,
1667 1523 1805 1577 inter

253 1616 356 1670 illos
380 1616 588 1669 caeteris
641 1613 940 1683 crudelior,
972 1613 1236 1668 Antonius
1283 1614 1526 1678 nomine;
1559 1614 1648 1683 qui
1697 1623 1803 1670 tam

253 1708 431 1762 nefaria
461 1716 513 1762 et
547 1708 878 1762 incredibilia
904 1707 955 1761 in
989 1715 1201 1762 nostros
1231 1707 1489 1771 exercuit,
1521 1716 1578 1760 ut
1599 1708 1804 1762 narrari

251 1818 342 1854 non
368 1811 582 1870 queant.
636 1798 757 1854 Fuit
800 1801 899 1854 iste
942 1799 992 1854 in
1033 1798 1262 1868 quadam
1308 1799 1521 1854 civitate
1566 1800 1803 1868 proxima

1907 592 2100 658 minus,
2134 595 2222 664 qui
2254 595 2317 649 ad
2347 597 2448 652 hoc
2477 613 2694 656 venerat
2718 612 2775 656 ut
2805 611 3029 671 potaret,
3059 618 3178 658 cum
3204 611 3469 674 gustasset

1907 685 2075 740 noluit
2104 685 2309 754 bibere,
2341 697 2540 758 quanto
2563 692 2732 762 magis
2758 693 2858 748 iste
2894 709 3081 750 servus
3107 706 3161 750 et
3195 694 3469 752 confessor

1906 778 2076 834 fidelis
2106 780 2325 835 omnino
2349 781 2550 850 nollet,
2583 783 2683 838 nisi
2714 784 2961 841 haeretica
3002 788 3184 844 feritas
3211 788 3467 859 ingessis-

1903 880 1987 926 set
2007 872 2030 924 7
2050 871 2126 926 Ex
2150 887 2255 943 quo
2277 882 2430 929 aceto
2454 876 2747 944 prmsertim
2773 877 2848 930 illi
2878 879 3108 945 passioni
3141 881 3299 936 noxio
3328 895 3471 938 mor-

1905 963 2002 1018 bus
2038 965 2244 1034 accepit
2284 976 2646 1036 augmentum.
2694 967 2791 1022 Cui
2824 968 2991 1036 pietas
3017 968 3214 1026 Christi
3261 972 3470 1029 miseri-

1905 1057 2137 1114 corditer
2158 1058 2482 1116 subveniens
2513 1070 2696 1131 postea
2724 1074 2909 1116 sanum
2941 1072 2963 1100 ο
2989 1063 3247 1118 exhibuit.

1976 1149 2088 1204 XII.
2108 1148 2173 1203 In
2205 1159 2437 1204 sanctum
2460 1151 2797 1206 Habetdeum.
2828 1149 2936 1194 -δ
2964 1153 3140 1208 Alium
3167 1163 3344 1210 autem
3374 1170 3472 1211 no-

1904 1253 2072 1299 strum
2095 1244 2398 1314 episcopum
2433 1245 2758 1301 Habetdeum
2781 1246 3028 1302 similiter
3049 1247 3338 1317 relegatum
3368 1248 3471 1304 Ta-

1906 1338 2242 1394 mallumensi
2271 1338 2503 1403 civitate,
2556 1339 2609 1394 in
2640 1355 2742 1410 qua
2772 1340 3035 1396 Antonius
3077 1339 3270 1407 fuerat,
3301 1355 3471 1411 quan-

1908 1440 2017 1484 tum
2046 1430 2216 1500 potuit
2244 1430 2498 1486 infestare
2528 1446 2616 1487 res
2660 1432 2773 1502 ipsa
2803 1432 3152 1488 demonstrat.
3172 1432 3304 1488 Nam
3350 1448 3471 1491 cum

1905 1521 2129 1577 diversis
2141 1538 2261 1578 eum
2279 1524 2732 1593 persecutionibus
2750 1524 3030 1596 afﬂigeret,
3050 1539 3147 1581 nec
3159 1535 3338 1594 posset
3351 1542 3472 1582 eum

1907 1616 2082 1669 facere
2098 1615 2374 1680 Arianum,
2391 1617 2702 1686 videretque
2723 1616 2920 1671 Christi
2939 1615 3162 1672 militem
3180 1631 3391 1686 semper
3416 1617 3471 1671 in

1907 1706 2239 1760 confessione
2259 1715 2612 1774 constantem,
2630 1708 2947 1775 promiserat
2970 1708 3101 1772 suis,
3124 1707 3335 1762 dicens:
3364 1707 3474 1762 Nisi

1907 1813 2028 1854 eum
2060 1808 2255 1853 nostra:
2299 1801 2473 1855 fecero
2508 1800 2799 1869 religionis,
2830 1815 2934 1855 non
2966 1799 3058 1872 [αι.
3091 1799 3235 1871 sum]
3265 1801 3334 1854 sit
3362 1802 3473 1856 An-

250 1909 432 1958 crcmo,
462 1909 583 1962 qua:
615 1891 959 1960 Tripolitanae
987 1889 1274 1961 provincia:
1307 1889 1586 1955 vicinatur,
1615 1892 1726 1960 qui,
1754 1899 1809 1945 ut
1839 1881 1885 1942 Β
1915 1890 2112 1944 tonius.
2138 1892 2206 1945 At
2231 1891 2320 1945 ubi
2344 1894 2394 1946 in
2421 1906 2515 1946 sua
2540 1893 2887 1961 promissione
2910 1893 3084 1948 minor
3110 1892 3354 1949 inventus
3371 1903 3473 1959 est,

250 1988 402 2042 bestia
448 1986 789 2051 insatiabilis,
826 1985 1209 2040 catholicorum
1256 1984 1439 2038 sitiens
1471 1983 1803 2053 sanguinem,

250 2079 340 2132 huc
365 2078 593 2147 illucque
614 2076 679 2130 ad
710 2076 1023 2144 rapiendum
1046 2075 1260 2147 [Il/tem,
1280 2073 1562 2143 fugientes]
1595 2073 1807 2143 rugiens

250 2167 575 2222 cxcurrebat.
629 2167 756 2221 Nam
806 2167 998 2236 impius
1027 2164 1322 2220 Hunericus
1373 2163 1546 2219 sciens
1591 2165 1804 2220 Antonii

250 2260 590 2322 ferocitatem,
621 2260 673 2313 in
705 2257 796 2330 [αι.
839 2257 1025 2329 ipsius]
1059 2258 1186 2326 ipsis
1227 2257 1393 2312 eremi
1438 2255 1672 2325 partibus
1712 2273 1807 2311 vo-

250 2351 336 2406 luit
360 2361 606 2408 sanctum
639 2350 930 2420 Eugenium
951 2348 979 2386 δ
1009 2349 1255 2418 relegari.
1287 2350 1452 2414 Quem
1480 2364 1599 2403 cum
1627 2358 1806 2404 custo-

250 2444 484 2498 diendum
508 2444 776 2498 Antonius
804 2445 1114 2511 accepisset,
1145 2441 1214 2495 ita
1243 2455 1364 2496 eum
1387 2442 1601 2496 arctiori
1628 2433 1806 2496 custo-

248 2537 322 2590 dia
346 2538 536 2601 cinxit,
587 2544 643 2589 ut
679 2535 882 2589 nullum
925 2534 991 2588 ad
1026 2549 1147 2588 eum
1193 2532 1413 2587 introire
1444 2535 1803 2602 permitteret:

250 2628 458 2697 insuper
487 2627 652 2681 variis
682 2625 996 2680 insidiarum
1019 2635 1178 2694 atque
1220 2639 1495 2693 poenarum
1536 2625 1806 2694 suppliciis

249 2723 502 2790 cogitabat
543 2736 665 2776 eum
713 2721 1074 2789 exstinguere.
1127 2717 1229 2772 Sed
1252 2717 1522 2786 Eugenius
1551 2728 1764 2773 sanctus
1791 2759 1805 2783 ,

167 2853 180 2868 .
247 2814 360 2868 dum
389 2823 588 2869 nostra:
613 2813 998 2882 persecutionis
1019 2810 1239 2866 defieret
1256 2810 1610 2877 incommoda,
1635 2821 1687 2866 et
1717 2826 1806 2866 as-

247 2909 462 2976 peritate
508 2906 670 2960 cilicii
719 2905 888 2959 senile
933 2912 1192 2958 attercret
1246 2917 1461 2972 corpus,
1508 2908 1810 2973 nudamque

246 3014 396 3069 super
423 2999 644 3054 humum
672 2998 914 3052 cubitans
955 3005 1180 3052 stratum
1210 2994 1303 3066 [αι.
1335 2995 1521 3065 sacris]
1555 2997 1692 3049 sacci
1728 2997 1808 3050 sui

247 3091 432 3159 rigaret
461 3090 719 3145 imbribus
749 3089 1130 3158 lacrymarum,
1175 3085 1459 3156 aliquando
1482 3088 1650 3140 sensit
1678 3087 1812 3143 infe-

244 3193 374 3237 stum
421 3183 679 3254 paralysis
719 3181 984 3236 morbum.
1014 3181 1128 3247 Quo
1160 3178 1248 3249 [αι.
1287 3177 1494 3250 nuntio]
1540 3182 1808 3249 nuntiato,

1910 1992 2227 2052 suggerente
2255 1983 2352 2037 sibi
2381 1983 2594 2038 diabolo
2623 1984 2817 2054 cogitat
2848 1983 3010 2038 aliud.
3041 1984 3271 2040 Pedibus
3306 1985 3474 2040 ιηεηί-

1909 2075 2112 2142 busque
2143 2074 2340 2143 ligatis,
2369 2075 2592 2130 vinculis
2623 2076 2924 2144 ingentibus
2951 2083 3121 2129 arctat
3144 2077 3475 2146 episcopum,

1909 2181 2108 2235 oreque
2134 2166 2382 2220 obturato
2414 2181 2478 2221 ne
2506 2167 2682 2236 lingua
2714 2167 2992 2232 clamaret,
3022 2180 3211 2235 aquam
3241 2167 3475 2236 corpori,

1911 2265 1968 2310 ut
2015 2257 2269 2326 putabat,
2317 2257 2748 2326 rebaptizationis
2789 2264 3021 2329 spargit:
3075 2265 3227 2332 quasi
3276 2260 3476 2316 valeret

1907 2352 2286 2406 conscientiam
2320 2352 2482 2421 ligare
2500 2367 2619 2407 cum
2642 2367 2885 2422 corpore,
2918 2364 3012 2411 aut
3034 2371 3138 2411 non
3167 2355 3239 2410 ibi
3264 2353 3478 2408 adesset

1911 2446 1998 2512 qui
2029 2444 2177 2498 audit
2204 2445 2436 2514 gemitus
2473 2445 2918 2515 compeditorum,
2949 2457 3004 2502 et
3051 2447 3225 2503 cordis
3272 2455 3477 2501 secreta

1910 2536 2165 2590 rimatur:
2197 2537 2280 2590 vel
2307 2552 2560 2607 superare
2584 2547 2764 2606 posset
2785 2553 2919 2608 aqua
2947 2539 3173 2593 mendax
3201 2546 3360 2592 tanta:
3385 2550 3479 2589 vo-

1911 2628 2126 2682 luntatis
2159 2628 2508 2697 propositum,
2533 2628 2672 2698 quod
2700 2628 2808 2697 jam
2843 2629 3003 2684 homo
3053 2629 3144 2684 Dei
3173 2637 3197 2665 ⁶
3229 2625 3478 2682 metanti-

1913 2722 2010 2776 bus
2037 2721 2288 2789 lacrytnis
2315 2721 2533 2776 miserat
2559 2720 2783 2791 legatum
2801 2721 2851 2775 in
2877 2721 3092 2776 cmlum.
3118 2719 3283 2775 Exuit
3300 2717 3478 2774 statim

1913 2812 2137 2866 vinculis
2166 2809 2363 2877 virum,
2413 2820 2467 2866 et
2497 2811 2611 2878 tali,
2644 2812 2794 2882 quasi
2833 2814 3099 2882 gaudens,
3147 2796 3480 2880 prosequitur

1912 2921 2072 2962 voce:
2110 2905 2247 2960 Ecce
2271 2905 2402 2975 jam,
2437 2905 2600 2960 frater
2629 2905 2977 2971 Habetdeum,
3022 2914 3200 2960 uoster
3227 2903 3480 2958 Christia-

1914 3013 2013 3051 nus
2042 2996 2264 3051 effectus
2293 3011 2384 3061 es;
2419 2996 2540 3066 quid
2575 2996 2708 3051 ultra
2747 2996 2922 3052 facere
2950 2999 3146 3066 poteris
3177 2997 3274 3050 nisi
3299 3005 3358 3050 ut
3387 3011 3481 3048 νος

1915 3090 2100 3143 luntati
2130 3088 2435 3142 consentias
2479 3089 2657 3157 regis?
2698 3087 2793 3142 Cui
2839 3088 3206 3143 Habetdeum:
3251 3086 3356 3141 Illa
3385 3098 3479 3149 est,

1915 3182 2074 3251 impie
2099 3181 2326 3246 Antoni,
2361 3181 2532 3235 mortis
2572 3180 2856 3248 damnatio,
2879 3181 2962 3234 ubi
2994 3181 3262 3235 voluntatis
3291 3189 3482 3233 tenetur

243 3276 289 3330 in
319 3277 509 3344 gaudia
553 3290 840 3332 conversus
879 3274 1108 3330 Arianus
1131 3317 1146 3343 ,
1179 3273 1597 3344 pergitfestinus
1624 3275 1690 3330 ad
1715 3291 1807 3331 cu-
1835 3263 1882 3327 C
1915 3276 2158 3330 assensio.
2192 3275 2304 3344 Ego
2351 3273 2472 3328 fidei
2523 3289 2656 3328 mea;
2710 3281 2866 3327 tenax
2887 3315 2902 3339 ,
2952 3272 3173 3327 vocibus
3223 3273 3484 3326 confitens

241 3368 341 3422 bile
370 3370 518 3440 iniu.
561 3369 650 3432 44,
696 3363 894 3435 exsilii]
927 3365 1111 3420 eximii
1159 3365 1387 3420 hominis
1427 3365 1552 3430 Dei;
1601 3377 1651 3420 ct
1680 3383 1802 3423 cum

233 3459 456 3523 videret,
511 3467 728 3528 urgente
755 3457 1004 3526 passione
1025 3502 1037 3525 ,
1071 3472 1256 3511 verum
1285 3458 1588 3526 pontificem
1623 3458 1806 3513 balbu-

223 3550 407 3604 tientia
445 3550 619 3604 verba
643 3549 962 3618 producere,
989 3549 1242 3616 cogitavit
1269 3549 1426 3602 simul
1465 3553 1806 3620 exstinguere

223 3657 381 3712 quem
419 3654 718 3708 superesse
757 3638 990 3693 nolebat.
1025 3638 1284 3707 Praecepit
1324 3647 1381 3692 ut
1408 3648 1614 3694 acetum
1657 3656 1810 3708 aspe-

223 3749 342 3787 rum
395 3732 676 3801 nimisque
713 3729 1032 3786 acerrimum
1083 3737 1449 3798 quaereretur;
1508 3731 1646 3798 quod
1689 3746 1810 3786 cum

224 3825 422 3880 fuisset
467 3825 694 3880 aifatu"n
784 3821 1103 3878 venerabilis
1151 3821 1296 3876 senis
1349 3821 1719 3878 recusantibus
1757 3834 1809 3880 et

298 4015 324 4044 α
356 4003 546 4060 Codex
568 4002 739 4069 P0rt.,
767 4002 1042 4058 Servius...
1069 4003 1404 4071 Septiminus.
1432 4005 1630 4060 Horum
1651 4023 1810 4074 porro

237 4088 544 4132 sanctorum
573 4083 861 4146 martyrum
895 4075 1193 4146 passionem
1228 4077 1504 4146 retulimus
1528 4092 1686 4146 supra
1711 4096 1805 4146 pa-

238 4150 356 4229 gina
384 4145 780 4229 QQAadealcem
803 4144 1045 4229 Historia:
1062 4144 1579 4229 Yic_t_o_ris_Vitensis((
1596 4144 1722 4202 Vide
1736 4151 1809 4204 in-

242 4214 318 4289 fra
339 4220 440 4271 col.
459 4215 585 4289 265)
601 4257 616 4281 ,
637 4231 740 4289 quo
760 4214 877 4268 loco
895 4214 1042 4289 plura
1066 4214 1132 4270 de
1155 4215 1256 4289 illis
1267 4214 1669 4289 observavimus
1685 4236 1698 4283 ;
1717 4235 1809 4288 po-

243 4285 507 4344 tissimum
528 4287 596 4340 de
613 4285 880 4340 additione
897 4300 1014 4349 qua:
1032 4285 1084 4339 in
1108 4286 1378 4342 codicibus
1396 4287 1603 4342 duobus
1623 4285 1808 4345 titanu-

243 4361 453 4429 spticris
469 4357 714 4420 habetur,
731 4355 1334 4429 unoscilicetcartbusite
1354 4359 1652 4423 Portarum,
1667 4363 1807 4416 etal-

245 4427 355 4484 tero
381 4429 718 4482 bibliotheca:
745 4427 1078 4491 Colbertinae,
1105 4443 1248 4480 num.
1281 4427 1434 4483 1746.
1467 4430 1810 4486 Colbertinus

246 4502 440 4570 itaque,
455 4497 887 4570 quem_vidimus,_
895 4507 1011 4570 post
1033 4500 1218 4570 horum
1239 4508 1525 4569 martyrum
1547 4506 1808 4557 recensita

247 4565 490 4633 numina,
516 4569 593 4623 sic
620 4567 775 4622 habet
804 4585 814 4618 :
850 4565 954 4621 Sed
977 4569 1087 4622 licet
1123 4569 1302 4622 horum
1331 4565 1811 4638 gforiosissimorum

246 4652 530 4710 martyrum
557 4641 606 4692 in
622 4639 855 4711 prtesenti
880 4653 980 4711 non
1005 4639 1303 4711 quiverimus
1325 4641 1518 4706 plenius
1539 4643 1813 4711 explanare

247 4708 492 4764 imitanda
538 4711 611 4763 vel
651 4708 950 4761 adntiranda
994 4710 1302 4772 certamina,
1343 4721 1548 4780 propter
1593 4708 1812 4765 aliorum

247 4784 468 4835 videlicet
513 4781 955 4834 innumerabilium
997 4780 1366 4850 multitudinem
1405 4791 1721 4850 martyrum;
1761 4785 1812 4835 in

1911 3368 2114 3424 crebris
2137 3409 2152 3434 ,
2177 3366 2316 3436 quod
2342 3365 2503 3421 credo
2552 3373 2606 3420 et
2651 3363 2892 3430 credidi,
2937 3361 3218 3418 clamando
3249 3360 3480 3416 defendi.

1871 3450 1874 3454 ’
1912 3463 2017 3518 Sed
2045 3460 2219 3532 ethﬁ
2235 3469 2414 3528 postea
2434 3473 2591 3529 quam
2613 3458 2816 3513 catenis
2832 3455 3064 3521 vinxisti,
3083 3455 3255 3510 eloris
3267 3454 3483 3524 ianuam

1915 3554 2182 3623 oppilasli,
2214 3553 2265 3605 in
2291 3551 2542 3620 praetorio
2569 3550 2743 3605 cordis
2770 3548 3039 3602 violentia:
3072 3561 3224 3612 meae,
3251 3545 3427 3600 subsci
3445 3546 3484 3597 i-

1915 3643 2160 3697 bentibus
2193 3641 2418 3708 angelis,
2437 3649 2585 3709 gesta
2611 3639 2836 3704 confeci,
2870 3646 2923 3693 et
2953 3637 3237 3691 lectitanda
3267 3637 3485 3706 impera-

1922 3735 2020 3789 tori
2051 3747 2170 3787 mco
2195 3732 2481 3786 transutisi.

1994 3826 2131 3881 Xlll.
2167 3825 2474 3880 Arianorum
2502 3823 2774 3879 violentur.
2804 3851 2873 3862 —
2900 3822 3029 3879 Erat
3073 3822 3286 3894 quidem
3328 3834 3486 3892 gene-

1913 4011 2073 4065 ctoris
2099 4019 2350 4065 contextu
2384 4011 2828 4080 patetAntonium
2855 4008 3223 4080 Tamallumas,
3256 4007 3344 4062 uni
3375 4022 3485 4064 scr-

1914 4083 2037 4136 licet
2064 4098 2128 4136 ex
2167 4083 2247 4134 his
2287 4078 2534 4145 urbibus,
2572 4081 2878 4148 praefectum
2912 4081 3092 4135 fuisse.
3128 4078 3267 4133 Pene
3294 4081 3483 4133 omisc«

1913 4168 2024 4206 ram
2056 4168 2274 4208 monere
2304 4154 2358 4206 in
2385 4152 2536 4208 Colb.
2573 4153 2594 4206 Ι
2629 4151 2718 4207 hic
2762 4151 2976 4217 haberi,
3018 4166 3182 4206 eremo
3222 4149 3485 4205 Tamafbi-

1913 4238 2096 4278 11281181.

1987 4305 2007 4331 ο
2044 4295 2137 4347 ilic
2167 4294 2217 4347 in
2244 4293 2395 4348 Colb.
2430 4293 2479 4358 l,
2510 4310 2562 4347 n.
2590 4293 2751 4358 5H9,
2782 4293 3021 4361 margine
3051 4294 3149 4346 ista
3179 4290 3441 4346 habentur
3469 4308 3484 4344 :

1917 4365 2015 4429 Qui
2043 4364 2335 4417 venetabilis
2363 4367 2437 4416 vir
2464 4379 2551 4432 per
2588 4365 2769 4416 multas
2797 4363 3178 4432 tribulationes.
3209 4361 3489 4431 multasque

1919 4437 2173 4500 patientia:
2208 4431 2470 4498 coronas,
2492 4435 2559 4487 ad
2599 4435 2835 4486 ultimum
2862 4446 2918 4488 ιιι
2946 4435 3063 4488 idus
3099 4431 3232 4485 Juiii
3270 4434 3323 4486 in
3366 4449 3489 4500 pace

1917 4506 2120 4572 quierit.
2165 4503 2488 4558 Prmdicandi
2531 4520 2645 4558 vero
2686 4504 2945 4559 Salutat-is
2987 4504 3410 4565 archidiaconus,
3441 4511 3489 4556 et

1922 4574 2137 4628 Murittu
2184 4577 2431 4628 secundus
2475 4576 2528 4627 in
2577 4575 2737 4643 ofﬁcio
2785 4576 3160 4637 ministrorum,
3193 4575 3339 4626 tertio
3374 4575 3490 4643 jam

1919 4648 2231 4714 confessores
2254 4646 2423 4705 erecti,
2449 4645 2684 4714 gloriosa:
2711 4645 2762 4695 in
2792 4644 2993 4697 Christo
3017 4645 3400 4714 perseverantia:
3426 4643 3490 4694 ti-

1922 4716 2027 4766 tulo
2050 4716 2289 4769 illustrnti
2313 4723 2450 4766 sunt.
2481 4714 2553 4764 De
2586 4713 2821 4777 Eugenio
2850 4721 2903 4766 et
2936 4713 3095 4768 sociis
3126 4713 3346 4766 seorsim
3367 4726 3490 4780 age-

1922 4800 2039 4838 mus
2068 4787 2116 4836 in
2143 4784 2538 4836 Commentario
2567 4781 2839 4844 historico,
2868 4797 2982 4849 cap.
3009 4784 3061 4834 8.

252 4855 344 4912 line
378 4864 548 4905 tamen
577 4850 729 4919 hujus
774 4851 940 4920 operis
974 4851 1131 4902 nostri
1151 4845 1561 4921 .__promt'ttimus,
1596 4851 1813 4903 Domino
1844 4845 1892 4903 D
1989 4852 2013 4888 ἀ
2048 4854 2262 4921 Aliquot
2287 4866 2415 4904 mss.
2445 4859 2498 4904 et
2526 4850 2653 4903 editi
2680 4868 2692 4921 _:
2725 4851 2839 4902 Alio
2865 4845 3033 4902 autem
3061 4858 3233 4902 nostra
3254 4849 3491 4921 episcopo

249 4925 548 4992 adjui-ante,
583 4916 673 4972 nos
699 4924 770 4979 ea}
793 4916 1114 4992 narraturos.
1147 4916 1302 4992 illunc
1329 4935 1446 4992 ergo
1471 4919 1622 4992 hujus
1663 4922 1816 4992 libelli

251 4987 407 5058 quinti
432 4994 742 5045 narrationis
770 4999 956 5043 nostra:
975 4987 1057 5040 hic
1079 4988 1193 5054 ﬁnis
1215 4998 1307 5058 est.
1339 4987 1727 5056 lticipit'autem
1756 4991 1820 5042 li-

254 5056 341 5116 ber
386 5071 571 5117 sextus
604 5063 656 5114 in
701 5062 802 5116 iSlO
839 5060 1021 5114 codice
1063 5060 1139 5112 sic
1169 5075 1179 5110 :
1217 5056 1297 5110 Ea:
1337 5057 1430 5111 illo
1457 5063 1568 5126 jam
1600 5071 1819 5127 tempore

253 5136 527 5198 crudelius,
551 5133 669 5185 etc.

322 5203 346 5241 δ
395 5205 661 5268 Eugenius
707 5201 1056 5254 Tamallenum
1104 5199 1369 5270 relegatus
1417 5199 1578 5255 fuisse
1627 5201 1820 5255 dicitur

255 5273 304 5326 in
335 5274 531 5329 Notitia
582 5272 848 5326 Africana.
893 5271 1100 5324 Nullum
1140 5282 1316 5325 autem
1351 5271 1494 5324 urbis
1541 5286 1732 5325 nomen
1768 5274 1819 5326 in

257 5352 358 5396 tota
405 5343 600 5397 Notitia
632 5345 861 5396 occurrit
894 5343 1032 5410 quod
1068 5344 1282 5410 propius
1325 5343 1390 5394 ad
1434 5342 1572 5396 istud
1603 5344 1824 5396 accedat

255 5429 408 5481 quam
435 5414 783 5474 Tnmalluma,
807 5427 914 5481 quo
945 5412 1102 5465 etiam
1129 5411 1419 5464 Ilabetdeus
1441 5413 1718 5466 exsulasse
1743 5415 1824 5467 in-

257 5485 329 5536 fra
375 5486 590 5538 dicitur.
626 5483 823 5553 Duplex
857 5491 1032 5553 autem
1077 5481 1584 5553 eratr'l‘arnal‘luma,
1629 5499 1738 5553 una
1771 5486 1822 5536 in

259 5553 564 5623 ljysacena,
615 5550 778 5607 altera
837 5553 888 5606 in
940 5552 1244 5623 Mauritania
1290 5550 1549 5606 Sitifensi.
1602 5552 1724 5605 Erat
1768 5563 1823 5607 et

256 5620 439 5677 Turris
474 5624 834 5685 Tamallumw,
879 5621 1028 5690 cujus
1065 5621 1346 5688 episcopus
1387 5623 1652 5674 collationi
1694 5625 1822 5676 (iar-

259 5695 402 5764 thag.
434 5695 686 5749 interfuit.
720 5693 864 5746 lianc
895 5707 1020 5746 vero
1049 5690 1289 5764 eamdem
1316 5705 1434 5764 esse
1463 5706 1525 5764 af.
1549 5691 1816 5764 '[amallu-

260 5760 397 5818 mam
430 5766 712 5835 Byzacenac
733 5772 915 5835 censet
938 5762 1175 5835 eruditus
1194 5760 1466 5835 Daluzius.
1487 5761 1558 5815 De
1580 5760 1661 5815 liis
1688 5763 1816 5835 locis

262 5831 545 5903 agimns'in
574 5834 712 5891 notis
735 5835 799 5889 ad
824 5834 1068 5889 Notitiam
1095 5831 1413 5888 Africanam.
1445 5831 1607 5886 Porro
1635 5848 1698 5887 ex
1731 5833 1814 5887 \‘i-

1927 4918 2238 4975 Habetdeum
2267 4921 2578 4991 relegato....
2610 4919 2837 4991 infestari
2858 4962 2870 4981 ,
2901 4931 3004 4975 etc.
3037 4922 3222 4991 Comp.
3253 4933 3349 4991 pro
3375 4918 3492 4972 Ha-

1923 4993 2155 5045 betdeum
2192 4992 2352 5045 habet
2371 4987 2524 5057 'apud
2553 5006 2701 5052 eum;
2732 4990 2880 5045 illum
2913 5000 3086 5045 tamen
3119 4989 3252 5043 infra
3293 4987 3491 5043 Habet-

1925 5064 2074 5116 deum
2114 5062 2364 5130 appellat.
2397 5071 2446 5116 ct
2483 5076 2576 5130 pro
2607 5059 3001 5116 Tantalfumensi
3033 5059 3189 5114 habet
3215 5060 3494 5114 Adlumen-

1919 5135 2008 5187 sis.
2063 5133 2359 5187 Ilabetdeus
2398 5135 2447 5186 in
2491 5131 2685 5186 Africae
2725 5131 2916 5187 Notitia
2947 5130 3389 5186 Tamallumensis
3432 5131 3487 5186 in

1927 5204 2197 5274 Byzacena
2223 5206 2502 5274 episcopus
2527 5203 2743 5274 dicitur,
2775 5204 2863 5270 qui
2894 5201 3113 5274 proinde
3142 5215 3214 5274 ex,
3234 5201 3364 5257 urbe
3392 5199 3494 5256 Ta-

1929 5271 2172 5327 niallumi
2208 5271 2267 5328 in
2289 5271 2561 5345 Byzacena
2589 5273 3029 5328 Tammallumam
3055 5271 3381 5328 Mauritania
3407 5287 3494 5329 rc-

1930 5346 2134 5400 leaatus
2157 5346 2273 5400 fuit.

1982 5363 2273 5469 83333:]:
2291 5424 2341 5469 et
2370 5414 2542 5479 Port.,
2580 5413 2901 5466 micantibus.
2933 5412 3080 5467 Mart.
3100 5452 3116 5478 ,
3153 5411 3366 5482 Comp.,
3396 5414 3496 5469 Lo-

1927 5485 2154 5551 richius,
2205 5498 2257 5540 et
2285 5485 2473 5550 Orth.,
2512 5483 2836 5536 mittentibus.
2869 5483 2932 5537 Et
2971 5483 3103 5537 infra
3135 5502 3147 5536 :
3182 5483 3345 5545 Ecce,
3387 5495 3492 5538 etc.

1924 5556 2076 5609 Colb.
2117 5558 2161 5622 Ι,
2187 5557 2370 5622 Comp.
2399 5564 2451 5606 et
2479 5553 2655 5617 Mart.,
2688 5553 2928 5607 Ecclesia?
2945 5557 3087 5624 jum,
3121 5560 3279 5619 frater
3308 5554 3496 5624 Habet-

1923 5628 2093 5687 deum,
2127 5636 2314 5679 nostrte
2345 5624 2664 5676 Christianus
2688 5665 2702 5687 ,
2733 5633 2838 5678 etc.
2871 5624 2925 5676 In
2948 5623 3071 5677 cod.
3101 5632 3276 5678 autem
3306 5623 3488 5691 COII‘tp.

1921 5705 1973 5748 et
2002 5697 2130 5750 edit.
2158 5695 2393 5748 ισητίςιιίἱ
2420 5693 2613 5748 desunt
2637 5693 2752 5749 haec
2777 5695 2939 5750 verba
2968 5711 2979 5748 :
3017 5695 3151 5759 Quid
3182 5697 3337 5763 ultra,
3367 5709 3494 5761 etc.,

1920 5780 2085 5837 usque
2117 5767 2179 5819 ad
2212 5763 2324 5831 Cui,
2367 5772 2470 5817 etc.
