4082 6320
668 366 771 425 ΞΜ

1952 358 2229 419 VICTORIS

2319 360 2597 420 HTENSIS
2678 430 2681 431 ν
3767 372 3849 429 3δῖ

669 482 797 539 ralis
818 481 918 539 ista
941 481 1192 538 violentia
1217 487 1582 551 tyrannorum.
1608 477 1741 535 Nam
1759 477 1986 536 Vandali
2015 493 2115 549 pro
2134 476 2237 535 hac
2260 477 2319 541 Α
2343 477 2592 547 impietas
2610 478 2807 535 Ariana
2824 493 2854 534 a
2873 479 3182 549 parentibus
3202 480 3339 537 ﬁlios
3362 483 3601 552 parvulos
3621 497 3849 556 separare,

669 590 727 630 re
756 574 952 645 ubique
978 581 1132 629 erant
1166 572 1443 639 destinati,
1469 581 1529 628 ut
1575 579 1912 629 transeuntes
1937 571 2123 628 itinera
2152 586 2238 629 sa-

652 665 972 731 cerdotibus
1024 664 1138 721 suis
1164 664 1495 722 a'dducerent
1533 663 1875 734 jugulandus.
1909 662 2020 736 [ΑΙ.
2060 662 2145 734 ac]
2170 663 2240 729 At

666 755 756 812 ubi
784 769 877 811 eos
912 754 1119 821 fallacis
1157 769 1311 826 aqum
1350 754 1530 826 gladio
1573 756 1949 825 peremissent,
1980 754 2235 809 indicium

663 847 744 902 eis
767 845 1085 915 perditionis
1111 847 1375 917 scriptura
1426 855 1562 902 teste
1593 845 1889 912 tradebant,
1920 860 1989 902 ne
2016 845 2143 901 alibi
2166 845 2239 901 si-

662 939 777 1005 mili
807 940 1055 995 violentia
1077 939 1417 997 traherentur
1441 956 1455 1006 ;
1488 940 1610 1010 quia
1644 954 1749 995 non
1779 939 1971 995 licebat
2001 938 2114 995 sive
2136 954 2235 997 ne-

661 1031 1042 1101 gotiatoribus,
1086 1032 1200 1087 sive
1229 1032 1450 1100 privatis
1489 1031 1683 1087 alicubi
1714 1031 1973 1097 transire,
2015 1031 2118 1087 nisi
2144 1029 2239 1089 de-

663 1124 917 1195 scriptam
938 1124 1265 1179 cltaracteris
1295 1122 1491 1179 indicio
1513 1137 1663 1178 suam
1687 1123 1865 1178 miseri
1887 1121 2238 1180 ostenderent

662 1223 909 1273 mortem.
929 1214 1079 1283 Quod
1101 1229 1197 1285 per
1209 1215 1588 1270 revelationem
1602 1229 1757 1270 servo
1778 1229 1876 1268 suo
1898 1214 2092 1271 Joanni
2109 1213 2235 1269 olim

662 1304 766 1377 jam
786 1305 1371 1372 ostenderatChristus,
1393 1305 1483 1361 ubi
1507 1306 1663 1361 dicit:
1693 1305 1844 1360 Nulli
1860 1302 2024 1361 licebit
2038 1304 2237 1376 aliquid

663 1414 825 1467 emere
849 1399 926 1452 uel
951 1398 1182 1465 uendere,
1213 1398 1312 1452 nisi
1338 1399 1423 1468 qui
1454 1398 1684 1452 habuerit
1711 1397 2050 1453 characterem
2072 1396 2238 1453 bestia:

662 1490 714 1544 in
736 1492 900 1562 fronte
922 1506 1015 1546 sua
1038 1501 1084 1546 et
1113 1491 1167 1544 in
1188 1507 1343 1544 manu
1373 1507 1467 1545 sua
1490 1489 1676 1561 (Apoc.
1701 1505 1818 1555 xttt,
1844 1489 1935 1557 16,
1968 1489 2079 1559 17).
2100 1488 2234 1545 Nam

664 1589 718 1636 et
746 1582 981 1651 episcopi
1004 1590 1161 1653 atque
1189 1580 1485 1654 presbyteri
1505 1581 1736 1648 illorum,
1756 1596 1874 1636 cum
1905 1589 2232 1639 armatorum

663 1689 824 1731 manu
848 1676 1123 1732 nocturnis
1146 1675 1473 1746 temporibus
1485 1676 1631 1731 vicos
1644 1686 1698 1731 et
1711 1691 1814 1746 Opp
1824 1675 1902 1730 Ida
1916 1674 2233 1741 circuibant,

632 1818 635 1821 .
663 1776 717 1822 et
742 1767 818 1822 sic
845 1767 1132 1838 despicatis
1157 1768 1395 1839 postibus
1420 1768 1721 1839 jauuarum,
1753 1783 1942 1839 aquam
1973 1768 2236 1841 gladium-

2340 579 2399 627 ut
2427 580 2609 641 posset
2634 586 2729 642 per
2769 572 2979 642 pietatis
3013 572 3260 630 aﬂ'ectum
3307 576 3461 631 etiam
3503 576 3728 633 virtutem
3754 594 3849 649 pro-

2337 672 2583 721 sternere
2607 663 2931 735 genituram.
2970 666 3353 736 Disjunguntur
3375 682 3500 739 ergo
3529 683 3558 721 a
3586 670 3850 738 parentibus

2341 763 2527 811 tenera
2556 754 2779 826 pignora
2804 756 3056 815 tiliorum.
3087 758 3326 828 Cumque
3346 758 3505 819 vellet
3526 759 3773 816 Liberatus
3793 763 3879 820 la-i

2337 860 2552 917 crymas
2590 848 2862 916 emittere,
2896 849 3215 906 auctoritate
3255 850 3436 906 uxoria
3478 849 3786 921 increpatur,
3809 863 3850 908 et

2337 935 2391 993 in
2432 938 2549 1008 ipso
2571 949 2748 995 meatu
2773 940 2948 997 exitus
2987 941 3070 996 sui
3100 941 3241 997 illico
3273 942 3517 1014 lacrymc
3544 944 3847 1001 siccaverunt.

2308 1100 2313 1103 _
2338 1028 2428 1085 Ait
2455 1029 2596 1089 enim
2619 1030 2669 1085 ei
2700 1030 2893 1101 conjux
2918 1048 2933 1087 :
2966 1030 3064 1104 ιαι.
3093 1031 3182 1105 Ει]
3210 1033 3289 1089 En
3324 1043 3536 1105 propter
3555 1035 3698 1101 ﬁlios,
3725 1035 3850 1092 Libe-

2337 1130 2475 1189 rale,
2498 1122 2799 1193 perditurus
2824 1137 2883 1179 es
2907 1124 3138 1181 animam
3173 1125 3355 1181 tuam?
3396 1125 3642 1197 Computa
3666 1141 3751 1184 eos
3767 1144 3849 1184 non

2336 1210 2501 1268 fuisse
2522 1224 2709 1280 natos;
2739 1229 2861 1269 nam
2907 1224 2962 1270 et
3000 1214 3144 1285 ipsos
3190 1216 3407 1271 omnino
3437 1216 3767 1273 vindicaturus
3787 1228 3851 1274 est

2337 1300 2600 1359 Christus.
2636 1302 2825 1360 Nonne
2851 1303 3000 1362 vides
3038 1319 3131 1360 eos
3170 1306 3491 1375 clamantes.
3539 1317 3591 1363 et
3631 1308 3848 1373 dicentes,

2337 1393 2627 1451 Christiani
2649 1396 2876 1452 sumus?
2901 1395 3008 1453 Sed
3031 1396 3146 1454 haec
3169 1398 3362 1453 mulier
3382 1398 3505 1469 quid
3538 1400 3586 1454 in
3610 1409 3850 1469 conspectu

2332 1487 2571 1556 judicum
2601 1487 2768 1560 egerit
2813 1488 3095 1545 tacendum
3123 1504 3228 1544 non
3255 1498 3355 1544 est.
3386 1490 3512 1545 Nam
3550 1506 3660 1545 cum
3696 1490 3792 1561 ipsa
3812 1499 3851 1545 et

2338 1576 2729 1647 maritus,'licet
2751 1594 3017 1648 seorsum,
3047 1582 3280 1638 carceris
3310 1582 3544 1637 custodia
3574 1591 3849 1644 tenerentur,

2337 1672 2409 1727 ita
2433 1682 2486 1727 ut
2501 1686 2559 1728 se
2577 1672 2787 1741 penitus
2806 1687 2910 1728 non
2933 1672 3197 1737 viderent,
3227 1674 3503 1729 mandatur
3527 1673 3851 1742 mulieri,dici-

2340 1773 2529 1836 torque
2555 1764 2630 1819 illi
2659 1782 2672 1819 :
2705 1764 2862 1822 Solve
2885 1765 2995 1835 jam
3023 1766 3273 1821 duritiam
3312 1777 3476 1823 tuam.
3505 1766 3634 1822 Ecce
3662 1766 3732 1822 vir
3758 1776 3850 1820 tuus

662 1875 764 1930 que
784 1870 1056 1932 gestantes
1074 1862 1372 1917 animarum
1398 1863 1677 1933 praedones
1700 1861 2003 1918 intrabant:
2026 1871 2080 1918 et
2098 1876 2235 1933 quos
2262 1855 2312 1921 Β
2335 1856 2512 1928 paruit
2537 1855 2763 1927 imperio
2789 1856 2951 1929 regis,
2972 1866 3025 1913 et
3056 1867 3237 1913 noster
3265 1857 3433 1911 lactus
3448 1865 3528 1913 est
3546 1855 3847 1913 Christianus.

662 1951 803 2006 domi
858 1962 1189 2022 repererant,
1238 1954 1372 2009 alios
1420 1953 1562 2010 forte
1613 1954 1665 2008 in
1698 1955 1908 2011 lectulis
1954 1964 2234 2025 soporatos

664 2042 833 2099 imbre
858 2044 1014 2114 igneo
1035 2055 1194 2113 atque
1225 2045 1477 2101 fulmineo
1518 2054 1913 2117 respergentes,
1944 2046 2233 2103 daemonia-

661 2149 720 2189 ca
753 2135 1137 2193 vociferatione
1165 2136 1495 2193 Christianos
1521 2154 1647 2194 suos
1670 2138 1773 2209 ipsi
1808 2140 2006 2209 pariter
2034 2139 2235 2195 vocita-

662 2226 809 2293 bant,
839 2235 899 2282 ιιι
920 2237 944 2265 ἰ
965 2228 1146 2285 ludum
1176 2230 1349 2299 potius
1369 2245 1480 2285 sua:
1503 2230 1791 2299 haereseos,
1821 2247 1977 2300 quam
2002 2231 2231 2302 aliquant
2258 2270 2259 2273 η

661 2319 968 2389 religionem
1013 2320 1382 2376 ostenderent.
1433 2322 1491 2376 in
1542 2337 1647 2392 quo
1690 2324 1864 2378 minus
1912 2337 2133 2394 capaces
2178 2331 2233 2379 et

625 2410 829 2481 ignari
881 2411 1155 2479 impletum
1196 2412 1249 2467 in
1292 2428 1351 2468 se
1401 2413 1707 2483 pollutionis
1757 2415 2088 2484 sacrilegium
2132 2415 2227 2488 [al.

662 2502 1012 2575 imputabant]
1054 2504 1348 2574 putabant:
1382 2506 1754 2576 prudentiores
1787 2522 1914 2579 vero
1942 2508 2073 2563 nihil
2106 2508 2229 2575 sibi,

661 2593 802 2663 quod
828 2594 1133 2651 nolentibus
1162 2605 1321 2667 atque
1367 2598 1758 2653 dormientibus
1807 2600 2068 2670 ingestum
2124 2611 2226 2671 est,

661 2684 851 2739 obesse
878 2685 1199 2754 gaudebant.
1220 2687 1351 2741 Nam
1373 2698 1426 2744 et
1451 2689 1603 2744 multi
1627 2689 1812 2743 eadem
1839 2691 1964 2743 liora
1996 2691 2229 2747 cinerem

662 2775 923 2846 capitibus
950 2778 1060 2831 suis
1091 2775 1411 2847 injecerunt,
1450 2780 1537 2832 alii
1590 2794 1729 2846 seso,
1763 2782 1842 2833 vel
1874 2780 1995 2850 quia
2033 2779 2228 2836 factum

662 2875 765 2931 est,
790 2867 965 2923 cilicio
995 2866 1200 2940 lugubri
1226 2877 1502 2935 texerunt,
1530 2870 1772 2925 nonnulli
1801 2886 1955 2927 coeno
1984 2870 2147 2927 fetido
2171 2873 2228 2928 li-

662 2961 897 3029 nicrunt,
930 2970 988 3018 et
1034 2962 1344 3019 linteamina
1392 2963 1659 3020 violenter
1708 2964 1954 3034 imposita
2002 2979 2096 3034 per
2144 2964 2231 3020 lila

661 3055 1058 3122 consciderunt,
1087 3062 1246 3127 atque
1283 3056 1336 3111 in
1365 3056 1586 3113 latrinas
1620 3056 1890 3126 fetidaque
1922 3057 2038 3114 loca
2069 3073 2228 3113 manu

663 3148 784 3203 ﬁdei
826 3149 1183 3219 projecerunt.

2339 1948 2531 2017 Aitque
2563 1949 2686 2003 illa:
2725 1948 2941 2003 Videam
2978 1947 3146 2014 illum,
3182 1956 3238 2005 et
3283 1942 3474 2003 iaciam
3519 1961 3615 2017 ego
3636 1946 3849 2018 quodve-

2336 2040 2497 2095 luerit
2526 2040 2686 2096 Deus.
2722 2042 2921 2096 Educta
2950 2040 3112 2113 igitur
3140 2040 3207 2097 de
3228 2056 3467 2107 carcere,
3500 2040 3685 2097 invenit
3713 2042 3849 2095 virum

2335 2150 2491 2191 suum
2517 2142 2767 2202 stantem,
2796 2150 2916 2191 cum
2941 2135 3142 2207 ingenti
3176 2135 3539 2201 multitudine,
3567 2150 3658 2207 pro
3679 2135 3759 2208 [al.
3781 2134 3850 2189 tri-

2334 2226 2540 2299 bunali]
2573 2227 2926 2285 tribunalibus
2956 2243 3257 2285 connexum
3279 2269 3295 2296 ,
3342 2239 3398 2284 et
3429 2245 3604 2285 verum
3630 2228 3850 2284 aestimans

2334 2320 2477 2392 quod
2508 2319 2777 2376 tinxerant
2817 2316 3052 2389 inimici,
3086 2321 3278 2391 injecta
3310 2336 3473 2377 manu
3501 2320 3850 2394 apprehendens

2337 2426 2487 2467 oram
2515 2412 2959 2467 vestimentorum
2988 2412 3104 2482 ejus
3124 2410 3230 2486 45
3257 2413 3462 2483 gutturi
3492 2412 3774 2485 proximam,
3794 2409 3849 2464 vi-

2332 2501 2584 2559 dentibus
2606 2504 2852 2560 Omnibus
2868 2503 3162 2560 sull‘ocabat
3179 2520 3323 2572 eum,
3340 2505 3527 2562 dicens
3547 2524 3561 2561 :
3578 2503 3790 2568 Perdite,
3807 2511 3847 2556 et

2332 2593 2579 2663 reprobo.
2613 2594 2797 2667 gratiae
2828 2596 2918 2650 Dei
2966 2604 3022 2651 et
3065 2595 3453 2653 misericordia:
3495 2597 3605 2667 ejus
3647 2592 3845 2665 indigne,

2333 2702 2497 2757 quare
2524 2686 2734 2741 volui8ti
2767 2686 2832 2741 ad
2872 2685 3139 2741 modicum
3185 2686 3445 2757 gloriari,
3476 2696 3529 2743 et
3563 2688 3609 2742 in
3638 2694 3847 2741 aeternum

2335 2779 2553 2848 perire?
2592 2778 2726 2844 Quid
2762 2778 2855 2834 tibi
2906 2777 3145 2847 proderit
3174 2779 3404 2833 aurum?
3432 2776 3555 2850 quid
3583 2773 3848 2847 argentum?

2330 2869 2576 2941 Nunquid
2624 2869 2922 2925 liberabant
2950 2879 3000 2925 te
3026 2869 3092 2924 de
3122 2868 3332 2924 camino
3359 2869 3654 2941 gehennae?
3680 2864 3848 2922 Dixitet
3871 2850 3884 2867 ’

2334 2960 2441 3016 alia
2466 2960 2653 3015 multa.
2678 2958 2773 3015 Cui
2806 2961 3026 3016 maritus
3054 2961 3359 3031 respondit:
3387 2961 3517 3031 Quid
3545 2960 3739 3033 pateris,
3761 2972 3848 3013 tnu-

2332 3055 2471 3110 lier'!
2493 3053 2619 3125 quid
2646 3054 2737 3110 tibi
2773 3053 3000 3123 videtur,
3046 3064 3137 3109 aut
3170 3054 3294 3123 quid
3329 3053 3475 3111 forte
3502 3054 3566 3110 de
3605 3068 3680 3109 me
3704 3049 3849 3106 audire

2332 3150 2594 3222 potuisti?
2622 3149 2731 3222 Ego
2758 3149 2808 3206 in
2834 3147 3050 3205 nomine
3088 3147 3286 3205 Christi
3312 3158 3334 3185 ο
3368 3147 3659 3204 Catholicus
3683 3157 3848 3216 perma-

732 3237 869 3292 XIV.
904 3237 1182 3309 Egregium
1226 3239 1452 3293 mulieris
1484 3240 1694 3310 factum.
1732 3268 1801 3280 —
1827 3237 1855 3277 ιι
1886 3238 2002 3296 Tali
2029 3238 2227 3296 violen-
2251 3226 2300 3307 α
2330 3258 2454 3309 neo,
2489 3257 2587 3299 nec
2620 3243 2868 3297 amittere
2904 3251 3086 3312 potero
3111 3242 3401 3312 aliquando
3422 3241 3558 3314 quod
3589 3250 3743 3294 teneo.
3764 3232 3845 3305 [AL

664 3329 757 3394 tia,
782 3327 933 3383 nobis
963 3327 1288 3393 videntibus,
1330 3329 1382 3383 in
1425 3328 1744 3400 Carthagine
1774 3329 1915 3385 ﬁlius
1952 3331 2226 3401 cujusdam

616 3484 621 3487 _
663 3417 879 3482 nubilis,
930 3432 1189 3471 annorum
1245 3418 1459 3473 circiter
1503 3427 1731 3490 septem,
1780 3420 1933 3490 jussu
1967 3421 2160 3492 Cyrilaa
2198 3437 2226 3477 a

612 3564 615 3567 .
663 3508 969 3578 parentibus
991 3518 1266 3578 separatus
1297 3517 1403 3580 est,
1435 3519 1603 3565 matre
1630 3512 1748 3567 sine
1775 3512 2091 3568 verecundia
2120 3530 2231 3568 ma-

612 3624 633 3671 '_
663 3600 875 3667 tronali,
924 3600 1113 3656 solutis
1164 3601 1422 3668 crinibus,
1471 3612 1593 3674 post
1638 3614 1881 3671 raptores
1928 3614 2034 3660 tota
2099 3605 2228 3659 urb:

660 3700 927 3758 currente,
953 3692 1213 3747 infantulo
1242 3692 1503 3749 clamante
1532 3703 1588 3749 ut
1616 3704 1825 3766 poterat
1850 3714 1862 3750 :
1894 3696 2230 3753 Christianus

660 3799 795 3850 sum,
830 3782 1162 3840 Christianus
1190 3800 1331 3852 sum,
1366 3797 1388 3825 ο
1419 3774 1755 3843 Christianus
1778 3803 1917 3842 sum.
1951 3789 2073 3858 Cui,
2106 3789 2226 3844 Tri-

661 3877 877 3929 nitatem
902 3877 952 3930 in
987 3866 1066 3930 liis
1094 3877 1258 3931 ternis
1294 3878 1517 3932 vocibus
1547 3878 1930 3947 declarantem,
1979 3894 2040 3935 os
2070 3880 2228 3936 obtu-

662 3975 862 4031 rantes,
916 3967 1181 4023 insontem
1236 3967 1511 4023 inl‘antiam
1541 3969 1593 4023 in
1625 3984 1779 4024 suum
1835 3971 2093 4041 gurgitem
2132 3972 2227 4027 de-

663 4067 984 4113 tnerserunt.
1014 4059 1085 4113 lla
1116 4061 1183 4116 de
1212 4060 1335 4115 ﬁliis
1383 4062 1573 4118 medici
1605 4064 1926 4120 venerabilis
1947 4063 1970 4102 ι¹
1995 4065 2227 4123 Liberali

663 4150 859 4205 laetum
908 4164 1026 4207 esse
1057 4154 1330 4222 probatur.
1371 4155 1502 4211 Nam
1524 4162 1645 4212 cuin
1672 4173 1737 4213 ex
1764 4158 1916 4227 jussu
1938 4165 2079 4232 regis
2106 4176 2226 4220 cum

664 4256 829 4299 uxore
853 4251 908 4299 et
933 4244 1115 4301 liberis
1140 4245 1206 4301 ad
1237 4248 1480 4302 exsilium
1503 4249 1638 4304 mitti
1655 4250 1955 4319 jubcretur,
1980 4254 2229 4323 cogitavit

716 4408 755 4479 γα
786 4386 919 4455 Μεει
953 4402 1071 4481 fere
1109 4419 1296 4461 omnes
1333 4417 1386 4465 et
1422 4409 1548 4481 edin
1588 4427 1600 4464 :
1634 4409 1834 4465 Ladum
1877 4431 2085 4481 prorsus
2126 4433 2231 4471 sum

659 4473 905 4554 (imresfos
928 4476 1100 4554 magis
1140 4493 1323 4554 quam,
1363 4489 1466 4534 etc.
1498 4479 1696 4554 Contp.
1732 4473 1910 4537 tamen
1943 4487 2099 4540 liabet
2140 4503 2231 4554 po-

656 4543 773 4596 tius.
818 4542 1096 4600 Loricliius
1116 4582 1130 4611 ,
1152 4542 1376 4602 'Ludam
1402 4552 1567 4618 potius
1604 4542 1707 4606 sua:
1736 4555 1977 4608 litereseos
2008 4542 2190 4625 nquam
2211 4598 2226 4624 ,

656 4629 827 4666 auom.
856 4623 959 4666 etc.

655 4629 827 4682 quam,
856 4628 963 4675 etc.

728 4682 753 4721 δ
952 4687 973 4739 l
1003 4693 1065 4766 et
1084 4686 1250 4752 Port.,
1278 4676 1418 4743 Talis
1439 4691 1742 4747 violentia...
1767 4691 2074 4766 Carthagine
2094 4698 2229 4766 facta

654 4764 725 4807 est
749 4770 769 4807 :
802 4753 989 4818 Filius,
1022 4765 1125 4810 etc.

2296 3408 2299 3411 Α
2332 3334 2444 3406 ubi]
2475 3336 2625 3392 Tunc
2651 3335 2884 3393 haeretici
2912 3332 3173 3390 mendacii
3196 3336 3275 3389 sui
3314 3335 3540 3401 conscii,
3572 3342 3622 3389 et
3658 3325 3846 3389 detecti,

2330 3428 2590 3485 fallaciam
2612 3442 2762 3483 suam
2790 3429 3033 3483 colorare
3060 3428 3279 3483 minime
3309 3434 3613 3495 potuerunt.

2402 3522 2520 3579 XV.
2551 3520 2873 3593 Confessores
2900 3520 2953 3575 in
2983 3521 3191 3575 desertis
3209 3522 3420 3575 mortui.
3463 3550 3531 3561 —
3571 3519 3634 3574 Et
3656 3513 3758 3586 quia
3779 3525 3848 3566 suo

2333 3612 2512 3684 perius
2535 3614 2602 3669 de
2622 3613 2872 3669 violentia
2905 3612 3246 3668 immanitatis
3281 3627 3471 3669 eorum
3515 3612 3725 3667 breviter
3748 3603 3848 3659 dixi-

2334 3720 2482 3772 mus,
2515 3705 2649 3760 hant-
2676 3700 2886 3775 plurimi
2932 3714 3229 3761 metuentes
3249 3745 3265 3771 ,
3294 3705 3387 3761 alii
3421 3706 3472 3760 in
3494 3702 3759 3776 speluncis,
3782 3694 3848 3749 alii

2337 3798 2389 3854 in
2421 3797 2651 3853 desertis
2699 3786 2828 3852 locis
2858 3797 2955 3852 viri
2990 3797 3070 3852 vel
3102 3796 3309 3852 ieltlillti}
3330 3838 3345 3862 ,
3392 3796 3537 3852 nullo
3565 3794 3656 3850 sibi
3682 3787 3851 3848 conscio

2334 3902 2456 3943 sese
2489 3887 2809 3943 claudebant
2840 3906 2853 3942 :
2887 3897 2939 3943 et
2982 3889 3209 3956 ibidem,
3244 3889 3388 3943 nulla
3419 3893 3737 3945 succurrente
3759 3893 3849 3936 sus-

2337 3981 2628 4037 tentatione
2653 3980 2917 4045 ciborum,
2949 3980 3086 4035 fame
3119 3981 3201 4036 vel
3234 3982 3433 4051 frigore
3456 3983 3594 4047 victi,
3616 3976 3852 4035 contritum

2335 4082 2389 4128 et
2416 4072 2834 4128 contribulatum
2863 4073 3107 4142 spiritutn
3136 4072 3461 4127 exhalabant
3481 4114 3495 4138 ,
3530 4070 3632 4145 [al.
3661 4065 3768 4140 per]
3794 4068 3852 4118 in-

2337 4166 2416 4219 ter
2442 4166 2557 4221 haec
2577 4163 2882 4219 alﬂlctionis
2909 4163 3263 4229 incommoda,
3288 4165 3559 4220 inviolatae
3578 4172 3738 4217 secum
3761 4152 3852 4212 ﬁdei

2336 4254 2671 4312 Securitatem
2717 4264 3011 4326 portantes.
3049 4252 3137 4312 Sic
3166 4258 3309 4311 enim
3358 4252 3379 4294 τ
3424 4254 3724 4311 Cresconius
3759 4260 3852 4320 pre-

2334 4427 2453 4483 tem,
2482 4427 2588 4475 etc.

2407 4498 2429 4526 ε’
2461 4488 2717 4543 Catholici
2763 4503 2956 4544 nomen
2999 4504 3139 4545 verae
3184 4490 3306 4546 lidci
3350 4491 3640 4548 cultoribus
3680 4495 3854 4553 semper

2332 4559 2643 4623 adlursisse,
2675 4570 2860 4615 contra
2892 4559 3179 4617 nitentibus
3202 4560 3399 4617 frustra
3428 4558 3715 4618 haereticis.
3745 4560 3856 4624 pale!

2331 4644 2394 4683 ex
2428 4631 2587 4700 vanis
2630 4638 2943 4700 sanctorum
2981 4629 3193 4686 Patrum
3214 4672 3228 4694 ,
3272 4642 3432 4700 atque
3464 4632 3696 4687 Historiis
3719 4623 3855 4700 δορις·

2332 4692 2562 4755 siasticm
2590 4701 2908 4769 scriptorum
2936 4699 3095 4766 locis;
3126 4692 3397 4758 Lactantio
3426 4703 3517 4759 lib.
3544 4719 3613 4767 tv,
3643 4712 3745 4767 cap.
3770 4692 3853 4753 50;

2333 4772 2627 4838 Angn-tino
2654 4772 2882 4838 passim;
2914 4771 3155 4837 Socrate,
3185 4774 3273 4839 qui
3307 4783 3359 4828 et
3400 4773 3715 4829 Novatianos
3735 4782 3760 4820 a
3784 4778 3854 4839 ca-

728 4836 750 4864 °
783 4825 925 4909 Ful-j.
959 4814 1176 4909 Certi-3
1217 4826 1429 4909 Comm.
1460 4818 1612 4909 (Poth-
1649 4834 1700 4894 t.
1747 4828 1927 4909 Pura,
1958 4844 2014 4891 et
2044 4822 2219 4903 illam,
2252 4814 3377 4905 1)ἰῑιῖιῖῆίζῖιῖρὲἓὶῖίί’ἱζὀἶὶιῗὶῖἓῖιὶἱιῖὶεέιὶ
3400 4814 3851 4909 ’ὶῖοὲἲέἓῖἴᾷτὲηιῖφ

656 4911 746 4962 per
771 4906 1005 4968 sanctum
1028 4896 1345 4968 Stephanum
1369 4899 1688 4957 Christianus
1713 4920 1843 4959 sum.
1868 4896 2033 4959 Netno
2054 4896 2224 4962 nescit

651 4975 900 5040 sanctum
919 4966 1401 5040 Stepltannmtnnc
1422 4974 1676 5040 temporis
1699 4972 1750 5026 in
1784 4975 1957 5030 Alt-ica
1983 4976 2227 5031 celeber-

654 5039 845 5111 rimum
880 5035 1060 5111 fuisse,
1095 5038 1163 5111 ob
1204 5038 1451 5111 miracula
1483 5035 1600 5110 quae
1626 5058 1719 5111 per
1747 5044 1861 5110 ejus
1890 5061 2070 5101 sacras
2098 5048 2224 5101 reli-

653 5108 806 5183 quias
847 5122 929 5183 exA
956 5096 1233 5183 Palaestina
1265 5109 1479 5183 allatas,
1500 5096 1749 5183 crebrius
1774 5096 2222 5183 ineﬁiBRih'én

655 5177 871 5252 litabant.
904 5176 1318 5252 .{ttigiistitiusde
1346 5179 1408 5234 iis
1437 5182 1630 5245 passim
1658 5185 1783 5249 agit,
1810 5176 2141 5252 putissimum
2170 5188 2221 5241 in

656 5244 803 5323 libr-is
825 5249 889 5297 do
910 5244 1137 5323 Civi‘tzi‘te
1157 5248 1265 5323 Dei.
1287 5249 1414 5323 Quae
1429 5244 1604 5323 autem
1626 5244 1936 5321 sequuntur,
1956 5255 2069 5321 Cui,
2091 5267 2219 5323 etc.,

654 5330 719 5367 ex
750 5312 895 5369 l’ort.
922 5326 976 5370 et
999 5318 1191 5371 Colb.l
1226 5312 1634 5387 descripsimus;
1665 5312 1751 5375 alii
1774 5338 1898 5376 vero
1917 5312 2221 5381 comeditis

655 5387 1021 5438 tantummodo
1053 5388 1269 5452 habent,
1301 5391 1384 5443 cui
1412 5401 1458 5443 et
1480 5408 1534 5443 os
1558 5392 1866 5447 obturantes.

726 5456 836 5524 88
865 5453 890 5529 ξ’
925 5455 1089 5529 Hujus
1116 5461 1309 5521 sancti,
1338 5469 1496 5529 atque
1528 5462 1707 5516 uxoris
1734 5464 1879 5519 illius
1909 5475 1961 5518 et
1990 5464 2219 5522 filiorum

657 5524 988 5606 inemo-rion!
1008 5528 1278 5606 celebrant
1312 5524 1608 5606 Gali-simus
1637 5542 1690 5587 et
1719 5535 1921 5602 al.quot
1960 5546 2219 5606 martyru-

657 5595 796 5676 lpgia
818 5594 997 5676 die};
1007 5595 1172 5651 Martii
1190 5615 1202 5663 ;
1222 5600 1427 5676 qua_die
1442 5602 1509 5655 de
1529 5602 1594 5657 iis
1608 5594 1992 5676 quoquciagunt
2013 5594 2222 5676 Bollan-

656 5663 1066 5744 dianizln‘ierius
1087 5663 1444 5744 autem,_1_Vam
1468 5688 1602 5738 cum,
1623 5663 1751 5739 etc;
1780 5663 1932 5728 alitVer
1960 5675 2220 5731 habentur

654 5733 853 5814 inc-od.
886 5736 1072 5814 Comp.
1097 5754 1111 5800 ;
1147 5738 1255 5799 ubi,
1284 5739 1417 5792 Nam
1441 5733 1811 5814 cumjussu....
1841 5745 2079 5813 parvulos
2101 5762 2219 5801 suos

649 5804 789 5873 ﬁlios
815 5807 1045 5883 separari
1075 5823 1173 5861 non
1203 5823 1350 5871 passa
1386 5820 1430 5862 et
1459 5828 1551 5877 per
1567 5804 1776 5881 'pietatis
1797 5804 2035 5882 affectum
2062 5818 2218 5875 virtu.

2330 4910 2502 4979 inquit
2525 4900 2846 4979 Augustinus
2866 4920 3051 4966 contra
3076 4913 3361 4982 epistolam
3386 4900 3793 4976 Manichteifclp.
3811 4900 3853 4966 4ο

2329 4996 2407 5034 me
2432 4992 2564 5034 tenet
2586 4984 2753 5052 ipsum
2785 4996 2964 5035 nomen
2990 4983 3290 5052 catholica,
3323 4985 3462 5052 quod
3487 4999 3585 5037 non
3611 4982 3709 5034 sine
3735 4987 3856 5029 causa

2329 5052 2459 5105 inter
2487 5053 2671 5106 multas
2700 5051 2913 5105 laceres"
2940 5052 3013 5105 sic
3050 5056 3147 5106 ista
3172 5051 3402 5107 Ecclesia
3428 5053 3638 5108 obtinuit
3656 5091 3670 5116 ,
3697 5058 3743 5101 tu
3764 5055 3854 5098 ιυπι

2330 5136 2499 5174 omnes
2531 5122 2750 5174 ha’retici
2773 5137 2825 5174 se
2844 5121 3117 5175 catholicos
3143 5124 3244 5176 dici
3270 5124 3444 5188 uelint,
3467 5120 3702 5191 querenti
3720 5126 3856 5191 totum

2328 5192 2594 5260 peregrino
2621 5191 2797 5252 alicui,
2830 5192 2914 5245 ubi
2933 5192 3001 5244 ad
3026 5192 3327 5248 catholicam
3348 5184 3691 5254 conveniatur,
3717 5184 3857 5260 null"!

2330 5258 2678 5315 hatrélicorunt
2726 5264 2799 5317 vel
2840 5261 3100 5317 basilicam
3132 5279 3280 5318 suam
3302 5304 3317 5329 ,
3358 5265 3434 5319 uel
3472 5264 3674 5316 domum
3705 5258 3857 5311 unde"!

2328 5332 2606 5385 attendere.

2410 5398 2426 5436 ί
2460 5402 2592 5455 Eum
2616 5416 2737 5455 cum
2762 5416 2922 5470 supra
2957 5404 3237 5460 recensitis
3275 5411 3575 5460 memorant
3598 5408 3761 5471 vetera
3780 5390 3859 5471 ³ἱὶ-

2334 5480 2480 5542 sunt
2509 5467 2880 5542 martyrologia
2912 5475 3050 5540 apud
3074 5474 3450 5529 Bollandianos
3480 5474 3567 5527 die
3591 5471 3662 5542 ἓξ
3694 5467 3856 5542 histili-

2331 5539 2432 5595 ΡΜ
2454 5536 2747 5596 uisentium
2766 5536 2913 5598 Fort.
2941 5536 3097 5600 habet
3121 5543 3444 5599 Miseritum.
3466 5544 3615 5598 Cotb.
3638 5538 3687 5601 9,
3708 5536 3856 5595 ιιισιη

2330 5609 2475 5679 Fol.,
2502 5621 2558 5666 et
2585 5612 2803 5680 Ger-nn,
2836 5613 3144 5668 Miseitanaa.
3175 5616 3330 5670 Colb.
3362 5615 3581 5678 tertius,
3612 5610 3857 5664 Μαρίωνα.

2328 5681 2507 5751 ρωι...
2531 5682 2742 5737 Lor-icit.
2769 5691 2823 5737 et
2854 5683 3016 5751 ιιιιιιη
3046 5684 3321 5739 Miritanaa.
3357 5685 3432 5740 De
3469 5684 3675 5737 civitate
3706 5684 3857 5731 auls!"

2330 5749 2672 5825 Ziioettsiom
2692 5753 2799 5825 jam
2820 5768 2978 5821 supra
2996 5749 3206 5825 egimus
3222 5756 3426 5825 (Supra
3450 5755 3551 5825 cat.
3580 5751 3700 5813 307.,
3728 5764 3777 5825 ε.
3798 5751 3855 5825 ‘_l~

2324 5812 2589 5878 Castorum
2618 5812 2747 5881 mss.
2780 5812 2949 5891 Pori.,
2979 5812 3127 5883 (ἔξω.
3156 5827 3208 5892 Ι,
3228 5812 3410 5885 δίαιτα,
3434 5822 3617 5881 Gem,
3654 5812 3709 5877 et
3736 5812 3855 5870 Fui»
