4082 6320
204 429 296 484 237
676 386 709 394 ’γ
973 394 976 398 “
1128 419 1217 475 ns
1253 417 1770 477 PERSECUTIONE
1809 417 2194 476 vaunauca
2235 421 2363 476 me.
2412 422 2478 476 v.
3318 416 3425 474 ess

205 546 341 600 duam
365 547 416 594 et
456 535 733 607 abiectam.
765 542 794 574 ι
818 532 1134 591 Sacerdotes
1174 534 1291 606 ejus
1328 544 1383 591 et
1421 535 1662 592 seniores
1690 534 1741 591 in
1770 536 1824 599 Α
1847 536 2109 591 cendente
2140 535 2192 590 in
2224 534 2374 591 vobis
2420 534 2666 604 Domino,
2701 543 2757 591 ut
2792 532 2916 607 equi
2957 531 3277 590 velocissimi
3305 548 3428 589 cur-

205 632 404 692 desertis
443 629 569 684 locis
595 637 648 683 et
677 626 871 685 insulis
906 625 1215 682 deiecerunt
1240 671 1254 697 ,
1296 626 1588 698 qttzerendo
1638 627 1742 683 sibi

206 740 337 786 escas
357 724 420 780 ad
447 721 898 789 manducandum,
924 731 983 779 et
1007 736 1115 778 non
1142 722 1424 778 inveniunt
1453 720 1671 791 (Three.
1704 737 1742 786 ι,
1794 706 1801 715 ¹

207 820 303 889 19).
334 816 666 873 Considerate
690 823 745 870 et
771 814 946 870 videte
974 814 1105 885 quia
1128 812 1259 870 Sion
1283 812 1473 869 civitas
1512 813 1607 869 Dei
1650 825 1750 867 no-

205 911 285 967 stri
315 909 440 963 facta
466 913 549 962 est
579 904 731 972 vilis,
761 906 895 961 facta
924 904 1075 975 quasi
1103 904 1303 975 polluta
1341 904 1633 960 menstruis
1656 903 1759 965 in-g

207 1015 275 1059 ter
308 1000 539 1057 inimicos
573 1014 702 1055 suos
726 997 941 1071 (Threu.
966 1013 1014 1064 ι,
1053 998 1148 1064 11,
1186 996 1301 1069 17).
1343 998 1556 1057 Manum
1597 1010 1749 1052 suam

204 1093 331 1151 misit
359 1091 518 1147 hostis
546 1089 617 1146 ad
641 1090 818 1145 omnia
861 1088 1241 1145 desiderabilia
1280 1088 1423 1159 ejus.
1450 1087 1575 1158 quia
1617 1086 1754 1141 vidit

204 1194 366 1257 gentes
415 1182 700 1249 invadere,
743 1191 798 1239 et
842 1181 1045 1252 ingredi
1092 1181 1225 1237 atria
1268 1195 1397 1249 sua,
1443 1181 1513 1239 de
1559 1180 1754 1251 quibus

205 1290 507 1348 praeceperas
530 1267 601 1331 ne
637 1274 918 1331 introirent
957 1275 1239 1332 ecclesiam
1276 1282 1424 1330 tuam
1456 1272 1673 1345 (Three.
1702 1288 1749 1339 ι,

206 1369 310 1440 10).
340 1369 444 1424 Viae
480 1368 601 1438 ejus
643 1368 856 1438 lugent,
889 1380 956 1423 eo
1000 1366 1145 1438 quod
1178 1380 1337 1423 nemo
1376 1364 1667 1421 conveniat
1699 1365 1753 1419 in

204 1460 278 1517 die
308 1460 452 1516 festo.
482 1458 748 1529 Egressus
780 1466 866 1515 est
901 1473 932 1513 a
972 1457 1109 1514 facie
1149 1458 1265 1528 ejus
1294 1457 1472 1514 omnis
1500 1455 1664 1513 decor
1701 1464 1758 1511 et

205 1554 380 1611 delicia:
406 1552 626 1625 (Thren.
652 1570 699 1619 ι,
722 1554 777 1620 4,
803 1551 858 1622 6)
884 1570 897 1607 :
931 1550 1236 1607 didicerunt
1262 1552 1377 1607 vias
1401 1564 1622 1621 asperas
1642 1564 1757 1604 am-

206 1646 367 1702 bulare
390 1645 628 1715 virgines
647 1643 785 1714 ejus,
812 1651 867 1698 et
889 1642 1112 1714 juvenes
1136 1642 1275 1713 ejus,
1306 1642 1361 1697 in
1389 1642 1525 1698 aulis
1548 1639 1765 1697 educati

207 1736 654 1802 monasteriorum,
680 1735 926 1791 abierunt
954 1737 1006 1792 in
1032 1736 1392 1806 captivitatem
1422 1734 1757 1800 Maurorum;

206 1830 313 1886 dum
335 1828 534 1899 lapides
561 1825 657 1901 [αι.
681 1826 874 1898 sancti]
899 1826 1188 1884 sanctuarii
1206 1827 1320 1896 ejus
1346 1826 1723 1897 disperguntur
1740 1869 1758 1896 ,

1806 674 1811 681 .
1845 627 2064 683 sitastis.
2086 626 2358 696 Praecipue
2377 634 2453 691 tu,
2470 626 2625 682 beate
2642 625 2817 694 Petre,
2838 640 3000 696 quare
3016 624 3145 681 siles
3164 634 3187 664 ο
3206 638 3303 695 pro
3313 624 3425 679 ovi-

1847 720 1947 777 bus
1966 720 2182 789 stagnis
2201 734 2231 774 a
2252 718 2522 774 communi
2542 731 2735 788 magno
2746 718 2972 774 Domino
2988 731 3175 788 magna
3193 717 3286 773 tibi
3300 730 3429 773 cau-

1849 810 1953 867 tela
1987 820 2047 866 et
2063 810 2421 866 sollicitudine
2451 808 2835 865 commendatis
2857 807 3035 880 (Joan.
3056 825 3169 874 ιιι,
3192 808 3430 879 issem)?

1847 901 1930 959 Tu
1956 908 2143 959 sancte
2161 900 2320 956 Paule
2346 900 2583 972 gentium
2607 900 2881 972 magister,
2900 900 2992 971 qui
3015 900 3083 956 ab
3100 901 3428 957 Hierusalem

1849 996 2018 1063 usque
2044 992 2113 1048 ad
2144 992 2411 1063 Illyricum
2443 990 2739 1062 praedicasti
2768 990 3116 1060 Evangelium
3144 990 3428 1062 Dei(Rom.

1852 1102 1945 1153 xv,
1966 1087 2077 1157 l9),
2092 1100 2357 1157 cognosce
2372 1084 2497 1159 quid
2511 1084 2732 1141 Vandali
2754 1084 2955 1141 l'aciunt
2978 1091 3033 1139 et
3048 1082 3254 1150 Ariani,
3266 1094 3320 1139 et
3339 1082 3433 1139 lilii

1856 1180 1930 1235 tui
1960 1186 2181 1249 gemunt
2205 1177 2434 1250 lugendo
2461 1175 2678 1249 captivi.
2710 1172 2736 1213 ι²
2764 1174 2846 1231 Tu
2885 1174 3028 1231 Petri
3076 1187 3348 1244 germane,
3379 1182 3434 1230 et

1853 1286 1959 1328 non
1990 1270 2044 1325 in
2074 1268 2329 1341 passione
2349 1268 2554 1337 dispar,
2592 1266 2829 1341 gloriose
2860 1266 3095 1331 Andrea,
3128 1265 3217 1336 qui
3261 1265 3432 1320 inter-

1854 1361 2086 1435 pretaris
2112 1360 2301 1429 virilis,
2331 1361 2583 1431 quoniam
2614 1358 2841 1417 viriliter
2872 1357 3090 1414 certasti
3110 1400 3126 1427 ,
3150 1355 3431 1413 considera

1856 1456 2110 1527 gemitum
2139 1453 2376 1509 Africani
2408 1451 2619 1524 populi,
2649 1461 2701 1506 et
2732 1450 3147 1521 nogdispliceat
3178 1449 3301 1515 tibi,
3334 1448 3429 1505 sed

1816 1618 1826 1633 ρ
1858 1546 2119 1603 interveni
2157 1560 2252 1616 pro
2288 1545 2441 1600 nobis
2484 1543 2550 1599 ad
2586 1543 2773 1603 Deum.
2815 1538 3167 1613 Unisersique
3210 1541 3432 1611 ingemi-

1860 1640 1997 1697 scite
2029 1639 2203 1695 sancti
2228 1639 2389 1697 simul
2418 1652 2515 1709 pro
2545 1636 2700 1693 nobis
2732 1646 2756 1674 ο
2795 1636 3043 1706 apostoli.
3102 1633 3209 1691 Sed
3238 1635 3439 1691 scimus

1860 1730 1983 1803 quia
2029 1731 2305 1802 indignum
2345 1740 2430 1786 est
2457 1728 2606 1785 vobis
2652 1743 2749 1799 pro
2791 1729 2947 1784 nobis
2972 1727 3307 1803 orarcsquia
3341 1726 3438 1783 ista

1863 1838 1984 1895 qua:
2003 1834 2296 1881 evenerunt
2327 1823 2502 1889 nobis,
2531 1838 2637 1879 non
2658 1821 2725 1878 ad
2756 1820 3148 1892 probationem,
3174 1819 3441 1889 quomodo

208 1937 298 1979 non
326 1929 522 1977 tantum
565 1921 617 1975 in
654 1920 915 1991 capitibus
945 1920 1182 1976 omnium
1212 1919 1507 1988 platearum
1539 1917 1752 1991 (Thren.
1786 1910 1835 1973 Β
1860 1918 2078 1986 sanctis,
2108 1918 2199 1973 sed
2233 1917 2385 1974 malis
2415 1916 2624 1977 meritis
2651 1914 2910 1986 supplicia
2937 1914 3294 1971 debebantur.
3327 1912 3437 1967 Sed

210 2030 269 2081 IV,
293 2014 361 2083 1),
384 2012 477 2069 sed
498 2010 666 2068 etiam
689 2011 745 2066 in
773 2011 906 2067 locis
925 2011 1184 2084 squalidis
1213 2011 1573 2067 metallorum.
1596 2010 1767 2067 Dicite

211 2107 307 2162 Deo
330 2115 508 2162 nostro
532 2105 830 2175 susceptori
849 2104 987 2176 ejus,
1005 2104 1261 2162 habentes
1284 2104 1530 2160 fiduciam
1556 2102 1767 2173 suppli-

210 2197 633 2269 candi,quoniam
659 2197 959 2265 tribulatur,
978 2205 1032 2253 et
1045 2205 1237 2261 venter
1257 2197 1398 2253 illius
1424 2198 1670 2254 turbatus
1684 2206 1768 2255 est

212 2290 368 2346 alletu
398 2290 511 2360 ejus
533 2288 749 2362 (Thren.
784 2307 823 2357 ι,
848 2280 973 2363 20);
1006 2292 1130 2362 quia
1157 2290 1295 2351 sedit
1321 2292 1457 2348 inter
1480 2301 1686 2363 gentes,
1715 2300 1769 2350 et

212 2384 425 2453 requiem
438 2396 549 2436 non
562 2381 788 2449 invenit,
806 2397 903 2438 nec
915 2384 1097 2455 estqui
1110 2384 1415 2440 consoletur
1428 2384 1767 2455 eam(Thren.

213 2490 246 2541 ι,
264 2475 313 2539 2,
336 2473 410 2544 5).
442 2473 704 2541 Quaesivit
724 2488 755 2528 a
773 2472 800 2513 ι)
822 2474 1064 2530 Patribus
1084 2475 1317 2531 Orientis
1345 2476 1434 2545 qui
1464 2475 1622 2535 simul
1640 2490 1770 2533 con-
1810 2474 1811 2477 “

212 2567 514 2633 tristaretur,
539 2573 597 2621 et
622 2550 727 2622 non
754 2565 1283 2633 l‘uit;consolantem,
1304 2575 1358 2622 et
1381 2581 1487 2622 non
1519 2566 1726 2627 invenit
1750 2581 1767 2621 :

211 2660 322 2715 dum
343 2660 690 2716 manducaret
705 2660 759 2716 in
776 2674 896 2717 esca
918 2674 1013 2715 sua
1030 2659 1120 2729 l‘el,
1140 2667 1196 2715 et
1215 2660 1266 2715 in
1284 2659 1371 2716 siti
1386 2674 1481 2716 sua
1499 2669 1772 2731 potaretur

209 2761 344 2809 aceto
374 2754 494 2825 (Ps.
528 2768 675 2818 LVIII,
704 2754 800 2823 21,
832 2752 951 2825 22),
990 2755 1171 2825 Sponsi
1197 2763 1253 2811 et
1284 2755 1495 2810 Domini
1538 2756 1621 2810 sui
1651 2769 1770 2826 pas-

211 2844 376 2901 siones
414 2846 698 2911 imitando,
731 2846 819 2915 qui
864 2846 1061 2902 idcirco
1102 2860 1292 2916 passus
1328 2854 1413 2905 est
1452 2861 1552 2917 pro
1581 2862 1677 2915 ea,
1716 2855 1774 2904 ut

208 2946 443 3008 sequatur
478 2938 700 3009 vestigia
728 2938 843 3008 ejus
874 2938 918 3009 (l
955 2938 1071 2994 Pet.
1104 2954 1163 3007 ιι,
1183 2938 1298 3008 21).
1814 2924 1815 2927 “

210 3027 213 3030 ’
270 3027 381 3083 XX.
414 3028 609 3084 Auctor
635 3038 839 3086 sanctos
870 3030 1094 3085 invocat.
1124 3059 1197 3073 --
1222 3030 1616 3101 Deprecamini,
1644 3046 1774 3088 san-

205 3119 413 3175 ctissimi
455 3121 797 3191 patriarchae,
834 3121 903 3177 de
943 3138 1169 3194 quorum
1206 3124 1373 3193 stirpe
1413 3124 1624 3196 generis
1651 3132 1775 3181 nata

204 3222 277 3269 est
311 3230 426 3285 quae
456 3230 599 3271 nunc
640 3214 850 3271 laborat
897 3216 951 3271 in
986 3218 1165 3272 terris.
1202 3216 1387 3286 Orate,
1433 3217 1605 3273 saneti
1645 3232 1771 3289 pro-

204 3281 392 3373 phetas,
409 3316 797 3376 cognoscentes
817 3306 1066 3363 afﬂictam
1089 3323 1246 3380 quam
1267 3281 1424 3366 antea
1448 3281 1774 3367 vaticinante
1796 3281 1845 3349 ο

201 3401 461 3467 praeconio
508 3402 801 3458 cecinistis.
833 3402 1050 3469 Estute,
1093 3404 1343 3472 apostoli,
1396 3404 1774 3473 suffragatores

200 3489 309 3560 ejus
338 3506 499 3561 quam
548 3500 607 3547 ut
633 3493 1013 3564 aggregaretis,
1058 3493 1370 3549 universum
1415 3493 1634 3563 orbem,
1686 3509 1775 3550 as-

252 3626 370 3695 89
391 3632 418 3660 δ
435 3623 485 3695 11
491 3622 724 3695 isverbis
734 3624 950 3695 Victore
972 3624 1220 3695 piscopos
1239 3624 1676 3695 etpresbyteros,
1696 3625 1772 3679 uti

185 3692 417 3763 vid'et'ur,
446 3692 719 3763 designat.
742 3693 1047 3748 Sacerdotis
1070 3708 1262 3763 nomen
1290 3692 1618 3761 frequentius
1646 3696 1772 3749 olim

180 3761 450 3847 episcopis
494 3761 653 3847 quam
682 3764 1009 3847 presbyteris
1034 3762 1388 3847 tribuebatur,
1414 3765 1673 3847 utvidare
1694 3773 1777 3847 est

188 3833 240 3890 in
269 3833 462 3905 Glossa
478 3833 560 3889 rio
581 3833 872 3905 Cangiano’,
902 3844 952 3888 et
980 3833 1176 3905 passim
1196 3835 1335 3903 apud
1367 3842 1611 3888 auctores
1638 3836 1778 3890 auti-

194 3918 345 3989 quos.
373 3903 851 3989 Sie‘auctor‘vitae
876 3904 1047 3960 sancti
1075 3903 1340 3989 [fulgentii
1365 3913 1606 3989 sanctum
1632 3904 1774 3989 buuc

193 3973 359 4032 virum
390 3992 421 4029 ιι
448 3974 658 4031 Fausto
687 3976 943 4045 episcOpo
968 3973 1340 4044 presbyterum
1371 3975 1538 4031 fuisse
1559 3975 1781 4031 ordina-
1834 3978 1837 3979 ⁷

198 4056 308 4102 tum
337 4046 424 4101 his
444 4046 630 4101 verbis
655 4047 906 4116 exprimit
941 4063 956 4101 :
1000 4046 1227 4116 Repente
1249 4061 1363 4099 eum
1389 4046 1625 4101 sacerdos
1655 4063 1778 4100 con-

204 4127 357 4171 secrat
380 4115 746 4187 presbyterum.
773 4116 995 4180 Tamen,
1014 4124 1082 4187 et
1108 4115 1319 4185 quidem
1350 4116 1477 4185 ipsis
1509 4117 1778 4185 prioribus

205 4187 459 4243 Ecclesia:
489 4186 731 4254 saeculis,
760 4186 1055 4242 sacerdotis
1081 4201 1273 4242 nomen
1319 4187 1643 4256 presbyteris
1678 4187 1773 4242 tri.

206 4257 381 4329 butum
412 4268 496 4329 est
534 4258 587 4312 in
612 4257 834 4329 Africa,
863 4267 923 4313 ut
948 4258 1128 4329 videre
1159 4267 1241 4314 est
1269 4257 1406 4329 apud
1450 4256 1774 4329 Cyprianum
1814 4312 1819 4317 .

208 4328 424 4398 epistola
451 4328 544 4393 67,
573 4328 704 4383 alias
729 4328 818 4383 68.
866 4330 975 4383 lmo
1005 4327 1229 4397 Optatus
1268 4327 1358 4382 lib.
1390 4343 1407 4381 ι
1436 4327 1690 4383 dieeonos
1722 4327 1777 4382 iu

210 4401 344 4454 tertio
387 4399 670 4453 sacerdotio
711 4400 1008 4453 constitutos
1050 4398 1221 4453 dicit:
1258 4399 1536 4468 episcopos
1578 4401 1775 4469 primo,

210 4470 544 4542 presbyteros
578 4471 826 4542 Δδςιξιιηιιο
884 4469 1152 4542 sacerdotii
1212 4468 1377 4542 gradu
1429 4468 1776 4542 concludens.

211 4537 337 4605 Quin
361 4537 414 4595 et
449 4538 595 4634 apud
626 4538 1088 4634 Afros|,uprintates
1116 4537 1668 4622 saepiusvocabantur
1694 4556 1774 4594 se-
1804 4571 1858 4634 υ

211 4626 311 4675 nes,
335 4610 480 4680 quod
512 4624 706 4665 nomen
750 4610 867 4664 aliis
903 4612 1064 4666 etiam
1097 4610 1364 4679 episcopis
1394 4625 1775 4680 nonnunquam

214 4681 537 4746 tribuebant,
569 4688 629 4735 ut
654 4680 903 4735 observat
940 4680 1170 4750 Cangius
1195 4681 1249 4734 in
1282 4679 1572 4736 Glossario.
1604 4679 1777 4737 Cmte—

214 4763 319 4807 tum
344 4752 458 4807 hac
487 4752 652 4807 verba
683 4759 738 4806 et
778 4752 1049 4820 sequentia
1088 4750 1200 4806 fere
1244 4752 1421 4805 omnia
1462 4767 1524 4807 ex
1552 4751 1779 4807 Threnis

216 4834 303 4877 seu
336 4821 831 4879 Lamentationilms
867 4822 1116 4876 Ieremia:
1163 4832 1374 4879 summa
1415 4831 1562 4876 sunt.

178 4952 184 4959 ,
222 4932 223 4935 η
277 4890 306 4931 δ
332 4891 486 4950 Colb.
517 4895 542 4947 1
584 4900 641 4948 et
669 4892 851 4959 Mam,
895 4890 1141 4959 partibus.
1183 4890 1247 4943 Et
1286 4888 1529 4946 fortassis
1568 4888 1777 4944 melius.

218 4962 375 5030 Nam,
402 4974 473 5023 ~ut
518 4962 655 5019 infra
695 4961 937 5025 dicemus
965 4962 1017 5014 in
1047 4961 1446 5015 Commentario
1491 4959 1779 5030 historico,

219 5029 401 5103 saepius
425 5035 803 5104 imperatores,
836 5031 1169 5101 potissimum
1200 5030 1455 5104 orientis,
1491 5029 1720 5104 Africam
1752 5042 1784 5082 e

220 5099 558 5161 barbarorum
589 5099 1069 5171 manibus—eripere
1094 5102 1270 5157 conati
1295 5109 1450 5167 sunt;
1479 5099 1575 5157 sed
1606 5103 1782 5154 incas-

221 5187 328 5247 sum
358 5190 530 5247 usque
568 5175 635 5230 ad
662 5174 1232 5247 Justinianiutempora.
1283 5171 1566 5247 Alricanos
1604 5178 1781 5225 autem

221 5245 281 5299 ab
316 5243 589 5330 episcopis
619 5244 974 5301 Orientalibus
1010 5244 1266 5300 auxilium
1297 5243 1609 5315 poposcisse
1653 5255 1785 5297 nus-

222 5316 366 5383 quam
398 5316 645 5387 legimus.

284 5396 314 5466 Λα
340 5387 680 5466 Non_quippe
704 5386 883 5457 populi
912 5386 1084 5466 solum
1100 5385 1325 5466 ,_sed_et
1353 5385 1483 5457 ipsae
1522 5399 1681 5466 oves,
1731 5382 1786 5439 id

225 5464 300 5511 est
321 5457 635 5527 populorum
668 5469 908 5526 pastores
942 5457 1081 5512 beati
1127 5457 1267 5511 Petri
1297 5472 1439 5512 cura:
1487 5457 1788 5527 commissa:

170 5536 171 5539 ‘
227 5525 357 5595 sunt.
394 5525 718 5584 Ambrosius
760 5528 851 5585 lib.
897 5543 930 5581 x
966 5529 1021 5581 in
1048 5527 1277 5595 Lucam,
1328 5542 1475 5581 num.
1522 5525 1644 5588 176,
1678 5536 1789 5580 tres

229 5594 451 5654 ﬁdelium
483 5599 697 5654 ordines
725 5597 886 5653 Petro
905 5594 1304 5653 commendatus
1346 5596 1512 5651 fuisse
1541 5602 1786 5661 testatur,

230 5668 392 5741 primo
418 5669 820 5741 quidemgagnos
842 5708 862 5737 ,
900 5668 1132 5741 secunda
1166 5668 1284 5720 vice
1304 5665 1603 5741 ,_ouiculas,
1634 5668 1790 5741 tertio

231 5734 451 5810 denique
477 5756 611 5795 om.
634 5734 784 5797 Uride
812 5734 1102 5810 conjiciunt
1120 5736 1358 5810 nonnulli
1386 5736 1601 5810 intexto
1628 5734 1792 5810 Joan-

234 5809 310 5884 nis
351 5806 618 5884 provoce
642 5806 929 5884 τεροβάτιαξ
950 5883 955 5884 ί
973 5825 1088 5881 qua:
1112 5807 1368 5884 secundo
1398 5806 1517 5884 loco
1568 5806 1790 5884 legitur,

233 5876 624 5948 olim—scriptum
644 5876 808 5937 fuisse
829 5876 1085 5951 nosam.
1112 5876 1239 5933 Hace
1259 5885 1437 5933 tamen
1463 5876 1623 5934 lectio
1642 5878 1791 5934 nullo

1704 6002 1767 6015 ..θ’

1870 2018 1922 2065 et
1950 2024 2047 2080 pro
2077 2009 2230 2064 malis
2257 2018 2407 2064 orate
2435 2010 2542 2077 jam
2578 2006 2723 2075 ﬁliis,
2747 2007 2870 2077 quia
2898 2015 2953 2062 et
2989 2003 3234 2060 Christus
3270 2005 3441 2059 oravit

1869 2100 2031 2157 etiam
2062 2115 2159 2168 pro
2189 2099 2419 2154 inimicis
2443 2098 2641 2154 ludatis
2663 2096 2816 2170 (Luc.
2842 2112 2969 2152 xxttt
2988 2137 3003 2165 ,
3028 2094 3143 2164 5i).
3168 2093 3444 2151 Sufﬁciam

1838 2188 1841 2191 ’
1869 2191 2205 2263 castigationi
2236 2206 2355 2261 quas
2384 2191 2523 2258 Iuste
2548 2178 2691 2245 illata
2728 2198 2853 2246 sunt
2880 2186 3062 2255 nobis,
3094 2199 3149 2242 et
3174 2187 3282 2257 jam
3307 2188 3445 2256 jam-

1868 2300 1973 2356 que
1999 2283 2428 2354 delinquentibus
2455 2282 2607 2338 venia
2638 2280 2967 2352 postuletur;
2998 2280 3313 2351 dicaturque
3339 2280 3447 2334 Au-

1868 2377 1988 2447 gelo
2028 2376 2384 2448 percutienti:
2419 2372 2656 2437 Sufﬁcit,
2685 2374 2792 2443 jam
2823 2356 3014 2428 cohibe
3042 2386 3257 2429 manum
3300 2381 3445 2427 tuam

1872 2467 1923 2538 (I
1946 2466 2122 2521 Parui.
2140 2466 2377 2537 xxt,jl5).
2407 2463 2537 2533 Quis
2566 2463 2773 2535 ignorat
2801 2463 2917 2519 haec
2947 2463 3101 2520 nobis
3131 2463 3446 2533 probrorum

1872 2574 2175 2621 nostrorum
2211 2565 2412 2621 scelera
2442 2579 2779 2636 procurasse,
2808 2562 3178 2620 aberrantibus
3216 2579 3245 2618 a
3294 2580 3447 2620 man-

1872 2658 2010 2714 datis
2038 2657 2168 2724 Dei,
2197 2668 2251 2715 et
2277 2657 2331 2714 in
2363 2657 2482 2728 lege
2507 2657 2623 2727 ejus
2645 2656 2947 2713 nolentibus
2973 2655 3248 2712 ambulare
3275 2654 3445 2728 (Psal.

1874 2764 2078 2829 uxvn,
2114 2750 2242 2819 10)?
2281 2748 2387 2806 Sed
2435 2749 2683 2819 prostrati
2731 2762 3005 2819 rogamus,
3048 2758 3105 2803 ut
3142 2763 3249 2805 non
3295 2763 3447 2818 sper-

1875 2841 2013 2897 natis
2055 2850 2264 2897 vestros
2309 2840 2534 2895 miseros
2581 2840 2601 2877 ί
2638 2847 2980 2908 peccatores,
3036 2852 3131 2908 per
3178 2852 3300 2894 eum
3356 2836 3447 2906 qui

1874 2951 1970 2997 vos
2015 2934 2082 2993 ad
2128 2933 2476 3005 apostolicum
2530 2931 2639 3004 49
2682 2931 2893 2988 culmen
2939 2931 3184 3002 provexit
3224 2929 3449 2986 humiles

1877 3028 2189 3098 piscatores.

1950 3119 2091 3175 XXI.
2123 3118 2317 3175 Tenuit
2342 3117 2787 3173 sceleratissimus
2810 3116 3107 3173 Hunericus
3127 3115 3450 3173 dominatio-

1848 3208 2000 3269 'nem
2027 3212 2175 3283 regni
2216 3210 2368 3271 annis
2397 3218 2631 3289 septem,
2666 3209 2940 3266 mensibus
2969 3210 3182 3275 decem,
3229 3212 3452 3266 merito-

1877 3322 1992 3387 rum
2023 3320 2239 3361 suorum
2272 3313 2298 3353 ε
2330 3311 2561 3365 mortem
2600 3316 3001 3358 consummans.
3057 3302 3189 3358 Nam
3221 3304 3453 3374 putrefa-

1876 3408 1992 3454 ctus
2027 3406 2081 3454 et
2117 3395 2381 3453 ebulliens
2416 3395 2705 3462 vermibus,
2753 3409 2859 3450 non
2897 3409 3110 3465 corpus,
3151 3395 3245 3451 sed
3279 3405 3455 3465 partes

1877 3490 2120 3561 corporis
2163 3489 2281 3559 ejus
2332 3487 2578 3545 videntur
2623 3501 2741 3555 esse
2796 3480 3038 3557 sepultae.
3093 3484 3119 3525 δ
3173 3488 3321 3545 Sicut
3364 3489 3454 3548 ille

1878 3623 2061 3679 codice
2105 3636 2205 3676 ms.
2239 3621 2445 3687 nititur,
2477 3621 2667 3677 saltem
2695 3621 2909 3690 cognito
2932 3660 2946 3683 ,
2980 3629 3037 3675 ut
3072 3630 3215 3690 patet
3241 3631 3348 3677 tum
3377 3638 3447 3679 ex

1883 3693 2116 3751 editione
2140 3691 2324 3759 Regia,
2352 3700 2461 3744 tum
2492 3705 2558 3745 ex
2578 3690 2897 3747 Oxoniensi.
2914 3692 3173 3746 Caeterum
3200 3703 3306 3747 tres
3333 3692 3454 3747 illos

1881 3763 2075 3833 gradus
2102 3762 2522 3833 interpretantur
2541 3760 2802 3833 nonnulli,
2832 3762 3086 3833 populos.
3116 3763 3459 3832 presbytero!
3572 3774 3573 3777 ‘

1880 3828 1933 3889 et
1962 3834 2262 3902 episcopos.
2284 3828 2409 3882 Ideo
2423 3831 2582 3902 enim,
2614 3842 2667 3882 ιιι
2684 3831 2755 3883 ait
2772 3830 2967 3902 ibidem
2983 3828 3292 3902 Ambrosius
3307 3848 3454 3895 num.

1883 3899 2009 3969 175,
2032 3899 2159 3972 quid
2174 3900 2311 3957 solus
2337 3900 2601 3971 proﬁtetur
2621 3916 2683 3955 ex
2703 3899 2954 3967 omnibus,
2984 3901 3193 3968 Petrus,
3228 3905 3465 3963 onmibtn

1881 3978 2180 4044 antefertur.
2226 3972 2301 4044 De
2334 3986 2460 4044 cura
2498 3973 2736 4044 omnium
2765 3972 2924 4044 beato
2952 3972 3117 4044 Petro»
3144 3976 3453 4043 commissa,

1886 4041 2043 4116 plura
2056 4043 2213 4101 habet
2230 4041 2632 4116 Bernarduslih.
2651 4056 2686 4095 ιι
2707 4042 2773 4116 de
2785 4041 3249 4116 Consideratione,
3261 4059 3377 4113 cap.
3399 4041 3452 4100 8.

1956 4112 1982 4152 ἀ
2009 4115 2134 4169 llaec
2163 4113 2321 4167 verba
2354 4128 2518 4181 usque
2544 4114 2607 4167 ad
2644 4113 2989 4181 universique,
3017 4113 3207 4169 desunt
3238 4114 3291 4168 in
3323 4112 3452 4170 mss.

1881 4185 2036 4242 Colb.
2068 4185 2119 4249 1,
2150 4185 2328 4251 Mart.,
2362 4181 2504 4247 FuL,
2528 4183 2736 4249 Germ.,
2766 4194 2820 4239 et
2843 4184 2894 4239 in
2917 4183 3074 4240 editis
3106 4185 3251 4251 Sur.,
3280 4186 3454 4251 Bald.,

1884 4256 2064 4327 Bign.,
2112 4254 2287 4327 Orth._.
2338 4253 2616 4327 ctBell'or.
2662 4253 2862 4327 Tamen
2891 4266 3300 4327 ergaisanctum
3348 4258 3457 4311 An-

1880 4324 2064 4382 dream
2109 4324 2366 4395 singulari
2409 4324 2693 4381 devotione
2722 4325 2939 4380 allectos
2979 4324 3457 4395 luisserAfricanos

1882 4394 2289 4468 colligigpot’est
2337 4411 2409 4450 cx
2458 4396 2629 4451 veteri
2677 4395 2977 4451 calendario
3022 4394 3455 4468 carthaginensis

1887 4466 2162 4532 Ecclesiae,
2191 4466 2242 4521 in
2275 4481 2379 4535 quo
2407 4481 2473 4521 ex
2487 4468 2756 4538 apostolis
2784 4470 2928 4538 solus
2958 4467 3191 4538 Andreas
3205 4466 3241 4534 ,'
3262 4469 3349 4538 qui
3383 4466 3457 4521 ibi

1884 4538 2145 4619 apostolus
2176 4547 2222 4591 et
2251 4548 2442 4619 martyr
2468 4536 2679 4619 dicitur,
2710 4542 2829 4619 cum
2856 4535 3077 4608 Jacobo,
3103 4535 3296 4606 praeter
3317 4537 3455 4594 forte

1883 4607 2242 4680 apostolorum
2276 4607 2563 4675 principes,
2595 4607 2916 4662 celebratur.
3303 4678 3316 4690 .

1956 4689 1979 4716 ο
2008 4680 2118 4733 Huc
2158 4676 2501 4731 referendum
2528 4676 2765 4745 quodgde
2792 4675 2932 4729 Afris
2974 4676 3133 4733 habet
3174 4677 3459 4737 Salvianus

1883 4750 1937 4802 in
1968 4748 2117 4802 libris
2142 4747 2210 4799 de
2242 4743 2639 4803 Gubernalionc
2671 4743 2784 4809 Dei,
2816 4746 3149 4812 potissimum
3179 4745 3269 4807 lib.
3311 4762 3383 4801 vlt
3404 4755 3461 4801 et

1822 4824 1823 4827 ‘
1883 4832 1997 4881 vui,
2031 4818 2117 4871 ubi
2142 4830 2327 4870 eorum
2355 4814 2830 4886 depravatissimos
2852 4829 3061 4886 mores,
3082 4830 3143 4871 ac
3165 4816 3475 4885 praesertim

1887 4886 2152 4940 luxuriatur
2172 4925 2187 4948 ,
2237 4882 2667 4952 spectaculorum
2690 4882 3017 4949 aviditatem,
3046 4882 3318 4939 hominum
3353 4887 3463 4941 Deo

1887 4967 2219 5027 sacratorum
2247 4960 2609 5027 contemptum
2633 4954 2857 5027 aliaque
2898 4955 2947 5011 id
2975 4969 3142 5025 genus
3166 4957 3313 5022 vitia,
3336 4956 3459 5027 qui-

1887 5026 1985 5081 bus
2016 5026 2086 5080 illi
2119 5026 2171 5081 in
2216 5040 2349 5098 sese,
2381 5024 2528 5098 ipsos
2557 5023 2651 5098 Dei
2678 5023 3413 5085 vindictam'commoverunt
3443 5067 3459 5098 ,

1887 5099 2099 5168 egregie
2127 5096 2377 5168 describit
2408 5110 2471 5150 ac
2501 5095 2762 5167 deplorat.
3063 5166 3077 5168 Α
3444 5095 3471 5123 τ,

1967 5168 1986 5206 ί
2023 5166 2325 5241 [θεειιάιιιη
2357 5167 2823 5241 ΐοτξφρζεεαωηε.
2857 5168 3025 5229 Porro
3048 5166 3200 5225 Colb.
3227 5183 3265 5229 I.
3290 5168 3463 5238 Port.,

1888 5237 2122 5306 Germ,
2145 5239 2286 5307 Ful.,
2340 5248 2393 5293 et
2418 5237 2599 5309 Cltilﬂ.
2632 5240 2849 5303 habent,
2878 5249 3169 5309 peccatores
3190 5282 3207 5306 ,
3243 5237 3464 5297 satillum

1888 5326 1983 5382 pro
2004 5311 2148 5382 nobis
2171 5309 2433 5382 deprecari
2455 5308 2737 5380 dignemini
2764 5325 2848 5375 QUI
2875 5308 2990 5374 vos,
3011 5319 3118 5382 αις,
3190 5380 3199 5382 Α
3252 5381 3257 5382 ί
3452 5326 3469 5382 _‘

1963 5390 1988 5428 ι
2018 5381 2143 5435 Lor.
2204 5379 2361 5434 habet
2414 5379 2574 5433 morte
2621 5388 3017 5437 consummatus.
3072 5380 3145 5447 Et
3188 5380 3320 5443 intra
3366 5379 3467 5437 soli

1844 5452 1851 5483 ί
1890 5451 2104 5524 Comp.,
2144 5450 2324 5524 0rth.,
2352 5460 2408 5524 et
2437 5450 2713 5524 Lorichins
2742 5448 2940 5505 habent
2968 5454 3305 5524 putreﬁactus.
3353 5451 3467 5515 Cx-

1892 5523 1989 5577 teri
2018 5520 2150 5578 mss.
2178 5530 2232 5576 et
2260 5520 2412 5588 editi,
2446 5520 2803 5590 putrefactum.

1966 5591 1993 5629 ιλ
2027 5592 2177 5648 Hunc
2207 5592 2381 5645 locum
2407 5588 2483 5645 sic
2504 5588 2605 5660 ope
2632 5588 2855 5647 Ortbod.
2886 5598 2942 5646 et
2961 5591 3193 5655 Lorichii
3231 5592 3471 5651 restitui.

1893 5678 2031 5719 mus.
2069 5664 2122 5717 In
2172 5664 2387 5739 caneris
2408 5659 2583 5739 nullus
2621 5666 2813 5715 sensus
2853 5662 3468 5739 apparet_.__Singulor1_m

1896 5744 2071 5790 tamen
2101 5732 2344 5788 codicum
2374 5730 2631 5803 lectiones
2655 5728 3039 5803 repraesentare
3065 5728 3297 5800 libetﬁtt
3322 5728 3477 5803 quis"

1934 5822 1998 5859 ue
2025 5819 2088 5861 ea
2117 5804 2184 5858 de
2212 5817 2271 5857 re
2299 5800 2465 5870 possit
2484 5801 2743 5870 judicium
2775 5802 2937 5871 ferre,
2969 5815 3028 5858 ut
3056 5805 3158 5859 sibi
3188 5800 3468 5871 placuerit,

2030 5869 2805 5940 Editiones’Rhenaui,Chifll.,
2832 5869 2954 5931 Sur.
3009 5874 3192 5941 Bign.,
3220 5881 3274 5928 et
3296 5869 3471 5944 Βιιιιὶἰ
