4082 6320
511 320 615 378 279

516 515 695 558 mento
721 501 953 572 Regium,
986 501 1069 557 cui
1115 517 1307 569 nempe
1351 503 1561 571 praefuit
1589 503 1945 570 Augustinus;
1969 501 2089 557 non

518 585 692 627 tamen
722 574 821 628 erit
870 574 1053 627 inutile
1100 573 1184 627 hic
1238 573 1573 633 observasse.
1624 582 1900 641 utramque
1956 572 2092 627 hanc

516 646 701 698 urbem
733 659 762 697 a
787 643 1044 698 Strabone
1073 642 1208 696 libro
1237 659 1343 698 xvii
1372 642 1659 712 Hipponem
1692 644 1903 711 Regium
1930 645 2091 698 fuisse

516 716 852 785 appellatam.
908 714 1230 785 Deiutraqne
1256 714 1471 768 Solinus
1523 716 1572 768 in
1605 715 1938 785 Polyhistore
1967 728 2087 782 cap.

513 786 601 843 5t).
633 784 945 854 Hipponem,
973 784 1186 852 Regium
1212 795 1386 854 postea
1414 785 1624 845 dictum,
1655 783 1773 839 item
1798 783 2092 853 Hipponem

513 856 748 912 alterum.
783 853 846 906 de
874 856 1196 923 interﬂuente
1222 856 1371 923 freto,
1410 854 1711 908 Diarrhiton
1740 866 2091 924 nuncupatum

513 924 825 976 nobilissima
848 926 1034 994 oppida
1059 926 1243 992 equites
1263 924 1428 979 ϐιωσὶ
1452 926 1804 980 condiderunt.

586 994 637 1047 6.
672 995 1025 1048 GUNELENSIS.
1052 995 1233 1049 Codex
1263 996 1459 1050 llalleri
1509 997 1645 1063 apud
1673 994 1955 1060 Ortelium,
1982 994 2091 1049 Gu-

512 1066 805 1128 nclmensis,
823 1066 948 1119 urbs
970 1066 1317 1136 subutroque
1334 1067 1547 1120 nomine
1568 1082 1717 1135 atque
1737 1066 1865 1120 mihi
1889 1066 2088 1136 ignota.

587 1139 634 1187 7.
670 1136 1003 1190 UZIALENSIS.
1036 1135 1123 1191 Sic
1152 1146 1374 1200 uterque
1408 1136 1574 1192 codex
1604 1152 1702 1190 ms.
1731 1137 1869 1190 Editi
1911 1135 2088 1191 autem

514 1205 713 1259 habent
747 1206 1042 1271 Uzolensis,
1094 1216 1146 1260 et
1198 1206 1411 1275 quidem
1461 1208 1694 1261 melius:
1725 1207 1965 1262 Celebris
2010 1215 2093 1262 est

513 1278 1057 1347 {IplltiiAAllgllSllﬂUln
1088 1277 1310 1345 epi~tolt
1344 1277 1412 1330 55
1457 1289 1510 1333 et
1540 1277 1667 1331 alibi
1719 1280 1915 1347 passim
1959 1277 2092 1331 Ero-

514 1347 628 1418 tlins
663 1345 929 1400 Uzalensis
978 1349 1260 1418 episcopus,
1294 1364 1449 1416 quem
1486 1345 1928 1402 landantvomnia
1979 1348 2091 1403 fere

513 1416 665 1468 istius
692 1420 786 1470 arvi
837 1433 986 1469 saera
1019 1416 1381 1472 monumenta.
1416 1419 1565 1473 Hunc
1595 1434 1722 1471 vero
1749 1419 1969 1473 miratur
1994 1418 2088 1474 Ba-

516 1487 681 1541 luzius
714 1488 849 1541 inter
881 1489 1011 1541 alios
1053 1489 1353 1555 episcopis,
1384 1489 1473 1557 qui
1504 1490 1782 1543 Collationi
1812 1489 2091 1557 Carthagi-

517 1562 663 1611 nensi
692 1573 830 1611 anno
852 1559 914 1611 41
936 1560 978 1623 l,
1005 1560 1383 1623 interfuerunt,
1410 1575 1514 1612 non
1549 1558 1712 1614 fuisse
1736 1560 2087 1623 reccnsitum;

516 1645 636 1681 cum
672 1644 739 1681 ex
770 1629 994 1682 adversi)
1022 1627 1173 1682 Felix
1199 1628 1433 1696 ejusdem
1466 1631 1609 1685 urbis
1640 1630 1942 1698 episcopus,
1966 1645 2085 1699 cap.

514 1699 639 1759 204,
691 1699 827 1753 inter
856 1699 1158 1753 Donatistas
1209 1703 1586 1769 comparuerit.
1640 1700 1821 1753 Evodii
1869 1716 2086 1767 nomen,

517 1771 655 1837 quod
687 1776 737 1823 in
767 1770 989 1823 laudata;
1019 1769 1350 1833 Collationis,
1381 1774 1683 1836 cognitione
1714 1773 1765 1833 5,
1812 1785 1927 1837 cap.
1961 1772 2087 1835 141,

517 1841 861 1907 depravatum
895 1841 1064 1893 luerat
1093 1857 1154 1893 ex
1202 1841 1388 1895 codice
1428 1857 1528 1895 ms.
1562 1842 1793 1894 restituit
1822 1842 1960 1896 idem
1989 1843 2092 1895 Ba-

518 1910 709 1981 ltizitts,
746 1913 829 1964 ubi
860 1920 1012 1964 antea
1063 1910 1314 1971 Emtctlto,
1367 1928 1459 1965 seu
1505 1911 1740 1965 Enuodio
1794 1911 2091 1981 legebatur.

522 1980 776 2034 Mustulus
806 1982 1090 2049 episcopus,
1121 1982 1245 2035 item
1278 1981 1543 2035 Uzttlcnsis
1569 2023 1581 2040 .
1624 1980 1939 2050 subscripsit
1968 1999 2098 2038 con-

518 2052 641 2106 cilio
664 2052 1065 2117 Carthaginensi
1095 2055 1193 2106 sub
1228 2054 1518 2106 Bonifacio.
1546 2052 1722 2107 Uzalze
1752 2053 1909 2107 situm
1952 2053 2097 2107 desi-

517 2132 645 2190 gnat
671 2123 993 2191 Augustinus
1022 2123 1113 2176 lib.
1146 2138 1255 2175 χχιι
1282 2124 1346 2175 de
1370 2125 1594 2178 (.‘ivitate
1628 2124 1737 2183 Dei,
1770 2139 1887 2192 cap.
1923 2126 1975 2190 8,
2010 2124 2099 2178 ubi

517 2195 701 2246 urbem
735 2195 868 2246 hanc
895 2194 1057 2248 Utica:
1084 2193 1306 2247 coloniae
1338 2196 1633 2261 proximam
1660 2195 1821 2247 fuisse
1853 2204 2096 2249 testatur.

523 2263 855 2385 Uzaliianuttt
890 2265 1135 2334 Oppidum
1166 2261 1406 2316 Latinum
1435 2266 1668 2333 appellat
1694 2264 1895 2318 Plinius
1924 2266 2013 2320 lib.
2047 2282 2098 2330 ν,

523 2346 633 2385 can.
711 2372 727 2385 .

516 2346 633 2402 cap.
673 2346 727 2389 4.

592 2404 644 2457 8.
680 2404 1137 2475 Mausaosnrsuus.
1168 2404 1344 2459 Codex
1379 2405 1575 2459 Halleri
1646 2405 1784 2472 apud
1816 2406 2096 2475 Ortelium,

532 2474 963 2544 Hembresitanus.
1002 2474 1279 2527 Memblosa
1322 2489 1367 2526 et
1419 2476 1718 2535 Membrcsa,
1769 2493 1862 2530 seu
1928 2474 2100 2544 potius

524 2543 854 2608 Mcmbressa,
888 2547 1004 2597 dua:
1034 2555 1158 2598 sunt
1204 2545 1442 2611 ejusdem
1474 2548 1584 2601 fere
1604 2547 1831 2600 nominis
1864 2549 2020 2601 urbes
2049 2550 2100 2604 in

524 2614 721 2678 Africa,
756 2630 873 2684 a-se
911 2617 1134 2668 invicem
1179 2616 1423 2677 diversae,
1459 2627 1514 2669 ut
1565 2618 1759 2671 inviole
1790 2619 1975 2684 probat
2002 2621 2098 2671 ad-

523 2699 707 2739 versus
739 2683 1055 2738 Carnerium
1090 2688 1345 2739 llenricus
1377 2688 1612 2741 Norisius
1636 2728 1651 2752 ,
1689 2688 1739 2741 in
1770 2683 2102 2744 animadver-

524 2755 763 2809 sionibus
791 2757 855 2809 ad
882 2757 1119 2825 ejusdem
1152 2757 1391 2811 Caruerii
1442 2769 1611 2811 notas.
1636 2762 1686 2811 in
1717 2759 1935 2812 Marium
1969 2761 2102 2814 Mer-

526 2834 782 2880 catorrm.
810 2827 873 2879 Et
901 2828 1115 2897 quidem
1141 2829 1193 2882 in
1217 2828 1509 2882 Collatione
1532 2830 1801 2897 Carthag.,
1830 2845 1946 2896 t-ap.
1976 2832 2096 2897 155,

526 2904 851 2968 memoratur
886 2896 1131 2968 Theasitts
1175 2901 1438 2968 episcopus
1476 2900 1634 2967 plebis
1676 2896 2099 2968 dieittblositatttr,

524 2967 615 3037 qui
647 2968 889 3020 unitatem
915 2966 1154 3021 Ecclesite
1182 2966 1450 3024 catholica:
1479 2966 1617 3037 apud
1645 2986 1701 3023 se
1734 2972 1915 3024 haberi
1949 2966 2098 3026 testi;

524 3041 710 3092 licatus
740 3047 839 3091 est.
871 3038 1020 3093 Licet
1048 3041 1205 3107 paulo
1232 3050 1387 3094 antea
1424 3042 1724 3109 recensitus
1755 3041 1943 3095 fuisset
1967 3040 2102 3096 Geu-

524 3109 711 3162 nadius
738 3112 1003 3181 episwpus
1032 3111 1189 3181 plebis
1224 3111 1649 3166 Membressitanaz
1677 3114 1992 3176 catholicos,
2017 3114 2101 3168 cui

1530 318 1866 376 APi’ENDiX
1910 316 2002 373 AD
2045 314 2388 371 VICTORBM
2428 312 2790 371 VITENSEM.

514 433 721 488 nesciat
746 431 907 487 alium
942 438 1137 502 praeter
1179 430 1318 486 hunc
1348 428 1641 502 Hipponem
1688 431 1851 486 fuisse
1891 445 2093 502 cogno-
2122 428 2175 489 Α
2203 429 2369 484 fuisse
2399 428 2708 502 episcopum
2737 426 2914 495 potius
2936 425 3261 502 crediderim

3606 235 3725 245 ι-..μοη

3676 308 3786 367 980

3289 438 3446 497 quam
3470 425 3778 483 Memblnsi-

2200 509 2401 554 tanum.
2445 499 2550 555 Nec
2589 497 2772 554 Obstat
2810 498 2950 568 quod
2990 498 3229 552 nonnulli
3278 497 3658 552 Membressam
3706 499 3779 554 ad

2194 570 2491 625 Numidiam
2536 569 2859 638 pertinuisse
2915 568 3341 623 existimaverint
3373 587 3385 620 :
3419 584 3540 622 cum
3598 568 3779 622 Victo-

2194 658 2301 696 rem
2330 643 2623 710 episcopum
2643 640 2868 694 ecclesitz
2903 638 3333 693 Membressitana:
3353 638 3651 698 habeamus,
3683 642 3777 709 qui

2195 712 2335 767 inter
2360 724 2585 767 caeteros
2614 711 3012 780 proconsularis
3045 710 3329 776 provincitc
3358 711 3664 777 epi~copos,
3686 726 3782 780 sy-

2195 782 2401 838 nodica:
2440 783 2553 850 jam
2600 781 2825 837 laudata:
2851 781 3165 849 subscripsit
3195 780 3246 835 in
3275 781 3507 850 concilio
3558 780 3778 834 Latera-

2195 854 2345 907 nensi
2390 849 2490 907 sub
2518 860 2703 907 sancto
2730 852 2979 915 Martino,
3010 852 3218 906 actione
3264 849 3320 914 Ξ,
3373 859 3430 905 et
3460 849 3780 905 Paschasius

2195 922 2644 977 Membressi-tanus
2703 923 2827 976 item
2881 922 3164 989 episcopus
3211 920 3511 975 interfuerit
3570 925 3780 991 syno’du

2194 993 2599 1062 Carthaginensi
2660 993 2761 1047 sub
2824 992 3129 1057 lionifacio,
3179 1007 3320 1046 anno
3363 992 3491 1047 525.
3540 992 3678 1057 Quin
3720 1001 3783 1047 et

2195 1062 2494 1128 Mcmbresa,
2552 1072 2607 1116 nt
2637 1063 2687 1116 in
2718 1064 2904 1118 codice
2937 1063 3154 1126 llalleri,
3180 1078 3300 1116 cum
3333 1066 3489 1115 unica
3528 1080 3552 1116 s
3583 1062 3776 1116 scribi-

2196 1143 2281 1189 tur
2305 1136 2356 1189 in
2386 1135 2614 1189 concilio
2644 1132 2894 1198 Carthag.
2929 1133 3029 1187 sub
3056 1142 3241 1187 sancto
3267 1132 3556 1202 Cypriane,
3596 1132 3647 1185 in
3672 1148 3781 1201 quo

2196 1220 2292 1272 pro
2321 1204 2717 1273 rebaptizandis
2751 1204 3016 1259 haereticis
3049 1203 3304 1273 confessor
3324 1202 3512 1256 Lucius
3534 1221 3568 1257 a
3609 1202 3780 1273 Mem-

2195 1278 2340 1329 bresa
2368 1277 2685 1331 sententiam
2715 1275 2864 1328 dixit.
2898 1274 3146 1341 Ejusdem
3196 1274 3380 1338 urbis,
3412 1288 3570 1342 quam
3618 1272 3780 1327 Mem-

2194 1347 2411 1399 brissam
2435 1346 2687 1415 appellat,
2724 1345 2966 1400 meminit
2991 1344 3283 1412 ProcOpius
3310 1344 3447 1397 libro
3476 1360 3511 1400 ιι
3535 1345 3604 1398 tle
3633 1344 3780 1400 Bello

2196 1415 2504 1481 Vandalico,
2542 1416 2628 1468 ubi
2663 1431 2781 1470 eam
2808 1417 3127 1480 Carthagine
3170 1418 3404 1469 trecentis
3441 1424 3488 1468 et
3519 1417 3774 1483 quinqua-

2193 1490 2333 1558 ginta
2361 1488 2538 1540 stadiis
2569 1486 2849 1558 distitisse
2878 1484 3088 1558 scribit.
3128 1486 3314 1558 Ipsam,
3334 1500 3462 1539 vero
3507 1484 3562 1558 in
3601 1484 3784 1558 Numi-

2193 1555 2292 1683 ἶιίςυ
2324 1567 2379 1613 et
2402 1558 2799 1628 proconsularis
2828 1556 3021 1611 ﬁnibus
3049 1557 3208 1612 sitam
3246 1555 3412 1611 fuisse
3440 1571 3506 1611 ex
3539 1556 3780 1611 Antonio

2219 1637 2380 1683 iuuet.

2219 1629 2380 1697 iquct.

2265 1700 2321 1755 9.
2365 1699 2815 1754 BENEVENTENSIS.
2838 1698 2925 1753 Sic
2946 1698 3112 1755 codex
3136 1714 3239 1753 ms.
3262 1698 3639 1753 Laudunensis
3658 1714 3781 1753 cum

2196 1770 2421 1839 vulgatis
2447 1770 2788 1824 editionibus.
2835 1768 3015 1825 Codex
3063 1780 3237 1824 tamen
3277 1769 3475 1822 Halleri
3505 1768 3645 1836 apud
3677 1770 3775 1823 0r-

2203 1842 2386 1895 telium
2420 1841 2579 1895 habet
2606 1839 2957 1895 Beuentensis.
3006 1840 3155 1895 Untle
3196 1840 3494 1906 suspicatur
3536 1842 3786 1893 eruditus

2204 1912 2447 1965 Baluzius
2478 1912 2528 1964 in
2562 1914 2700 1964 notis
2740 1911 2806 1963 atl
2847 1919 3006 1980 caput
3040 1910 3138 1964 1‘28
3167 1909 3788 1980 CollationisACarthagi-

2204 1982 2416 2045 nensis,
2446 1981 2865 2035 Beneventensem
2904 1978 2996 2036 aeu
3028 1980 3393 2035 Beuentensem
3417 1978 3608 2035 urbem
3630 2020 3643 2041 ,
3688 1980 3780 2035 hic

2204 2068 2258 2107 tu
2289 2053 2481 2106 Notitia
2514 2062 2890 2115 memoratam,
2938 2068 3054 2106 eam
3088 2052 3253 2119 ipsam
3282 2066 3400 2105 esse
3432 2053 3514 2103 cui
3548 2060 3783 2119 praeerat

2204 2124 2493 2178 Adcodatus
2520 2125 2785 2191 episcOpus
2816 2123 2973 2190 plebis
3005 2122 3392 2186 Rencenueusis,
3424 2121 3559 2174 inter
3589 2123 3781 2174 catho-

2205 2194 2337 2249 licus
2366 2195 2633 2247 antistites
2665 2194 2715 2245 in
2745 2193 3060 2247 Collatinnis
3088 2194 3260 2261 capite
3288 2194 3504 2245 laudato
3535 2193 3779 2261 recensi-

2205 2274 2311 2319 tus.
2359 2264 2473 2318 Jam
2501 2274 2655 2318 antea
2683 2263 2971 2318 Carnerius
3001 2259 3373 2316 Rencennensis
3407 2277 3501 2329 pro
3526 2259 3785 2315 Beneven-

2206 2337 2359 2389 tensis
2398 2336 2677 2403 legendum
2719 2349 2837 2388 esse
2866 2342 3182 2395 censuerat;
3229 2333 3323 2387 setl
3363 2332 3477 2385 hmc
3515 2333 3784 2386 sententia

2206 2407 2437 2459 llenrico
2468 2406 2672 2459 Norisio
2698 2422 2804 2459 non
2836 2405 3053 2470 placuit,
3082 2405 3168 2472 qui
3203 2420 3263 2456 ea
3297 2403 3361 2457 de
3389 2418 3549 2456 causa
3580 2403 3786 2457 Carne-

2206 2478 2342 2531 rium
2386 2477 2657 2544 redarguit
2699 2476 2750 2528 in
2793 2490 3019 2529 censura
3059 2473 3513 2544 adversusipsius
3548 2485 3701 2528 notas
3734 2475 3783 2527 in

2209 2543 2611 2610 inacriptionem
2639 2546 2877 2615 epistolae
2903 2545 3174 2616 synodicae
3194 2543 3636 2616 Carthaginiensis
3657 2558 3789 2597 con-

2205 2618 2335 2672 cilii.
2369 2617 2655 2671 Contendit
2678 2614 2874 2685 quippe
2902 2614 3142 2669 Norisius
3169 2615 3501 2668 Bencennam
3520 2624 3586 2685 et
3616 2615 3787 2668 Bene-

2208 2697 2426 2741 ventum
2452 2689 2583 2741 duas
2609 2684 2771 2741 luiSse
2800 2689 2849 2739 in
2876 2687 3048 2740 Africa
3076 2686 3233 2738 urbes
3259 2685 3477 2737 omnino
3499 2684 3782 2738 diversas:

2206 2774 2427 2825 quarum
2470 2759 2701 2826 priorem
2740 2772 2806 2812 ex
2835 2757 3133 2810 Collatione
3162 2754 3569 2826 Carthaginiensi
3601 2764 3783 2826 notam

2208 2824 2369 2883 fuisse
2399 2824 2559 2893 dicit;
2601 2830 2824 2881 alteram
2855 2843 2980 2881 vero
3009 2842 3114 2880 non
3146 2827 3316 2879 solum
3351 2826 3400 2878 in
3431 2824 3651 2890 Notitia,
3686 2825 3782 2879 sed

2206 2902 2368 2954 etiam
2393 2901 2444 2952 in
2469 2898 2760 2967 percelehri
2784 2899 3011 2953 concilio
3035 2895 3333 2950 Arelatensi
3353 2895 3494 2967 quod
3520 2910 3663 2948 anno
3684 2896 3789 2967 ιιι

2207 2965 2530 3024 ουΙθΙιιειιιίιιι
2564 2968 2681 3035 fuit,
2717 2969 3024 3023 memorari.
3060 2969 3122 3020 Et
3149 2967 3365 3035 quidem
3399 2965 3522 3019 huic
3556 2966 3787 3037 synodo,

2207 3043 2344 3095 inter
2366 3042 2497 3095 alios
2518 3042 2782 3094 antisutes
2806 3041 2896 3108 qui
2924 3054 3042 3093 cum
3066 3038 3353 3108 Czeciliano
3375 3036 3789 3106 Carthaginensi

2207 3128 2268 3165 es
2293 3112 2467 3181 Africa
2494 3106 2875 3181 convenerant,
2911 3111 3223 3178 subscripsit
3248 3106 3554 3161 Anastasius
3584 3109 3790 3177 episco-

3330 241 3399 268 .4

524 3194 587 3253 ex
612 3187 766 3253 parte
791 3180 975 3253 Donati
1000 3196 1117 3249 cap.
1156 3182 1257 3253 198
1281 3185 1566 3249 opponitur
1590 3182 1887 3235 Restitutus.
1916 3184 2106 3238 lt‘ateor
2132 3184 2178 3246 C
2212 3200 2305 3253 pus
2332 3184 2394 3234 tle
2421 3183 2619 3235 civitate
2641 3180 3001 3253 Beneventum.

527 3248 669 3323 hunc
704 3250 1026 3323 Restitutum
1066 3248 1134 3323 in
1180 3248 1402 3323 vulgatis
1450 3253 1770 3306 etlitionibus
1818 3255 2107 3323 episcopum

527 3318 688 3385 plebis
721 3318 1100 3387 Simingitensis
1144 3318 1434 3389 appellari,
1467 3324 1561 3375 sed
1586 3318 1862 3386 mendose,
1898 3332 1952 3375 ut
1990 3318 2111 3377 ani-

528 3390 818 3461 madvertit
860 3390 1097 3443 eruditus
1145 3391 1407 3458 Baluzius,
1448 3394 1535 3461 qui
1566 3407 1631 3446 eo
1660 3393 1761 3446 luci
1802 3393 1961 3448 verba
2008 3396 2107 3447 ali-

530 3467 661 3528 quot
690 3458 829 3512 inter
860 3461 1071 3512 :tnsulas
1097 3461 1316 3528 adjecit,
1346 3472 1401 3515 ut
1426 3458 1558 3516 duos
1587 3464 1899 3526 Restitutus,
1935 3464 2018 3516 hit:
2046 3481 2110 3521 ex

529 3544 717 3583 errore
772 3529 1109 3584 librariorum
1141 3532 1194 3585 in
1235 3549 1397 3586 unum
1444 3535 1723 3598 conﬂatos,
1760 3535 2061 3589 restitueret
2095 3555 2106 3589 :

530 3615 695 3653 unum
747 3599 955 3655 scilicet
1005 3602 1353 3669 Donatistam,
1387 3603 1646 3658 Gennadii
1692 3604 2110 3662 Menthressitatti

528 3670 894 3745 adversarium
921 3711 936 3735 ,
969 3671 1196 3726 alterum
1222 3689 1356 3745 vero
1397 3676 1743 3741 catholicum,
1773 3675 2114 3745 Sitningiten-

527 3754 644 3796 sem
664 3742 993 3810 episcopum.
1029 3745 1090 3795 Et
1111 3744 1321 3811 quidem
1344 3745 1433 3797 ille
1452 3746 1733 3799 Restitutus
1751 3747 1883 3799 alius
1907 3742 2009 3801 non
2032 3756 2115 3801 est

527 3812 673 3865 abeo
690 3810 940 3885 Restituto
954 3814 1042 3879 qui
1062 3815 1214 3885 103
1240 3816 1478 3869 fervente
1498 3816 1634 3870 inter
1659 3817 1960 3870 Donatistis
1972 3818 2115 3872 schi-

528 3892 702 3936 smate
730 3883 782 3935 in
806 3883 977 3935 locum
1010 3883 1591 3939 SalvitvMembressitani
1624 3887 1796 3939 fuerat
1816 3888 2109 3953 ordinatus,

532 3961 590 4005 ut
643 3961 826 4004 narrat
853 3954 1181 4020 Augustinus
1220 3957 1441 4022 cpistola
1497 3957 1597 4009 108
1642 3972 1793 4009 nova:
1839 3959 2111 4012 editionis.

537 4021 748 4095 §alvius
778 4031 953 4076 autem
982 4024 1071 4095 ille
1103 4025 1154 4077 in
1186 4021 1381 4078 famosa
1413 4026 1692 4093 Bagajensi
1723 4028 1927 4095 synodo
1976 4044 2115 4082 anno

531 4089 637 4164 594
667 4092 947 4164 damnatus
976 4093 1181 4164 fuerat;
1213 4096 1277 4147 de
1319 4110 1422 4163 quo
1454 4089 1653 4164 passim
1696 4089 2017 4164 Augustinus
2062 4100 2115 4152 in

535 4161 689 4214 libris
736 4162 994 4215 adversus
1028 4161 1348 4230 Donatistas,
1393 4161 1480 4218 ubi
1512 4169 1683 4218 varias
1731 4161 1844 4230 ejus
1877 4167 2115 4221 fortunas

476 4260 487 4267 ε
535 4231 809 4307 describitt
837 4231 1123 4299 Utramque
1151 4248 1276 4286 vero
1304 4235 1510 4307 urbem,
1537 4234 1809 4287 Membrcss
1828 4254 1893 4287 tut
1927 4254 2117 4307 nempe

535 4312 590 4353 et
620 4299 973 4373 Memblosam,
999 4314 1277 4368 memorat,
1305 4305 1355 4356 ni
1380 4304 1553 4368 fallor,
1578 4320 1876 4373 anouymus
1906 4299 2119 4361 Raven-

536 4371 739 4433 nensis,
767 4373 905 4439 apud
948 4388 1103 4438 quem
1137 4374 1268 4425 libro
1299 4389 1375 4438 ιιι,
1411 4390 1557 4427 num.
1593 4376 1647 4431 5.
1696 4371 1919 4430 habetur
1947 4378 2116 4430 Ment-

540 4440 740 4506 brisca,
789 4453 843 4494 et
900 4457 1125 4495 numero
1182 4446 1424 4510 sequenti
1482 4444 1791 4499 Mcmbrone.
1856 4448 1946 4501 llze
1995 4458 2117 4502 sunt

536 4512 721 4584 etiam,
757 4521 811 4584 ut
842 4522 994 4584 puto,
1028 4511 1083 4564 in
1125 4512 1341 4566 Tabulis
1370 4514 1793 4584 Pieutingcrianis
1820 4516 2116 4572 Membrissa

537 4592 592 4636 et
614 4580 925 4653 Membione.
944 4581 1059 4635 Jam
1083 4598 1209 4637 vero
1238 4598 1360 4638 cum
1390 4580 1708 4653 Bonifacius,
1739 4588 1823 4641 hic
1847 4588 1897 4641 in
1920 4588 2115 4643 Netitia

536 4660 881 4717 memoratus,
915 4652 967 4706 in
999 4654 1182 4709 codice
1224 4652 1557 4709 LatldllnellSi
1604 4669 1656 4710 et
1688 4659 1739 4709 in
1770 4658 1926 4712 editis
1955 4658 2118 4713 Meui-

537 4722 1185 4793 brositanusgappelletur,
1238 4741 1355 4793 qua:
1413 4742 1511 4780 vox
1565 4736 1669 4781 tam
1722 4742 1786 4781 ex
1837 4728 2115 4783 Mcmblosa

536 4809 693 4862 quam
740 4810 803 4870 ex
834 4791 1116 4870 Membresa
1141 4791 1330 4851 deduci
1383 4805 1593 4870 potest,
1621 4798 1789 4870 Aquod
1837 4802 2117 4870 utrobique

535 4870 688 4919 natea
720 4864 1057 4918 solummodo
1088 4866 1258 4920 littera
1293 4869 1544 4922 mutanda
1588 4864 1697 4922 sit:
1745 4871 2003 4924 incertum
2032 4864 2117 4924 re-

535 4935 793 5003 linquitur
824 4934 1034 4988 cuinam
1067 4951 1133 4990 cx
1162 4937 1367 4991 duabus
1391 4940 1505 4993 istis
1529 4939 1747 4992 urbibus
1776 4940 1865 4994 ille
1892 4942 2116 4996 antistes

535 5004 834 5073 praefuerit.
872 5006 1116 5059 Buluzius
1144 5008 1357 5075 quidem
1389 5008 1707 5062 Gennadium
1735 5008 2115 5065 Mentbressita-

536 5092 660 5127 num
686 5076 1015 5143 episcopum,
1049 5086 1102 5128 et
1131 5079 1286 5144 paulo
1318 5090 1435 5144 post
1458 5079 1735 5132 Tlteasium
1760 5079 2112 5134 Memblosita-

537 5160 662 5195 num
680 5147 741 5218 in
767 5148 905 5218 notis
930 5145 995 5198 ad
1022 5159 1137 5209 cap.
1166 5147 1269 5200 155
1303 5146 1613 5202 Collationis
1652 5150 2110 5218 Carthaginensis,

542 5216 829 5285 provincia:
862 5218 1259 5283 proconsularis
1292 5219 1637 5281 antistitibus,
1687 5236 1749 5273 ex
1796 5216 2010 5285 Notitia,
2060 5231 2115 5274 ut

538 5283 634 5348 ait,
663 5284 907 5338 Africana
947 5296 1215 5341 accenset.
1245 5287 1348 5339 Sed
1378 5302 1498 5340 cum
1528 5293 1577 5340 in
1620 5290 1734 5355 ipsa
1765 5288 1957 5343 Notitia
1998 5283 2115 5344 uni-

538 5366 634 5425 cus
665 5364 906 5425 occurrat
932 5358 1214 5425 episcopus
1243 5357 1685 5412 Mcmbrositanus
1704 5399 1717 5418 ,
1746 5360 2001 5413 alteruter
2027 5376 2115 5413 so-

540 5423 812 5505 lummodo
839 5424 1065 5505 debebat
1092 5423 1155 5480 ex
1178 5428 1278 5482 hoc
1300 5427 2113 5505 argumento_Proconsu|aribus

540 5494 780 5573 attribui,
808 5498 1051 5573 quamvis
1081 5494 1527 5573 utrainquciltanc
1555 5500 1744 5573 urbem
1786 5500 2115 5573 adprocon-

538 5564 774 5645 sularem
806 5566 1129 5645 provinciam
1162 5564 1487 5645 pertinuisse
1521 5570 1766 5645 inliciari
1793 5564 1976 5625 nolim.
2014 5572 2117 5627 Ve-

541 5649 662 5711 rum
688 5637 733 5687 si
758 5644 1023 5711 accurate
1052 5637 1332 5711 descripta:
1363 5640 1577 5697 fuerunt
1605 5641 1839 5705 schedte,
1886 5657 2015 5711 quas
2046 5658 2113 5697 ex

542 5703 728 5785 codice
756 5703 1244 5785 llillc_ri_0rtelius:
1259 5723 1567 5785 acceperat,
1610 5715 1661 5785 in
1709 5703 1917 5785 quibus
1949 5711 2113 5767 Mem-

548 5778 828 5831 bresitanus
888 5775 1147 5843 habetur;
1212 5775 1563 5838 Bonit'a'cinm'
1590 5775 2109 5851 _Membressitanum

2288 3254 2371 3306 10.
2397 3253 2796 3307 Urmmaeusrs.
2823 3251 2877 3304 In
2900 3250 3196 3305 Collatione
3217 3249 3493 3317 Carthag.,
3518 3263 3643 3317 cap.
3665 3247 3793 3314 126,

2214 3333 2539 3377 memoratur
2577 3323 2795 3377 Severus
2826 3324 3092 3390 episwpus
3133 3319 3290 3392 plebis
3339 3319 3600 3392 Utintari;
3635 3319 3797 3390 105

2214 3410 2280 3447 an
2301 3397 2401 3448 huc
2424 3394 2791 3448 revocandus?
2822 3393 2986 3445 Porro
3002 3390 3145 3459 saepe
3163 3392 3401 3444 laudatus
3422 3390 3666 3444 Baluzius
3689 3405 3794 3457 pro

2222 3464 2595 3518 Utimmirensis
2622 3464 2900 3529 legendum
2923 3473 3105 3517 censet
3131 3461 3540 3521 Utimtninensis;
3563 3462 3645 3513 cui
3672 3461 3796 3514 loco

2217 3535 2491 3602 praafuisse
2521 3545 2666 3600 putat
2701 3533 2967 3588 Octavium
2999 3533 3289 3599 episcopum
3319 3532 3479 3601 plebis
3505 3529 3795 3585 Utimmen-

2186 3666 2187 3669 η
2214 3609 2305 3669 sis,
2339 3608 2389 3659 in
2412 3605 2707 3659 Cnllatione
2738 3620 2852 3673 cap.
2885 3605 2985 3659 155
3011 3613 3384 3673 memoratum.
3421 3602 3556 3656 lluic
3580 3611 3795 3656 sentcn-

2220 3679 2304 3731 tiae
2336 3676 2479 3730 favet
2506 3675 2673 3730 codex
2705 3670 2923 3735 llalleri,
2958 3675 3009 3728 in
3038 3689 3143 3740 quo
3175 3687 3271 3740 pro
3306 3670 3702 3737 Utimmirensis,
3734 3680 3796 3727 ut

2217 3748 2520 3800 observavit
2541 3746 2793 3809 Urtelius,
2818 3746 3009 3813 legitur
3034 3742 3348 3813 Utimiensis.
3381 3742 3485 3797 Sed
3516 3742 3655 3797 forte
3683 3757 3793 3797 non

2216 3818 2446 3871 advertit
2491 3816 2570 3870 vir
2610 3815 2851 3870 eruditus
2876 3812 3080 3868 urbem
3129 3812 3563 3868 Utimmirensem
3611 3813 3693 3866 hic
3740 3815 3793 3866 in

2217 3888 2412 3941 Notitia
2442 3897 2811 3951 memoratam,
2839 3886 2948 3954 jam
2981 3885 3048 3937 ab
3074 3898 3137 3937 eo
3166 3898 3286 3937 cum
3314 3882 3544 3954 Utmensi
3572 3883 3797 3951 conjuno

2218 3969 2357 4012 ctam
2402 3957 2585 4011 fuisse.
2642 3957 2773 4011 Nam
2818 3953 2937 4026 cap.
2982 3956 3081 4008 1:26
3123 3955 3278 4008 dictu:
3310 3953 3656 4026 Collationis,
3707 3953 3798 4008 ubi

2219 4038 2373 4081 antea
2417 4029 2688 4093 legebatur
2718 4023 2984 4080 Tintianus
3014 4024 3474 4094 episcopusiplebis
3503 4023 3795 4085 Utiuensis,

2219 4114 2338 4150 cum
2371 4097 2543 4151 Felice
2583 4100 2699 4164 ejus
2737 4093 3077 4160 adversario,
3129 4111 3222 4163 pro
3257 4093 3514 4147 Utincnsis
3561 4097 3797 4164 restituit

2225 4167 2498 4233 Utmensis,
2541 4162 2771 4236 cuiquod
2804 4167 3025 4222 inferius
3052 4162 3224 4232 capite
3256 4165 3458 4236 scilicet
3489 4162 3794 4236 155,7181106

2222 4232 2493 4307 episwpus
2521 4232 2779 4291 Utinensis
2824 4238 3116 4291 catholicus
3160 4250 3278 4307 cum
3316 4232 3579 4307 Feliciauo
3617 4235 3795 4307 Dona.

2223 4304 2345 4361 tista
2379 4304 2776 4372 recenseretur;
2817 4319 2870 4361 et
2910 4307 2960 4359 in
2994 4309 3132 4360 notis
3164 4305 3224 4357 ad
3261 4305 3397 4357 hunc
3429 4306 3602 4358 locum
3633 4304 3799 4359 infert

2228 4379 2429 4432 Utmam
2476 4380 2540 4432 ad
2592 4378 3030 4446 proconsularem
3077 4380 3400 4446 provinciam
3448 4375 3792 4444 pertinuisse,

2222 4451 2361 4519 quod
2381 4444 2663 4517 episcopus
2685 4449 2738 4502 in
2756 4450 2950 4502 Notitia
2971 4447 3178 4514 vulgata
3202 4444 3794 4519 [itinnuirensisdictus,

2220 4514 2271 4573 iit
2305 4514 2490 4574 codice
2518 4514 2715 4574 Halleri
2737 4560 2751 4583 ,
2795 4534 2899 4585 quo
2936 4533 3063 4571 usus
3092 4525 3174 4571 est
3201 4514 3455 4580 Ortclius,
3496 4514 3795 4569 Utimiensis

2223 4590 2538 4658 appellatus,
2571 4599 2833 4643 occurrat.
2876 4588 3065 4641 Verum
3096 4602 3229 4658 cum,
3259 4587 3374 4658 haec
3414 4586 3564 4658 quasi
3595 4585 3797 4640 subdu-

2223 4656 2443 4715 bit’ando
2469 4661 2556 4714 ille
2582 4660 2799 4723 dixerit,
2825 4658 2956 4712 nihil
2986 4658 3126 4710 aliud
3150 4657 3383 4710 voluisse
3404 4656 3614 4710 videtur
3636 4672 3794 4725 quam

2221 4746 2346 4785 suas
2386 4731 2721 4798 conjecturas
2769 4730 2820 4784 in
2871 4728 3101 4783 medium
3152 4726 3411 4798 proferre,
3463 4735 3520 4798 ut
3567 4729 3794 4796 quisque

2225 4810 2428 4868 postea,
2458 4796 2596 4870 quod
2626 4801 2724 4870 sibi
2762 4799 2951 4870 melius
2978 4801 3147 4852 visam
3178 4796 3637 4870 fuerit,gampl_ecti
3667 4814 3790 4870 pos-

2222 4866 2309 4926 Sit.
2363 4866 2625 4926 Cancrum
2669 4868 2776 4924 Leo
2820 4869 3075 4933 Allatius,
3122 4876 3176 4922 et
3214 4866 3473 4921 Henricus
3518 4867 3793 4932 Norisius,

2223 4942 2353 4994 duas
2394 4943 2552 4996 urbes
2586 4940 2766 4995 Utinas
2813 4940 2863 4993 in
2913 4938 3086 4992 Africa
3134 4938 3448 5001 admittunt,
3501 4953 3564 4991 ex
3599 4938 3794 5005 quibus

2223 5014 2475 5066 alterutra
2501 5028 2619 5065 cum
2644 5011 2966 5080 aSpiratione
2985 5007 3178 5080 Utltina
3199 5007 3358 5062 scribi
3380 5008 3559 5063 debet.
3595 5008 3796 5063 Deinde

2225 5091 2435 5137 veteres
2454 5079 2766 5135 Collationis
2786 5081 3051 5150 editiones
3064 5079 3343 5150 Octavium
3372 5080 3666 5148 episcopum
3692 5081 3797 5150 ple-

2224 5155 2325 5217 bis,
2373 5167 2475 5205 non
2511 5151 2858 5215 Utimutcnsis,
2902 5151 2994 5204 sed
3030 5148 3362 5203 Utinunensis
3392 5148 3702 5217 appellant;
3746 5160 3798 5205 et

2225 5238 2339 5291 Cap.
2368 5222 2465 5276 198
2490 5221 2785 5290 Bonifacius
2812 5225 2925 5288 ejus
2950 5235 3017 5274 ex
3046 5229 3192 5288 parte
3215 5219 3405 5291 Donati
3432 5220 3794 5283 adversarius,

2229 5288 2539 5363 Utunnensis
2564 5288 2826 5363 episcopus
2853 5292 3061 5363 dicitur.
3080 5288 3428 5363 Praeferenda
3456 5300 3632 5345 tamen
3660 5291 3798 5347 vidc-

2225 5372 2310 5416 tur
2340 5362 2534 5414 Balnzii
2562 5360 2720 5416 lectio
2736 5360 2863 5432 qua:
2892 5361 3051 5415 habet
3077 5360 3423 5432 Utiittmettsis.

2298 5432 2383 5486 11.
2425 5428 2777 5487 ΡιιινιιιτΑΝυςξ
2815 5432 2871 5484 In
2907 5433 3202 5484 (lollatione
3233 5428 3639 5501 Carthagiuensi
3679 5447 3794 5501 cap.

2225 5501 2327 5557 126
2354 5504 2493 5559 inter
2515 5503 2698 5558 Patres
2730 5502 3023 5557 catholicos
3053 5502 3349 5556 recensitus
3377 5501 3473 5556 fuit
3495 5500 3795 5555 Pannonias

2222 5577 2482 5645 epismpus
2512 5575 2670 5642 plebis
2700 5572 3050 5645 Puppitensis:
3076 5572 3160 5645 Et
3191 5571 3505 5645 Fortunatus
3533 5574 3795 5645 episcopus

2220 5640 2716 5715 p'lebis'l’nppitanw
2746 5640 2987 5715 interfuit
3008 5640 3416 5715 Carthaginensi
3440 5642 3648 5710 synodo
3678 5640 3794 5709 quae

2220 5712 2320 5771 sub
2338 5712 2608 5770 Bonifacio
2631 5730 2771 5768 anno
2790 5714 2893 5768 525
2910 5714 3174 5768 celebrata
3197 5713 3310 5766 fuit.
3331 5712 3539 5767 Primus
3556 5716 3792 5767 omnium

2218 5788 2456 5853 epistola:
2484 5785 2752 5854 synodica:
2781 5784 3238 5855 proconsularium
3258 5823 3274 5851 ,
3310 5784 3506 5853 sapius
3535 5785 3644 5853 jam
3676 5800 3789 5840 mc-
