4082 6320
219 329 319 392 289

1179 306 1696 385 ANNOTATIONES
1736 326 1798 383 IN
1828 320 2154 386 normam
2189 314 2485 387 armenta

3359 326 3466 390 200

282 444 363 498 15.
402 437 816 513 Tusasretvsts.
841 430 897 513 In
926 436 1220 513 Collatione
1248 439 1498 513 Carthag.
1528 457 1645 512 cap.
1675 441 1778 498 128
1809 445 1859 505 Α
1882 441 2095 498 concilii
2114 441 2614 513 subscriptionibus,
2647 441 2752 499 col.
2780 442 2908 509 599,
2933 436 3185 513 Ruﬁanus
3202 444 3467 502 Hastensis

219 520 528 584 memoratur
565 506 760 584 Lucius
800 508 1076 584 _episc0pus
1125 512 1339 584 ciuitatis
1388 506 1773 584 ngaratensis,

217 599 325 638 cum
358 580 541 645 Quinto
563 580 727 651 ipsius
753 578 1079 644 adversario,
1108 582 1196 651 qui
1221 582 1412 637 iterum
1438 578 1577 640 inter
1600 578 1775 639 Dona?

218 655 357 706 iistas
385 653 679 706 recensitos
708 650 805 705 fuit
826 666 944 720 cap.
975 651 1098 706 208.
1126 650 1366 707 ’Ortelius
1408 669 1476 709 ex
1518 670 1621 710 ms.
1653 656 1778 710 Hal-

217 723 302 777 ieri
348 721 684 793 Tagarensem
738 721 1024 793 urbemin
1075 724 1441 793 proconsulari
1490 736 1771 781 memorat.

216 791 466 847 Habemus
492 791 712 847 inferius
741 792 879 847 inter
903 792 1165 849 Numidia:
1194 795 1461 851 antistites
1492 814 1637 852 num.
1674 798 1777 853 112

214 863 539 918 Crescentium
566 862 977 918 Tacaratensem.
1755 888 1770 901 -

274 934 358 988 41.
389 937 851 989 Aaruaumrsaus.
886 934 974 989 Sic
1017 949 1117 989 ms.
1159 936 1402 991 Landun.
1438 937 1618 993 Codex
1648 953 1778 994 vero

215 1004 416 1068 llalleri,
459 1004 867 1059 Altubaritanus.
920 1009 989 1059 At
1032 1006 1156 1061 editi
1212 1008 1621 1063 Altaburitanus.
1674 1010 1781 1065 No-

212 1085 364 1148 stram
392 1074 675 1148 lectionem
698 1075 921 1148 ﬁrmant
949 1076 1166 1148 Tabula:
1196 1078 1441 1148 Peuting.
1474 1090 1525 1135 et
1569 1088 1779 1135 veteres

210 1146 390 1220 quique
416 1146 730 1215 geographi.
760 1145 814 1199 ln
848 1146 1041 1220 (Eollat.
1074 1149 1324 1220 Carthag.
1360 1145 1478 1215 can.
1514 1150 1614 1205 19.8
1642 1152 1779 1206 inter

210 1216 483 1271 catholicos
512 1226 822 1271 recensetur
848 1217 1073 1290 Basilius
1099 1216 1363 1290 episcopus
1396 1221 1552 1289 plebis
1577 1223 1777 1276 Altibu—

210 1296 557 1363 ritaiiie,_cuin
613 1289 880 1357 Augustali
927 1303 992 1342 ex
1041 1289 1187 1363 parte
1237 1290 1772 1363 Donatistarum,qui

208 1373 313 1423 cap.
348 1356 444 1412 197
475 1358 673 1412 iterum
698 1356 1051 1413 memoratur.
1087 1362 1162 1414 Ex
1194 1362 1379 1416 eadem
1424 1373 1567 1417 secta
1605 1356 1781 1418 Vicior

210 1429 457 1497 episc0pus
485 1428 862 1484 Alliburi‘tanus
891 1430 1117 1485 concilio
1144 1429 1586 1487 Caliarsussitano
1618 1434 1781 1489 inter-

208 1497 311 1572 fuit.
337 1500 404 1572 At
436 1499 749 1572 catholicus
777 1499 876 1554 fuit
920 1497 1281 1572 Constantinus
1305 1505 1572 1572 episcopus
1599 1502 1780 1560 Eccle-

207 1570 288 1623 site
312 1568 707 1641 Altoburitanaz,
742 1573 827 1639 qui
856 1570 1123 1640 synodicae
1158 1568 1618 1641 proconsularium
1651 1576 1780 1629 sub-

206 1640 406 1709 scripsit
434 1640 486 1695 in
515 1641 747 1696 concilio
777 1641 1127 1698 Lateranensi
1162 1640 1269 1699 'sub
1298 1654 1484 1699 sancto
1529 1644 1775 1700 Martino.

206 1709 388 1765 Eadem
417 1712 562 1771 urbs,
600 1714 653 1766 ni
684 1712 857 1777 fallor,
893 1724 1222 1768 memoratur
1254 1717 1303 1767 in
1331 1716 1583 1769 Antonini
1616 1717 1779 1773 ltine-

205 1781 353 1846 rario,
387 1782 471 1836 ubi
502 1781 765 1837 Altieuros
796 1784 946 1838 locus
971 1785 1206 1839 occurrit
1249 1786 1457 1841 medius
1490 1786 1601 1843 fere
1642 1789 1781 1843 inter

205 1850 562 1920 Carthaginem
597 1863 652 1908 et
674 1854 897 1909 Cirtam.

260 1921 346 1978 45.
374 1925 693 1979 CELLENSIS.
727 1925 969 1980 Occurrit
1015 1925 1151 1980 infra
1193 1927 1331 1981 inter
1361 1926 1544 1983 Patres
1580 1931 1778 1985 Mauri-

200 1994 341 2049 taniae
381 1994 663 2050 Sitifensis
710 2012 859 2050 num.
910 1997 976 2050 17
1032 1996 1347 2051 Cresciturus
1395 1998 1659 2057 Ccllensis.
1700 2004 1780 2057 Ad

197 2065 495 2141 alterutrgin
522 2065 724 2141 urbem
754 2068 1178 2141 referendusest
1198 2067 1478 2141 Honorius
1506 2073 1778 2141 episCOpus

199 2135 685 2211 plebisJQellemisA,
737 2137 831 2211 qui
879 2138 1119 2193 interfuit
1180 2139 1464 2211 Collationi
1515 2135 1775 2211 Cartli'ag.

198 2219 302 2275 cap.
336 2205 434 2263 126
459 2222 593 2262 cum
624 2205 774 2263 Casta
805 2208 1100 2276 DonatiSta,
1136 2209 1225 2280 qui
1256 2220 1308 2264 et
1353 2224 1472 2279 cap.
1516 2213 1616 2267 l87
1659 2205 1776 2268 me-

198 2289 437 2333 moratur.

257 2349 338 2404 46.
372 2349 837 2421 patppsntrssus.
871 2350 926 2404 ln
961 2350 1177 2407 Tabulis
1220 2351 1645 2421 Peutingerianis
1679 2354 1775 2407 ha-

199 2416 336 2473 betur
366 2419 643 2492 Uzippira,
683 2431 737 2476 et
785 2422 838 2476 in
876 2422 1175 2476 Collationc
1228 2416 1479 2492 Carthag.
1514 2440 1634 2492 cap.
1679 2425 1771 2480 151

198 2490 507 2564 recensetur
558 2490 828 2564 Marianas
894 2494 1164 2564 episwpus
1238 2490 1775 2563 Utst'ppuritnnorum.

197 2557 428 2617 Nostram
464 2575 648 2617 tamen
681 2557 967 2619 lectionem
997 2557 1316 2618 conﬁrmant
1340 2557 1441 2617 alia
1473 2577 1655 2619 vetera
1686 2569 1735 2620 in
1755 2598 1773 2607 -

198 2643 516 2699 strumenla;
596 2650 715 2687 nam
766 2633 992 2688 concilio
1048 2634 1297 2703 Carthag.
1351 2636 1449 2690 sub
1503 2636 1776 2693 Bonifacio

198 2714 325 2775 anno
350 2704 455 2759 525
486 2704 662 2758 adfuit
693 2704 981 2759 Setnentius
1014 2704 1394 2775 Uzipparcnsi's.

260 2774 345 2828 47.
372 2778 727 2831 Ausazseasrs.
755 2776 843 2830 Sic
867 2777 1034 2830 codex
1067 2774 1286 2846 uterque
1314 2794 1413 2830 ms.
1447 2794 1565 2831 cum
1596 2779 1775 2834 editis.

197 2841 491 2914 Legendum
553 2846 689 2902 forte
718 2847 1035 2916 Ausafensis.
1066 2841 1456 2901 Nam'concilio
1487 2849 1779 2905 Cabarsus-

197 2916 358 2989 gitana
395 2932 542 2989 anno
586 2918 690 2989 595
737 2918 881 2989 inter
928 2917 1060 2972 alios
1109 2917 1412 2972 Donatistas
1464 2920 1781 2989 subscripsit

197 2984 392 3062 Salvius
416 2988 721 3062 Ausafensis
748 2988 1031 3062 episwpus,
1056 2990 1143 3062 qui
1170 2992 1581 3062 annosequenti
1617 2984 1782 3062 in‘sy«

196 3056 325 3130 nodo
347 3056 631 3128 Bagaiensi
675 3056 830 3130 eisua
881 3056 1008 3130 sede
1038 3056 1277 3126 deiectus
1306 3056 1429 3114 fuit.
1470 3060 1533 3113 Et
1561 3056 1776 3130 quidem

196 3125 289 3198 iste
316 3125 528 3184 Salvius
556 3129 609 3184 in
639 3129 873 3186 editione
902 3125 1186 3184 Labbcana
1213 3131 1537 3198 Ausacensis,
1571 3125 1687 3197 seu,
1724 3144 1780 3188 tit

1811 1830 1860 1890 Β

1883 514 2199 583 appellatur,
2233 522 2282 567 et
2332 515 2387 569 in
2433 515 2538 568 alio
2567 515 2771 579 codice,
2803 525 2862 570 ut
2889 526 3071 574 monet
3100 516 3239 573 idem
3271 518 3469 574 Justel—

1880 582 1985 650 lus,
2029 583 2341 646 Ruﬁnianus
2388 586 2658 652 episcopus
2708 585 2962 642 Mazensis
3001 604 3021 643 :
3050 588 3250 644 certius
3291 589 3462 645 codex

1882 654 2042 731 habet
2083 654 2370 731 Mugensis.
2420 656 2476 710 ln
2517 657 2803 731 collatione
2846 668 3024 731 autem
3068 659 3468 731 DionysiiiExi-

1880 727 1969 798 gui
1999 726 2137 798 apud
2166 726 2433 794 eumdem,
2465 727 2570 782 col.
2604 726 2726 791 169,
2757 729 2952 798 dicitur
2967 726 3271 798 Ruﬁnianus
3285 729 3470 784 Musu-

1884 796 2072 872 ltensis.
2092 796 2259 872 Porro
2280 798 2379 872 etsi
2402 798 2455 872 in
2478 806 2627 872 tanta.
2653 797 2938 872 lectionum
2961 796 3216 856 varietate
3236 806 3465 872 genuina

1884 867 2046 941 lectio
2074 883 2182 941 non
2213 868 2367 923 facile
2388 867 2621 941 discerni
2648 868 2833 941 possit.
2859 872 3065 926 cwteris
3093 867 3267 927 tamen
3293 874 3468 941 potior

1883 937 2039 993 nobis
2075 939 2285 994 videtur
2313 954 2373 995 ea
2404 954 2524 1009 qua:
2570 938 2901 1009 Ruﬁnianum
2931 941 3164 1011 appellat
3211 937 3467 997 Musaeu-

1882 1024 1984 1062 sem
2016 1011 2326 1081 episcopum.
2360 1011 2575 1081 Certum
2598 1011 2792 1080 quippe
2820 1019 2904 1065 est
2928 1012 3157 1081 aliquem
3180 1028 3211 1068 θ
3234 1030 3463 1081 procon-

1884 1080 2153 1134 sularibus
2174 1079 2442 1150 episcopis
2464 1079 2550 1135 hic
2573 1079 2861 1136 recenseri.
2882 1083 2950 1137 At
2972 1079 3296 1141 Musucensis
3312 1085 3467 1141 sedas

1883 1150 1949 1204 ad
1980 1151 2306 1221 Byzacenam
2338 1151 2660 1220 pertinebat,
2692 1151 2760 1207 de
2788 1167 2889 1221 qua
2936 1162 2990 1206 et
3032 1152 3098 1206 de
3148 1151 3465 1221 Muzulensi,

1887 1221 2024 1274 infra
2054 1222 2193 1293 inter
2233 1222 2387 1277 istius
2416 1223 2703 1293 provinciae
2736 1225 3017 1293 episcopos
3046 1237 3194 1277 num.
3226 1224 3295 1279 42
3321 1225 3470 1280 dice-

1884 1305 2023 1346 mus.
2055 1290 2330 1347 Mustensis
2359 1308 2487 1349 vero
2536 1292 2601 1347 ad
2651 1290 2975 1359 Numidiam,
3006 1303 3063 1348 ut
3110 1309 3175 1349 ex
3213 1295 3468 1350 Antonini

1885 1361 2164 1434 ltinerario
2191 1364 2416 1434 aliisque
2440 1364 2748 1434 auctoribus
2777 1375 2980 1419 certum
3013 1371 3117 1430 est,
3140 1372 3195 1419 et
3215 1366 3467 1419 Antonia-

1892 1448 1991 1486 nus
2024 1432 2342 1488 Mustitanns
2371 1433 2503 1489 infra
2537 1436 2674 1489 inter
2712 1434 2968 1489 Numidas
2998 1450 3147 1489 num.
3180 1435 3241 1490 71
3276 1449 3468 1491 recen-

1884 1511 2050 1575 setur.
2087 1505 2153 1558 Et
2198 1506 2411 1575 quidem
2463 1506 2588 1560 licet
2639 1506 2796 1560 fuerit
2837 1507 2887 1559 in
2935 1506 3301 1573 proconsulari
3340 1506 3470 1563 urbs

1884 1573 2170 1645 Mustensis
2215 1573 2376 1640 dicta,
2409 1591 2438 1630 a
2486 1576 2757 1630 Muzuensi
2809 1575 3058 1645 distingui
3107 1577 3285 1642 debet,
3317 1587 3373 1631 ut
3403 1593 3468 1633 ex

1884 1643 2186 1716 Collatione
2216 1657 2421 1702 certum
2450 1658 2549 1702 est.
2586 1647 2896 1701 Rufinianus
2926 1643 3123 1716 quippe
3169 1647 3470 1703 anuensis

1886 1714 1981 1779 ibi,
2012 1716 2199 1785 utjam
2230 1718 2484 1786 diximus,
2513 1726 2735 1772 testatus
2763 1727 2846 1770 est
2878 1714 3219 1772 se'unitatem
3248 1719 3472 1774 catholi-

1888 1801 2002 1857 cam
2034 1786 2249 1842 habere.
2282 1787 2349 1842 Et
2372 1789 2708 1843 Victorianus
2754 1788 3090 1852 Mustitanus,
3121 1804 3277 1857 quem
3319 1790 3473 1844 Nori-

1886 1856 1998 1909 sius
2036 1858 2311 1912 contendit
2342 1875 2404 1912 ex
2438 1858 2804 1927 proconsulari
2854 1860 3034 1921 fuisse,
3068 1856 3201 1913 ducs
3247 1860 3472 1916 habebat

1887 1927 2146 1981 adversus
2176 1945 2234 1983 se
2266 1929 2549 1996 episcopos
2583 1929 2905 1983 Donatistas.
2946 1929 3075 1984 Vide
3122 1929 3255 1986 infra
3306 1931 3471 1987 Nunt-

1887 2013 2072 2051 DIANOS
2104 2015 2250 2053 num.
2284 2001 2371 2052 71.
2403 1999 2661 2053 Mazensis
2699 2014 2845 2065 vero,
2887 2000 3167 2066 Maxensis,
3214 2010 3303 2055 aut
3346 2001 3469 2055 Mu-

1882 2069 2070 2136 gensis,
2106 2084 2198 2123 seu
2231 2068 2565 2135 .lluzntensis,
2593 2080 2683 2125 aut
2722 2069 3046 2124 Muzubensis
3069 2071 3229 2125 urbes
3258 2088 3321 2127 ex
3347 2073 3468 2127 aliis

1884 2141 2249 2212 monumentis
2267 2141 2429 2212 nobis
2462 2151 2602 2212 notze
2629 2150 2906 2212 nongsunt.
2932 2140 3229 2195 Madensem
3253 2142 3467 2212 quidem

1884 2209 1937 2263 in
1966 2210 2161 2263 Notitia
2194 2210 2469 2273 habemus,
2500 2211 2593 2266 sed
2622 2228 2685 2266 ex
2715 2210 2957 2265 Numidia
2991 2227 3139 2266 num.
3172 2209 3282 2268 57(
3312 2213 3469 2267 Βθηίο

1884 2296 1986 2347 que
2015 2282 2243 2335 concilio
2274 2282 2720 2336 Cubarsussitano
2763 2282 3079 2349 subscripsit
3103 2282 3319 2337 Latinus
3350 2282 3470 2336 Mu-

1886 2352 2097 2419 gi‘ensis,
2125 2360 2177 2404 at
2200 2368 2229 2407 e
2253 2368 2353 2414 qua
2381 2354 2537 2406 fuerit
2562 2353 2838 2422 provincia
2869 2368 2965 2407 nos
2985 2353 3144 2419 latet;
3174 2362 3228 2407 ct
3256 2354 3470 2422 quidem

1884 2421 2216 2475 Rusticianus
2250 2421 2572 2494 Mutigensis,
2620 2424 2687 2477 de
2728 2438 2833 2493 quo
2859 2424 3190 2494 agitisernio
3232 2421 3331 2478 sub
3376 2439 3471 2479 no«

1886 2494 2030 2546 mine
2058 2494 2226 2546 samti
2257 2495 2533 2562 Augustini
2564 2496 2613 2545 in
2644 2496 2748 2547 line
2780 2495 2906 2546 tomi
2932 2493 2998 2546 ΙΧ
3016 2494 3144 2548 edit.
3175 2495 3470 2550 Benedicti~

1884 2578 1967 2634 na:
1998 2582 2025 2615 (ε
2058 2564 2305 2617 Numidia
2336 2566 2545 2620 videtur
2567 2564 2753 2619 fuisse.
2780 2565 3020 2634 Denique
3043 2579 3230 2619 omnes
3253 2565 3469 2621 codices

1887 2630 2082 2699 Graeci,
2117 2635 2228 2688 sive
2257 2637 2308 2688 in
2348 2635 2562 2690 concilii
2595 2639 2833 2704 prologo,
2862 2630 2979 2689 sive
3018 2639 3069 2689 in
3120 2635 3471 2705 subscriptio-

1884 2705 2062 2779 nibus,
2094 2718 2403 2760 constanter
2454 2708 2952 2779 habentfPouptuvo;
2979 2710 3463 2779 Μουζουενᾳσὶανος,

1884 2776 2043 2847 unico
2074 2789 2296 2845 excepto
2324 2782 2411 2847 qui
2454 2778 2621 2831 semel
2664 2776 2839 2835 habet.
2885 2780 3167 2841 Μαξένοης.
3224 2778 3331 2833 Sed
3356 2778 3471 2835 hasc

1886 2844 2131 2901 fortassis
2161 2844 2511 2917 ftisius'quain
2555 2863 2640 2902 res
2675 2848 2992 2916 postulabat.

1957 2918 2045 2970 50.
2093 2918 2427 2972 Βυιιτεκειυιι
2460 2919 2645 2973 REGIO.
2692 2918 2995 2987 Legendum
3029 2927 3113 2973 cst
3152 2917 3470 2974 Bullensium

1886 2987 2187 3058 chgiorunt.
2220 2991 2383 3058 Cujus
2430 2990 2530 3043 loci
2575 2990 2799 3044 antistes
2829 2989 3112 3057 aliquando
3156 2991 3473 3058 simpliciter

1886 3055 2147 3112 Bullensis
2178 3055 2449 3129 episcOpiis
2496 3059 2792 3124 dicebatur,
2821 3069 2878 3113 ut
2919 3055 2981 3113 ex
3014 3055 3308 3114 Collatinnc
3342 3060 3475 3115 Car»

1888 3128 2391 3197 thaginensipatet,
2423 3130 2507 3184 ubi
2540 3133 2716 3199 capite
2741 3131 2847 3185 208
2883 3130 3023 3184 inter
3065 3130 3368 3185 Donatistas
3392 3148 3471 3186 re-

194 3196 243 3252 in
284 3202 544 3273 margine
581 3200 824 3273 habetur,
877 3202 1189 3273 Ausanensis
1236 3196 1554 3270 appellatur.
1597 3196 1775 3271 Ipsum
1808 3208 1854 3273 ρ
1888 3196 2139 3273 censetur
2166 3199 2323 3255 Felix
2360 3196 2934 3273 episcopusBullensis,
2969 3200 3058 3273 qui
3105 3211 3278 3273 tamen
3311 3213 3466 3259 antea

194 3276 362 3341 tamen
391 3273 458 3325 ad
491 3270 802 3327 Sitifensem
854 3271 1179 3341 provinciam
1228 3273 1553 3341 pertinuisse
1586 3270 1775 3329 verisi-

193 3340 363 3396 milius
388 3349 493 3406 est,
523 3344 615 3398 ubi
645 3340 866 3413 Assafa,‘
894 3344 959 3398 de
992 3358 1095 3413 qua
1141 3340 1271 3398 urbe
1300 3344 1421 3399 vide
1468 3343 1605 3399 infra
1635 3345 1779 3402 Sm-

188 3424 399 3473 mscs.
437 3428 585 3469 num.
615 3413 710 3467 24.

251 3482 341 3537 48.
387 3482 895 3539 ΝιιιιΑοοΑιιιτΑΝυε.
938 3483 1026 3539 Sic
1055 3484 1225 3539 codex
1253 3483 1496 3541 Laudun.
1524 3502 1644 3541 cum
1666 3487 1780 3543 edi-

186 3550 270 3627 t_is.
307 3554 671 3627 scribendum
698 3564 872 3627 tamen
903 3554 1285 3627 absquedubio
1308 3555 1775 3627 Naraggaritanus.

184 3621 250 3676 Et
278 3622 505 3696 quidem
532 3623 727 3677 Halleri
755 3623 925 3677 codex
945 3621 1084 3696 apud
1102 3624 1361 3679 Ortelium
1388 3621 1545 3679 habet
1576 3626 1780 3696 Narag-

210 3692 485 3755 aritensis,
534 3707 693 3762 quam
750 3700 926 3762 tamen
975 3694 1158 3748 urbem
1207 3703 1393 3748 auctor
1422 3696 1525 3749 iste
1571 3692 1784 3752 incaute

210 3709 485 3755 aruensts,
534 3709 693 3762 quam
750 3709 926 3746 tamen
975 3709 1158 3748 urbem
1207 3709 1393 3748 anetor
1422 3709 1525 3749 ιειο
1571 3709 1784 3752 incaute

179 3709 453 3834 gumidim
479 3762 740 3834 attribuit.
786 3759 964 3834 P0130,
1004 3764 1315 3834 Naraggara
1358 3764 1545 3820 civitas
1590 3775 1671 3820 est
1716 3781 1784 3821 ex

183 3832 507 3897 Ptolemaeo,
541 3833 833 3900 Antonino,
874 3832 1093 3888 Tabulis
1142 3832 1587 3904 Peutingerianis,
1640 3836 1784 3890 aliis-

188 3919 285 3975 que
314 3904 630 3959 aut-toribus
661 3915 828 3975 nota,_
852 3904 1005 3972 cujus
1048 3904 1336 3974 episcopus
1382 3923 1448 3961 ex
1479 3906 1785 3961 Donatista-

188 3972 299 4029 rum
334 3982 506 4047 secta,
540 3975 756 4029 nomine
782 3972 1095 4047 Faustinus,
1118 3977 1170 4030 in
1203 3972 1502 4032 Collatione
1528 3978 1779 4047 Cartliag.

192 4059 306 4117 cap.
330 4046 441 4101 208
484 4053 834 4117 memoratur.
868 4044 1107 4102 Concilio
1136 4046 1390 4117 Cartliag.
1422 4047 1524 4101 sub
1569 4044 1784 4102 Bonita-

194 4115 272 4171 cio
300 4131 446 4171 anno
479 4116 582 4171 διδ-5
626 4117 1004 4185 subscripsisse
1037 4117 1229 4186 legitur
1260 4115 1558 4172 Victorinus
1586 4120 1783 4187 episco-

230 4204 286 4242 us
310 4187 950 4262 pli'liistagargaritana’,
995 4187 1591 4262 pro_Naraqgaritanw.
1627 4189 1786 4262 114

230 4205 286 4242 us
310 4205 950 4258 ptemsuvagargaruana',
995 4205 1092 4258 pro
1136 4205 1591 4258 tvaraggaruanw.
1627 4205 1781 4262 111‘

196 4205 335 4313 inter
360 4259 501 4330 alios
531 4261 925 4330 proconsularis
972 4258 1261 4327 provinciae
1303 4259 1511 4329 Patres,
1545 4261 1635 4330 qui
1679 4277 1781 4316 s:c-

199 4332 312 4411 pius
352 4329 469 4411 jam
500 4330 724 4411 laudatae
771 4328 1011 4411 epistola:
1060 4330 1311 4411 synodali
1343 4328 1781 4411 subseripsernut

202 4399 251 4453 in
276 4399 508 4453 concilio
537 4399 880 4454 Lateraneusi
923 4402 1022 4454 sub
1048 4399 1233 4456 sancto
1266 4400 1512 4466 Martino,
1545 4399 1783 4457 Occurrit

202 4466 483 4543 Benenatus
508 4472 674 4543 gratia
698 4468 789 4523 Dei
802 4472 1074 4543 Episcopus
1095 4481 1286 4543 sancta:
1310 4468 1558 4543 Ecclesia:
1580 4472 1626 4525 Ν
1634 4488 1786 4543 arag-

202 4541 464 4611 garitanw.
514 4539 753 4611 Denique
801 4540 1054 4609 Polybius
1125 4542 1263 4597 libro
1314 4542 1380 4597 15
1434 4539 1783 4598 Historiarum

203 4612 337 4690 milia
365 4614 636 4690 Μάργαρογ
664 4612 1001 4690 memoratio
1032 4611 1230 4677 Africa,
1260 4627 1417 4690 quem
1465 4612 1641 4667 locum
1683 4612 1785 4690 C_a-

205 4681 468 4751 saubonus
492 4681 830 4737 vertitsimul
862 4691 916 4736 et
938 4684 1316 4749 interpretatur
1340 4681 1661 4751 Margarum,
1680 4686 1785 4739 sive

209 4750 563 4823 Nadagaram.
596 4752 735 4808 Sane
765 4754 864 4808 istc
894 4753 1100 4823 Polybii
1140 4755 1288 4809 locus
1315 4750 1512 4808 nostra:
1541 4750 1684 4809 favet
1709 4756 1787 4811 le-

208 4822 383 4890 ctioni,
415 4838 542 4878 cum
570 4825 700 4879 alias
730 4825 960 4879 litteram
986 4822 1042 4875 Μ
1067 4839 1163 4891 pro
1195 4824 1244 4878 Ν
1267 4824 1607 4880 librariorum
1635 4826 1785 4880 incu-

209 4891 281 4949 ria
308 4894 595 4963 irrepsisse
624 4894 778 4950 nobis
806 4896 979 4948 visum
1011 4894 1222 4948 fuisset.

273 4966 359 5020 49.
391 4967 724 5021 Mmoeasrs.
767 4964 823 5019 ln
848 4964 1147 5019 Collatione
1172 4963 1580 5034 Carthaginensi
1611 4964 1785 5034 capite

213 5034 306 5091 ηδ
329 5039 629 5103 comparuit
658 5036 969 5102 Ruﬁnianus
996 5035 1258 5104 episcopus
1285 5032 1442 5103 plebis
1466 5032 1782 5102 Muzuensis,

212 5107 293 5175 qui
322 5107 596 5177 professus
623 5118 706 5163 est
732 5109 988 5161 unitatem
1017 5105 1332 5177 catholicam
1384 5120 1442 5177 se
1485 5105 1702 5162 habere.
1733 5107 1784 5161 Is

213 5168 288 5230 est
315 5168 428 5248 ipse
459 5168 794 5249 Butinianus,
823 5186 877 5249 ut
907 5188 1086 5249 monet
1118 5176 1357 5249 eruditus
1384 5176 1653 5249 Baluzius,
1693 5178 1785 5249 qui

214 5247 429 5318 concilio
457 5248 866 5318 Carthaginensi
915 5248 1014 5302 sub
1041 5247 1257 5302 Aurelio
1287 5263 1429 5302 anno
1470 5247 1577 5303 419
1619 5247 1786 5305 inter-

216 5316 329 5384 fuit;
361 5316 681 5389 quanquam
716 5319 881 5388 ipsius
927 5319 1069 5373 sedis
1114 5334 1306 5372 nomen
1348 5318 1492 5373 varie
1534 5321 1587 5374 in
1621 5321 1785 5375 variis

217 5389 508 5455 codicibus.
558 5399 665 5445 tam
713 5389 871 5459 editis
902 5404 1058 5457 quam
1104 5390 1500 5457 manuscriptis,
1528 5390 1783 5459 scriptum

219 5461 491 5526 reperitur.
526 5460 656 5515 Nam
686 5461 738 5514 in
770 5458 1052 5515 Labbeana
1083 5458 1317 5512 editione
1350 5469 1494 5514 torno
1530 5476 1566 5514 ιι
1594 5458 1786 5516 conci-

218 5523 420 5599 horum,
460 5532 566 5586 col.
604 5531 734 5588 1605
757 5541 810 5586 et
836 5529 995 5594 1605,
1028 5527 1221 5582 dicitur
1257 5528 1564 5599 Ruﬁnianus
1596 5529 1786 5584 Musu-

222 5601 385 5666 tensis,
408 5598 511 5655 seu
544 5600 855 5666 Mustcnsis;
884 5602 987 5654 col.
1023 5611 1197 5670 autem
1241 5598 1375 5651 1671)
1424 5600 1644 5670 Ruﬁnus
1680 5603 1789 5670 epi-

222 5683 389 5739 κυρίη
417 5670 665 5726 Ecclesia:
691 5671 945 5725 Mazensis
976 5669 1293 5739 appellatur.
1322 5669 1474 5736 Apud
1505 5668 1787 5725 Justellum

221 5737 269 5794 in
284 5737 464 5797 Codice
486 5757 746 5797 canonum
766 5737 1296 5797 Ecclesim’Afriiana:
1322 5740 1512 5806 primo,
1536 5741 1638 5792 col.
1665 5741 1697 5794 5
1712 5744 1790 5807 ιϐ,

226 5813 406 5874 dicitur
430 5811 740 5883 Ruﬁnianus
788 5811 1141 5877 Musucensis;
1183 5820 1236 5865 at
1269 5818 1475 5881 postea,
1505 5811 1707 5867 scilicet
1738 5812 1795 5867 in

1812 4581 1867 4642 D

1888 3284 2009 3343 cap.
2048 3272 2148 3343 155
2178 3274 2351 3327 dictus
2377 3275 2551 3327 fuerat
2580 3272 2919 3327 adversarius
2966 3271 3221 3343 Dominici
3250 3273 3473 3343 episcopi

1882 3341 2045 3413 plebis
2096 3340 2420 3414 Bullensium
2470 3343 2766 3414 Regiorum.
2816 3344 2872 3398 In
2922 3342 3152 3398 concilio
3187 3340 3470 3414 Carthagi-

1884 3412 2037 3487 pensi
2070 3415 2173 3487 sub
2208 3412 2499 3470 Genethlio
2531 3412 2863 3487 memoratur
2900 3413 3184 3487 Epigonius
3215 3412 3473 3487 episcopus

1881 3481 2540 3557 Bullensiumillegiorum,
2593 3495 2650 3540 ut
2676 3481 3022 3557 emendatum
3045 3494 3128 3557 est
3174 3481 3470 3557 ex‘_codice

1882 3569 1984 3608 ms.
2017 3554 2175 3608 Lucae
2222 3554 2516 3619 llofstenii;
2571 3571 2693 3610 nam
2742 3567 2898 3610 antea
2944 3555 3219 3624 legebatur
3249 3554 3468 3610 Bullen-

1883 3625 2016 3677 sium
2042 3625 2358 3694 gl’tegionnm,
2391 3636 2447 3680 ut
2494 3625 2679 3681 videre
2722 3638 2803 3680 est
2834 3626 2887 3679 in
2916 3633 3063 3679 tonio
3094 3625 3159 3678 11.
3191 3624 3462 3680 Concilio-

1884 3708 2004 3764 rum
2034 3693 2334 3749 Labbeanze
2362 3696 2519 3762 edit.,
2549 3696 2654 3749 col.
2691 3695 2850 3760 1161,
2886 3694 3039 3764 115
3087 3703 3144 3748 et
3174 3696 3227 3748 in
3268 3710 3467 3764 appen-

1891 3762 2020 3835 dice
2051 3764 2156 3818 col.
2195 3766 2350 3819 1850.
2385 3764 2835 3835 BullamRegiam
2858 3762 3155 3819 memorant
3178 3762 3474 3835 Antoninus

1886 3832 1940 3904 in
1993 3832 2293 3901 ltinerario,
2337 3835 2557 3891 Tabula:
2603 3832 3051 3904 Peutingerianm,
3082 3844 3136 3889 et
3179 3833 3380 3889 Plinius
3416 3836 3475 3890 li-

1887 3903 2067 3976 brov,
2098 3920 2215 3975 cap.
2250 3908 2302 3975 3,
2352 3906 2441 3976 qui
2489 3920 2604 3961 eam
2654 3903 2873 3959 liberum
2919 3904 3184 3976 oppiduni
3212 3906 3467 3975 appellat.

1886 3973 2091 4047 Eadem
2122 3973 2222 4043 est,
2251 3973 2302 4031 ni
2329 3973 2503 4043 fallor,
2532 3992 2688 4047 quam
2722 3976 3041 4031 Ptolemaeus
3062 3973 3349 4047 Baliarium
3377 3993 3471 4047 ap-

1888 4046 2051 4119 pellat
2082 4047 2216 4101 libro
2246 4062 2324 4111 tv,
2354 4063 2472 4119 cap.
2504 4046 2559 4111 5,
2592 4047 2681 4119 ubi
2717 4048 2854 4102 hanc
2893 4048 3077 4102 urbem
3120 4046 3469 4119 subgLegione

1887 4117 2105 4185 Augusti
2131 4119 2162 4171 3
2189 4118 2530 4173 constitutam
2582 4117 2745 4173 fuisse
2786 4127 3067 4172 memorat.
3122 4117 3187 4172 Et
3228 4117 3472 4175 fortassis

1886 4201 1983 4259 pro
2012 4186 2347 4243 Bullerieusis
2379 4188 2661 4259 legendum
2689 4198 2772 4244 est
2795 4186 3141 4243 Bullariensis
3165 4188 3217 4242 in
3243 4190 3474 4244 subscri-

1887 4258 2158 4328 ptionibus
2188 4260 2459 4329 synodica:
2493 4260 2953 4327 proconsularium
2983 4260 3033 4312 in
3062 4260 3291 4314 concilio
3320 4260 3469 4316 Late-

1886 4330 2102 4404 r_anensi
2130 4328 2231 4404 sub
2258 4330 2725 4404 sanctogMartino,
2760 4331 2847 4386 ubi
2899 4328 3149 4385 Mellosus
3200 4332 3468 4404 cpiscopus

1888 4397 2220 4454 Bullerimsis
2250 4402 2505 4456 occurrit.

1959 4471 2046 4525 51.
2093 4471 2471 4542 Τιτιιιιιτλκυε.
2523 4472 2666 4528 lnter
2722 4473 3025 4527 Donatistas
3050 4471 3139 4542 qui
3190 4473 3241 4527 in
3287 4472 3467 4529 Colla-

1891 4539 2036 4598 tione
2074 4540 2479 4613 Carthaginiensi
2510 4546 2684 4607 capite
2708 4544 2813 4599 902
2850 4539 3220 4613 comparuere,
3271 4558 3472 4599 memo~

1892 4622 2040 4668 ratur
2075 4611 2251 4666 Victor
2276 4611 2541 4682 episcopus
2564 4613 2895 4674 Titulitanus,
2923 4611 3012 4681 qui
3038 4614 3145 4681 jam
3174 4615 3345 4681 capite
3370 4614 3471 4669 126

1888 4682 2061 4737 dictus
2116 4683 2286 4737 fuerat
2335 4684 2671 4736 adversarius
2728 4683 2985 4737 Cresconii
3042 4684 3266 4750 episcopi
3314 4685 3472 4750 plebis

1893 4751 2072 4807 Tituli.
2101 4752 2255 4807 Unde
2292 4752 2606 4818 conjicimus
2639 4752 2822 4806 urbem
2855 4751 2990 4805 hanc
3041 4751 3268 4805 Titulum
3307 4751 3471 4808 luisse

1889 4824 2231 4890 appellatam.
2290 4820 2581 4873 Victorinus
2644 4821 2707 4875 de
2762 4819 3277 4876 Castello-Tituliano
3334 4825 3471 4877 intra

1848 4932 1857 4939 .
1888 4892 2030 4946 inter
2059 4890 2317 4946 Numidas
2347 4890 2573 4945 habetur
2594 4906 2743 4945 num.
2776 4890 2863 4944 51.

1962 4962 2050 5015 52.
2081 4962 2524 5015 Tuaunmrcusss.
2554 4961 2761 5030 Duplex
2784 4971 2899 5017 erat
2921 4962 2972 5016 in
2999 4963 3199 5030 Africa,
3218 4972 3275 5019 ut
3296 4961 3472 5018 sciunt

1890 5045 2101 5097 omnes,
2132 5031 2262 5105 urbs
2295 5031 2611 5105 Tuburbiumﬁ
2631 5032 2794 5105 dicta,
2825 5049 2941 5102 qua:
2965 5031 3207 5105 Majoris,
3236 5042 3327 5088 aut
3368 5032 3464 5087 Mi-

1891 5105 2030 5158 noris
2080 5102 2443 5158 additamenta
2491 5103 2975 5173 distinguebantur.
3031 5102 3262 5174 Utraque
3291 5114 3467 5160 tamen

1891 5174 2197 5245 promiscue
2226 5173 2534 5228 Tuburbium
2560 5175 2877 5244 simpliciter
2904 5173 3221 5246 quandoque
3250 5175 3469 5230 diceba-

1893 5253 1998 5315 tur,
2029 5245 2170 5316 quod
2215 5261 2285 5301 ex
2336 5246 2637 5316 Collatione
2666 5245 3071 5316 Carthaginensi
3120 5245 3284 5315 patet.
3319 5246 3374 5300 In
3407 5262 3469 5301 ea

1892 5315 2088 5390 quippe
2115 5317 2391 5390 cap.q205,
2422 5315 2735 5371 Maximinus
2766 5315 3035 5390 Donatista
3061 5319 3344 5390 episc0pusi
3366 5316 3471 5371 Tu-

1894 5389 2194 5443 burbitanus
2223 5388 2441 5455 dicitur,
2482 5390 2569 5458 qui
2601 5398 2781 5458 anteis,
2813 5388 2989 5453 capite
3018 5388 3350 5444 scilicet‘i35
3380 5391 3471 5441 ad-

1891 5461 2161 5514 versarius
2195 5458 2417 5513 Victoris
2458 5457 2678 5526 episcopi
2704 5457 3168 5513 Tuburbitanorum
3213 5458 3471 5513 Minor-unt

1893 5530 2068 5585 fuerat
2108 5531 2424 5600 appellatus.
2454 5529 2542 5584 Sic
2584 5528 2890 5600 Rufinianus
2919 5530 3186 5600 episwpus
3217 5529 3471 5583 Tuburbi-

1897 5610 2046 5653 tanus
2079 5599 2203 5655 item
2237 5600 2510 5653 Donatista
2536 5600 2653 5653 sine
2676 5599 2854 5670 addito
2880 5602 3052 5670 capite
3076 5599 3174 5656 201
3208 5616 3473 5670 memora-

1898 5683 2001 5743 t_ur,
2055 5674 2141 5743 qui
2194 5671 2533 5743 adversarius
2586 5677 2700 5723 erat
2758 5664 3001 5743 Cypriani
3045 5671 3268 5741 episcopi
3314 5664 3473 5743 plebis

1900 5738 2659 5811 TuburbitunorumgMajorum
2693 5738 2962 5804 catholici,
2992 5753 3050 5796 ut
3074 5738 3226 5811 patet
3271 5738 3334 5811 ei
3380 5755 3473 5811 ea:

1899 5811 2160 5882 pite155,
2194 5812 2284 5866 ubi
2332 5808 2522 5866 dicitur
2569 5810 2810 5883 Ruﬁnus.
2860 5808 3187 5869 Alterutrius
3235 5808 3474 5882 episcopi
