4082 6320
1592 275 1931 334 APPENDIX
1971 276 2064 333 AD
2108 274 2449 333 VICTOBEM
2494 272 2851 333 VITENSEM.

3751 275 3851 335 296

617 395 671 449 in
691 410 821 466 cap.
854 394 943 456 55.
974 400 1028 466 et
1051 391 1181 466 alias
1208 389 1280 466 ibi
1308 389 1564 466 laudatas.
1598 387 1737 443 Nihil
1777 397 1955 466 atteso
1983 388 2050 466 de
2080 388 2180 466 Ba-
2205 393 2260 451 Α
2289 388 2349 466 in
2383 387 2561 466 Africa
2591 389 2693 466 cui
2744 396 3101 466 nomen-era_tl
3134 386 3282 466 Cito.
3331 387 3423 466 Sic
3442 387 3582 466 infra
3605 404 3763 466 num.
3783 391 3847 445 52

653 465 757 532 aia,
771 458 927 532 quam
945 461 1204 532 celebrem
1223 459 1352 514 adeo
1370 459 1734 532 reddiderunt,
1750 469 1859 513 tum
1878 458 2180 532 Bagaiensis

666 529 1009 590 onatistarum
1037 530 1236 586 famosa
1266 531 1751 602 pseudo-synodus,
1796 539 1917 602 tum;
1950 529 2182 584 Donatus

616 605 960 672 Bagaiensis,
1014 618 1170 671 quem
1219 603 1292 656 uti
1343 600 1630 671 martyrem
1682 602 1839 655 iidem
1892 600 2181 672 Donatistae

614 670 751 731 adeo
785 670 1217 744 impensejzo
1256 670 1522 739 colebant,
1553 672 1621 744 de
1650 687 1755 741 quo
1781 672 2012 744 0ptatus_
2028 670 2177 736 plura

617 746 776 800 habet
798 740 889 801 lib.
921 759 999 798 Ill.
1022 740 1269 799 SEd—hlcc
1292 743 1416 797 urbs
1439 740 1691 797 illustrior
1718 743 1883 797 evasit
1910 745 1977 796 ob
1999 740 2181 795 imma-

615 818 701 871 nia
744 815 1020 884 supplicia,
1068 815 1258 884 quibus
1296 814 1756 884 irinlllaximianum
1788 812 2026 881 ejusdem
2079 813 2178 865 loci

612 883 931 940 catholicum
995 883 1285 938 antistitem
1344 883 1634 937 Donatistae
1696 892 1998 936 saevuerunt.
2057 884 2179 937 llam

613 957 779 1011 fusius
806 965 1024 1023 exponit
1060 965 1275 1010 sanctus
1307 955 1630 1023 Augustinus
1659 954 1880 1020 epistula
1907 956 1994 1011 85.
2030 969 2175 1007 num.

611 1027 683 1081 26
712 1038 764 1082 et
796 1042 970 1097 seqq.,
1017 1028 1104 1095 qui
1132 1028 1327 1093 passim
1372 1025 1615 1079 eumdem
1641 1036 1879 1097 sanetum
1907 1026 2181 1097 conlesso-

612 1112 728 1152 rem
758 1093 964 1161 laudat;
996 1093 1138 1151 illius
1157 1109 1332 1150 autem
1357 1098 1609 1149 memoria
1633 1094 1930 1148 celebratur
1960 1093 2013 1146 in
2041 1094 2178 1148 Mar-

614 1169 878 1238 tyrologio
904 1168 1143 1222 Romano
1171 1166 1259 1222 die
1284 1168 1317 1238 5
1340 1165 1605 1238 Octobris.
1631 1164 1683 1238 in
1714 1179 1870 1238 quem
1892 1164 2032 1238 diem
2060 1164 2178 1238 vide

659 1234 827 1293 ει·οηῖἱ
872 1246 1068 1293 notas:
1111 1238 1183 1292 ibi
1225 1235 1419 1305 quippe
1464 1234 1851 1290 illustrissimus
1892 1235 2175 1305 cardinalis

614 1311 766 1375 plura
791 1308 858 1365 de
886 1308 989 1363 isto
1018 1303 1567 1377 egregio—confessore
1594 1305 1881 1377 congessit.
1912 1303 2175 1359 Caeterum

614 1379 939 1434 Donatianus
968 1376 1271 1448 Bagaie’nsis
1296 1378 1600 1446 episcopus,
1631 1377 1731 1448 sed
1757 1376 2176 1448 Donatista,_ad_-

613 1450 711 1504 fuit
735 1452 894 1505 etiam
918 1444 1197 1504 Collationi
1222 1444 1613 1515 Carthagﬁcap.
1638 1446 1760 1509 176,
1790 1448 1925 1500 sicut
1951 1457 2005 1500 et
2025 1444 2179 1499 Felix

609 1537 644 1574 a
668 1520 831 1591 Bagai
860 1520 1093 1591 concilio
1118 1518 1558 1591 rebaptizantium
1585 1516 1683 1571 sub
1702 1524 1888 1571 sancto
1909 1515 2176 1591 Cypriane

610 1587 765 1645 num:
806 1591 895 1647 12.
929 1590 1005 1645 Ex
1050 1590 1129 1644 bis
1176 1601 1351 1643 autem
1397 1587 1644 1643 omnibus
1689 1602 1806 1655 quae
1840 1587 2171 1652 protulimus,

610 1662 784 1731 quivis
814 1661 965 1715 facile
991 1660 1286 1729 intelligere
1316 1666 1487 1731 potest
1514 1673 1671 1726 quam
1702 1658 1915 1731 difficile
1943 1659 2008 1711 sit
2039 1657 2175 1711 inter

610 1729 687 1785 tot
718 1732 968 1800 ambages
988 1732 1183 1799 aliquid
1207 1732 1338 1783 certi
1366 1730 1431 1783 de
1463 1730 1681 1800 istarum
1705 1729 1973 1800 civitatum
2002 1730 2174 1800 nomi-

540 1826 559 1847 ο
608 1802 767 1857 nibus
810 1798 1085 1856 sta—tuere.
1116 1801 1269 1870 Vaga:
1319 1800 1369 1854 in
1411 1798 1672 1853 Numidia:
1717 1799 1982 1865 provincia
2031 1799 2172 1853 urbis

608 1874 766 1926 situm
790 1872 1040 1926 discimus
1060 1886 1122 1926 ex
1149 1872 1280 1925 actis
1300 1871 1470 1924 sancti
1490 1870 1780 1923 Mammarii
1798 1870 2172 1936 sociorumque

609 1955 926 2014 martyrum,
958 1957 1094 2014 qua:
1122 1955 1219 2014 ex,
1257 1941 1452 2014 celebri
1485 1940 1818 2014 bibliotheca
1840 1940 2173 2014 principalis

609 2008 919 2067 monasterii
956 2010 1279 2066 Denedictini
1319 2012 1497 2066 Sancti
1539 2011 1671 2063 Galli
1718 2008 1855 2079 apud
1905 2008 2173 2063 Helvetios

608 2094 781 2145 eruta,
837 2094 982 2136 torno
1031 2083 1094 2135 ιν
1155 2083 1404 2136 Veterum
1464 2081 1836 2135 Analectorum
1894 2095 1922 2132 a
1974 2080 2172 2133 domno

608 2152 812 2208 Joanne
841 2152 1144 2207 Mabillonio
1187 2154 1324 2207 edita
1361 2165 1502 2205 sunt.
1548 2151 1621 2203 ibi
1670 2151 2007 2204 Mammarius
2032 2152 2170 2217 apud

614 2223 893 2294 Vagensem
922 2223 1168 2277 civitatem
1197 2224 1250 2277 in
1281 2221 1520 2294 Numidia
1554 2222 1914 2294 apprehensus
1945 2222 2167 2294 dicitur,

608 2292 712 2349 non
746 2295 898 2363 longe
920 2310 948 2346 a
978 2294 1255 2360 Lambese,
1281 2292 1443 2347 altera
1472 2292 1709 2360 ejusdem
1736 2292 2024 2363 provinciai
2048 2301 2170 2344 nuta

609 2361 890 2426 civitateIa
915 2364 1105 2431 quibus
1134 2365 1292 2417 etiam
1326 2364 1461 2416 haud
1495 2363 1676 2430 procul
1706 2362 1958 2414 tlistitisse
1985 2361 2174 2414 'I‘nmu-

610 2435 802 2504 gadim,
839 2434 1045 2503 Tigisiin
1065 2442 1111 2487 et
1140 2432 1327 2486 Bosetlt
1362 2440 1722 2504 cognomento
1760 2432 2081 2500 Anforoiiant
2106 2446 2168 2486 ex

611 2502 798 2560 iisdem
825 2502 957 2559 actis
978 2504 1263 2573 colligitur.
1288 2503 1410 2557 Mihi
1438 2507 1545 2573 lere
1576 2502 1843 2555 exciderat
1875 2517 2093 2573 monere
2118 2504 2168 2555 in

610 2574 970 2629 vetustissimo
1025 2571 1427 2643 Carthagincnsi
1477 2572 1784 2625 kalendario
1816 2587 1879 2643 νιν
1929 2571 2172 2625 kalendas

612 2644 911 2700 Novembris
963 2644 1212 2713 Vagenses
1233 2642 1243 2643 ί
1262 2654 1520 2714 martyres
1550 2642 1871 2714 celebrari,
1896 2657 2049 2714 quos
2072 2644 2170 2697 sibi

609 2716 817 2783 ignotos
846 2732 964 2771 esse
994 2712 1187 2769 fatetur
1214 2714 1352 2770 idem
1386 2712 1743 2769 Mahillouius.
1772 2712 1877 2766 Sed
1908 2713 2167 2781 suspicati

610 2787 838 2841 fortaSse
869 2789 986 2855 quis
1017 2796 1197 2854 posset
1228 2801 1321 2840 eos
1345 2801 1465 2839 esse
1496 2784 1862 2838 Mannnarium
1892 2785 2172 2855 sociosque

610 2857 745 2926 ejus,
778 2854 999 2925 quorum
1028 2866 1144 2911 acta
1170 2856 1328 2911 modo
1359 2854 1725 2909 laudabamus.
1769 2854 1918 2908 Licet
1949 2854 2089 2907 enim
2120 2857 2170 2907 in

609 2927 820 2981 civitate
833 2928 1025 2982 Doscth
1041 2928 1232 2981 fuerint
1244 2926 1957 2990 consummati,Mammarins
1973 2935 2167 2983 tamen.

607 2999 696 3068 qui
737 2999 973 3054 omnium
1022 3008 1138 3053 erat
1184 2998 1343 3051 veluti
1389 3007 1536 3068 pater
1577 3006 1630 3049 et
1677 2994 2171 3068 jirceeiputts,_apud

612 3067 808 3138 Vagam
849 3071 1047 3138 primus
1075 3070 1308 3124 omnium
1342 3065 1772 3135 comprehensus,
1798 3065 1911 3130 fuit,
1943 3065 2171 3133 indeque

610 3154 704 3209 per
734 3143 924 3215 _v_a_rias
974 3141 1129 3215 urbes
1178 3156 1303 3215 cuni
1339 3140 1456 3193 aliis
1502 3138 1935 3215 circumductus;
1986 3151 2170 3215 nutantis
2199 3147 2243 3215 ρ

609 3209 747 3276 apud
776 3210 977 3286 Vagam
997 3209 1323 3287 interrogati,
1342 3220 1467 3269 sunt
1494 3221 1546 3271 9‘.
1584 3210 1636 3270 itt
1662 3214 2101 3287 tartareﬁeclusi
2123 3228 2171 3287 _a

610 3293 838 3351 Comite;
860 3284 1002 3339 unde
1034 3284 1242 3341 tandem
1265 3286 1331 3341 ad
1362 3288 1650 3341 Anulinum
1674 3286 1838 3346 missi,
1868 3289 1958 3352 qui
1986 3294 2100 3337 erat
2120 3284 2171 3337 in

610 3356 824 3410 civitate
871 3358 1099 3421 Boseth,
1154 3356 1411 3427 Vagenses
1458 3356 1562 3410 dici
1614 3365 1807 3409 extunc
1853 3361 2170 3427 potuerunt,

609 3427 752 3494 quod
785 3441 977 3482 nomen
998 3431 1157 3482 etiam
1184 3423 1253 3481 ad
1273 3438 1517 3496 posteros
1546 3426 1909 3480 transmissum
1939 3423 2175 3492 est.Utut

609 3497 700 3562 sit,
742 3497 1038 3552 Mammarii
1085 3508 1139 3553 et
1184 3502 1453 3553 sociorum
1495 3498 1611 3566 ejus
1650 3496 1980 3561 memoriam,
2013 3509 2171 3564 quam

609 3569 803 3639 ubique
826 3570 1056 3639 ignotam
1082 3583 1201 3624 esse
1229 3569 1623 3623 existimaverat
1645 3567 1781 3639 Idem
1807 3567 1885 3639 vir
1909 3567 2171 3633 eruditus,

607 3637 1055 3706 deprehendimus
1082 3639 1348 3694 eelebrem
1379 3653 1497 3694 esse
1525 3639 1579 3693 in
1606 3638 1966 3706 Lotharingia,
2002 3646 2056 3691 ut
2092 3645 2171 3692 te-

605 3708 704 3782 stis
724 3718 805 3782 est
826 3710 1067 3782 Andreas
1092 3710 1389 3782 Satussayus
1409 3710 1741 3782 Tullensium
1754 3708 1815 3782 in
1842 3708 2026 3782 eadem
2050 3722 2173 3782 pro-

605 3777 780 3833 vincia
807 3780 1047 3844 antistes,
1079 3781 1169 3849 qui
1195 3782 1248 3836 in
1277 3777 1639 3851 martyrologii
1671 3778 1933 3851 Gallicani
1957 3779 2173 3851 supple-

606 3859 787 3921 mento
816 3851 928 3905 haec
957 3847 1117 3906 habet
1145 3867 1264 3921 pag.
1310 3847 1484 3905 1151:
1521 3847 1717 3917 Quarto
1742 3850 1859 3921 idus
1901 3849 2070 3902 Junii.
2105 3847 2171 3902 In

606 3918 941 3992 Lotharingia
960 3918 1157 3976 natalis
1176 3918 1351 3992 sancti
1368 3921 1663 3975 Mammarii
1691 3927 1737 3973 et
1757 3919 2010 3992 sociorum
2038 3936 2174 3973 mar-

606 3998 794 4058 tyrum,
834 3989 960 4060 quos
998 3992 1051 4045 in
1086 4009 1192 4047 una
1235 3991 1547 4060 conTessione
1575 4006 1783 4044 summm
1814 3989 2031 4043 Deitatis
2058 4006 2173 4059 per-

605 4068 852 4132 sistentes,
884 4062 1021 4130 {erus
1051 4072 1339 4132 persecutor
1370 4062 1655 4115 trucidavit.
1680 4064 1809 4132 Qua:
1831 4062 2030 4128 optime
2052 4077 2170 4132 cum

606 4130 740 4184 actis
768 4130 1150 4186 Mabillonianis
1179 4143 1496 4201 congruunt,
1521 4132 1571 4201 in
1604 4131 1795 4199 quibus
1822 4132 1980 4184 etiam
2011 4130 2170 4185 iidem

604 4209 869 4269 martyres
914 4204 1041 4255 hora
1089 4210 1232 4256 sexta
1280 4200 1332 4256 tv
1378 4202 1493 4255 idus
1536 4200 1680 4254 Junii
1722 4203 1858 4268 passi
1903 4202 2170 4257 dicuntur.

604 4268 774 4325 Porro
802 4270 1065 4326 Notkerus
1100 4274 1188 4326 die
1230 4273 1295 4327 14
1340 4272 1514 4326 Martii
1555 4272 1696 4326 inter
1723 4271 1858 4325 alios
1897 4272 2173 4326 Africanos

604 4350 865 4411 martyres
912 4341 1273 4396 Mammarium
1316 4350 1593 4406 recenset;
1644 4342 1735 4396 sed
1780 4355 1878 4396 nec
1905 4343 2171 4397 sluciorum

604 4412 841 4477 nomina,
878 4428 977 4467 nec
1016 4414 1130 4468 dies
1158 4412 1274 4481 ejus
1316 4413 1540 4467 festivus
1584 4428 1703 4467 cum
1750 4414 1883 4483 actis
1923 4415 2171 4483 componi

676 4493 853 4608 ssun‘t’.
877 4483 953 4538 De
994 4485 1112 4539 istis
1139 4485 1259 4538 vide
1302 4483 1678 4539 Bollandianos
1707 4482 1773 4536 ad
1814 4485 2054 4537 eamdem
2106 4487 2172 4540 14

676 4564 776 4607 ιτιιι
842 4569 966 4608 tem.

654 4564 776 4607 arlll
802 4564 966 4609 diem.

670 4622 726 4697 8.
765 4622 1026 4697 NIBENSIS.
1054 4625 1457 4697 Suspicatur-V.
1480 4624 1541 4680 C.
1573 4624 1820 4697 Baluzius
1850 4624 1972 4679 huic
1998 4625 2172 4681 eidem

599 4695 715 4766 sedi
753 4696 1028 4765 praefuisse
1063 4695 1272 4751 Justum
1316 4699 1624 4766 episc0pum
1675 4695 2037 4760 Nieibensem,
2081 4699 2169 4764 qui

599 4764 1072 4837 interDonatistas
1100 4764 1382 4823 Collationi
1409 4764 1659 4837 Carthag.
1701 4766 1871 4820 adfuit
1897 4781 2016 4836 cap.
2045 4767 2167 4823 201.

598 4834 924 4908 memoratur
950 4839 1001 4893 in
1024 4840 1209 4894 eadem
1232 4838 1524 4894 Collatione
1543 4834 1660 4908 cap.
1676 4837 1776 4893 197
1794 4834 2172 4904 Quodvultdeus

597 4903 938 4980 Nebbitanus,
974 4909 1043 4964 de
1071 4924 1177 4979 quo
1206 4910 1346 4965 inter
1375 4903 1681 4980 Byzacerios
1710 4903 1846 4963 infra
1883 4925 2030 4963 num.
2078 4911 2167 4975 14,

595 4978 686 5049 ubi
716 4979 782 5034 de
808 4978 952 5034 Laeto
982 4978 1281 5049 Nep’titano.
1332 4978 1565 5034 Ortelius
1606 4989 1782 5034 autem
1813 4981 1864 5033 in
1896 4980 2170 5035 Thesauro

595 5047 963 5121 Geographico
990 5047 1090 5121 pro
1119 5049 1359 5121 Nibensis
1403 5050 1684 5119 legendum
1715 5065 1834 5105 esse
1864 5061 2011 5118 putat
2054 5051 2171 5105 No-

594 5117 780 5174 bensis.
805 5117 1057 5176 Attamen
1082 5136 1188 5175 non
1212 5119 1341 5174 editi
1366 5117 1563 5185 solum,
1593 5135 1713 5175 cum
1744 5117 1928 5175 codiCe
1952 5121 2166 5176 Laudu-

594 5191 769 5256 nensi,
796 5193 890 5247 sed
921 5194 1036 5259 ipse
1078 5191 1241 5247 etiam
1282 5190 1476 5244 llalleri
1507 5191 1675 5244 codex
1714 5191 1954 5245 Nibensis
1982 5194 2160 5259 habet,

592 5267 655 5312 ut
681 5260 905 5328 ipsemet
932 5260 1165 5318 Ortelius
1193 5269 1493 5317 attestatur.
1541 5260 1675 5315 Vide
1715 5261 1852 5315 infra
1881 5262 2020 5316 inter
2047 5264 2161 5328 epi-

592 5343 785 5400 scapos
807 5333 1132 5388 Mauritaniae
1157 5332 1509 5387 Ctesariensis
1531 5346 1678 5386 num.
1715 5331 1802 5383 91.
1843 5330 2019 5385 Nobas
2050 5332 2163 5386 Fu-

591 5400 751 5455 sciani
795 5403 845 5456 in
874 5402 1116 5459 Numidia
1141 5405 1339 5459 habent
1379 5402 1683 5468 Peutingeri
1714 5401 1951 5456 Tabulze.

662 5472 713 5526 9.
747 5471 1015 5528 GIBENSIS.
1042 5475 1294 5543 Ejusdem
1324 5474 1446 5539 loci,
1474 5483 1529 5527 ut
1556 5473 1769 5543 quidem
1800 5484 1982 5527 censet
2008 5473 2162 5528 Dalu-

592 5542 725 5605 zius,
752 5543 853 5617 fuit
866 5542 1128 5599 Lucianus
1150 5549 1412 5617 episcopus
1437 5544 1677 5598 Ecclesia:
1697 5542 1959 5617 Guirensis
1974 5546 2024 5598 in
2040 5544 2161 5599 Co!-

592 5618 789 5687 latione
815 5615 1094 5687 Carthag.,
1124 5615 1241 5684 cap.
1264 5615 1387 5684 125,
1418 5620 1568 5687 121
1589 5631 1746 5687 quam
1776 5615 1959 5669 urbem
1991 5618 2163 5685 suspi-

587 5695 736 5740 catur
763 5686 986 5741 Carolus
1007 5703 1036 5739 a
1064 5689 1260 5742 Sancto
1289 5686 1455 5742 Paulo
1472 5686 1596 5742 esse
1620 5686 1837 5741 Currant
1869 5687 1920 5740 in
1948 5687 2162 5741 Tabulis

591 5758 1019 5826 l’cutingeriauis
1049 5766 1418 5814 memoratam.
1451 5760 1606 5816 Certe
1633 5774 1739 5814 non
1772 5774 1873 5814 una
1904 5758 2033 5813 urbs
2065 5758 2164 5816 fuit

2286 457 2413 513 Giru
2445 458 2695 523 Marcelli,
2726 475 2873 515 num.
2908 459 3002 514 121
3037 456 3167 512 Giru
3194 459 3407 525 Tarasi;
3440 468 3497 516 et
3526 461 3578 513 in
3602 459 3845 515 Maurita-

2281 530 2368 584 nia
2394 530 2705 584 Caasariensi
2741 546 2885 584 num.
2910 531 2942 584 9
2972 528 3395 585 Girumontensis.

2356 600 2442 654 10.
2483 600 2891 655 Curcuursuus.
2932 601 3254 655 Memoratur
3275 602 3326 654 in
3347 601 3642 656 Collatione
3664 601 3842 659 Carth.

2281 685 2400 738 cap.
2436 671 2528 723 121
2586 671 2885 725 Cresconius
2925 673 3192 742 episcOpus
3227 670 3471 727 Ecclesia:
3519 672 3846 727 Cuiculitana:

2281 744 2596 810 catholicus,
2621 744 2707 812 qui
2744 750 2962 795 testatus
2994 752 3075 796 est
3102 743 3461 797 adversarium
3491 757 3645 797 suum
3678 757 3709 797 e
3734 758 3845 798 cor.

2281 827 2409 881 polo
2437 815 2687 867 exivisse.
2724 812 3055 882 Elpidoforus
3075 814 3337 882 episcOpus
3363 812 3720 883 Cuiculitanus
3740 830 3847 883 pro-

2282 884 2457 937 vinciae
2508 884 2768 937 Numidia!
2814 885 3057 936 laudatur
3098 886 3148 936 in
3193 882 3845 952 concilioCarthaginensi

2279 956 2380 1009 sub
2405 955 2692 1017 lioriifacio,
2742 969 2805 1006 ex
2853 954 3020 1008 altera
3071 955 3276 1024 synodo
3308 957 3407 1008 sub
3437 954 3601 1007 Grato
3634 954 3844 1008 habita:

2281 1025 2506 1092 indeque
2537 1024 2864 1078 emendanda
2891 1026 3039 1077 istius
3064 1025 3251 1094 synodi
3269 1036 3492 1092 utraque
3514 1024 3682 1080 editio
3710 1033 3847 1080 tomo

2281 1095 2322 1166 l_l
2352 1095 2516 1166 Cone.
2540 1094 2731 1158 Labb.,
2752 1096 2846 1166 ubi
2875 1097 2978 1148 col.
3009 1095 3133 1160 717,
3180 1109 3296 1166 cap.
3334 1096 3431 1157 11,‘
3465 1094 3847 1166 Elpidopliorus

2280 1163 2593 1230 Cuizitanus,
2617 1180 2709 1220 seu
2737 1162 3046 1219 Chuzitanus
3063 1205 3077 1224 ,
3105 1174 3195 1219 aut
3216 1162 3585 1219 Cuicialitanus
3601 1180 3624 1231 ;
3650 1177 3705 1221 et
3741 1168 3843 1221 col.

2281 1236 2456 1299 1825,
2501 1251 2564 1290 ex
2610 1237 2731 1290 cod.
2792 1235 3042 1289 Vaticano
3094 1233 3470 1289 Cuiccalitanus
3518 1238 3844 1291 nominatur.

2280 1305 2491 1359 Crescus
2536 1321 2631 1360 seu
2661 1305 2961 1360 Cresconius
2994 1307 3254 1376 episcopus
3298 1304 3495 1360 Cuiculi
3530 1306 3847 1374 subscripsit

2279 1378 2507 1446 concilio
2542 1392 2574 1429 ν
2601 1378 2854 1446 generali.
2900 1376 3004 1431 Sed
3040 1375 3127 1446 his
3167 1376 3414 1432 omnibus
3454 1376 3728 1445 antiquior
3771 1387 3849 1432 est

2279 1445 2632 1500 Pudentianus
2653 1466 2683 1500 a
2713 1446 2934 1508 Cuiculi,
2962 1445 3050 1515 qui
3074 1461 3168 1515 pro
3203 1448 3596 1515 rebaptizandis
3628 1446 3846 1501 hzereti-

2278 1517 2355 1571 cis
2394 1520 2708 1571 sententiam
2750 1518 2867 1570 tulit
2899 1518 2952 1570 in
2988 1518 3213 1571 concilio
3243 1517 3491 1587 Carthag.
3528 1518 3629 1571 sub
3661 1526 3846 1571 saneto

2277 1587 2544 1657 Cypriano
2573 1604 2718 1642 num.
2758 1588 2846 1652 71,
2880 1589 3031 1654 cujus
3064 1588 3415 1656 objectionem
3446 1603 3512 1643 ex
3542 1589 3847 1657 responsio-

2277 1659 2432 1712 nibus
2470 1673 2601 1724 quas
2630 1658 2695 1711 ad
2728 1658 2952 1710 aliorum
2999 1657 3232 1712 rationes
3261 1657 3370 1726 jam
3413 1658 3645 1721 fecerat,
3692 1658 3847 1713 solvit

2276 1727 2601 1797 Augustinus
2633 1728 2766 1782 libro
2788 1743 2855 1781 vn
2882 1727 2946 1782 de
2980 1728 3247 1796 Baptismo
3289 1739 3474 1783 contra
3520 1729 3844 1789 Donatistas.

2276 1813 2393 1865 cap.
2437 1800 2525 1853 55.
2569 1799 2734 1868 Hujus
2780 1798 2927 1852 urbis
2971 1800 3172 1853 mentio
3220 1799 3441 1854 habetur
3486 1799 3539 1854 in
3587 1798 3846 1854 Antonini

2280 1870 2573 1923 Itinerario.

2351 1942 2435 1994 11.
2477 1943 2828 1994 Auronessrs.
2875 1940 2932 1994 1n
2975 1940 3271 1995 Collatione
3308 1939 3559 2009 Carthag.
3590 1955 3712 2006 cap.
3746 1940 3843 1994 198

2277 2010 2415 2064 inter
2463 2011 2761 2064 Donatistas
2814 2010 3108 2064 recensitus
3155 2010 3252 2064 fuit
3302 2011 3545 2065 Servatus
3574 2012 3845 2078 cpiscopus

2275 2082 2659 2147 Amp/torensis,
2696 2096 2851 2149 quem
2878 2081 3018 2133 hunc
3043 2082 3213 2149 ipsum
3250 2097 3371 2135 esse
3411 2091 3560 2149 putat
3601 2080 3841 2135 Norisius

2274 2152 2363 2219 qui
2394 2166 2512 2220 cap.
2548 2151 2637 2204 121
2674 2150 2858 2221 Donati
2886 2151 3108 2221 episcopi
3138 2151 3377 2204 Ecclesia:
3406 2152 3719 2204 Anburensis
3752 2153 3843 2204 ad-

2275 2219 2541 2276 versarius
2566 2223 2775 2275 dicitur.
2807 2219 3064 2273 Anburani
3109 2232 3154 2275 et
3185 2222 3462 2284 Amporam
3496 2237 3589 2277 seu
3619 2223 3841 2289 Ampho-

2274 2308 2385 2345 ram
2411 2308 2565 2345 uuam
2594 2301 2647 2345 et
2678 2292 2923 2345 eamdem
2952 2306 3070 2345 esse
3100 2293 3281 2345 urbem
3326 2306 3515 2359 praeter
3548 2292 3837 2357 Norisium,

2274 2374 2517 2416 asserunt
2544 2364 2703 2417 etiam
2723 2362 2818 2414 viri
2848 2362 3039 2415 eruditi
3063 2363 3295 2415 Joannes
3311 2363 3603 2417 Garnerius
3628 2365 3681 2415 in
3704 2366 3838 2415 uotis

2275 2432 2340 2486 ad
2385 2433 2601 2487 Marium
2646 2432 3014 2493 Mercatorem,
3056 2443 3109 2485 et
3152 2433 3456 2497 Stephanus
3500 2434 3750 2486 Baluzius
3789 2432 3837 2486 in

2275 2504 2417 2556 notis
2446 2502 2510 2556 ad
2533 2503 2881 2557 Collationcm
2912 2502 3160 2571 Carthag.
3186 2520 3198 2565 ;
3236 2504 3323 2571 qui
3354 2503 3471 2557 loco
3500 2503 3719 2558 laudato
3747 2518 3839 2570 pro

2275 2574 2580 2633 Anburensi,
2610 2573 2733 2641 legit
2766 2574 3077 2637 Amburensi,
3098 2584 3383 2641 monetque
3406 2574 3837 2642 frequentesesse

2272 2642 2325 2697 in
2356 2658 2457 2697 ms.
2481 2645 2753 2698 codicibus
2780 2643 3073 2696 litterarum
3103 2660 3135 2709 p
3163 2653 3213 2697 et
3235 2648 3283 2707 b,
3314 2653 3405 2697 aut
3429 2660 3459 2695 o
3484 2655 3538 2698 et
3562 2660 3597 2697 u
3622 2659 3833 2712 permu-

2275 2714 2523 2768 tationes.
2555 2714 2687 2767 Hine
2713 2728 2815 2766 non
2844 2713 3139 2767 audiendus
3178 2714 3344 2768 Lucas
3382 2714 3710 2780 Holstenius,
3752 2714 3835 2783 qui

2276 2799 2371 2853 pro
2402 2785 2712 2837 Anburensis
2743 2783 3019 2851 legendum
3049 2799 3164 2838 esse
3191 2793 3339 2853 putat
3369 2785 3677 2838 Abbirensis.

2345 2854 2432 2909 12.
2476 2854 2850 2924 FESSEITANDS.
2890 2854 2978 2907 Sic
3002 2855 3167 2909 codex
3202 2871 3301 2908 ms.
3330 2865 3551 2924 uterque
3578 2870 3701 2909 cum
3729 2855 3836 2908 edi-

2276 2922 2362 2993 tis.
2397 2927 2547 2979 lltmc
2576 2925 2748 2977 locum
2776 2923 2970 2991 legenti
3028 2926 3254 2993 primum
3309 2925 3359 2979 in
3415 2922 3650 2979 mentem
3696 2927 3835 2980 venit

2275 2992 2445 3048 Fezza
2472 2996 2598 3049 urbs
2627 2994 2711 3048 his
2734 2992 3061 3061 temporibus
3092 2997 3143 3049 in
3182 2994 3432 3049 hodierna
3473 2995 3727 3050 Barbaria
3753 3011 3835 3050 ce-

2277 3064 2458 3135 lebris,
2487 3081 2604 3119 cum
2635 3079 2800 3133 regno
2824 3064 2925 3135 sibi
2954 3066 3301 3135 cognomine;
3333 3081 3489 3135 quam
3508 3072 3710 3135 putant
3726 3080 3836 3121 esse

2287 3134 2567 3189 Volubilem
2590 3136 2776 3190 urbem
2808 3150 2836 3188 a
2861 3134 3170 3199 Ptolemaeo,
3197 3134 3489 3199 Antonino,
3513 3134 3739 3203 aliisque
3758 3152 3836 3190 an.

2277 3210 2437 3281 cquis
2458 3207 3215 3284 tumuoratauLAt.\’ol-alalis,
3246 3216 3519 3284 totumque
3542 3208 3836 3269 Fruamur:

2275 3298 2495 3355 regnum
2546 3285 2768 3355 adeam
2818 3282 3011 3338 Africa:
3056 3296 3254 3352 partem
3295 3282 3500 3355 spectat
3546 3302 3667 3352 (ιυςυ
3716 3287 3837 3339 olim

2272 3352 2582 3426 Mauritania
2611 3354 2889 3423 Tingitana
2915 3358 3298 3426 appellabatur.
3323 3352 3378 3410 et
3399 3359 3510 3426 ipsa
3530 3357 3664 3411 urbs
3680 3355 3835 3410 Fessa

2273 3424 2326 3477 in
2358 3425 2519 3479 maris
2541 3426 2717 3479 littore
2752 3440 2936 3480 versus
2962 3425 3266 3495 Hispaniam
3298 3428 3397 3480 sita
3419 3424 3545 3495 'est,
3590 3429 3838 3493 proinde-

2274 3510 2377 3565 que
2399 3496 2551 3565 longe
2572 3496 2774 3549 distans
2793 3511 2821 3549 a
2836 3494 3099 3564 Numidia,
3125 3496 3192 3552 ad
3213 3512 3372 3565 quam
3397 3494 3701 3551 Fesseitana
3721 3497 3837 3552 urbs

2278 3567 2366 3621 hic
2391 3575 2682 3621 memorata
2711 3566 2993 3621 attinebat.

2346 3639 2436 3695 13.
2479 3639 2870 3693 Βοεςοκιευειε.
2907 3635 2966 3690 In
2986 3638 3282 3709 Collatione
3311 3636 3563 3709 Carthag.
3593 3653 3719 3709 cap.
3745 3638 3838 3695 198

2272 3706 2413 3763 inter
2440 3709 3014 3781 Donatistasgoccurrit
3068 3708 3299 3781 Donatus
3337 3706 3604 3781 episcopus
3648 3708 3838 3765 Bucco-

2272 3782 2482 3845 m'ensis,
2514 3779 2651 3832 haud
2679 3777 2838 3833 dubie
2867 3778 2969 3832 huc
2997 3780 3344 3835 revocandus.

2346 3852 2433 3904 14.
2481 3851 2930 3903 Dsnsrconeusrs.
2984 3849 3319 3919 Legendum,
3360 3850 3687 3908 admonente
3720 3867 3837 3907 eru-

2273 3920 2383 3992 dito
2406 3921 2641 3992 Baluzio,
2674 3919 3217 3992 Batnaccorensis,_vel
3246 3921 3672 3992 Vantaccorensis,
3696 3924 3837 3992 cujus

2274 3990 2379 4044 loci
2422 3989 2997 4061 Cassianusicpiscopus
3041 3988 3209 4044 adfuit
3253 3991 3532 4047 Collationi
3586 3988 3833 4061 Carthag.

2272 4076 2391 4130 cap.
2421 4061 2522 4115 128
2548 4076 2667 4114 cum
2697 4060 2901 4114 Donato
2942 4061 3106 4129 ipsius
3139 4064 3464 4117 adversario.
3508 4064 3704 4118 Mirum
3746 4060 3837 4117 au-

2276 4141 2381 4185 tem
2411 4133 2581 4185 eidem
2615 4131 2826 4184 Baluzio
2881 4130 3085 4185 videtur
3129 4134 3269 4200 qttod
3305 4132 3541 4189 Donatus
3582 4147 3704 4200 cap.
3743 4135 3837 4189 137

2274 4202 2511 4268 ejusdem
2542 4201 2855 4255 Collationis
2878 4201 3073 4256 dixerit
3103 4204 3303 4257 nullum
3332 4218 3451 4258 sese
3477 4205 3836 4260 adversarium

2276 4272 2475 4326 habere
2498 4275 2548 4325 in
2581 4274 2732 4340 plebe
2767 4287 2881 4341 sua,
2915 4272 3016 4326 nisi
3042 4274 3214 4327 solum
3250 4273 3572 4341 Absaloncm,
3599 4289 3740 4340 cum,
3765 4277 3837 4331 in-

2273 4343 2497 4413 quitvir
2518 4343 2831 4397 ernditusin
2858 4344 3004 4413 notis
3048 4343 3112 4397 ad
3160 4344 3298 4397 hunc
3326 4345 3522 4412 locum,
3567 4345 3837 4400 Cassianus

2275 4411 2391 4482 cap.
2428 4414 2526 4466 128
2556 4416 2820 4484 episcopus
2847 4411 3262 4468 Bamaccorensis
3288 4411 3570 4469 catholicus
3610 4419 3836 4471 nmuiua-

2280 4494 2359 4541 tus
2386 4485 2468 4549 sil,
2515 4495 2560 4537 et
2594 4502 2626 4536 a
2664 4485 2864 4537 Donato
2912 4486 3133 4555 agnitus.
3180 4485 3286 4540 Sed
3327 4486 3477 4539 fallor
3515 4488 3560 4541 si
3607 4488 3837 4542 Donatus

2202 4533 2256 4593 D
2280 4533 2496 4630 Haec.
2518 4533 3108 4630 gessissemus;
3121 4533 3836 4630 'vaa_a_.i(ja'esig;..'ré';;s2

2282 4633 2364 4699 ter
2390 4627 2675 4699 ipsummet
2696 4623 3031 4699 Cassianum,
3051 4641 3209 4696 quem
3237 4623 3556 4682 Absalonem
3584 4623 3834 4699 appellat,

2280 4695 2331 4751 id
2364 4706 2445 4771 est
2475 4697 2640 4771 lilium
2669 4695 3275 4771 rebellem,quod,_cum
3294 4706 3451 4771 antea
3470 4700 3590 4768 ejus
3622 4695 3837 4771 presby-

2282 4774 2361 4822 ter
2393 4767 2659 4821 Donatista
2699 4766 2907 4832 fuisset,
2946 4770 3013 4822 ad
3058 4766 3313 4822 unitatem
3354 4766 3673 4825 catholicam
3710 4766 3837 4826 con-

2278 4853 2466 4910 versus
2495 4839 2667 4910 eidem
2691 4853 2754 4893 ac
2777 4838 2907 4908 ipsa:
2927 4839 3223 4910 ecclesitega
3251 4838 3532 4895 catholicis
3555 4844 3837 4910 praefectus

2279 4909 2454 4964 fuerit.
2489 4909 2639 4964 Unde
2671 4907 2905 4963 Donatus
2929 4910 3088 4976 capit.
3132 4907 3233 4963 128
3274 4912 3350 4964 ait
3380 4927 3392 4963 :
3430 4907 3664 4980 Agnosco
3696 4915 3837 4967 illum

2276 4980 2609 5044 Cassianum,
2632 4981 2886 5050 presbyter
2903 4997 3040 5034 incus
3056 4981 3173 5050 fuit.
3190 4981 3251 5033 Et
3268 4996 3388 5050 cap.
3412 4982 3532 5047 187,
3551 4998 3675 5038 cum
3702 4984 3837 5039 idem

2277 5051 2514 5106 Donatus
2561 5052 2803 5118 dixisset,
2842 5054 2995 5122 122
3036 5051 3255 5122 Nullum
3297 5054 3455 5105 habeo
3494 5058 3838 5109 adversarium

2270 5123 2372 5175 nisi
2402 5122 2725 5187 Absalonem,
2781 5121 3030 5179 Aurelius
3071 5121 3509 5177 Macomadiensis
3546 5126 3840 5181 catholicus

2269 5192 2551 5265 episcopus
2574 5192 2885 5261 subjunxit:
2921 5192 3018 5247 Hic
3050 5204 3126 5265 est
3152 5193 3423 5260 episcOpus
3460 5212 3685 5265 prtesens
3715 5198 3839 5251 Cas-

2269 5265 2466 5318 sianus.
2498 5264 2665 5317 Porro
2687 5265 2842 5333 hujus
2872 5263 3111 5334 episcopi
3137 5266 3421 5320 occasione
3448 5263 3628 5321 locum
3660 5270 3840 5323 conci-

2269 5334 2323 5388 lii
2355 5334 2795 5402 Carthaginensis
2835 5335 2937 5388 sub
2981 5346 3167 5391 sancto
3197 5336 3465 5405 Cypriano
3510 5338 3677 5393 habiti
3722 5355 3840 5394 cor-

2269 5414 2487 5477 ruptum
2533 5406 2784 5477 emendat
2832 5405 2972 5460 idem
3017 5407 3281 5470 llaluzius,
3329 5408 3471 5475 quod
3508 5407 3621 5477 jam
3672 5411 3841 5465 editor

2269 5475 2589 5531 (lxonieusis
2616 5477 2972 5531 subodoratus
2993 5477 3183 5532 fuerat.
3213 5477 3310 5543 Qui
3339 5479 3479 5532 enim
3510 5475 3585 5533 ibi
3610 5478 3767 5536 Felix
3782 5480 3841 5533 ab

2269 5548 2552 5601 Amaccura
2580 5556 2672 5601 aut
2709 5550 3025 5601 Amacltorra
3073 5551 3122 5603 in
3155 5549 3377 5619 vulgatis
3398 5550 3727 5619 editionibus
3754 5552 3841 5607 tri~

2267 5620 2761 5692 gesimus‘octavus
2797 5622 3115 5692 sententiam
3146 5618 3301 5680 dixit,
3321 5690 3328 5692 _
3347 5638 3379 5673 a
3406 5618 3729 5676 Bamaccura
3752 5637 3840 5692 ap<

2271 5689 2454 5758 pellari
2498 5690 2677 5743 debet.
2723 5692 2923 5745 Eodem
2954 5691 3113 5745 modo
3143 5690 3533 5746 emendandum
3563 5702 3652 5748 est
3692 5689 3839 5750 istius

2270 5760 2420 5816 urbis
2446 5775 2641 5817 nomen
2660 5764 2801 5832 apud
2837 5763 3191 5836 Augustinum
3221 5762 3359 5819 libro
3388 5778 3443 5820 vt
3471 5763 3541 5822 de
3570 5766 3845 5840 Baptisms
