4082 6320
521 250 629 311 303
1007 258 1016 287 έ
1048 242 1120 262 Μ
1132 237 1220 286 Ἑίη
1240 271 1325 315 ea“.

1527 243 1868 302 APPENDIX
1906 243 1997 301 AD
2038 241 2380 301 VICTOREM
2420 242 2779 300 VITENSEM.

3669 239 3780 299 504

596 360 685 420 δι.
729 361 1059 418 διιιιτιιιυε.
1090 343 1273 412 Eidem
1299 355 1414 428 urbi
1444 356 1657 428 praefuit
1680 354 1960 413 Faustinus
1981 355 2091 425 cpi-
2115 358 2170 421 Α
2198 355 2301 411 lam
2331 356 2397 413 ad
2424 357 2759 428 Byzaceuam
2782 355 3106 428 pertinuisse
3126 354 3319 425 probat
3338 354 3579 428 eruditus
3616 354 3778 410 Baln-

521 450 610 490 sco
650 448 710 487 us
743 432 900 502 plebis
922 429 1198 510 Sillitanie,
1239 427 1329 497 qui
1367 426 1651 510 Collationi
1678 428 1933 510 Carthag.
1968 442 2028 483 ca
2075 468 2088 482 .
2139 451 2145 465 ο

525 451 646 560 ἤιξ’
668 519 790 559 cum
833 499 1134 554 Possuiomo
1172 513 1271 551 suo
1316 495 1624 553 adversario
1662 510 1982 560 comparuit.
2027 442 2093 554 Et

668 495 790 559 cuin
833 498 1134 554 Possidonio
1172 495 1271 551 suo
1316 495 1624 553 adversario
1662 495 1982 566 comparuit.

525 576 668 630 hunc
704 571 923 643 quidem
938 567 1305 643 Possidonium
1338 568 1582 643 Baluzius
1610 583 1716 643 non
1734 568 2037 643 distinguit
2062 585 2092 643 a

524 638 762 699 Possidio
788 639 1057 697 Sililitensi
1079 680 1095 705 ,
1124 652 1218 710 seu
1244 680 1258 705 ,
1284 646 1341 693 ut
1389 640 1501 708 ipse
1532 639 1698 710 legit,
1724 638 1974 703 Silitensi,
2005 640 2094 710 qui

521 729 643 782 cap.
676 714 774 769 197
802 708 1617 782 ittterDonatistasrecensetur.
1638 708 1983 782 Porroidem
2014 708 2097 765 vir

523 779 764 840 eruditus
805 780 1145 851 Squillacium
1190 780 1485 852 episcopum
1524 779 1767 852 Ecclesia:
1812 781 2099 852 Scillitante

523 869 644 910 eum
672 850 878 910 Donato
904 853 1069 921 ipsius
1100 850 1405 906 adversario
1432 865 1553 921 cap.
1574 850 1676 906 145
1700 851 1941 921 ejusdem
1964 852 2095 906 Col-

525 924 740 983 lationis
768 933 1144 986 memoratum,
1190 921 1451 977 Numidiae
1488 934 1699 991 quoque
1748 922 1998 987 ascribit,
2032 937 2097 977 ex

522 997 721 1051 Notitia
740 1035 755 1060 ,
784 1003 844 1049 ut
879 995 988 1060 ait;
1019 1006 1318 1063 quanquam
1349 992 1403 1048 in
1432 990 1627 1047 Notitia
1655 992 1967 1049 Scillitauus
1987 992 2102 1060 cpi-

524 1080 720 1137 scopus
740 1062 1045 1137 nusquam,
1073 1062 1352 1137 Sillitanus
1380 1063 2102 1137 vero_semel_tanlummodo

526 1132 807 1193 habeatur.
836 1132 977 1202 Quin
1005 1142 1061 1189 et
1085 1132 1414 1189 Scillitonam
1450 1133 1632 1187 urbem
1660 1133 1726 1187 ad
1758 1135 2102 1202 proconsula-

526 1224 643 1263 rem
675 1206 992 1278 pertinuisse
1039 1212 1184 1274 patet
1226 1203 1549 1278 excpistola
1577 1203 1829 1278 synodica
1860 1205 2099 1278 ejusdem

526 1272 1217 1349 provincitegcpiscopor‘um
1258 1272 1573 1349 ad__l._>aulum
1603 1272 2098 1349 Constantinopoli;-

528 1344 712 1404 ianum
734 1347 955 1417 scripta,
975 1359 1094 1417 qua}
1123 1344 1174 1397 in
1191 1345 1419 1417 concilio
1440 1345 1788 1401 Lateranensi
1820 1346 1976 1417 129
2002 1346 2102 1401 sub

528 1429 717 1475 sancto
731 1414 955 1475 Martino
979 1414 1189 1471 actione
1216 1414 1252 1467 2
1273 1415 1493 1470 recitata
1523 1426 1607 1470 est
1631 1432 1646 1471 :
1676 1418 1759 1471 cui
1788 1414 2098 1481 initi-alios,

528 1500 590 1545 ut
608 1492 719 1558 jam
749 1490 805 1544 in
831 1486 980 1543 Notis
1005 1484 1370 1558 ad_\iictoren_t
1406 1486 1837 1558 observavimus.
1862 1485 2103 1558 Puriator

529 1554 802 1640 episcopus
836 1567 1027 1640 sancta:
1053 1554 1296 1640 §cclesiaz
1326 1556 1591 1640 Scilitana:
1622 1558 1961 1640 sttb‘scripsit.
2011 1557 2103 1612 llis

530 1627 671 1687 adde
692 1627 997 1701 Speratum,
1013 1627 1261 1701 aliosque
1288 1628 1680 1701 martyres,sub
1702 1627 2101 1701 ScillitanOrnm

529 1696 748 1794 "95"?“
769 1696 1363 1794 θῗῖθὲἓτῧῬὲἶιὲΡΡέἶ
1388 1696 1764 1794 ΕἶὶἳέἓὲῗηθΨ
1794 1698 2099 1794 ΡἯἯΞΡῘῙ
2132 1731 2181 1794 Β

529 1773 772 1837 oblatos,
797 1785 862 1827 ac
886 1771 955 1827 ab
991 1784 1058 1824 eo
1085 1767 1366 1824 damnatos
1388 1767 1695 1839 martyrium
1724 1767 2099 1839 cuniplevisse,

532 1854 594 1899 ut
621 1858 688 1900 ex
716 1856 903 1900 eorum
933 1840 1069 1896 actis
1096 1846 1281 1909 patet,
1326 1854 1446 1911 qua:
1485 1840 1623 1911 inter
1666 1848 1782 1895 aeta
1810 1852 2103 1911 martyrum
2136 1873 2148 1891 .

524 1916 740 1971 sincera
781 1912 1061 1981 edidimus
1086 1924 1208 1981 pag.
1249 1911 1336 1981 77.
1386 1910 1681 1981 Fatendum
1724 1920 1903 1968 tamen
1935 1910 2017 1967 est
2050 1911 2106 1966 in

524 1986 730 2043 Leonis
758 1982 979 2053 Augusti
1021 1979 1219 2053 Notitia
1249 1979 1391 2053 inter
1432 1980 1975 2053 Numidiameivitates
2006 1981 2105 2036 ha-

530 2057 649 2113 beri
678 2050 866 2121 Σκηληζ
888 2065 1007 2124 quae
1026 2052 1088 2124 in_
1110 2050 1300 2107 Goaris
1323 2051 1571 2106 versione
1587 2052 1782 2124 dicitur
1809 2053 2011 2107 Scilita.
2038 2054 2107 2107 At

532 2126 824 2183 divisiones
847 2122 1246 2194 provinciarum
1278 2131 1405 2194 tunc
1432 2123 1688 2194 temporis
1732 2123 1899 2194 fuisse
1944 2133 2109 2178 muta-

531 2207 639 2263 tas,
661 2198 745 2251 vel
767 2211 833 2252 ex
850 2191 925 2251 eo
952 2201 1126 2265 patet,
1152 2192 1293 2263 quod
1320 2191 1584 2262 Carthago
1609 2194 1679 2249 ibi
1703 2194 1803 2250 sub
1833 2193 2107 2264 Byzacena

533 2267 805 2324 statuitur.

611 2339 702 2394 55.
759 2337 1176 2392 “IZIRZADBNSIS.
1231 2333 1322 2389 Sic
1370 2328 1597 2403 ulerque
1633 2334 1803 2391 codex
1855 2344 1910 2391 et
1956 2334 2107 2391 editi.

540 2407 793 2479 Ejusdem
821 2405 1142 2479 loci_l‘ui_t,_ut
1163 2415 1349 2479 censet
1380 2405 1648 2479 Baluzius,
1675 2404 1823 2479 Folia;
1845 2406 2112 2475 episcopus

542 2475 897 2543 Iiirianensis,
920 2476 975 2547 in
989 2475 1557 2547 Collationecartliag.
1582 2491 1699 2547 cap.
1723 2477 1827 2547 155
1858 2491 2113 2531 memora-

535 2562 645 2606 tus.
677 2548 785 2605 Sed
824 2562 891 2603 an
937 2546 1132 2603 Notitia
1160 2561 1228 2601 ex
1265 2545 1563 2601 Collatione
1589 2587 1604 2611 ,
1636 2545 1730 2600 aut
1765 2546 1996 2601 Collatio
2046 2562 2112 2603 ex

535 2620 735 2679 Nozitia
766 2619 833 2674 sit
855 2616 1185 2673 emendanda
1208 2661 1222 2683 ,
1254 2616 1517 2671 incertum
1544 2627 1648 2672 est.

611 2693 702 2746 56.
746 2691 1135 2747 MUNICIPENSIS.
1184 2688 1377 2742 Nescio
1422 2702 1528 2757 quo
1570 2696 1723 2756 pacto
1764 2687 1953 2743 Joauni
1982 2687 2115 2743 Gar-

540 2760 723 2829 nerio,
756 2762 870 2813 viro
897 2758 1132 2829 erudito,
1173 2757 1447 2824 exciderit,
1503 2766 1559 2811 ut
1592 2759 1777 2813 urbem
1817 2759 1953 2813 lianc
1991 2773 2114 2814 cum

539 2828 805 2903 Moptensi
821 2828 1096 2903 Sitifensis
1116 2829 1404 2903 provinciae
1432 2830 1721 2903 municipio
1740 2829 2113 2903 confunderet.

541 2897 723 2972 Mopta
747 2901 890 2956 enim
910 2941 923 2964 ,
955 2915 1048 2954 seu
1081 2897 1253 2970 petitis
1296 2897 1482 2972 Mopti,
1512 2914 1615 2954 non
1638 2897 1747 2953 alia
1771 2899 1979 2972 ratione
2007 2915 2117 2952 mu-

543 2969 783 3042 nicipium
800 2972 1183 3038 dicitur,qnam
1207 2969 1346 3042 quod
1378 2985 1482 3024 non
1505 2978 1651 3042 esset
1669 2971 1889 3042 colonia,
1913 2983 2028 3042 seu,
2060 2977 2119 3024 ut

540 3040 853 3113 loquuntur,
884 3041 1155 3113 urbsglatio
1184 3040 1413 3113 donata,
1445 3040 1554 3113 sed
1583 3056 1703 3113 quas
1732 3040 1943 3113 vivebat
1975 3040 2114 3113 _lege

541 3094 874 3183 etiam,
890 3094 950 3183 ιιι
975 3094 1495 3183 observamus“;
1513 3094 1773 3183 Norisius.
1803 3094 1937 3164 Hinc
1965 3094 2119 3183 sese
2145 3094 2193 3162 c

546 3180 822 3239 Donatista
850 3181 940 3250 qui
985 3194 1104 3251 cap.
1146 3181 1250 3235 1ιῦ
1290 3180 1610 3251 collationis
1630 3180 2121 3251 Cartliagaadver-

547 3254 721 3308 sarius
746 3248 936 3306 Leonis
956 3248 1183 3321 episcopi
1234 3250 1497 3321 municipii
1554 3248 1867 3321 Moptensis:
1883 3249 2075 3321 dicitur
2099 3291 2116 3318 ,

546 3332 732 3391 postea
764 3335 884 3393 cap.
914 3319 1029 3393 ltili
1045 3321 1183 3374 inter
1214 3319 1518 3393 Donatistas
1552 3319 1817 3393 episcopus
1840 3319 2119 3391 Moptensis

548 3388 756 3464 absque
771 3390 883 3445 ullo
908 3388 1093 3444 addito
1120 3390 1443 3464 appellatur.

617 3460 707 3520 5'7.
732 3462 1177 3517 Anstctnrrttuus.
1210 3461 1301 3518 Sic
1325 3460 1453 3515 editi
1480 3469 1534 3516 et
1562 3475 1692 3517 mss.
1760 3524 1763 3529 ι

618 3532 707 3590 58.
737 3531 1203 3588 Cassmreneusns.
1233 3530 1412 3586 Codex
1455 3530 1649 3603 Halleri
1693 3530 2119 3603 Cassenigrensis.

547 3603 759 3686 Nemini
801 3612 958 3684 notus
987 3615 1092 3686 non
1121 3612 1217 3686 est.
1238 3602 1473 3686 famosus
1502 3602 1735 3685 Donatus
1774 3619 1804 3655 a
1834 3602 1984 3686 casis
2018 3603 2119 3659 Ni-

546 3675 671 3747 gris,
704 3672 1005 3744 praecipuus
1030 3671 1422 3727 Donatistarum
1457 3673 1787 3728 nascentium
1817 3674 2121 3744 antesigna-

546 3759 650 3802 nus
670 3785 686 3809 ,
714 3752 769 3800 et
795 3757 825 3797 a
846 3757 953 3812 quo
981 3741 1055 3797 illi
1083 3784 1097 3808 ,
1127 3752 1184 3814 ut
1212 3743 1482 3812 plerisque
1512 3744 1639 3814 viris
1665 3744 1889 3799 eruditis
1920 3744 2117 3814 placet,

547 3829 742 3871 nomen
770 3826 1129 3882 assumpsere.
1153 3811 1294 3868 inter
1316 3826 1505 3868 omnes
1535 3813 1837 3867 Donatistas
1869 3811 2120 3870 in'Colla-

548 3886 696 3941 tione
742 3885 898 3955 129
921 3882 1175 3955 Carthag.
1209 3897 1327 3953 cap.
1358 3883 1645 3955 MQ_prior
1682 3894 1992 3940 recensetur
2022 3885 2119 3940 Ja-

553 3952 1083 4025 nwrintis‘epiwopus
1107 3952 1402 4025 (Iasensium
1429 3952 1780 4025 Nigreusium.

621 4026 709 4080 59.
740 4023 1126 4079 Vassctnuus.
1165 4023 1343 4078 Codex
1371 4023 1565 4078 llalleri
1595 4024 1938 4079 Vesolitanus.
1970 4025 2119 4082 Scri-

548 4095 783 4153 bendum
829 4098 1030 4164 absque
1069 4093 1232 4148 dubio
1275 4094 1673 4164 Vegeselitanus.
1722 4095 1850 4150 Duas
1904 4095 2121 4152 fuerunt

548 4167 710 4237 hujus
737 4163 1181 4237 nominisurbes
1229 4164 1281 4219 iu
1320 4163 1516 4237 Africa.
1556 4163 1687 4237 Nam
1716 4166 2120 4237 inCollatione

547 4232 799 4304 Cartltag.
828 4250 944 4305 cap.
981 4234 1084 4289 135
1111 4244 1438 4305 memoratur
1465 4232 1689 4302 Reginus
1716 4232 1993 4305 episcopus
2025 4236 2120 4290 Ec-

549 4311 717 4364 clestm
754 4303 1122 4375 'Vegeselitana:
1162 4319 1282 4359 cum
1315 4303 1509 4359 Gavino
1533 4303 1806 4375 Donatista
1829 4303 1994 4375 ipsius
2020 4308 2117 4362 ad-

549 4374 849 4442 versariop
871 4384 926 4430 et
967 4383 1121 4430 antea
1155 4389 1272 4445 cap.
1290 4375 1514 4445 scilicet
1542 4375 1644 4430 155
1684 4374 1790 4444 jam
1822 4374 2119 4433 recensitus

547 4450 722 4504 fuerat
760 4450 913 4518 inter
954 4444 1245 4518 catholicos
1283 4444 1603 4518 Privatiauus
1643 4447 1911 4518 episcopus
1959 4449 2118 4518 plebis

558 4517 946 4587 Vegeselitanaa.
987 4516 1159 4587 Unam
1187 4515 1398 4587 ex_illis
1423 4517 1487 4568 ad
1521 4514 1823 4571 Numidiam
1848 4514 2120 4585 spectasse

548 4585 751 4647 certum
780 4596 863 4644 est
885 4597 993 4641 tum
1016 4601 1085 4641 ex
1124 4586 1224 4639 hoc
1262 4585 1469 4640 Notitite
1491 4586 1633 4651 loco,
1657 4596 1769 4641 tum
1799 4602 1862 4642 ex
1892 4589 2123 4645 concilio

547 4659 799 4738 garthag.
840 4656 941 4713 sub
973 4656 1278 4738 Bonifacio,
1301 4656 1390 4738 cui
1436 4672 1533 4738 pro
1567 4672 1627 4713 se
1654 4669 1709 4738 et
1751 4670 1847 4726 pro
1870 4657 2124 4738 Januario

546 4724 897 4800 Masculitano
941 4727 1266 4800 subscripsit
1283 4724 1568 4800 Ianuarius
1606 4724 1896 4800 episcopus,
1917 4729 2124 4800 Vogesi-

547 4804 736 4871 litanus
758 4799 1027 4871 provincia:
1052 4797 1333 4851 Numidiae.
1359 4798 1441 4871 Ea
1456 4800 1576 4871 ipsa
1603 4797 1786 4871 procul
1813 4797 1974 4855 dubio
1989 4797 2125 4857 urbs

546 4881 631 4928 est
672 4868 955 4941 Me'gesela,
1008 4883 1165 4941 quam
1220 4882 1385 4941 prope
1424 4868 1709 4941 blasiculam
1740 4868 2040 4928 Antoninus
2068 4872 2123 4928 in

546 4936 829 5000 Itinerain
865 4936 1035 4993 locat;
1058 4936 1295 5009 Privatus
1322 4936 1690 5009 Vegesilitanus
1718 4941 1985 5008 episcopus
2024 4942 2120 4997 ad-
2152 4944 2157 4949 ’

548 5013 649 5068 luit
675 5010 905 5066 concilio
932 5007 1352 5082 ‘Cartliaginensi
1384 5007 1485 5062 sub
1512 5008 1705 5082 Grato;
1746 5007 1802 5082 et
1836 5007 2119 5082 Vigisilita-

549 5099 668 5135 nam
696 5083 885 5149 plebem
930 5079 1459 5152 laudat_Augus_tinus
1484 5080 1706 5152 epistola
1734 5080 1803 5133 6i
1828 5079 1968 5150 quod
1998 5084 2115 5152 epi-
2164 5104 2165 5107 η

550 5147 770 5216 scoiium
819 5154 869 5205 in
926 5148 1163 5218 plenario
1214 5147 1405 5203 Africa:
1446 5150 1671 5203 concilio
1715 5147 2119 5208 exauctoratum

552 5220 827 5288 suscipere
876 5230 1184 5275 constanter
1230 5219 1512 5273 renuisset.
1578 5218 1830 5289 Vegesela:
1878 5223 2001 5277 item
2065 5224 2115 5278 in

551 5291 799 5347 Numidia
854 5292 1201 5358 possessionis,
1244 5289 1334 5344 ubi
1377 5289 1634 5343 Marcidus
1664 5291 1897 5345 famosus
1938 5291 2119 5349 Dona-

552 5365 699 5427 tista,
728 5367 784 5413 et
810 5359 900 5412 alii
926 5360 1163 5429 ejusdem
1194 5370 1356 5415 sectte
1380 5374 1409 5414 a
1440 5359 1773 5429 Macarianis,
1807 5369 1865 5414 ut
1894 5363 1989 5429 ipsi
2014 5366 2123 5419 ale-

552 5433 704 5495 bant,
732 5428 869 5483 male
901 5428 1061 5483 habiti
1088 5440 1233 5495 sunt,
1285 5428 1487 5485 mentio
1516 5439 1598 5484 est
1639 5432 1690 5483 in
1724 5430 1961 5499 ejusdem
1987 5433 2123 5488 Mar-

552 5504 658 5557 euli
691 5502 956 5569 passione.
998 5515 1156 5569 quam
1203 5502 1368 5554 edidst
1399 5512 1579 5555 noster
1607 5501 1941 5557 Multitlonius
1977 5516 2120 5560 tomo

553 5573 620 5628 ιν
650 5572 1055 5643 Analeetorttnt,_
1080 5585 1381 5643 quanquam
1412 5572 1477 5627 ibi
1512 5573 1766 5626 habeatur
1799 5571 2115 5643 Va’gessclw,

555 5643 651 5699 sed
682 5645 733 5696 iu
755 5641 873 5694 cod.
897 5654 990 5693 ms.
1019 5640 1347 5712 Qorbeiensi,
1371 5643 1435 5707 ad
1466 5658 1620 5710 «metu
1653 5643 1786 5696 lianc
1821 5640 2117 5712 paisionetu

523 5714 907 5775 'eotttulimus,
942 5710 1129 5779 legitur
1182 5710 1427 5766 Vraesclc.
1476 5714 1706 5768 Alterm
1732 5710 1855 5769 vero
1889 5715 2117 5784 V'egese-

2200 428 2315 482 zius
2340 470 2354 495 ,
2404 426 2479 483 ex‘
2512 427 2767 483 Antonini
2808 427 3105 490 ltinerario,
3138 427 3192 481 in
3218 440 3325 496 quo
3358 426 3649 494 Vegesela,
3680 440 3779 482 seu

2204 498 2502 567 Vegersalla
2534 501 2672 554 inter
2693 498 3045 553 Amudarsam
3063 538 3077 563 ,
3110 498 3400 552 Auteutum
3418 538 3432 562 ,
3456 497 3780 567 Sufetulani,

2198 581 2252 624 et
2278 566 2575 639 Menegem,
2599 585 2692 624 seu
2721 570 2979 624 Menefcm
3002 567 3293 639 Byzacentc
3318 567 3480 639 urbes
3501 566 3780 639 statuitur.

2200 640 2258 694 ld
2313 636 2483 710 ipsum
2535 640 2819 695 confirmat
2850 654 2915 694 ex
2954 636 3282 703 Collatione,
3325 636 3783 710 ubiJPrivatiauus

2196 706 2357 783 supra
2404 711 2649 783 laudatus
2679 711 2873 783 fatetur
2907 725 2966 783 se
2994 712 3304 779 episcopum
3327 706 3637 783 C_il_litanum
3677 707 3784 762 Do-

2202 783 2450 836 natistam
2490 781 2853 837 adversarium
2906 780 3134 845 habere;
3179 778 3235 835 et
3287 778 3503 849 quidem
3546 778 3784 833 Donatus

2199 851 2476 906 Cillitanus
2503 853 2763 908 accedens
2803 852 3019 921 agnovit
3059 850 3441 915 Privatianum,
3467 859 3522 921 et
3554 857 3784 921 testatus

2200 932 2284 978 est
2314 922 2622 992 V’egeselam
2672 918 2919 1047 19301:):
2947 937 3042 976 sua
3073 921 3237 976 fuisse
3265 920 3512 976 dimcesi.
3538 919 3609 974 At
3629 918 3785 971 Cilli-

2204 1003 2324 1047 tana
2356 993 2544 1047 civitas
2583 994 2647 1046 ad
2736 1008 3020 1047 vzacenam
3050 992 3383 1047 pertinebat.
3416 990 3590 1047 induit
3622 988 3785 1044 Balu-

2204 1003 2324 1047 tana
2356 988 2544 1064 civitas
2583 994 2647 1046 ad
2673 988 3021 1064 ‘Biiaeenam
3050 992 3383 1059 pertinebat,
3416 990 3590 1064 inquit
3622 988 3785 1064 Baln-

2201 1067 2336 1131 zius,
2375 1063 2516 1134 quod
2546 1064 2631 1119 vel
2659 1059 2875 1134 ex'ipsa
2905 1062 3102 1134 Notitia
3130 1070 3335 1134 certum
3373 1059 3787 1134 estgisiquidem

2203 1128 2340 1189 inter
2363 1128 2516 1190 istius
2545 1128 2832 1204 provinciae
2858 1133 3043 1191 Patres
3072 1133 3206 1188 infra
3242 1148 3390 1188 num.
3422 1131 3495 1204 6_i_
3523 1128 3784 1204 Periuria:

2202 1205 2374 1259 tianus
2423 1199 2705 1273 episcopus
2751 1202 3001 1258 Cilitanus
3046 1213 3395 1259 memoratur.
3454 1201 3657 1273 verum
3716 1199 3787 1254 ibi

2203 1276 2544 1331 ostendemus
2575 1272 2708 1331 duas
2731 1274 2938 1329 admitti
2962 1289 3119 1343 posse
3141 1273 3399 1329 Cilitanas
3426 1272 3589 1326 urbes
3607 1311 3624 1336 ,
3654 1283 3790 1343 ψιμ-

2203 1362 2322 1401 rum
2362 1346 2582 1415 proinde
2631 1362 2733 1400 una
2772 1345 2839 1399 ad
2890 1340 3217 1416 Byaacenam
3264 1344 3537 1416 pertinere
3592 1340 3787 1416 potuit,

2203 1411 2375 1473 altera
2395 1432 2521 1471 vero
2532 1417 2599 1471 ad
2616 1417 2838 1470 alteram
2858 1411 3213 1484 provinciam,
3235 1411 3532 1470 Numidiam
3553 1411 3783 1484 scilicet,

2205 1489 2247 1541 si
2299 1498 2578 1556 utramque
2628 1482 2939 1555 Vegeselam
2990 1482 3421 1556 adNumidiam.
3460 1482 3790 1556 pertinuisse

2203 1557 2418 1613 aliunde
2450 1551 2678 1623 probari-
2696 1551 2879 1626 possit.
2912 1557 2977 1611 Et
2994 1555 3216 1626 quidem
3247 1553 3606 1626 sitJanuarius
3640 1551 3788 1605 Vele-

2204 1631 2400 1683 sitanns
2424 1629 2560 1683 intra
2588 1625 2733 1682 num.
2757 1627 2826 1683 20
2847 1627 3141 1682 recensitus
3168 1626 3319 1680 alteri
3345 1625 3624 1693 Vegeselae
3654 1635 3791 1692 pra:-

2207 1697 2388 1765 fuerit,
2403 1700 2520 1754 dua:
2543 1698 2884 1753 admittenda:
2912 1706 3070 1752 erunt
3097 1695 3493 1752 isdusnominis
3521 1695 3580 1749 in
3608 1693 3790 1748 Atrica

2209 1764 2389 1825 urbes.
2430 1769 2538 1825 Nec
2568 1769 2803 1823 obstabit
2846 1767 3097 1822 Antonini
3132 1766 3282 1823 locus
3322 1779 3480 1835 supra
3515 1764 3786 1835 laudatus.

2206 1856 2273 1895 ex
2298 1856 2363 1896 eo
2394 1854 2606 1911 nempe,
2638 1839 2715 1895 uti
2745 1838 3045 1911 observavit
3061 1836 3320 1911 Ngorisius,
3349 1833 3481 1911 nihil
3512 1833 3790 1911 aliudue-

2208 1911 2331 1966 duci
2359 1904 2534 1981 potest
2571 1904 2728 1981 quam
2763 1908 3071 1981 Vegcsclam
3098 1907 3151 1963 iu
3176 1909 3389 1980 Byzacii
3425 1916 3482 1962 et
3520 1904 3791 1961 Numidia:

2208 1979 2442 2037 confinio
2467 1981 2624 2037 sitam
2663 1979 2843 2034 fuisse.

2280 2052 2369 2107 60.
2400 2053 2790 2107 MADAURBNSIS.
2826 2049 2961 2107 Urbs
2991 2048 3060 2105 ob
3078 2049 3288 2118 Apuleii
3326 2048 3502 2104 natale
3527 2047 3790 2113 celebris,

2209 2124 2303 2178 sed
2333 2124 2499 2178 multo
2530 2122 2734 2176 felicior
2755 2120 2895 2191 quod
2938 2122 2991 2174 in
3019 2134 3080 2175 ea
3106 2121 3446 2191 Augustinus
3472 2120 3689 2191 litteras
3716 2118 3792 2173 di-

2210 2193 2422 2259 dicert,
2462 2202 2521 2247 ut
2564 2189 2790 2262 ipsemet
2814 2261 2819 2262 7
2843 2198 3065 2262 testatur
3103 2189 3789 2262 librthACottfessionttttt,

2210 2278 2327 2327 cap.
2356 2265 2407 2317 5.
2437 2263 2567 2318 Vide
2586 2259 2651 2316 ιιι
2677 2261 2916 2332 ejusdem
2944 2259 3227 2332 epistolam
3246 2260 3373 2316 232.
3393 2261 3657 2332 Martyres
3685 2260 3795 2314 Ila-

2212 2334 2505 2389 daurenses
2556 2331 2717 2388 idem
2746 2342 2963 2387 sanctus
3009 2331 3198 2386 doctor
3239 2332 3474 2387 vindicat
3530 2331 3795 2386 adversus

2214 2404 2502 2459 Maximum
2551 2403 2956 2472 grammaticum
2984 2402 3207 2472 epistola
3254 2403 3337 2458 l7.
3385 2400 3671 2457 Madet-sim
3702 2400 3794 2456 sub

2213 2474 2410 2544 legione
2446 2474 2662 2543 Augusti
2705 2473 2739 2528 3
2771 2473 2912 2529 locat
2945 2473 3264 2544 Ptolemaeus
3301 2473 3439 2544 libro
3464 2485 3713 2544 tv,gcap.
3743 2473 3792 2528 5.

2214 2541 2498 2615 Antigonus
2518 2541 2801 2615 episcopus
2828 2541 3192 2615 Madaurensis
3215 2543 3386 2601 adfuit
3402 2542 3634 2615 concilio
3662 2543 3797 2615 Care

2216 2612 2525 2685 tliagittensi
2552 2612 2658 2668 sub
2697 2612 2883 2671 Grato.
2912 2614 3198 2669 Collationi
3231 2629 3359 2671 vero
3384 2613 3799 2685 Carthaginensi

2215 2683 2335 2755 cap'.
2368 2686 2471 2742 126
2503 2684 2834 2740 Placentinus
2871 2686 3137 2755 episcopus
3156 2686 3453 2755 catholicus
3478 2683 3640 2753 plebis
3669 2683 3799 2738 lla-

2216 2754 2484 2811 daurensis
2506 2756 2805 2824 comparuit
2824 2754 2944 2811 cum
2977 2754 3185 2809 Donato
3206 2754 3371 2825 ipsius
3393 2754 3716 2811 adversario
3736 2769 3799 2810 ex

2217 2825 2615 2882 Donatistarum
2644 2835 2811 2881 secta.
2843 2826 3011 2882 Porro
3038 2827 3091 2879 in
3116 2828 3255 2881 notis
3280 2826 3348 2881 ad
3375 2826 3517 2880 hunc
3529 2825 3797 2881 Collatin-

2216 2897 2301 2952 nis
2330 2897 2505 2953 locum
2546 2904 2729 2951 monet
2758 2906 2814 2952 et
2833 2897 3027 2964 probat
3053 2896 3294 2952 eruditus
3319 2896 3567 2953 Baluzius
3598 2895 3799 2951 immeo

2218 2966 2651 3094 8ἶὸιὲιιιιιιιηοιι
2692 2966 3003 3023 Madaurum
3049 2968 3236 3024 urbem
3272 2983 3393 3025 cum
3436 2966 3631 3035 Quidia
3664 2980 3800 3022 con-

2320 3056 2331 3092 ι
2430 3077 2445 3092 .

2246 3053 2445 3095 nuisse.

2295 3110 2355 3182 6t
2371 3149 2384 3162 .
2408 3110 2877 3182 Rus'rtctaueusts.~
2891 3109 3132 3182 Leontius
3146 3111 3425 3182 episcOpus
3456 3110 3802 3166 Rusticanen—

2222 3182 2293 3238 sis
2316 3181 2590 3237 Douatista
2611 3181 2665 3234 in
2691 3177 2986 3236 Collatione
3011 3177 3264 3252 Carthag.
3292 3177 3414 3249 cap.
3436 3183 3551 3252 198
3580 3195 3803 3249 compa-

2222 3252 2367 3318 ruit,
2400 3252 2711 3321 nullumque
2739 3260 2926 3307 contra
2955 3251 3391 3308 seadversarium
3433 3251 3633 3308 habere
3671 3267 3802 3321 pro-

2221 3322 2397 3378 fessus
2448 3334 2548 3378 est.
2590 3322 2798 3393 rliuslici
2850 3323 3047 3393 habent
3092 3322 3799 3393 Tabulw_Peutingeﬁang.

2225 3393 2554 3448 Macomadia
2576 3392 2879 3447 Rusticiana
2893 3392 3113 3449 inferius
3133 3388 3521 3449 memoraturin
3538 3388 3689 3448 num.
3703 3392 3798 3448 84.

2295 3465 2382 3519 62.
2413 3464 2866 3534 Vtcunscisusts.
2895 3465 2983 3519 Sic
3006 3464 3429 3534 eodex_uterque
3460 3480 3564 3520 ms.
3593 3463 3801 3534 Legen-

2222 3535 2350 3592 dum
2387 3533 2780 3605 Villaregensis;
2829 3534 2982 3605 cujus
3020 3534 3125 3590 loci
3162 3532 3318 3588 Felix
3348 3532 3624 3605 'episccpus
3672 3532 3797 3590 cum

2231 3606 2432 3661 Victore
2460 3604 2736 3660 Donatista
2764 3620 2863 3661 suo
2901 3604 3212 3660 adversario
3249 3604 3490 3660 interfuit
3514 3605 3801 3662 Collationi

2224 3675 2497 3747 Carthag.,
2525 3690 2643 3745 cap.
2677 3675 2939 3747 12§_edit.
2968 3676 3286 3747 Baluziaute.
3314 3675 3520 3747 lterum
3548 3692 3670 3747 cap.
3691 3675 3799 3747 θοι

2224 3744 2552 3817 memoratur
2581 3744 2721 3801 idem
2764 3744 2939 3800 Victor
2964 3746 3105 3800 inter
3140 3745 3463 3817 Donatistas.
3492 3747 3561 3803 Et
3580 3744 3703 3817 cap.
3734 3746 3803 3801 48

2224 3828 2277 3872 et
2300 3817 2367 3873 77
2395 3816 2597 3872 codicis
2631 3828 2894 3871 canonum
2926 3817 3179 3871 Ecclesiae
3209 3816 3475 3872 Africana:
3499 3816 3803 3873 Cresconius

2231 3887 2592 3957 Villarrgensis
2637 3886 2978 3957 ing‘Numidia
3026 3887 3309 3956 episcopus
3365 3888 3799 3955 reprehenditur,

2223 3960 2364 4027 quod
2390 3955 2601 4027 propria
2632 3955 2760 4011 sede
2789 3957 2993 4021 relicta,
3036 3955 3357 4013 'l'ubiensem
3394 3958 3695 4015 Ecclesiam
3725 3959 3799 4012 in-

2224 4026 2468 4084 rasisset.
2497 4026 2789 4100 Candidum
2826 4026 3238 4100 Villaregiensem
3259 4030 3585 4100 episcopum,
3625 4032 3715 4085 cui
3738 4043 3804 4087 ex

2226 4101 2498 4170 Donatista
2544 4098 2685 4170 facto
2717 4099 2981 4165 catholico
3009 4098 3179 4154 honor
3207 4098 3529 4170 episcopalis
3555 4115 3717 4155 serva
3744 4114 3806 4157 us

2224 4179 2327 4235 est,
2353 4168 2532 4223 laudat
2551 4168 2878 4239 Augustinus
2904 4170 3040 4224 libro
3062 4185 3096 4223 ιι
3123 4180 3304 4225 contra
3325 4168 3675 4226 Cresconium
3706 4173 3807 4228 Do-

2226 4240 2475 4296 natistam
2493 4282 2507 4304 ,
2533 4254 2652 4309 cap.
2686 4239 2773 4294 10.

2294 4310 2383 4366 63.
2422 4308 2803 4381 Burraursusts.
2844 4309 3157 4381 Suspicatur
3186 4310 3249 4364 ν.
3282 4308 3676 4381 C.Stephanus
3704 4315 3805 4368 Ba-

2220 4382 2408 4453 lttzius
2432 4380 2588 4453 hujus
2630 4380 2734 4433 luci
2777 4381 3085 4453 episcopum
3115 4380 3276 4453 fuisse
3314 4380 3557 4453 Hilarum
3583 4424 3599 4448 ,
3629 4387 3723 4453 qui
3754 4388 3807 4440 in

2222 4450 2520 4509 Collatione
2544 4450 2955 4520 Cartltag.reap.
2989 4451 3092 4506 120
3130 4452 3397 4521 episcopus
3430 4450 3680 4507 Ecclesia:
3704 4455 3806 4511 Bo-

2230 4527 2410 4593 fetana:
2436 4564 2451 4589 ,
2478 4537 2575 4576 seu
2598 4562 2615 4585 ,
2644 4529 2703 4576 ut
2729 4521 2849 4577 aliae
2875 4521 3137 4576 editiones
3164 4521 3393 4585 habent.
3414 4521 3563 4647 Roget
3584 4524 3801 4581 dicitur.

2230 4595 2331 4647 seu
2348 4592 2545 4647 melius
2564 4591 2703 4647 forte
2737 4592 2806 4647 ibi
2832 4593 3099 4647 leaeretur
3125 4591 3295 4646 Bosel.
3320 4592 3429 4647 Nec
3456 4610 3489 4646 ο
3529 4603 3637 4647 stat
3661 4597 3801 4647 (Illod

2227 4591 2331 4665 Sed
2348 4592 2545 4665 melius
2564 4591 2710 4665 forte
2737 4592 2806 4647 ibi
2832 4593 3099 4661 legeretur
3125 4591 3295 4665 posst.
3320 4592 3429 4647 Nec
3456 4591 3637 4665 obstat
3661 4597 3804 4665 quod

2229 4664 2447 4717 inferius
2467 4677 2587 4731 cap.
2614 4662 2717 4733 126
2748 4672 3097 4733 recenseatur
3114 4662 3385 4716 Palatinus
3407 4662 3806 4733 episcopus’Bo-

2228 4733 2468 4797 setensis,
2493 4747 2613 4789 eum
2654 4731 2826 4788 Felice
2850 4733 3018 4801 ipsius
3038 4732 3343 4788 adversario
3362 4775 3377 4801 ,
3401 4731 3489 4801 qui
3520 4731 3807 4791 Vosetamts

2231 4819 2348 4872 cap.
2378 4804 2484 4859 202
2510 4805 2721 4859 dicitur.
2764 4802 2896 4857 Nam
2932 4802 3204 4858 Palatinus
3230 4818 3296 4859 ex
3332 4807 3807 4872 proconsularibus

2232 4884 2367 4939 erat,
2391 4874 2470 4929 uti
2492 4874 2650 4929 infert
2672 4874 2809 4929 idem
2842 4873 3089 4928 Baluzius
3109 4889 3172 4928 ex
3204 4874 3429 4941 epistola
3461 4881 3801 4941 proconsula-

2230 4946 2367 5000 rium
2402 4946 2455 4999 in
2476 4946 2701 5000 concilio
2747 4946 2986 4999 Lateran.
3028 4944 3128 4998 sub
3168 4952 3355 4999 sancto
3382 4946 3609 5001 Martino
3635 4959 3742 5003 act.
3773 4950 3808 5003 2

2229 5016 2396 5085 relata
2416 5057 2431 5082 ,
2461 5016 2550 5082 qui
2580 5015 2899 5083 subscripsit
2932 5012 3249 5070 Cresciturus
3269 5016 3535 5085 episcopus
3559 5015 3807 5074 Ecclesia

2230 5084 2493 5140 Busitana:
2511 5128 2526 5151 ,
2551 5100 2645 5140 seu
2662 5128 2676 5150 ,
2700 5095 2758 5140 ut
2779 5087 2935 5139 habet
2960 5086 3079 5139 cod.
3113 5100 3213 5138 ms.
3243 5084 3633 5143 Bellovacensis
3652 5130 3666 5153 ,
3700 5088 3805 5142 Bo-

2228 5158 2429 5209 situate.
2461 5156 2531 5209 At
2560 5156 2817 5212 habemus
2840 5155 2997 5211 aliam
3026 5155 3297 5213 civitatem
3337 5155 3521 5211 Βοωιή
3552 5159 3603 5213 in
3625 5159 3807 5217 Numi-

2229 5225 2314 5279 dia
2342 5240 2408 5280 ex
2432 5226 2564 5279 actis
2593 5236 2899 5281 sanctorum
2930 5227 3223 5281 Mammarii
3245 5238 3296 5282 et
3325 5228 3588 5283 sociorum
3609 5270 3625 5295 ,
3658 5246 3689 5283 a
3711 5246 3807 5287 uo-

2229 5295 2575 5372 stro_Joann_e
2615 5296 2920 5372 Magbillonio
2946 5306 3094 5352 tome
3124 5296 3192 5352 ιγ
3218 5297 3591 5372 Analectornm
3626 5302 3807 5372 vulga-

2232 5366 2329 5439 tis;
2360 5365 2410 5419 in
2435 5366 2632 5439 quibus
2656 5368 2843 5439 civitas
2865 5367 2966 5422 ista
2998 5378 3078 5422 ter
3095 5378 3455 5423 memoratur:
3486 5371 3659 5439 prima
3694 5365 3806 5427 vice

2228 5437 2423 5491 dicitur
2461 5438 2638 5491 civitas
2687 5437 2872 5492 Boseth
2900 5439 3194 5507 Anforiaria
3211 5480 3223 5501 ,
3247 5437 3683 5496 secundo'civitus
3709 5442 3804 5497 Bo-

2228 5509 2356 5580 seth,
2386 5509 2542 5563 tertio
2558 5509 2785 5576 denique
2812 5508 2987 5563 civitas
3018 5508 3201 5563 Boseth
3232 5508 3605 5579 Amphoriaria.
3637 5516 3803 5580 Quam

2227 5579 2413 5633 urbem
2454 5580 2517 5633 ad
2574 5580 2871 5637 Numidiam
2922 5582 3238 5649 pertinuisse
3286 5582 3583 5648 colligimus
3629 5579 3694 5637 ex
3736 5598 3835 5645 eo,

2226 5649 2365 5718 quod
2404 5650 2635 5717 przedicti
2654 5660 2912 5720 martyres
2941 5667 3032 5719 per
3048 5653 3222 5704 varias
3255 5650 3512 5706 Numidiae
3538 5653 3796 5715 civitates,

2226 5720 2427 5776 scilicet
2460 5721 2685 5788 Vagam,
2722 5721 3053 5788 Lambesem,
3099 5720 3443 5789 Tamugadim
3488 5732 3539 5777 st
3583 5724 3791 5793 Tigjsiu:
