4082 6320
1970 134 1999 151 ν

505 230 609 289 345

1511 226 1846 284 ΑιιεΕιΝυιχ
1889 228 1979 284 AD
2027 225 2371 293 VIGTGREM
2414 227 2752 285 V'ITENSEM

3662 224 3757 280 3N

502 352 773 427 gareusis,
812 351 1037 427 Gnaeus
1075 355 1251 404 textus
1381 344 1538 401 editis
1575 349 2067 427 rﬁcﬁqaﬁsvocift;

2178 348 2375 427 locum,
2404 362 2470 427 a_n
2498 362 2530 403 e
2559 346 2800 403 Numidia
2838 345 2994 427 fuerit
3023 354 3114 402 aut
3160 361 3192 402 e
3217 345 3756 427 _Mauri_ta_t_ria_C:esa.

502 417 717 484 ἷτόλεως.
748 422 901 489 Apud
926 420 1267 475 Ptolemaeum
1296 417 1490 489 lib.7iv,
1521 432 1640 489 cap.
1672 419 1729 482 2.
1760 417 1956 473 dicitur
1981 418 2072 472 Ti-

503 512 665 567 gava;
695 488 862 548 codex
902 489 1360 567 Palatinushabet
1385 488 1600 567 Pigaua.
1626 489 1838 567 givitas
1866 489 2074 567 igatta:

503 560 829 621 inemoralur
858 579 888 616 a
920 562 1092 615 Plinio
1138 562 1228 615 lib.
1263 578 1294 614 v
1322 605 1336 627 ,
1363 575 1480 629 cap.
1514 560 1568 613 2.
1625 560 1858 627 Tigavias
1894 560 2075 615 laudat

504 635 813 690 Ammianus
844 633 1177 686 Marcellinus
1225 632 1316 686 lib.
1350 638 1496 692 xxix.
1543 646 1661 689 can.
1693 632 1746 685 5.
1775 632 1939 686 Porro
1969 633 2070 686 du-

503 706 695 773 plicem
730 705 957 757 nominis
984 703 1135 757 istius
1168 705 1340 757 locum
1383 707 1433 755 in
1462 701 1775 773 Mauritania
1814 702 1975 756 fuisse
2003 718 2071 756 ex

501 772 753 831 Antonini
788 775 1064 828 Itinerario
1102 784 1249 842 patet
1273 815 1288 835 ,
1336 774 1426 827 ubi
1459 772 1676 844 Tigavas
1716 774 2070 842 municipium,

504 845 765 915 Oppidum
791 845 840 898 Ν
846 862 991 899 ovum
1007 844 1435 915 calonia,Tigava
1460 844 1874 899 castra.'Tamen
1904 844 2073 899 editio

498 917 661 971 Bertii
692 914 850 971 liabet
885 916 1101 987 Tiragas
1131 914 1315 969 castra.

568 988 656 1042 69.
700 985 1089 1042 Russmrsuus.
1116 987 1417 1056 Legendum
1448 994 1596 1053 putat
1616 985 1918 1040 Harduinus
1961 986 2071 1039 Ru-

499 1059 797 1122 sadiranus,
829 1072 925 1114 seu
952 1060 1129 1125 potius
1162 1056 1582 1121 Rusadirt'tanus,
1615 1058 1753 1122 quod
1800 1072 1867 1110 ex
1902 1056 2073 1111 Plinio

498 1126 589 1183 lib.
624 1147 675 1192 ν,
697 1143 816 1195 cap.
849 1130 902 1189 2.
938 1129 990 1181 in
1028 1128 1336 1182 Mauritania
1370 1125 1645 1194 Tingitana
1666 1127 1894 1181 Rusadir
1920 1128 2072 1196 oppi-

500 1200 621 1252 dum
645 1211 691 1251 et
709 1210 886 1267 portus
908 1198 1182 1253 habeatur.
1211 1199 1409 1252 Dicitur
1431 1197 1697 1252 Rusadder
1713 1197 1910 1250 colonia
1934 1198 2073 1265 apud

406 1316 415 1323 .
499 1272 824 1324 Antoninum
876 1272 928 1322 in
973 1269 1280 1334 ltinerario,
1314 1285 1341 1322 a
1384 1268 1672 1323 Ptolemaeo
1701 1283 1829 1323 vero
1859 1268 1948 1322 lib.
1996 1284 2071 1328 IV,

500 1355 616 1408 cap.
654 1341 705 1403 1,
751 1340 1095 1408 Ῥντσάδιρον.
1138 1340 1201 1393 Ει
1245 1341 1565 1407 Pomponius
1593 1339 1724 1393 Mela
1763 1339 1984 1392 Rusadir
2027 1349 2074 1392 et

500 1410 680 1481 Sigam
710 1429 893 1478 parvas
916 1410 1061 1465 urbes
1084 1413 1134 1464 in
1158 1410 1464 1465 Mauritania
1498 1410 1776 1478 Tingitana
1810 1419 2071 1472 recenset,

500 1497 617 1535 cum
642 1483 773 1536 alias
794 1526 810 1547 ,
840 1483 1048 1552 inquit,
1081 1482 1210 1535 nihil
1250 1482 1317 1536 sit
1351 1482 1402 1535 in
1432 1481 1531 1552 hac
1571 1482 1839 1548 provincia
1871 1496 2076 1535 memo-

499 1563 616 1605 ratu
639 1553 878 1619 dignum.
919 1551 1144 1617 Verum,
1175 1554 1224 1604 ni
1253 1552 1407 1605 fallor
1432 1594 1445 1615 ,
1479 1551 1839 1605 Rusaditanus
1868 1555 2076 1618 episco-

505 1639 601 1687 pus
628 1624 711 1677 hic
742 1625 796 1678 in
824 1625 1010 1678 notitia
1037 1626 1332 1677 recensitos
1357 1625 1434 1677 sic
1454 1622 1631 1676 dictus
1664 1624 1759 1677 iuit
1780 1637 1807 1674 a
1840 1622 2070 1675 Rusazo.

499 1694 625 1747 Erat
671 1702 845 1749 autem
903 1694 1133 1749 Rusnzus
1179 1694 1379 1747 colonia
1409 1693 1659 1761 Augusti,
1701 1708 1860 1759 quam
1912 1693 2070 1759 paulo

499 1764 721 1818 inferius
748 1766 860 1833 ipse
896 1766 1094 1819 Plinius
1122 1766 1174 1819 in
1199 1765 1506 1818 Mauritania
1536 1761 1849 1819 Caesariensi
1880 1778 2067 1817 recen-
2104 1761 2117 1823 ε

499 1844 598 1888 set.
636 1835 835 1890 Dicitur
861 1838 926 1890 ab
951 1836 1217 1891 Antonino
1254 1835 1485 1887 llusazus
1511 1835 1866 1900 municipium.
1900 1850 1927 1886 a
1960 1848 2065 1898 quo

498 1907 635 1958 sicut
677 1918 728 1959 et
760 1923 785 1958 a
819 1907 1108 1961 Ptolemaeo
1139 1906 1275 1960 libro
1302 1922 1374 1974 IV,
1404 1919 1519 1972 cap.
1552 1904 1607 1969 2,
1641 1905 1692 1958 in
1726 1906 1912 1961 eadem
1943 1920 2069 1970 pro-

500 1976 670 2030 vincia
719 1978 943 2032 locatur.
989 1980 1054 2031 Et
1084 1977 1294 2046 quidem
1338 1985 1533 2043 praeter
1560 1975 1659 2046 loci
1689 1976 1847 2031 silum
1874 2016 1889 2037 .
1932 1975 2072 2030 favet

499 2048 661 2099 etiam
699 2049 849 2102 nobis
890 2045 1135 2103 Afrorum
1167 2046 1437 2102 familiaris
1466 2045 1732 2101 scribendi
1764 2050 1919 2105 ratio.
1954 2047 2068 2114 qui,

498 2125 556 2169 ut
584 2132 645 2170 ex
688 2120 803 2174 iuso
858 2121 1126 2174 llarduino
1157 2121 1381 2187 aliisque
1419 2116 1548 2169 viris
1577 2119 1800 2171 eruditis
1833 2120 1933 2175 iam
1964 2133 2069 2170 non

498 2189 661 2241 semel
692 2190 1035 2245 observatum
1086 2199 1171 2243 est
1191 2231 1205 2254 ,
1236 2190 1440 2243 litteras
1490 2188 1523 2238 ti
1552 2196 1607 2241 et
1634 2204 1662 2239 ι
1708 2188 2070 2242 inilill‘erenter

500 2258 817 2313 adhibebant
841 2277 856 2325 ;
879 2261 948 2314 ita
982 2270 1037 2315 nt
1070 2261 1299 2313 Ruzasus
1320 2269 1370 2312 et
1405 2257 1639 2310 Rusadus
1664 2258 1801 2312 idem
1836 2260 1963 2311 sint.

572 2329 660 2382 70.
682 2331 1076 2385 REPERITANUS.
1099 2330 1362 2399 Oppidum
1390 2328 1752 2394 Reperitanum
1776 2345 1839 2382 ex
1859 2328 2070 2383 Victore

500 2398 659 2471 habet
686 2399 937 2455 Orleltus.
972 2398 1282 2471 Anonymus
1310 2399 1590 2471 Ravennas
1617 2400 1706 2454 lib.
1737 2415 1814 2459 In,
1841 2415 1986 2471 tium.
2011 2400 2065 2468 8,

499 2467 899 2537 Repetinianam
924 2474 1103 2526 urbem
1131 2467 1399 2524 'meinorat
1446 2468 1499 2520 in
1546 2468 1851 2523 Mauritania
1893 2467 2069 2524 Caesa-

499 2540 683 2601 riensi.
717 2558 812 2610 pro
834 2558 932 2609 qua
958 2559 988 2596 n
1016 2552 1137 2596 ster
1162 2541 1403 2596 Placidus
1429 2537 1737 2595 Purcheron
1769 2543 2070 2610 suspicatur

500 2610 780 2677 legendum
810 2628 927 2668 esse
962 2614 1287 2682 Reperitana.

574 2682 660 2735 't'l.
694 2682 1003 2738 linansasts.
1034 2678 1271 2738 'Ubadam
1320 2684 1371 2737 in
1413 2678 1722 2738 Mauritania
1753 2682 2067 2738 Caesariensi

500 2761 763 2806 memorat
808 2754 1038 2809 Ortelius
1077 2771 1138 2809 ex
1177 2754 1391 2809 Victore
1432 2754 1684 2808 Uticensi.
1735 2755 1969 2809 Habetur
2016 2765 2071 2809 et

504 2821 671 2895 libata
699 2825 747 2876 in
777 2825 947 2879 Al'riCa
983 2828 1191 2890 propria
1242 2844 1304 2879 ex
1346 2826 1665 2888 Ptolemaeo,
1688 2841 1847 2895 quam
1879 2825 2067 2879 urbem

500 2892 592 2945 sub
620 2896 895 2949 Adrumeto
916 2897 1076 2951 l'uis~e
1105 2897 1229 2950 dicit
1262 2898 1355 2950 lib.
1380 2914 1450 2955 tv.
1475 2910 1591 2964 cap.
1612 2897 1645 2950 5
1665 2913 1679 2957 ς
1703 2892 1820 2959 qum
1846 2896 2068 2964 proinde

500 2965 561 3015 ad
588 2964 910 3034 Byzarenam
946 2967 1184 3021 revocari
1213 2970 1387 3023 debet.
1426 2967 1593 3023 Ubasa
1617 2966 1881 3019 castellum
1908 2967 2070 3021 habe-

500 3044 586 3088 tur
616 3035 909 3108 in_Tahulis
936 3037 1382 3105 Petitingeriams,
1412 3041 1503 3094 scd
1531 3042 1580 3089 iu
1606 3037 1875 3100 Numidia,
1914 3040 2067 3108 173

2181 419 2367 474 riensi.
2410 418 2611 473 Tamen
2658 433 2839 485 supra,
2889 417 2956 470 ad
2996 432 3116 486 cap.
3155 417 3359 474 scilicet
3390 418 3492 473 l55
3520 417 3751 487 ejusdem

2179 490 2514 554 Collationis,
2561 490 2647 544 ubi
2694 488 2965 543 Severinus
2994 490 3258 558 episcOpus
3301 488 3578 542 Donatista
3612 490 3754 544 testi-

2181 561 2419 614 monium
2450 560 2624 614 reddit
2665 560 2716 613 in
2748 560 2958 626 negotio
2981 560 3122 628 quod
3152 559 3215 613 ad
3246 558 3608 614 Ctesarienses
3636 574 3752 628 spe-

2178 631 2380 694 ctabat,
2424 647 2544 685 eum
2588 630 2948 685 Castellanum
2997 632 3046 683 in
3092 630 3403 684 Mauritania
3449 630 3756 698 episcopum

2181 700 2345 755 fuisse
2388 700 2560 756 fassus
2597 710 2699 757 est.
2740 700 3021 755 Castellum
3064 701 3204 756 inter
3232 700 3560 755 Mauritania:
3583 702 3758 754 Caesa-

2180 772 2576 898 riensissurbes
2613 782 2874 828 memorat
2917 786 3217 841 anonytnus
3259 770 3631 827 Ravennensis
3664 772 3755 830 lib.

2180 859 2261 898 ιιι.
2294 859 2346 897 ιι.
2418 885 2431 898 .

2180 859 2261 909 ιιι,
2294 859 2346 897 ιι.
2378 859 2431 898 δ.

2253 916 2341 969 76.
2384 914 2782 970 Murscrrsuus.
2809 912 2865 967 In
2891 912 3295 978 Carthaginensi
3318 913 3619 983 Collatione
3639 927 3755 983 cap.

2184 984 2287 1041 155
2308 995 2629 1039 memoratur
2650 984 2891 1039 Leontius
2912 985 3180 1051 episcopus
3204 984 3360 1054 plebis
3381 982 3771 1050 Musertitante,

2181 1070 2281 1123 pro
2322 1071 2428 1124 quo
2468 1057 2767 1121 suspicatur
2817 1055 2880 1110 V.
2925 1055 2985 1109 C.
3028 1055 3270 1108 Baluzins
3312 1054 3595 1121 legendum
3642 1070 3760 1111 esse

2183 1125 2529 1180 Mutecitante.
2559 1126 2623 1180 Et
2651 1126 2864 1196 quidem
2888 1125 3123 1180 Ortelius
3151 1126 3201 1196 in
3227 1124 3502 1196 Thesauro
3516 1140 3755 1196 geogra-

2181 1196 2341 1262 pliico
2383 1194 2743 1251 Mutet-uanam
2793 1196 2977 1250 urbem
3034 1211 3099 1249 ex
3155 1195 3451 1250 Collatione
3500 1194 3756 1264 Carthag.

2182 1267 2383 1333 laudat,
2433 1282 2590 1335 quam
2635 1278 2815 1321 tamen
2858 1282 3119 1335 nusquam
3148 1266 3384 1326 reperire
3414 1265 3545 1335 mihi
3588 1267 3758 1322 licuit.

2183 1337 2326 1393 Idem
2356 1334 2544 1393 auctor
2586 1338 2743 1406 paulo
2790 1334 3010 1391 inferius
3063 1336 3417 1390 Muticitanum
3447 1334 3682 1390 Limitetn
3709 1339 3760 1391 in

2183 1407 2499 1461 Mauritania
2536 1408 2835 1463 Cazsarienst'
2865 1407 3086 1464 laudans
3128 1424 3190 1461 ex
3235 1407 3371 1461 libro
3406 1407 3640 1471 Notitia,
3671 1407 3759 1463 ubi

2183 1478 2410 1533 habetur
2437 1490 2570 1533 sect.
2604 1480 2692 1539 54,
2732 1490 2911 1533 monet
2951 1480 3002 1532 in
3042 1478 3227 1533 codice
3271 1478 3619 1533 membraneo
3664 1493 3761 1547 pro

2185 1548 2477 1603 Muticitani
2514 1550 2694 1603 haberi
2743 1549 3084 1603 Mauticitani.
3143 1548 3308 1603 Porro
3349 1562 3470 1602 cum
3514 1548 3759 1602 Leontius

2182 1634 2339 1686 supra
2385 1636 2450 1674 ex
2491 1621 2786 1675 Collatione
2826 1621 3073 1674 laudatus
3099 1620 3292 1674 ibidem
3324 1620 3527 1673 nullum
3560 1634 3619 1673 se
3663 1620 3759 1673 ha-

2183 1690 2309 1745 bere
2354 1691 2683 1746 Donatistam
2730 1691 3093 1745 adversarium
3139 1699 3520 1755 asseverasset,
3567 1690 3760 1745 Habeo

2179 1760 2312 1815 deus
2340 1762 2600 1816 diaconus
2627 1760 2901 1830 respondit
2929 1759 3252 1815 Cresconium
3280 1761 3439 1830 modo
3466 1760 3633 1815 fuisse
3664 1776 3761 1830 pro

2178 1848 2239 1886 ea
2269 1833 2403 1888 urbe
2424 1829 2748 1887 ordinatum.
2780 1832 2931 1887 Unde
2956 1833 3115 1887 infert
3140 1830 3383 1886 Baluzius
3409 1829 3760 1886 Cresconinm

2178 1902 2510 1985 Dona_l_is_tam
2541 1905 2630 1985 qui
2662 1903 2883 1985 inferius
2913 1901 3176 1985 cap.n206
3223 1901 3487 1985 episwptt's
3516 1901 3763 1985 Musula-

2178 1990 2276 2027 nus
2302 1974 2517 2038 dicitur,
2546 1976 2832 2043 ipsummet
2872 1988 2992 2027 esse
3026 1972 3351 2028 Cresconinnt
3380 1972 3537 2040 quem
3567 1973 3762 2025 Habet-

2178 2044 2309 2098 dcus
2355 2055 2779 2107 memoraverat;
2822 2059 2884 2099 ac
2924 2044 3166 2112 proinde,
3207 2044 3277 2099 ibi
3313 2058 3407 2111 pro
3447 2043 3761 2097 Mustitanus

2177 2117 2546 2185 reponendum
2576 2132 2695 2171 esse
2738 2115 3137 2179 Musertitanus,
3179 2114 3321 2184 quod
3352 2123 3405 2167 et
3450 2114 3594 2169 fecit.
3627 2115 3758 2179 Sed,
3834 2139 3838 2142 ⁴

2179 2184 2420 2255 utsupra
2445 2186 2674 2241 diximus
2695 2192 2742 2240 in
2768 2188 2905 2240 notis
2928 2187 2994 2240 ad
3017 2188 3297 2255 episcopos
3322 2184 3586 2239 Numidiae
3607 2201 3758 2239 num.

2177 2258 2265 2320 7i,
2295 2268 2348 2311 et
2377 2259 2442 2328 ad
2474 2260 2777 2328 Byzacenos
2801 2273 2949 2314 num.
2971 2256 3061 2319 ‘28,
3087 2256 3347 2311 Henricus
3368 2256 3609 2328 Nurisius
3628 2271 3760 2311 con-

2178 2328 2345 2383 tendit
2370 2326 2697 2382 Cresconium
2722 2329 2879 2383 istum
2912 2344 3038 2387 vere
3067 2327 3403 2381 Mustitannm
3431 2327 3483 2381 in
3511 2326 3759 2382 Numidia

2122 2437 2135 2441 -
2176 2401 2484 2467 epiSr-opum
2529 2399 2719 2464 fuisse,
2768 2400 3009 2469 duasque
3057 2399 3174 2466 ejus
3214 2399 3458 2469 nominis
3497 2398 3656 2453 urbes
3704 2400 3759 2453 in

2177 2470 2356 2525 Al'rica
2388 2470 2660 2525 exstitisse
2688 2470 2892 2534 scribit,
2924 2468 3147 2539 quarum
3176 2468 3344 2521 altera
3368 2468 3432 2522 ad
3462 2484 3759 2537 proconsu-

2176 2541 2365 2607 larem,
2395 2544 2562 2595 altera
2601 2555 2729 2595 vero
2755 2541 2820 2594 ad
2854 2540 3151 2594 Numidiam
3188 2541 3485 2606 spectabat.
3521 2540 3761 2608 Denique

2178 2612 2230 2665 in
2281 2612 2584 2667 calendario
2624 2610 3027 2679 Carthaginensn
3073 2622 3140 2663 vti
3172 2612 3245 2663 id.
3294 2610 3526 2663 Octobris
3562 2614 3620 2663 lit
3647 2626 3761 2664 me-

2179 2684 2347 2735 moria
2386 2685 2547 2736 sancti
2585 2683 2841 2748 Quintasi,
2876 2698 3033 2751 quem
3065 2682 3206 2752 hunc
3245 2682 3418 2749 ipsum
3455 2680 3612 2752 174,
3636 2696 3760 2736 esse

2180 2752 2487 2817 Quintasunt
2522 2753 2824 2820 suspicatur
2862 2754 3092 2807 domnus
3132 2751 3363 2806 Joannes
3395 2751 3755 2817 Mabillonius,

2177 2823 2267 2890 qui
2298 2825 2383 2878 hic
2417 2828 2469 2878 in
2500 2824 2695 2877 Notitia
2742 2823 3084 2876 Mutecitunus
3121 2823 3402 2890 episcopus
3431 2823 3648 2877 dicitur.
3684 2825 3758 2876 At

2178 2893 2230 2947 in
2262 2897 2476 2964 vulgato
2504 2895 2883 2964 martyrologio
2935 2894 3363 2965 Hieronymiano,
3406 2902 3462 2946 ut
3506 2894 3647 2947 idem
3676 2896 3759 2947 vir

2176 2966 2417 3020 eruditus
2448 2967 2720 3027 observat,
2753 2966 2940 3019 eadem
2971 2966 3058 3019 die
3085 2967 3221 3017 inter
3250 2964 3383 3017 alios
3414 2964 3572 3017 Afros
3600 2979 3759 3018 reco-

2181 3034 2310 3090 litur
2340 3036 2643 3101 Quintasus.
2671 3036 2725 3089 In
2749 3037 2849 3090 iSIo
2879 3046 3054 3090 autem
3080 3035 3458 3106 martyrologio
3482 3036 3760 3102 pauciores

500 3114 558 3176 ut
583 3106 790 3171 quidem
824 3108 950 3161 mihi
991 3110 1214 3162 \‘idctttr.
1260 3111 1424 3165 Porto
1452 3109 1687 3164 Uliabam
1718 3106 2074 3162 eamdemiur-
2101 3111 2148 3174 C
2183 3123 2213 3159 e
2248 3107 2643 3163 recentioribus
2680 3107 2879 3163 sanctis
2925 3116 3213 3162 occurrunt
3260 3106 3428 3176 prima
3474 3121 3636 3160 manu
3660 3108 3759 3161 de-

500 3172 619 3229 bcm
648 3192 767 3231 esse
792 3193 911 3231 cum
944 3180 1083 3233 Baba
1113 3194 1142 3232 a
1176 3181 1463 3234 Ptolemaeo
1492 3186 1546 3233 et
1574 3179 1846 3246 Stephano
1871 3194 2075 3232 memo-

500 3255 612 3297 rata
643 3258 827 3302 censet
861 3249 1188 3303 llulstenius.

573 3317 660 3388 7'2.
690 3317 1042 3373 Oeomnnus.
1075 3320 1217 3378 Inter
1248 3320 1404 3388 hujus
1435 3319 1721 3385 provincia
1749 3319 1926 3385 sedes,
1958 3336 2076 3386 quae

502 3384 723 3458 in_fcrius
745 3390 1023 3455 episc0pos
1046 3401 1170 3445 tunc
1188 3406 1290 3444 non
1316 3384 1562 3443 habuisse
1577 3389 1846 3456 dicuntur,
1865 3384 2078 3458 quando

502 3454 695 3529 Africa!
725 3454 957 3528 episcopi
991 3460 1365 3529 Carthaginem
1400 3463 1651 3513 mandato
1692 3454 1841 3528 regis
1877 3454 2074 3516 conve—

502 3528 619 3581 nire
640 3527 771 3591 jnssi
801 3527 943 3597 sunt,
975 3527 1284 3584 numeratur
1313 3532 1428 3585 loco
1451 3532 1483 3585 6
1507 3527 1806 3584 Oboritana.
1834 3532 1907 3585 Ex
1936 3547 2079 3587 com-

502 3597 739 3671 pluribus
762 3612 937 3654 antem
970 3602 1190 3656 urbibus
1216 3617 1349 3671 quas
1373 3616 1438 3655 ex
1473 3602 1685 3655 Victore
1706 3602 1940 3656 Uticensi
1966 3619 2078 3657 me-

502 3679 676 3722 morat
707 3670 959 3743 Ortelius,
989 3688 1090 3725 una
1117 3686 1191 3743 est
1228 3670 1309 3727 eui
1340 3672 1549 3741 praefuit
1590 3672 1933 3727 Auboritanus
1963 3676 2076 3743 epi-

500 3754 681 3808 sc0pus
714 3742 764 3793 in
797 3741 1112 3796 Mauritania
1143 3740 1459 3804 Ctesariensi,
1493 3758 1650 3811 quem
1674 3746 1773 3798 iste
1799 3740 2078 3801 auctor'ab

502 3812 632 3864 urbe
659 3812 947 3883 Aubureum
972 3815 1109 3868 dicta
1140 3816 1217 3869 sic
1238 3815 1561 3883 appellatum
1587 3815 1749 3866 fuisse
1777 3822 1945 3879 putat.
1968 3815 2077 3882 Ego

499 3895 627 3934 vero
658 3881 757 3936 hac
784 3898 912 3937 voce
940 3885 1139 3937 nullum
1161 3881 1324 3941 alium
1347 3900 1376 3937 a
1406 3884 1559 3937 Petro
1585 3883 1884 3947 Obaritano,
1918 3884 2002 3937 hic
2017 3881 2075 3939 in

500 3950 695 4004 Notitia
745 3963 1058 4017 memorato,
1110 3955 1374 4019 designari
1423 3956 1693 4008 existimo.
1746 3952 1855 4006 Nec
1898 3954 2078 4011 obstat

498 4022 639 4087 quod
668 4037 731 4075 ex
764 4025 951 4076 eodem
982 4024 1194 4079 Victore
1224 4024 1557 4078 Obaritanam
1587 4023 1775 4077 urbem
1816 4037 2077 4081 memoret

500 4091 614 4158 ipse
644 4094 898 4157 Urtelins,
926 4108 1047 4148 cum
1092 4094 1252 4158 infra,
1285 4105 1344 4148 ut
1375 4109 1495 4148 mox
1526 4093 1863 4158 dicebamus,
1907 4095 2074 4151 altera

500 4160 739 4228 ejusdem
774 4162 1002 4217 nominis
1042 4166 1197 4218 sedes
1229 4166 1503 4219 habeatur.

572 4230 659 4284 75.
700 4230 1335 4290 (ΣΑετιιΑειῖιιειιιΑιιεΝειε.
1369 4233 1665 4289 Castrorum
1694 4233 2075 4290 Seberianensis

501 4302 826 4355 mentionem
850 4319 913 4357 ex
949 4304 1159 4358 Victore
1182 4307 1302 4359 lavit
1331 4305 1584 4360 Orlelius.

573 4371 661 4424 7b.
689 4375 1167 4429 CASTRANOBENSIS.
1192 4377 1371 4430 Codex
1396 4376 1615 4434 llalleri.
1641 4374 2073 4433 Castronobensis.

501 4442 576 4495 Ea
601 4452 681 4496 est
707 4445 833 4497 urbs
858 4460 1013 4512 quam
1039 4447 1332 4501 Antoninus
1360 4448 1408 4500 in
1433 4447 1709 4501 ltinerario
1726 4445 1907 4501 Castra
1922 4447 2071 4501 Nova

476 4514 751 4588 appellnt.
803 4489 1056 4588 Ejiisdem
1104 4518 1333 4588 nominis
1362 4517 1543 4571 urbem
1577 4526 1837 4571 memorat
1862 4533 2068 4588 anony-
2095 4489 2150 4549 Β

498 4582 1013 4658 mttsRave-nnensis
1041 4589 1090 4640 in
1119 4587 1396 4658 Tingitana
1428 4589 1521 4642 lib.
1552 4604 1628 4651 ιιι.
1660 4605 1714 4641 ιι.
1740 4589 1791 4643 9.

572 4654 659 4728 75_.
684 4656 1079 4728 stretusus.
1105 4654 1250 4713 Hanc
1274 4660 1453 4713 sedem
1480 4658 1597 4712 aliis
1626 4659 1889 4728 plerisque
1913 4659 2070 4728 hujus

578 4673 659 4708 to.
684 4673 1079 4712 caueamus.
1105 4673 1250 4713 nanc
1274 4673 1453 4713 sedem
1480 4673 1597 4712 ams
1626 4673 1783 4726 plerls
1827 4675 1889 4714 ne
1913 4673 2069 4728 hujus

495 4726 782 4789 provinciae
805 4727 1025 4782 urbibus
1051 4732 1311 4785 notiorem
1339 4728 1463 4784 fecit
1500 4728 1753 4784 Voconius
1788 4673 2069 4785 %astellani

497 4794 823 4871 Mauritania:
867 4798 1042 4871 oppidi
1081 4803 1366 4871 episwpus,
1410 4801 1496 4868 qui
1544 4814 1574 4852 a
1614 4799 1891 4854 Gennadio
1930 4801 2070 4856 inter

495 4866 784 4939 scriptores
811 4866 1207 4925 ecclesiasticos
1235 4866 1288 4924 in
1316 4866 1570 4937 Catalogo
1599 4885 1717 4939 cap.
1749 4872 1816 4924 78
1845 4884 2068 4939 compu-

496 4944 656 5012 tatur,
710 4937 888 5012 ibique
936 4940 1182 5012 laudatur
1221 4940 1362 5010 quod
1396 4951 1587 5008 praeter
1629 4937 1689 4993 ea
1721 4956 1841 5009 qua:
1881 4937 2066 4996 contra

494 5004 729 5081 Juda’os,
754 5004 1005 5081 Arianogs,
1030 5004 1266 5079 aliosque
1295 5004 1544 5065 Ecclesiae
1566 5004 1809 5065 inimicos
1834 5012 2067 5081 scripsit,

494 5078 721 5150 ediderit
746 5079 903 5133 etiam
933 5078 1382 5134 Sacramentorum
1410 5085 1665 5150 egregium
1688 5078 1955 5137 volumen.
1973 5083 2068 5139 llic

492 5148 736 5210 antistes,
782 5159 842 5201 ut
874 5150 1082 5204 liliraaus
1109 5150 1376 5214 observat,
1415 5152 1481 5205 ab
1513 5148 1747 5206 Honorio
1776 5163 1831 5206 et
1856 5153 2068 5208 ’l‘rithe-

494 5218 600 5270 mio
627 5218 819 5271 dicitur
848 5218 1127 5283 Buconius.
1159 5236 1314 5290 quam
1348 5222 1633 5276 lectionem
1667 5222 1825 5275 habet
1855 5238 2066 5291 quoque

494 5298 649 5340 vetus
671 5293 946 5355 exemplar
967 5292 1224 5345 Gennadii
1252 5307 1315 5345 ex
1347 5292 1667 5347 bibliotheca
1695 5293 2061 5349 Fiscannensi.

493 5358 548 5409 In
582 5366 766 5410 nostro
785 5368 961 5413 autem
984 5363 1341 5416 vetu~tissimo
1356 5363 1539 5418 codice
1561 5364 1753 5416 dicitur
1780 5361 2059 5418 Vuconius.

493 5426 820 5501 Dect-redi
871 5429 1192 5499 Castellanu,
1243 5434 1331 5500 qui
1379 5438 1537 5487 etiam
1590 5435 1728 5488 inter
1773 5434 2062 5501 scriptores

491 5498 883 5569 ecclesiasticos
933 5502 1103 5554 locum
1153 5498 1365 5569 meruit,
1407 5505 1531 5558 vide
1572 5506 1707 5556 intra
1752 5498 1900 5557 num.
1934 5503 2056 5558 H9.

490 5565 659 5621 Porro
684 5570 748 5642 in_
762 5568 1053 5625 Collatiune
1078 5571 1324 5642 Carthag.
1354 5565 1473 5641 cap.
1532 5574 1628 5628 l80
1658 5572 1927 5628 Severinus
1955 5575 2063 5641 epi-

492 5653 671 5706 scopus
710 5639 1027 5695 Castellanus
1065 5657 1130 5697 ex
1171 5639 1561 5699 Donatistarum
1593 5655 1736 5698 secta
1765 5639 2063 5700 recensitos

493 5718 594 5772 est.
645 5725 800 5779 quem
845 5726 903 5767 se
932 5712 1141 5769 nescire
1184 5716 1257 5769 ait
1298 5716 1542 5774 Balnzius
1571 5715 1621 5768 in
1650 5724 1771 5770 nota
1816 5714 1880 5767 ad
1922 5716 2061 5769 lnmc

2184 3179 2387 3244 scripti.
3268 3236 3275 3242 .

2256 3249 2340 3302 77.
2372 3249 2793 3303 RUBICARIENSIS.
2840 3248 2929 3303 Sic
2965 3258 3020 3305 et
3066 3249 3234 3303 codex
3271 3248 3489 3302 Halleri.
3530 3248 3587 3301 In
3625 3248 3758 3302 Car-

2192 3317 2340 3386 thag.
2372 3319 2687 3385 Collatione,
2721 3334 2837 3379 cap.
2873 3321 2992 3384 l97,
3026 3320 3163 3375 inter
3182 3319 3484 3374 Donatistas
3509 3318 3757 3374 Constan-

2186 3389 2284 3460 tius
2324 3390 2585 3460 episcopus
2638 3390 3101 3444 Rnsubiccariensis
3146 3391 3460 3457 comparuit,
3498 3406 3655 3459 quem
3694 3390 3758 3445 ad

2184 3458 2567 3533 Mauritaniam
2596 3460 2977 3533 Cas-ariensem
3013 3462 3333 3533 pertinuisse
3374 3458 3664 3533 ex_N0tuia
3703 3477 3759 3516 se

2184 3530 2435 3599 colligere
2455 3532 2528 3585 ait
2560 3532 2820 3585 Baluzius.
2843 3530 3109 3585 In’Notitia
3133 3546 3259 3585 vero
3289 3531 3759 3585 Rusubiccariensis

2132 3662 2140 3670 ,
2183 3602 2467 3669 episcopus
2496 3616 2756 3667 nusquam
2791 3603 3035 3666 habetur,
3068 3604 3167 3656 nisi
3199 3617 3265 3657 eo
3289 3604 3503 3656 nomine
3535 3601 3758 3655 Rubico-

2182 3672 2396 3725 riensem
2417 3673 2624 3736 urbem,
2657 3672 2724 3726 de
2762 3688 2864 3740 qua
2890 3674 2973 3726 hic
2993 3673 3219 3741 agimus,
3250 3682 3341 3725 aut
3363 3685 3508 3728 certe
3531 3673 3757 3726 Βιαιόί-

2181 3743 2428 3812 ritanam,
2458 3745 2700 3811 superius
2728 3759 2872 3797 num.
2898 3743 2968 3796 22
2994 3745 3334 3807 reccnsitam,
3357 3744 3641 3812 designare
3665 3760 3756 3797 vo-

2183 3811 2343 3866 luerit
2371 3815 2449 3866 vir
2476 3814 2732 3873 eruditus.
2767 3814 3106 3870 Subicarense
3130 3816 3392 3868 Castellum
3424 3811 3757 3868 inMaurita-

2182 3883 2268 3936 nia
2296 3886 2454 3938 situm
2487 3895 2750 3939 memorat
2777 3886 3088 3938 Ammianus
3117 3885 3449 3940 Marcellinus
3481 3886 3573 3939 lib.
3606 3902 3752 3953 xxix,

2181 3967 2300 4021 cap.
2333 3955 2385 4013 5.
2409 3955 2550 4022 quod
2579 3955 2646 4007 ab
2673 3955 2773 4009 hoc
2805 3955 3246 4009 Rusubiccariensi
3276 3971 3369 4010 seu
3399 3955 3756 4009 Rubicariensi

2182 4024 2378 4091 Oppido
2415 4025 2559 4078 aliud
2592 4040 2695 4079 non
2735 4040 2857 4081 esse
2886 4027 3323 4081 verisimillimnm
3353 4037 3455 4080 est.
3499 4028 3656 4081 Certe
3681 4026 3752 4082 cl.

2180 4094 2263 4147 vir
2295 4095 2592 4150 Hnlrianus
2624 4096 2880 4160 Vale~ins,
2914 4099 2995 4151 cui
3031 4098 3271 4151 Baluzius
3302 4112 3360 4152 se
3388 4099 3528 4151 ultro
3557 4112 3749 4151 assen-

2182 4166 2266 4217 tiri
2292 4167 2586 4233 prolitetur,
2619 4182 2683 4220 eo
2725 4167 2826 4220 loci
2869 4167 3009 4233 apud
3052 4167 3387 4222 Ammianum
3434 4168 3752 4222 Rusubbica-

2180 4251 2324 4289 reme
2344 4236 2446 4307 legi
2463 4247 2712 4298 oportere
2737 4239 3055 4307 suspicatur.
3071 4241 3125 4292 Si
3151 4250 3325 4293 tamen
3340 4239 3549 4293 Notitia:
3571 4238 3749 4303 lectio,

2181 4320 2299 4371 quae
2333 4305 2709 4361 Rubicarienst's
2748 4305 2923 4371 habet,
2958 4310 3146 4363 melior
3182 4310 3359 4375 fuerit,
3400 4310 3570 4375 potius
3618 4311 3753 4363 reti-

2180 4377 2351 4448 nenda
2384 4379 2486 4431 erit
2511 4378 2718 4446 vulgata
2750 4380 3011 4432 Ammiani
3046 4380 3222 4443 lectio,
3248 4395 3371 4434 cum
3393 4379 3609 4448 propius
3637 4381 3751 4433 Ru-

2180 4447 2475 4520 bieariensis
2502 4464 2604 4501 vox
2635 4451 2699 4520 ad
2728 4450 3077 4520 Subicarensis
3106 4450 3325 4505 accedat
3351 4447 3508 4520 quam
3541 4452 3605 4503 ad
3638 4451 3751 4504 Ru-

2175 4518 2577 4571 subiccartensis.
2628 4519 2794 4572 Porro
2837 4518 3161 4574 Rttsubricari
3200 4518 3658 4575 habetiAntouius
3698 4524 3749 4576 itt

2177 4587 2478 4653 ltinerario,
2530 4590 2814 4643 Rusubeser
2848 4590 3166 4644 Ptolemaeus
3194 4591 3332 4646 libro
3358 4607 3428 4655 tv,
3461 4606 3580 4658 cap.
3613 4590 3667 4648 Ξ.
3695 4602 3749 4648 et

2175 4658 2441 4782 fusiciber
2469 4674 2589 4729 cap.
2620 4660 2883 4730 sequenti.
2933 4660 2993 4714 In
3014 4660 3229 4718 Tabulis
3258 4663 3558 4731 Pentingeri
3592 4661 3749 4717 Rusi-

2207 4746 2380 4782 rtcart.

2207 4746 2380 4783 ηεαη.

2247 4800 3010 4874 78.ᾲΜΑιιιίιιι.ΕΝειε.ίνὶειον
3041 4804 3303 4874 episcopus
3330 4801 3745 4872 Mammillensis,

2173 4886 2295 4925 cum
2326 4871 2607 4942 Sereniano
2637 4887 2733 4927 suo
2760 4871 3077 4927 adversario
3098 4871 3217 4942 cap.
3254 4872 3360 4928 208
3389 4875 3517 4929 item
3545 4871 3746 4931 inemo?

2174 4952 2311 5006 rato,
2341 4941 2509 5014 adl‘uit
2536 4942 2814 5014 CQIVIationi
2842 4944 3094 5013 Carthag.
3121 4941 3240 5014 cap.
3273 4945 3396 4999 135.
3424 4950 3501 4999 An
3536 4948 3638 5000 huc
3664 4962 3747 5000 re-

2173 5013 2352 5085 vocari
2378 5012 2827 5085 possetblantntte
2850 5016 3013 5085 regio,
3049 5012 3103 5079 in
3132 5012 3233 5083 qua
3264 5016 3564 5070 Maurorum
3598 5017 3745 5084 prin-

2172 5084 2535 5155 cipes_ca_stra_
2566 5084 2815 5155 habuisse
2855 5086 3105 5139 dicuntur
3133 5085 3270 5155 apud
3307 5088 3617 5154 Procopium
3653 5089 3740 5142 lib.

2171 5167 2207 5206 ll
2233 5153 2299 5224 de
2326 5153 2473 5208 Bello
2501 5153 2806 5219 Vandalico,
2839 5156 2924 5210 alii
2949 5153 3285 5224 judicabunt.
3320 5153 3531 5212 Videtur
3564 5166 3742 5211 tamen

2170 5226 2234 5275 ad
2260 5222 2538 5297 Byzacium
2573 5225 2892 5291 pertinuisse
2918 5244 2930 5278 :
2952 5222 3247 5295 etquidem
3275 5227 3556 5282 Mammam
3582 5229 3743 5297 Byza-

2169 5308 2318 5347 cente
2346 5295 2530 5347 urbem
2555 5296 2999 5352 mediterraneam
3033 5298 3191 5351 habet
3219 5299 3358 5351 idem
3389 5313 3579 5354 auctor
3608 5295 3742 5353 libro

2167 5378 2216 5445 vi
2253 5362 2642 5445 de_Ediﬁciis,
2681 5382 2802 5445 cap.
2941 5368 3234 5445 Mamiliam
3271 5368 3413 5423 inter
3454 5372 3738 5445 Byzareoa;

2164 5434 2406 5507 civitates
2438 5447 2702 5492 memorat
2743 5437 2940 5493 Notitia
2987 5439 3181 5495 Leonis
3224 5434 3558 5507 imperatoris
3604 5441 3736 5507 apud

2164 5503 2412 5582 Goarem_,
2462 5508 2555 5582 sed
2607 5508 2826 5582 Graecus
2855 5518 3031 5564 textus
3083 5513 3241 5565 habet
3268 5503 3531 5582 Μαμηδας
3579 5503 3738 5566 editio

2164 5585 2343 5653 autem
2370 5578 2656 5653 Bodleiana
2683 5578 2868 5653 Grates
2895 5590 2950 5653 et
2979 5582 3165 5636 Latine
3186 5578 3413 5653 Μαμιδὰ.

2237 5646 2325 5722 79.
2360 5650 2704 5722 A_LBULEN§|S.
2735 5650 2824 5722 Sic
2852 5650 3011 5705 habet
3035 5646 3454 5722 uterque'codex
3484 5670 3587 5709 ms.
3614 5671 3732 5708 cum

2162 5716 2341 5773 editis.
2376 5718 2497 5772 Haec
2538 5720 2667 5773 urbs
2709 5720 2777 5771 ad
2815 5722 3025 5776 Altinius
3066 5724 3117 5778 in
3164 5716 3415 5779 Antonini
3456 5724 3733 5781 ltinerariu
