4082 6320
540 556 1537 593 22m

1537 360 2405 505 ΑιιρΕΝυιχξῖξὲιξρἑὲἑὶ
2426 358 2873 505 omanis“)

3690 407 3798 467 360

2873 554 3793 595 ξτ-

934 701 1002 756 ο
1245 690 2210 907 arratum:
2283 600 3185 881 Tun-r1352,

908 984 1110 1101 om.
1158 924 1727 1105 Ammon)
1778 978 2659 1056 COMMENTARIUS
2732 982 3388 1056 HISTORICUS

2112 1130 2196 1172 ΒΕ

1746 1229 2215 1282 PERSECUTIONE
2251 1229 2619 1283 VANDALICA.

599 1458 752 1530 193
779 1456 1030 1530 Quamvis
1050 1471 1114 1511 ex
1141 1454 1368 1530 Victoris
1392 1454 1625 1509 Viteusis
1651 1454 1913 1530 _i_listor_i_a,
1939 1471 2098 1524 quam
2127 1457 2177 1515 Α
2206 1455 2469 1530 praesidiis
2491 1452 2834 1530 destituerat,
2856 1452 3445 1530 invaserenldArcadio
3466 1470 3515 1509 vt
3537 1465 3590 1510 et
3612 1456 3793 1514 Probo

525 1526 684 1584 modo
712 1526 1066 1590 éxliihuimus,
1101 1526 1366 1595 praecipua
1396 1541 1618 1594 qumque
1651 1526 1950 1580 Vandalica:
1980 1542 2103 1595 per-.

523 1599 812 1664 secutionis
839 1598 1008 1663 capita
1057 1597 1512 1664 hauriendastnt,
1545 1612 1656 1649 rem
1690 1608 1863 1650 tamen
1898 1598 2101 1651 nemini

523 1616 549 1655 8
617 1616 812 1654 uuonts
839 1616 1008 1663 capita
1057 1616 1512 1664 ιιθιιγιεηαιζδιηι,
1545 1616 1656 1649 rem
1690 1616 1863 1650 tamen
1898 1616 2101 1651 nemtnt

523 1616 780 1739 intratam
825 1684 921 1724 nos
959 1683 1083 1739 esse
1121 1668 1354 1721 facturos
1393 1668 1631 1739 arbitrati
1678 1683 1860 1721 sumus
1884 1710 1897 1733 ,
1932 1670 1995 1739 psi
2038 1683 2102 1721 ea

521 1737 641 1809 qua:
675 1740 869 1807 passim
894 1740 947 1793 in
976 1738 1208 1807 probatis
1237 1748 1290 1792 et
1319 1737 1541 1791 vetustis
1571 1740 1878 1793 auctoribus
1908 1738 1975 1792 de
2005 1753 2101 1792 eo-

521 1811 642 1865 dem
674 1821 983 1879 argumento
1006 1818 1308 1869 occurrunt,
1343 1809 1427 1862 hic
1451 1809 1503 1860 in
1530 1824 1691 1862 unum
1722 1818 2098 1877 congerantur,

520 1891 579 1936 ut
608 1882 707 1936 hoc
747 1881 984 1935 subsidio
1029 1897 1132 1934 non
1179 1879 1349 1933 solum
1387 1894 1447 1933 ea
1492 1895 1612 1947 quae
1657 1879 1795 1933 forte
1832 1896 1861 1932 a
1893 1880 2101 1934 Victore

517 1952 674 2023 paulo
717 1953 951 2023 strictius
998 1960 1207 2004 narrata
1246 1951 1493 2023 fuerunt,
1529 1951 1693 2003 fusius
1740 1962 2095 2019 exponentur,

518 2020 612 2077 sed
646 2030 703 2077 ut
752 2022 862 2092 ipsa
912 2024 1069 2077 etiam
1114 2036 1232 2090 qua:
1275 2020 1344 2074 ab
1390 2020 1576 2074 eodem
1628 2030 1847 2075 auctore
1890 2029 2100 2075 luerunt

517 2096 749 2155 omissa,
791 2105 1048 2163 quatenus
1080 2094 1128 2146 in
1162 2101 1305 2145 tanta
1337 2106 1513 2163 rerum
1545 2105 1610 2144 ac
1652 2104 1946 2159 temporum
1983 2093 2101 2144 lon-

514 2162 819 2234 ginquitate,
846 2164 1000 2227 licet,
1044 2177 1356 2230 quocunque
1394 2162 1564 2234 modo
1601 2178 1630 2215 a
1680 2163 1831 2234 nobis
1862 2164 2095 2234 suppleri

516 2232 743 2304 possint.
778 2236 836 2288 Et
872 2235 1085 2300 quidem
1115 2250 1234 2287 cum
1267 2234 1531 2304 Arianicte
1555 2232 1603 2284 in
1636 2233 1935 2304 Al‘ricaper
1960 2232 2101 2286 Van-

515 2303 667 2359 dalos
694 2305 1080 2374 persecutionis
1109 2303 1475 2374 describendae
1511 2303 1775 2369 provincia
1811 2303 1963 2355 nobis
1998 2304 2097 2355 ob-

520 2373 730 2444 tigerit,
772 2377 925 2429 nobis
966 2391 1071 2429 non
1119 2373 1267 2444 licuit
1309 2375 1596 2441 quidquam
1650 2374 2056 2440 praetermittere
2081 2419 2095 2442 ,

518 2443 661 2514 quod
688 2446 753 2499 ad
800 2455 903 2498 tam
950 2445 1182 2498 nobilem
1215 2443 1451 2497 historia:
1495 2444 1869 2498 ecclesiastica:
1901 2444 2100 2513 portio-

517 2530 637 2569 netu
690 2515 1055 2571 illustrandam
1110 2514 1409 2568 conducere
1459 2514 1744 2569 videretur.
1780 2516 1990 2577 _Verum
2042 2525 2099 2569 ut

515 2585 717 2655 absque
752 2586 855 2641 ulla
885 2585 1199 2641 confusione
1229 2584 1465 2640 narratio
1499 2587 1780 2652 procedat,
1815 2588 1984 2642 visum
2016 2595 2098 2642 est

516 2670 690 2726 operte
718 2660 946 2728 pretium
972 2672 1090 2713 eam
1124 2657 1175 2709 in
1202 2657 1406 2724 aliquot
1435 2656 1607 2724 capita
1639 2658 1843 2726 partiri.

1035 2748 1262 2804 CAPUT
1300 2747 1586 2803 PRIMUM.

844 2840 1191 2898 Vandalorum
1220 2842 1273 2894 in
1304 2839 1500 2894 Gallias
1532 2841 1772 2909 irruptio.

587 2936 637 2989 1.
668 2934 783 2990 Non
825 2950 926 2989 una
964 2946 1048 2988 εει
1091 2942 1364 2987 auctorum
1400 2932 1467 2985 de
1504 2931 1854 2985 Vandali-trum
1888 2931 2091 2999 origine

513 3006 795 3063 sententia.
817 3006 902 3069 lli,
923 3014 1059 3060 teste
1089 3003 1371 3068 ProcOpio,
1405 3002 1539 3071 libro
1570 3017 1585 3054 t
1612 3003 1680 3055 de
1714 3002 1857 3056 Bello
1884 3002 2091 3056 Vanda-

512 3077 635 3142 lico,
667 3076 905 3133 Gothicae
937 3076 1165 3130 nationis
1199 3074 1400 3142 portio,
1445 3073 1554 3126 Arii
1588 3074 1792 3139 placitis
1813 3114 1826 3135 ,
1871 3073 2007 3126 sicut
2035 3084 2089 3126 et

514 3160 722 3202 cetera:
744 3149 983 3202 nationes
1013 3146 1274 3211 barbarae,
1298 3145 1515 3210 addicti,
1546 3144 1611 3196 ad
1634 3143 1928 3197 M.r0tidem
1956 3145 2087 3198 olim

513 3219 666 3271 sedes
685 3219 951 3272 habuere:
976 3218 1167 3285 quibus
1194 3217 1262 3268 ob
1283 3230 1462 3269 rerum
1482 3214 1901 3267 necessariarum
1924 3229 2088 3285 penu-

513 3289 641 3341 riam
668 3288 920 3352 dimissis,
942 3284 1105 3341 ascita
1134 3300 1313 3339 secum
1339 3284 1624 3337 Alanorum
1648 3293 1824 3351 gente.
1859 3284 2086 3352 primum

513 3356 565 3411 in
596 3373 689 3412 eas
710 3358 955 3427 regiones
985 3373 1105 3426 qua:
1134 3355 1275 3409 circa
1310 3354 1549 3408 Rhenum
1580 3356 1695 3427 sine
1725 3362 1870 3416 sunt,
1905 3365 2029 3427 tunc
2054 3372 2083 3408 a

514 3428 731 3482 Francis
772 3426 1074 3498 possessas,
1123 3428 1395 3493 irrupere;
1431 3434 1540 3498 tum
1579 3426 1736 3498 paulo
1777 3433 1898 3492 post
1921 3426 2084 3498 _simul

512 3512 627 3553 cum
652 3495 923 3554 aliis—feris
948 3508 1002 3554 et
1031 3497 1271 3551 barbaris
1301 3495 1602 3549 nationibus
1636 3496 1686 3547 in
1716 3498 1891 3548 varias
1920 3496 2087 3562 impe-

513 3570 573 3622 rii
606 3569 828 3624 Romani
872 3567 1175 3638 provincias
1202 3566 1445 3636 ingressi,
1475 3580 1566 3620 eas
1592 3566 1802 3635 penitus
1833 3566 2087 3638 de_vasta-‘

511 3649 652 3693 runt.
704 3642 773 3696 At
815 3636 1110 3695 Hadrianus
1140 3636 1378 3691 Valesius
1424 3638 1571 3690 initio
1617 3638 1733 3689 libri
1784 3651 1840 3689 ιιι
1887 3636 2081 3690 Rerum

504 3708 882 3766 Francicarum
912 3712 1104 3765 mirum
1147 3709 1247 3761 sibi
1280 3707 1445 3761 videri
1470 3707 1575 3774 ait,
1620 3706 1757 3760 hanc
1785 3708 1851 3760 de
1872 3705 2086 3761 Vanda-

508 3779 677 3835 lorum
708 3781 912 3850 origine
942 3781 1245 3851 opinionem
1280 3780 1525 3843 cuiquam
1565 3780 1800 3847 potuisse
1832 3779 2081 3845 probari,

506 3866 665 3919 quam
693 3854 941 3906 nimirum
968 3851 1203 3904 omnium
1227 3852 1563 3918 antiquorum
1589 3851 1905 3904 testimoniis
1926 3851 2085 3919 plane

510 3923 800 3992 oppositam
830 3937 952 3977 esse
987 3922 1142 3992 194
1180 3920 1493 3992 contendit:
1515 3936 1692 3992 puni,
1738 3931 1791 3973 ut
1822 3921 1951 3992 ipse,
1966 3921 2077 3992 ait,

508 3986 796 4063 Yafudalos,
824 4008 958 4063 quos
985 3986 1368 4063 {liii/inditus,
1396 3991 1485 4063 alii
1512 3991 1789 4054 Vandilos,
1820 3991 1907 4044 alii
1937 3991 2083 4063 lian-

509 4058 677 4115 dalios
703 4058 993 4131 appellant,
1022 4062 1222 4116 Plinius
1248 4060 1528 4116 Secundus
1560 4063 1698 4114 inter
1727 4076 1920 4129 genera
1950 4062 2083 4116 Ger-

507 4146 787 4186 manorum
814 4134 1077 4202 quinque;
1102 4132 1318 4202 Tacitus
1345 4134 1483 4202 inter
1506 4131 1754 4202 antiquas
1781 4132 2081 4202 Germania:

2123 2838 2172 2899 B

2208 1527 2550 1587 consulibus,
2584 1526 2682 1578 sub
2712 1524 2835 1578 anni
2875 1525 3080 1579 scilicet
3109 1526 3210 1580 406
3244 1526 3398 1581 linem
3429 1533 3482 1580 et
3512 1531 3795 1594 sequentis

2208 1597 2439 1659 initium,
2469 1597 2754 1663 cootigisse
2784 1594 2998 1649 tradunt
3029 1596 3268 1650 nonnulli
3299 1606 3508 1652 veteres
3533 1598 3795 1654 historia-

2208 1684 2325 1721 rum
2366 1670 2687 1735 scriptores.
2737 1667 2985 1734 Prosper,
3033 1667 3409 1733 Cassiodorus,
3443 1677 3582 1733 etc.;
3622 1685 3795 1735 quam

2206 1747 2381 1792 tamen
2406 1739 2611 1791 cladem
2637 1737 2852 1791 biennio
2883 1748 3019 1805 post.
3052 1737 3214 1791 Basso
3244 1748 3299 1793 et
3326 1737 3568 1806 Philippo
3587 1754 3796 1795 consu-

2204 1809 2362 1871 libus,
2396 1808 2599 1861 duobus
2622 1808 2829 1862 scilicet
2854 1808 3008 1862 annis
3029 1817 3344 1878 anteaquam
3374 1808 3538 1863 Roma
3563 1810 3630 1863 ab
3659 1811 3795 1865 Ala-
3852 1856 3855 1857 ν

2204 1879 2315 1932 ricti
2337 1880 2633 1932 Gothorum
2659 1895 2783 1943 rege
2812 1889 3113 1947 cztperetur,
3144 1881 3231 1933 alii
3256 1895 3376 1933 cum
3408 1880 3570 1933 Paulo
3590 1880 3794 1935 Orosio

2205 1957 2261 2004 et
2292 1950 2593 2003 Marcellino
2626 1952 2822 2003 comite
2853 1952 3094 2013 evenisse
3126 1952 3330 2005 volunt.
3368 1950 3423 2003 In
3469 1950 3569 2005 hoc
3602 1961 3793 2006 autem

2204 2022 2543 2073 cutisentiunt
2568 2036 2776 2081 omnes.
2801 2036 2860 2074 ea
2892 2028 3203 2089 tempestate
3227 2020 3426 2075 Gallias
3452 2024 3642 2088 primo,
3670 2032 3791 2076 tttm

2209 2091 2507 2159 Hispanias,
2534 2106 2593 2144 ac
2618 2092 2827 2145 tandem
2854 2091 3130 2145 Africanas
3160 2092 3458 2157 provincias
3488 2093 3793 2159 exagitatas

2204 2162 2366 2216 fuisse
2398 2181 2405 2209 :
2442 2178 2558 2229 qua:
2581 2161 2761 2216 clades
2790 2177 2853 2213 eo
2885 2162 3175 2216 atrooiores
3220 2165 3365 2216 luere
3385 2202 3400 2224 ,
3429 2177 3534 2227 quo
3565 2163 3660 2230 ipsi
3688 2164 3794 2228 qui

2203 2247 2294 2286 eas
2343 2233 2669 2295 inferebant,
2728 2233 2917 2284 animis
2968 2232 3297 2287 efTeratiores
3348 2242 3517 2286 erant.
3571 2233 3792 2288 latenittt

2204 2313 2395 2369 prmter
2422 2318 2539 2355 eam
2578 2318 2736 2371 quam
2778 2303 2981 2356 invehit
3021 2302 3267 2356 hzeretica
3318 2303 3459 2356 fraus
3498 2303 3794 2356 crudelita-

2203 2383 2309 2426 tem
2334 2414 2347 2434 ,
2377 2373 2519 2425 nulla
2551 2373 2774 2426 naturali
2803 2373 3054 2435 leuitate,
3086 2374 3230 2425 nullo
3272 2374 3586 2426 urbanitatis
3617 2389 3792 2429 succo

2205 2442 2563 2497 Vandalorum
2588 2459 2785 2505 mores,
2813 2445 2886 2497 ttti
2909 2446 3044 2509 apud
3071 2443 3354 2497 Romanos.
3380 2452 3532 2497 erant
3552 2446 3787 2500 conditi.

2272 2515 2324 2566 5.
2367 2514 2479 2579 Qua
2504 2529 2633 2567 vero
2656 2515 2879 2575 saevitia,
2914 2529 3083 2580 quove
3107 2513 3284 2567 furore
3308 2514 3358 2567 in
3381 2513 3578 2567 Gallias
3602 2516 3788 2580 primo

2203 2586 2524 2651 irruperint,
2575 2585 2826 2640 describit
2869 2585 3017 2639 testis
3058 2586 3200 2638 omni
3232 2586 3542 2650 exceptione
3581 2584 3788 2656 major,

2202 2666 2420 2711 Sanctus
2450 2655 2804 2722 Hieronymus
2836 2655 2887 2708 in
2915 2657 3134 2723 cpistola
3162 2656 3225 2706 ad
3257 2655 3657 2720 Acerruchiam,
3684 2656 3788 2710 ubi

2200 2729 2277 2780 sic
2312 2729 2581 2791 loquitur:
2618 2726 2957 2780 Pra'sentium
2998 2726 3318 2780 miseriarum
3361 2741 3523 2793 pauca
3562 2741 3787 2793 percur-

2200 2813 2332 2853 ram.
2368 2797 2769 2851 Innumerabiles
2809 2810 2855 2849 et
2895 2797 3218 2863 ferorissima:
3258 2796 3484 2850 nationes
3513 2798 3786 2852 universas

2197 2868 2396 2921 Gallias
2420 2877 2751 2931 occuparunt.
2783 2867 3042 2937 Quidquid
3068 2867 3198 2919 inter
3219 2868 3369 2932 Alpes
3392 2876 3437 2918 et
3460 2865 3782 2936 Pyrenaeum

2194 2949 2287 2999 est,
2317 2940 2451 3006 quod
2483 2938 2685 2991 Oceano
2705 2948 2750 2990 et
2783 2936 2956 2990 Rheno
2988 2937 3283 2995 includitur,
3306 2938 3537 3002 Quadus,
3571 2936 3781 2992 Vanda-

2194 3008 2296 3072 lus,
2334 3012 2592 3068 Sarmata.
2625 3009 2797 3073 Alani,
2826 3007 3065 3074 Cipedes,
3105 3006 3315 3070 Heruli,
3349 3008 3601 3071 Saxones,
3634 3007 3783 3061 Bur-

2191 3081 2496 3149 gundiones,
2526 3079 2823 3143 Alemanni,
2850 3090 2932 3149 et,
2964 3096 2991 3131 0
3022 3080 3238 3149 lugendo
3258 3078 3578 3146 respublica!
3601 3078 3780 3133 hostes

2196 3147 2453 3203 Pannonii
2499 3157 2784 3204 vastarunt.
2838 3147 3038 3202 Etenim
3077 3147 3247 3202 Assur
3299 3150 3429 3201 venit
3470 3165 3585 3201 cum
3642 3150 3779 3204 illis.

2196 3221 2395 3275 Deinde
2429 3236 2717 3274 recensens
2748 3220 3041 3275 nobiliores
3066 3219 3354 3272 Galliarum
3387 3219 3630 3273 civitates
3648 3236 3780 3288 qua:

2190 3309 2251 3345 ea
2283 3292 2564 3346 occasione
2594 3291 2792 3344 excisa:
2819 3300 2910 3343 aut
2937 3290 3158 3360 direpta:
3195 3289 3441 3354 fuerunt,
3479 3291 3555 3345 sic
3585 3305 3781 3359 prose-

2191 3361 2367 3429 quitur
2400 3380 2411 3413 :
2451 3360 2833 3431 Mogontiacum
2852 3402 2864 3421 ,
2891 3362 3071 3414 nobilis
3092 3362 3351 3429 quondam
3381 3362 3588 3425 civitas,
3620 3371 3783 3426 capta

2189 3443 2341 3499 atque
2368 3432 2604 3485 subverso
2630 3442 2723 3493 est,
2756 3441 2803 3485 et
2830 3432 2883 3485 in
2905 3433 3115 3486 ecclesia
3140 3432 3294 3485 multo
3319 3432 3581 3484 hominum
3608 3434 3780 3485 millia

2193 3503 2471 3555 trucidata.
2512 3501 2794 3574 Vangiones
2824 3503 2976 3570 longa
2998 3504 3256 3557 obsidione
3282 3500 3461 3566 deleti,
3496 3500 3781 3574 Remorum

2192 3575 2312 3626 urbs
2343 3572 2659 3643 prwpotens.
2694 3574 2958 3636 Ambiani,
3005 3574 3305 3637 Atti-ebotw;
3339 3573 3649 3639 extremique
3680 3572 3781 3625 Ito-

2189 3644 2382 3697 ntinum
2408 3644 2620 3706 Morini,
2645 3643 2927 3705 Tornacus,
2960 3643 3188 3697 Nemete.
3216 3648 3582 3710 Argentoratus
3605 3652 3780 3698 trans-

2188 3715 2281 3768 lati
2312 3716 2366 3768 in
2397 3716 2739 3769 Germaniam.
2777 3714 3091 3784 Aquitanite,
3127 3712 3415 3782 Novcmque
3441 3715 3777 3783 populorum,

2188 3784 2549 3853 Lugdunensis
2579 3798 2624 3840 et
2654 3784 3002 3838 Narbonensis
3038 3785 3335 3851 provinciae,
3368 3795 3550 3852 prater
3579 3800 3781 3852 paucas

2192 3857 2362 3921 urbes,
2393 3856 2635 3927 papulata
2661 3867 2775 3909 mut
2806 3866 3006 3927 cuncta,
3030 3873 3153 3923 quas
3182 3865 3227 3907 et
3252 3855 3389 3923 ipsas
3414 3854 3541 3927 foris
3565 3855 3780 3927 glad_ius

2189 3936 2233 3979 et
2256 3923 2400 3979 intus
2416 3923 2578 3979 uastat
2610 3930 2785 3997 fomes.
2821 3926 2939 3979 Non
2965 3943 3166 3995 possunt
3196 3926 3380 3989 obitque
3409 3925 3644 3993 lacrymis
3668 3923 3781 3978 To-

2189 3997 2311 4049 losa:
2348 4000 2514 4066 facere
2546 3999 3029 4068 ntetttiontntuqute
3071 4008 3121 4048 ut
3144 3997 3311 4068 7195
3355 3997 3449 4047 huc
3478 4010 3633 4068 usque
3667 4012 3781 4051 non

2189 4065 2385 4132 rueret,
2418 4069 2582 4119 sancti
2619 4068 2841 4135 episcopi
2878 4065 3150 4133 Exsuperii
3190 4065 3367 4120 merito
3406 4065 3778 4134 prtestiterttnt.

2189 4138 2336 4192 Alias
2361 4139 2412 4190 in
2435 4138 2743 4192 Stiliconetn
2769 4137 2969 4191 invehit
2992 4138 3128 4191 idem
3149 4148 3365 4191 sanctus
3391 4137 3777 4205 Hieronymus,

506 4212 692 4324 ﬁntes
719 4199 997 4257 numeret}
1027 4217 1255 4270 cumque
1279 4201 1628 4256 Dio-Cassius
1660 4203 1711 4255 in
1744 4199 1881 4254 libro
1906 4217 2076 4266 LXXII,
2107 4211 2156 4275 α
2187 4223 2343 4276 quem
2372 4208 2769 4261 semibarbaruut
2800 4209 3110 4278 proditarem
3134 4207 3383 4277 appellat,
3414 4205 3553 4277 quod
3576 4199 3782 4276 nempe

578 4272 679 4324 lius
706 4272 1068 4324 Capitolinus.
1100 4272 1413 4324 Eutrobius.
1445 4272 1645 4324 Tabula
1677 4271 2075 4324 Theodosiana.
2186 4278 2276 4324 ille
2305 4294 2335 4324 ρ
2366 4277 2724 4324 Vnmlalnrnm
2754 4289 2912 4324 gente
2943 4278 3202 4324 originem
3241 4279 3443 4324 «limans
3468 4277 3532 4324 ad
3567 4276 3781 4324 nrian

578 4272 679 4326 lius
706 4272 1068 4342 Capitolinus,
1100 4272 1413 4339 Entroiiius,
1445 4272 1645 4342 Tabula
1677 4271 2075 4342 Theodosiana,

506 4356 571 4395 ac
596 4340 971 4415 Hieronymus,
995 4358 1089 4396 eos
1111 4342 1463 4415 Marcomanis
1488 4353 1541 4415 et
1561 4341 1766 4415 Quadis
1788 4340 2080 4415 Germano-

505 4427 624 4466 rum
653 4411 859 4481 populis
888 4411 1123 4469 cenlines
1152 4413 1292 4467 circa
1338 4412 1635 4467 Danubius;
1662 4423 1713 4466 et
1744 4411 1893 4466 Albis
1922 4425 2081 4481 caput

507 4493 725 4551 ponant.
757 4484 863 4540 Sed
894 4484 1032 4540 idem
1063 4495 1247 4538 auctor
1275 4492 1455 4550 postea
1484 4485 1653 4536 innuit
1678 4483 1919 4551 Procopii
1949 4500 2081 4538 seu-

508 4555 760 4620 tentiam.
789 4555 1060 4621 Salviaui,
1100 4554 1337 4616 Sidonii,
1387 4555 1718 4622 aliorumque
1757 4554 2078 4620 scriptorum

505 4626 822 4682 auctoritate
849 4625 1155 4681 conﬁrmari
1191 4640 1346 4690 posse
1374 4641 1385 4676 :
1418 4624 1555 4678 unde
1584 4638 1703 4678 cum
1736 4625 1820 4677 isti
1854 4624 1916 4677 iis
1946 4636 2080 4679 tem-

504 4694 723 4763 poribus
770 4697 1047 4752 ﬂoruerint
1090 4696 1282 4764 quibus
1314 4694 1535 4748 Vandali
1582 4695 1633 4748 in
1664 4694 1824 4749 variis
1870 4696 2079 4761 imperii

505 4766 729 4821 Romani
756 4768 1041 4835 provincis
1069 4768 1243 4821 adhuc
1273 4766 1671 4836 grassabantur.
1706 4765 1841 4819 hanc
1871 4768 2078 4831 opinio-

503 4852 624 4892 nem
654 4838 722 4893 de
745 4840 1100 4906 posteriorum
1123 4838 1312 4891 saltem
1338 4836 1697 4891 Vandaloium
1726 4837 1928 4906 origine
1951 4847 2078 4893 tunc

502 4909 921 4978 receptissitnam
951 4910 1110 4963 fuisse
1137 4922 1294 4962 nemo
1322 4907 1534 4961 diffiteri
1568 4916 1762 4976 potest.

572 4977 636 5034 2.
672 4980 779 5034 llos
815 4994 1007 5034 omnes
1035 4979 1292 5031 barbaros
1323 4977 1593 5033 Stiliconis
1629 4978 1845 5047 perfidia
1876 4994 2073 5034 evoca-

504 5058 585 5104 tos
615 5048 777 5105 fuisse
803 5051 1072 5105 aflirmant
1102 5060 1307 5102 veteres
1344 5048 1498 5101 simul
1532 5058 1586 5102 et
1612 5052 1936 5104 recentiores
1977 5052 2076 5103 hi-

500 5121 704 5190 storici,
729 5136 952 5191 quorum
975 5118 1223 5191 operaad
1248 5118 1529 5185 imperium
1556 5119 1816 5171 Eucherio
1846 5120 1955 5173 filio
1977 5136 2075 5175 suo

500 5189 887 5245 conciliandum
917 5194 988 5245 uti
1022 5189 1231 5243 volebat
1263 5205 1275 5240 :
1309 5198 1467 5257 atque
1496 5191 1562 5240 ita
1594 5191 1829 5256 perfidus
1854 5190 1962 5256 ille,
1992 5190 2075 5243 in-

499 5264 613 5329 quit
636 5260 829 5316 Paulus
857 5261 1077 5317 Orosius
1104 5261 1203 5314 sub
1225 5257 1346 5312 libri
1371 5274 1439 5310 vu
1470 5260 1651 5329 tinem,
1678 5273 1727 5311 ut
1753 5274 1916 5312 unum
1946 5276 2075 5327 pue-

499 5328 617 5383 rum
648 5346 875 5399 purpura
909 5333 1171 5394 indueret,
1202 5330 1363 5384 totius
1386 5328 1835 5399 generisltumani
1858 5332 2074 5399 sangui-

501 5416 622 5455 nem
648 5398 815 5455 dedit.
850 5404 1015 5458 Porro
1036 5401 1393 5457 Vandalorum
1420 5398 1696 5452 conatibus
1725 5400 1878 5466 primi
1906 5398 2074 5455 obsti-

500 5479 616 5526 tere
643 5471 858 5539 Franci;
889 5490 1042 5543 quos,
1069 5475 1250 5543 viginti
1278 5488 1340 5525 ex
1364 5471 1467 5524 illis
1491 5472 1654 5524 ferme
1678 5470 1908 5543 millibus
1931 5473 2071 5525 ferro

500 5548 810 5613 peremptis,
843 5542 1247 5613 Godigiscloque
1275 5557 1458 5598 eorum
1494 5557 1617 5611 rege
1657 5542 1868 5613 occiso,
1900 5557 2071 5613 usque

498 5589 563 5667 5.1
603 5589 1016 5669 internecionem
1067 5589 1415 5677 delbvissent,
1453 5589 1582 5666 nisi0
1598 5612 1778 5666 Alanis
1814 5589 1881 5665 ad
1923 5589 2067 5669 Ὕδης
2093 5589 2148 5650 D

497 5683 740 5738 dalorum
791 5686 1047 5739 auxilium
1097 5687 1516 5748 accurrentibus,
1570 5683 1670 5751 ipsi
1727 5688 2061 5749 postmodum

499 5754 653 5811 Fran.
676 5758 687 5809 i
712 5755 873 5825 fugati
901 5756 1139 5810 fuissent.
1164 5756 1288 5809 lude
1315 5754 1532 5825 Vandali
1554 5754 1710 5807 simul
1738 5770 1862 5825 cum
1877 5754 2062 5810 Alanis

497 5822 800 5896 conjuncti,
831 5826 1116 5882 substituto
1141 5826 1194 5880 in
1226 5824 1513 5896 Godigiscli
1551 5825 1726 5879 locum
1759 5822 2061 5896 Gunderico

497 5895 611 5970 ejus
635 5898 767 5970 lilio,
800 5899 1042 5955 Rhenum
1073 5896 1348 5965 transiere,
1374 5904 1430 5951 et
1455 5895 1680 5977 Gallias,
1715 5910 1846 5966 quas
1871 5895 2060 5953 Stilico
2099 5978 2122 5988 ν

2186 4278 2276 4333 ille
2305 4294 2335 4332 e
2366 4277 2726 4332 Vandalorum
2754 4276 2913 4347 gente
2943 4278 3203 4347 originem
3241 4276 3443 4332 ducens
3468 4277 3532 4328 ad
3567 4276 3781 4340 primas

2188 4348 2400 4415 imperii
2428 4350 2709 4418 dignitates
2735 4358 2971 4412 evectus,
3000 4350 3207 4410 nostris,
3243 4348 3643 4418 ἰητιιιίινεοηιω
3676 4365 3782 4402 nos

2185 4420 2361 4483 apibus
2392 4417 2635 4473 armasset
2663 4419 2916 4473 inimicos.
2966 4420 3023 4474 In
3062 4418 3285 4487 cpistola
3316 4418 3381 4472 ad
3423 4417 3782 4473 Heliodorum

2184 4491 2254 4544 de
2280 4490 2537 4555 eju~modi
2572 4490 2919 4544 barbarorum
2950 4490 3342 4544 incursionibus
3370 4490 3590 4555 loquens
3609 4530 3623 4553 ,
3654 4503 3782 4542 nta-

2186 4569 2368 4613 tronas
2406 4561 2611 4615 nobiles
2650 4569 2702 4613 et
2731 4562 2965 4629 virgines
2997 4561 3088 4617 Dei
3120 4558 3351 4614 ludibrio
3381 4558 3621 4620 habitas,
3653 4561 3783 4624 cpi-

2186 4644 2377 4696 scopos
2420 4641 2635 4699 captos,
2690 4635 3031 4701 presbyteros
3079 4642 3133 4685 et
3178 4631 3419 4686 diversos
3449 4630 3781 4701 clericorurn

2185 4702 2381 4769 gradus
2411 4698 2741 4762 interfectos.
2767 4698 3022 4755 ecclesias
3043 4715 3276 4758 eversas.
3304 4712 3469 4769 equos
3489 4698 3554 4753 ad
3577 4698 3781 4754 altaria

2183 4772 2503 4836 stabulzttos,
2531 4784 2822 4839 martyrum
2851 4771 3072 4826 ell'ossas
3103 4770 3375 4839 reliquia-,
3406 4779 3459 4824 et
3485 4769 3581 4823 alia
3614 4770 3778 4823 simi-

2185 4841 2257 4895 lia
2300 4850 2718 4905 conuuetnorat,
2751 4842 2943 4910 quibus
2994 4844 3264 4896 Romanus
3310 4839 3455 4894 orbis
3495 4840 3605 4908 jam
3640 4849 3780 4895 ante

2184 4913 2335 4967 urbis
2362 4913 2545 4966 Romae
2576 4912 2840 4966 excidium
2872 4914 3037 4967 fuerat
3066 4912 3306 4967 obrutus.
3726 4943 3743 4955 ο

2255 4983 2302 5036 4.
2361 4983 2585 5037 Easdem
2633 4997 2762 5037 vero
2807 4982 3097 5037 Galliarum
3146 4981 3475 5053 calamitates
3522 4978 3783 5053 deplorat

2182 5051 2466 5108 Salvianus
2497 5053 2779 5123 presbyter
2810 5053 3151 5108 Massiliensis
3172 5091 3185 5115 ,
3236 5051 3323 5118 qui
3355 5061 3420 5123 et
3454 5050 3783 5123 ip_se_reltus

2182 5127 2346 5193 gestis
2374 5119 2613 5190 praesens
2642 5119 2845 5179 aderat.
2887 5123 2978 5178 Sic
3006 5138 3147 5179 enim
3190 5124 3333 5193 inter,
3357 5121 3457 5174 alia
3487 5121 3553 5174 de
3580 5119 3647 5193 iis
3666 5123 3782 5193 qui

2182 5189 2390 5247 urbium
2418 5194 2622 5248 excidia
2661 5203 2980 5258 evaserant,
3023 5194 3257 5261 loquitur
3284 5192 3421 5246 libro
3452 5207 3531 5252 vt,
3561 5190 3627 5244 de
3654 5189 3783 5245 Gu-

2181 5263 2494 5317 bernatioue
2526 5265 2616 5317 Dei
2645 5280 2658 5316 :
2694 5265 2868 5318 Omnis
2898 5265 3071 5318 civitas
3106 5264 3305 5317 bustum
3342 5272 3481 5324 erat,
3527 5261 3675 5313 malis
3725 5271 3783 5316 et

2178 5344 2294 5403 post
2336 5333 2533 5387 excidia
2566 5335 2919 5388 crescentibus.
2961 5334 3099 5389 Nam
3129 5350 3255 5402 quos
3293 5332 3454 5386 hostis
3487 5333 3537 5403 in
3564 5332 3783 5387 excidio

2179 5402 2283 5456 non
2312 5404 2593 5468 occiderat,
2628 5413 2740 5473 post
2769 5407 3023 5459 excidium
3052 5405 3316 5459 calamitas
3345 5402 3624 5473 obruebat:
3647 5417 3784 5455 cum

2177 5473 2235 5527 id
2260 5476 2396 5541 quod
2434 5476 2487 5528 in
2516 5471 2713 5529 excidio
2739 5488 2963 5530 evaserat
3007 5476 3183 5540 morti,
3231 5484 3343 5539 post
3380 5471 3631 5535 excidium
3659 5488 3781 5525 non

2179 5556 2459 5616 superesset
2490 5547 2789 5599 calamitati.
2833 5548 2975 5599 Alios
3003 5549 3133 5600 enim
3180 5547 3426 5617 impressa
3469 5542 3623 5617 altius
3649 5543 3777 5617 ttul-

2174 5604 2297 5669 neru
2328 5617 2494 5686 longis
2522 5617 2765 5670 mortibus
2788 5618 3035 5673 uocabant
3053 5658 3068 5682 ,
3097 5618 3229 5683 alios
3250 5604 3509 5686 ambustas
3541 5604 3782 5686 hostium

2168 5682 2435 5759 ﬂammis,
2458 5688 2610 5741 etiam
2641 5695 2751 5759 post
2780 5689 3015 5758 ﬂammas
3044 5682 3191 5759 paena
3226 5684 3505 5759 torquebat.
3675 5683 3783 5759 iu_-

2167 5753 2383 5812 teriltant
2423 5759 2585 5828 fame,
2630 5756 2723 5811 alii
2763 5753 3053 5824 nuditateﬁ
3065 5759 3157 5811 alii
3195 5753 3530 5828 tabescentes,
3562 5753 3652 5805 alii
3694 5755 3783 5806 ri-

2166 5838 2377 5897 gentes;
2404 5825 2464 5897 ae
2489 5830 2563 5883 sic
2595 5828 2649 5881 in
2681 5845 2838 5882 unum
2869 5830 3059 5883 exitum
3092 5829 3266 5881 mortis
3303 5842 3392 5895 per
3428 5825 3626 5897 diverso
3651 5839 3749 5897 mo
3770 5855 3782 5864 ο

2164 5890 2331 5954 ἱὶεηιιὶ
2356 5890 2541 5967 petiero
2563 5900 2883 5956 corruebant.
2913 5898 2975 5953 Et
3002 5898 3127 5961 quid
3152 5890 3341 5961 plura?
3375 5890 3571 5951 excidio
3605 5894 3780 5951 totius
