4082 6320
290 310 389 367 5ῧί

643 306 969 368 RUINAR'I'I
1007 311 1073 367 IN
1114 312 1484 370 HISTORIAM
1528 313 1812 371 PERSEC.
1861 270 2156 371 VANDAL.
2198 310 2734 377 COMMENTARIUS
2772 320 3190 379 IIISTORICUS.

3446 322 3551 381 562

286 425 427 506 uritis
462 418 809 506 aﬂiigebautur
839 440 1033 506 quoque
1067 424 1187 506 tilia:
1222 426 1467 506 civitates.
1508 425 1756 506 J-acebont
1797 428 1868 479 εἰ·
1896 427 1949 487 Α
1975 427 2217 506 ecclesiae
2242 429 2425 485 limine
2446 431 2766 506 martyrium
2787 431 3076 501 gloriosum
3110 434 3265 500 fecit;
3295 449 3395 506 qua
3419 437 3547 495 item

286 495 486 566 quidem
516 495 723 562 passim,
748 495 882 564 quod
901 497 1010 563 ipse
1032 497 1134 549 ridi
1155 505 1305 562 atque
1332 497 1569 561 sustinui,
1601 498 1864 565 utriusque

285 582 433 623 sexus
462 566 708 619 cadavera
738 567 906 629 nuda,
938 566 1135 630 lacera,
1166 567 1301 619 urbis
1342 566 1517 622 oculos
1544 569 1861 631 ineeslnntin,

286 639 459 693 avibus
500 635 806 705 canibusque
846 636 1039 690 laniata
1076 651 1099 708 :_
1132 635 1240 690 lues
1283 648 1390 691 erat
1424 640 1690 691 viventium
1740 640 1872 708 fetor

288 714 525 780 funereus
546 715 884 780 mortuorum,
912 723 1051 780 mors
1068 706 1130 760 de
1151 717 1310 780 morte
1326 709 1660 762 exlialabatur
1678 724 1698 770 ,'
1718 706 1778 762 ac
1797 710 1872 762 sic

287 778 437 834 etiam
473 778 558 841 qui
599 778 807 849 excidiis
840 778 1149 845 supradicta:
1187 778 1324 832 urbis
1355 795 1459 835 nou
1500 780 1866 849 interfuerant,

287 852 424 903 mala
455 849 611 902 alieni
638 847 821 902 excidii
854 849 1196 919 perferebant.
1237 850 1343 904 Nec
1371 864 1433 903 ea
1466 847 1759 919 putandum
1787 861 1867 905 est

252 930 255 933 '
287 936 315 975 ιι
344 921 595 976 Salviano
635 934 781 973 more
809 918 1042 974 oratorio
1073 918 1212 973 dicta
1250 918 1555 975 fuissetcum
1582 937 1870 990 exaggera-

289 993 453 1057 tione,
488 998 544 1045 ut
573 990 791 1059 populos
812 991 877 1043 ad
908 990 1273 1059 paenitentiam
1304 999 1635 1059 provocaret,
1660 1007 1779 1047 cum
1806 1007 1867 1047 ea

289 1065 465 1117 omnia
492 1078 609 1125 qua:
631 1060 782 1115 nobis
804 1069 1086 1129 supersunt
1109 1061 1327 1116 istorum
1354 1073 1654 1131 temporum
1680 1079 1869 1117 monu-

289 1144 466 1187 menta
508 1132 649 1186 idem
700 1146 917 1199 prorsus
958 1140 1295 1186 attestentur.
1343 1133 1510 1202 Hujus
1553 1134 1629 1187 rei
1678 1143 1868 1189 testem

290 1204 765 1265 locupletissimum
794 1202 1106 1257 adducimus
1135 1211 1405 1257 auctorem
1440 1202 1558 1257 libri
1589 1204 1656 1258 de
1686 1203 1873 1258 Provi-

289 1275 465 1329 dentia
492 1274 690 1336 divina,
724 1273 811 1341 qui
843 1274 942 1328 sub
964 1272 1134 1327 sancti
1168 1273 1415 1339 Prosperi
1448 1274 1662 1329 nomine
1684 1275 1869 1343 vulga-

289 1355 375 1400 tus
402 1355 505 1400 est.
542 1344 637 1399 llic
664 1352 840 1399 autem
880 1353 1118 1398 extrema
1158 1359 1382 1414 qumque
1422 1346 1475 1400 in
1510 1345 1591 1399 his
1632 1346 1871 1400 cladibus

288 1416 469 1471 Gallos
504 1415 786 1483 pertulisse
830 1414 1054 1468 afﬁrmat
1085 1415 1137 1468 in
1177 1414 1416 1483 ejusdem
1455 1416 1697 1481 opusculi
1740 1433 1867 1485 pro-

290 1486 432 1555 logo,
464 1487 555 1540 ubi
587 1486 768 1553 patria:
796 1501 929 1548 sum,
958 1499 1086 1552 quas
1119 1500 1225 1550 pra}
1254 1488 1421 1541 oculis
1454 1486 1702 1550 habebat,
1730 1487 1872 1541 cala.

288 1560 506 1612 mitates
539 1555 799 1625 deplorat.
842 1555 1049 1610 Nullam
1093 1555 1278 1611 urbem
1300 1601 1313 1624 ,
1347 1557 1549 1610 nullum
1586 1559 1868 1626 oppidum;

290 1643 397 1684 non
429 1627 648 1683 castella
676 1636 763 1679 aut
789 1642 958 1692 arces,
989 1626 1096 1681 imo
1123 1640 1221 1681 nec
1252 1629 1394 1696 ipsos
1421 1641 1578 1698 agros
1604 1628 1868 1683 excidium

290 1698 533 1756 evasisse
556 1700 649 1760 ait,
684 1711 788 1751 uno
811 1698 976 1751 verbo
1003 1714 1015 1749 :

412 1793 462 1843 Si
491 1798 622 1842 totus
640 1791 801 1841 Gallos
817 1805 931 1841 sese
944 1792 1209 1855 effudisset
1228 1793 1278 1843 iu
1295 1806 1442 1855 agros

474 1855 719 1916 Oceanus,
741 1856 886 1903 vastis
909 1854 1017 1916 plus
1037 1854 1501 1919 superesset’aqnis.

291 1959 402 2018 Nec
438 1960 613 2016 minus
638 1960 689 2014 in
716 1958 959 2014 homines
989 1976 1147 2029 quam
1180 1962 1231 2015 in
1262 1960 1421 2016 urbes
1443 1959 1681 2015 saevitum
1712 1960 1874 2015 fuisse

292 2034 483 2088 scribit
513 2032 650 2086 idem
682 2042 898 2094 auctor;
933 2031 1060 2085 nulli
1091 2039 1150 2084 ut
1183 2033 1328 2085 sexui
1365 2042 1456 2085 aut
1491 2032 1631 2087 tutati
1665 2032 1874 2086 barbari

291 2110 596 2173 parcentes,
628 2101 813 2157 obvios
839 2116 1079 2171 quosque
1113 2101 1460 2157 trucidarent.

419 2219 526 2271 Nec
541 2230 720 2281 querar
740 2219 1027 2265 exstinctam
1048 2215 1181 2264 nullo
1202 2214 1701 2281 discrintineplebem
1738 2229 1748 2264 :

488 2279 617 2329 Mors
634 2293 829 2341 quoque.
858 2281 1118 2341 primorum
1136 2284 1299 2327 cesset
1323 2279 1383 2325 ab
1408 2279 1599 2341 invidia.

340 2390 347 2403 ,
415 2344 541 2403 Quid
566 2338 703 2403 pueri
724 2338 973 2403 itisontes?
989 2339 1100 2402 quid
1123 2342 1411 2403 commisere
1432 2340 1626 2401 puellm,

487 2400 626 2453 Nulla
648 2404 825 2463 quibus
848 2400 1054 2450 dederat
1072 2402 1271 2463 crimina
1299 2403 1393 2450 vita
1413 2400 1610 2450 brevis?

418 2468 582 2527 Quare
609 2462 789 2527 templa
815 2464 904 2512 Dei
929 2465 1065 2513 licuit
1084 2462 1520 2527 popularierjgni?

489 2529 584 2577 Cur
604 2525 776 2575 violata
801 2527 924 2574 sacri
952 2538 1059 2573 vasa
1080 2525 1337 2573 ministerii
1355 2525 1379 2573 ?

417 2589 522 2640 Non
543 2591 697 2640 honor
724 2591 944 2648 innuptas
966 2588 1158 2634 devotae
1180 2587 1486 2647 virginitatis,

483 2652 586 2701 Nec
612 2652 738 2701 texit
764 2651 935 2698 viduas
954 2648 1229 2708 relligionis
1245 2662 1394 2697 amor.

416 2713 518 2777 Ipsi
542 2714 758 2777 desertis
780 2712 861 2777 qui
884 2712 1030 2759 vitam
1051 2711 1237 2777 ducere
1262 2712 1310 2758 in
1328 2715 1501 2777 antris.

484 2777 698 2825 Suerant
720 2772 975 2823 laudantes
1000 2780 1139 2819 nocte
1164 2773 1347 2832 dieque
1374 2772 1554 2834 Deum,

416 2837 522 2888 Non
545 2837 686 2885 aliam
707 2836 909 2895 subiere
936 2846 1129 2897 necem,
1153 2846 1294 2895 quam
1318 2836 1523 2897 quisque
1542 2832 1813 2897 profanus:

480 2899 614 2948 Idem
632 2898 776 2948 turbo
800 2899 950 2945 bonos
972 2895 1163 2944 sustulit
1189 2904 1336 2956 atque
1356 2896 1521 2943 malos.

420 2960 560 3012 Nulla
585 2960 865 3009 sacerdotes
891 2958 1172 3007 reverentia
1200 2958 1404 3006 nominis
1426 2957 1535 3007 almi

487 3024 732 3072 Discrevit
754 3020 921 3069 miseri
948 3019 1199 3080 suppliciis
1222 3018 1405 3079 populi.

420 3087 503 3137 Sic
527 3087 635 3134 duri
656 3085 768 3133 caesi
794 3082 977 3143 ﬂagris,
1000 3082 1070 3129 sic
1095 3083 1208 3141 igne
1236 3082 1446 3141 perusti;

489 3148 694 3197 inclusa:
715 3144 887 3196 vinclis
905 3146 972 3192 sic
996 3153 1236 3203 gemuere
1254 3154 1437 3190 manus.

381 3254 535 3327 196
562 3251 615 3306 5.
649 3250 755 3327 llis_
782 3247 1173 3327 calamitatibus
1200 3246 1457 3301 decennio
1502 3248 1707 3318 integro
1748 3248 1875 3327 Gal:

295 3319 704 3382 lias-a'itl'ictatas
734 3321 896 3375 luisse
941 3319 1185 3374 laudatus
1213 3328 1400 3372 auctor
1438 3328 1685 3385 testatur,
1733 3322 1871 3388 quod

295 3405 475 3452 tamen
499 3395 566 3450 de
590 3392 778 3448 Gothis
804 3392 1138 3461 potissimum
1162 3390 1382 3459 intelligi
1403 3390 1581 3446 debet.
1608 3390 1873 3446 Vandalus

296 3476 475 3522 autem
506 3477 833 3531 crateresque
861 3462 1117 3516 barbaros
1141 3475 1325 3514 eorum
1361 3462 1535 3531 socios
1567 3461 1873 3530 aliquandiu

296 3536 355 3592 in
389 3536 572 3591 Galliis
600 3529 903 3588 substitisse
946 3531 1103 3584 tradit
1133 3531 1325 3584 Paulus
1353 3529 1573 3585 Orosius
1605 3529 1740 3586 libro
1770 3549 1870 3598 vtt,

296 3622 423 3675 cap.
454 3608 547 3668 40,
575 3601 999 3675 quod_Pyren:ei
1046 3600 1183 3668 iugis
1223 3602 1495 3675 prrcpediti
1540 3602 1766 3675 fuetint,
1808 3619 1874 3659 ne

300 3667 416 3733 cito
439 3677 495 3729 in
529 3667 1219 3739 Hispaniaspertingerent.
1254 3667 1502 3722 Excitata:
1536 3687 1623 3739 per
1665 3672 1875 3725 Stilico-

300 3763 443 3814 rtem,
470 3745 657 3815 inquit,
672 3738 1164 3815 gentesAl-nnoruut,
1183 3738 1485 3805 Succorum,
1506 3738 1875 3815 Vaudnlorum,

299 3807 577 3885 multtequ'e
604 3807 991 3885 citatarum;
1036 3807 1262 3885 Francos
1307 3821 1598 3885 protei-unt,
1645 3811 1877 3885 Rhenum

300 3880 589 3948 transeunt,
620 3882 817 3938 Gallias
837 3880 1082 3935 inradunt
1102 3923 1115 3943 ,
1146 3880 1435 3953 directoque
1464 3883 1652 3953 impetu
1674 3882 1741 3935 ad
1768 3881 1875 3953 Py-

296 3973 522 4012 remeam
551 3970 707 4023 usque
735 3955 1066 4020 perveniunt;
1096 3953 1242 4023 cujus
1272 3952 1425 4023 obire
1464 3952 1533 4004 ad
1576 3962 1767 4023 tempus
1796 3952 1876 4007 re-

299 4028 481 4101 pulsis,
511 4042 597 4101 per
617 4025 1030 4101 circuutjacentes
1052 4022 1336 4101 provincias
1361 4022 1715 4101 refundantur.
1744 4025 1876 4078 Lau-

299 4090 392 4153 dat
420 4090 684 4167 praecipue
721 4090 859 4167 idem
905 4090 1421 4167 auctor_Didy_mum
1452 4093 1872 4167 ethrinianum

301 4163 494 4224 fratres
523 4163 655 4221 duos
687 4164 891 4219 nobiles
914 4175 1074 4232 atque
1103 4163 1413 4230 locupletes,
1443 4165 1529 4232 qui
1554 4178 1674 4219 cum
1703 4167 1874 4221 sertis

301 4239 410 4293 suis
437 4237 659 4307 aliisque
688 4248 819 4303 quos
858 4234 1228 4307 tumultuatim
1264 4234 1616 4303 collegerant,
1644 4237 1873 4307 rusticis

300 4304 594 4375 militibus,
627 4307 861 4362 Honorio
899 4304 1122 4373 principi
1164 4304 1267 4358 [ide
1305 4314 1512 4359 servata
1536 4346 1550 4366 ,
1597 4306 1871 4374 Hispanias

300 4395 408 4436 non
440 4374 613 4433 solum
646 4392 675 4431 a
703 4374 1054 4430 Constantino
1081 4383 1326 4445 tyranno,
1357 4376 1449 4430 sed
1487 4376 1645 4431 etiam
1686 4393 1714 4431 a
1748 4378 1869 4432 bar-

300 4451 553 4507 barorum
590 4447 1015 4512 incursionibus,
1048 4445 1278 4515 quandiu
1314 4446 1495 4500 vixere
1527 4449 1678 4501 tutati
1718 4459 1868 4515 Sttnt;

1903 1807 1952 1867 B

1978 498 2265 569 occasione
2287 498 2812 569 complures'omnis'
2830 517 3021 569 sexus,
3060 498 3326 562 mtatis'et'
3370 512 3553 565 condi-

1980 568 2137 621 tionis
2187 570 2535 645 barbarorum
2585 573 2827 645 manibus
2885 576 3266 632 occubuerunt.
3314 581 3549 645 Quorum

1976 650 2235 721 mortem,
2280 642 2377 721 etsi
2425 643 2663 696 nonnulli
2713 644 2778 697 ad
2830 646 3006 700 Attilae
3058 642 3364 721 ilunuorum
3413 653 3553 721 regis

1978 712 2447 788 tetnpora_r_elerre
2492 723 2778 788 conentur;
2826 718 3201 788 _cum_scilicet
3239 729 3357 788 post
3384 712 3554 777 annos

1976 780 2191 835 circiter
2224 782 2294 835 45
2326 782 2612 837 Remorum
2642 784 2766 837 urbs
2793 784 2860 837 ab
2881 785 3065 840 eodem
3096 780 3438 849 regc'iterum
3462 809 3554 847 ex-

1977 861 2203 918 pugnata
2239 852 2400 906 fuisse
2430 853 2622 907 dicitur
2650 870 2663 906 :
2694 863 2869 907 manet
2902 863 3077 910 tamen
3112 859 3424 917 inconcussa
3458 879 3555 918 no.

1975 919 2097 975 bilis
2126 922 2276 977 istius
2309 923 2563 977 Ecclesia:
2593 924 2830 984 traditio.
2858 940 2977 991 qua:
3013 928 3275 983 Nit'asium
3304 946 3557 988 eaut-ros-

1975 1005 2076 1060 que
2098 992 2213 1059 ejus
2234 994 2408 1048 socios
2426 1005 2685 1063 martyres
2706 1012 2733 1045 a
2754 994 3005 1072 Vandalis
3027 996 3189 1072 fuisse
3206 1001 3555 1072 interemptos

1975 1072 2285 1143 constanter
2312 1074 2617 1143 asseverat;
2651 1081 2806 1132 quant
2834 1066 3054 1143 quidem
3081 1070 3417 1143 traditionem
3439 1066 3553 1143 "jam

1976 1134 2172 1204 sarculo
2200 1150 2340 1188 nono
2370 1145 2423 1191 et
2451 1135 2658 1189 decimo
2690 1151 2782 1203 pro
2804 1136 3016 1204 antiqua
3044 1137 3277 1193 habitam
3306 1134 3467 1200 fuisse
3490 1160 3558 1200 ex

1976 1201 2261 1276 llincmaro
2296 1214 2350 1259 et
2390 1201 2701 1276 Fiodoat-do’
2717 1206 2889 1271 colligi
2924 1201 3117 1274 petest.
3156 1210 3322 1276 Quin,
3355 1221 3555 1269 etcum

1974 1272 2269 1351 innumera:
2314 1276 2441 1351 fere,
2475 1275 2715 1351 barbara:
2764 1272 3007 1331 nationes
3063 1272 3199 1351 istisi
3216 1272 3559 1351 temporibus

1975 1342 2175 1416 Gallias
2201 1345 2528 1408 inundarint.
2553 1347 2744 1400 mirum
2765 1362 2868 1401 non
2893 1355 2975 1401 est
2995 1348 3134 1416 quod
3155 1350 3244 1403 alii
3271 1342 3556 1416 \‘a'ndalos.

1974 1414 2063 1467 alii
2095 1415 2352 1481 llunnos,
2388 1429 2479 1471 aut
2526 1418 2727 1471 Alanos
2767 1414 3027 1487 ejusmodi
3060 1419 3287 1474 cladium
3336 1414 3561 1480 fecerint

1974 1488 2540 1563 auctores-cancrum
2583 1488 2794 1542 barbari
2838 1504 2944 1563 pcr‘
2974 1490 3120 1563 varia
3155 1490 3447 1563 lientorum
3481 1496 3562 1549 di-

1977 1556 2139 1628 tionis
2176 1558 2289 1612 loca
2315 1557 2678 1613 discurrentes
2700 1599 2714 1623 ,
2759 1556 2891 1628 quos
2922 1559 3057 1614 forte
3084 1560 3352 1617 habebant
3374 1565 3559 1621 obvios

1975 1626 2361 1704 intetiiciebant
2394 1646 2408 1681 :
2442 1645 2472 1704 e
2497 1644 2722 1698 quorum
2767 1626 2989 1684 numero
3016 1633 3295 1704 nonnulli,
3336 1636 3424 1704 qui
3460 1652 3557 1704 po-

1975 1705 2088 1750 stea
2123 1699 2392 1754 miraculis
2422 1700 2749 1758 claruerunt.
2783 1709 3074 1769 martyrum
3118 1703 3266 1755 titulo
3295 1699 3560 1761 conde—co-

1978 1771 2080 1821 rati
2109 1779 2255 1844 sunt.
2289 1769 2366 1824 Ex
2400 1771 2480 1844 liis
2510 1780 2592 1844 est
2621 1770 2846 1844 Aderitts
2885 1770 2935 1822 in
2975 1771 3246 1844 thauiaco
3283 1775 3400 1829 vico
3430 1793 3560 1844 pas-

1978 1853 2097 1903 sus,
2146 1841 2297 1909 cujus
2340 1841 2578 1908 reliquiae
2627 1839 2725 1893 sub
2768 1839 3023 1895 Gervasio
3071 1844 3317 1907 pontiﬁce
3361 1839 3559 1901 sarculo

1977 1909 2260 1964 undecimo
2289 1912 2563 1965 miraculis
2594 1910 2814 1964 detecta:
2836 1953 2850 1976 ,
2897 1925 3083 1978 magna
3135 1916 3469 1980 postmodum
3507 1921 3557 1972 in

1976 1982 2320 2035 veneratione
2338 1998 2363 2034 a
2389 1981 2860 2036 circumstantibus
2884 1982 3091 2049 populis
3114 1982 3304 2039 habita-
3323 1986 3555 2043 fuerunt.

1975 2050 2251 2106 Cclebrior
2290 2054 2387 2107 fuit
2414 2051 2697 2113 Oriculus,
2729 2066 2849 2105 cum
2893 2051 3097 2106 duabus
3133 2057 3405 2109 sororibus
3449 2061 3561 2112 suis

1976 2123 2186 2192 Dricula
2242 2132 2295 2175 et
2346 2122 2566 2177 Basilica
2643 2121 2996 2191 interemptus
3065 2125 3202 2192 apud
3261 2126 3557 2184 Sindunum

1978 2191 2346 2265 Dulcomensis
2378 2194 2494 2261 pagi
2528 2193 2731 2265 vicum;
2772 2208 2998 2265 quorum
3039 2191 3190 2248 sacra
3221 2211 3445 2265 corpora
3489 2201 3556 2253 ob

1975 2261 2238 2317 bellorum
2268 2266 2522 2317 tumultus
2546 2265 2595 2316 in
2631 2264 2815 2317 urbem
2847 2263 3025 2327 allata,
3061 2266 3111 2317 in
3144 2261 3435 2333 percelebri
3467 2286 3557 2325 ar-

1976 2332 2390 2389 chimonasterio
2416 2332 2728 2402 Remigiano
2759 2332 3161 2399 religiosissime
3189 2350 3554 2394 asservantur.

1976 2402 2182 2458 Colitur
2215 2405 2351 2474 apud
2384 2404 2685 2458 Attrebates
2715 2404 3004 2473 Diogenes,
3032 2420 3188 2473 quem
3213 2408 3360 2460 aiunt
3388 2423 3416 2460 a
3449 2412 3556 2465 lto-

1978 2490 2137 2546 mano
2187 2473 2436 2544 pontiﬁce
2474 2474 2770 2546 directum.
2811 2483 2864 2529 et
2909 2473 3065 2546 beato
3093 2474 3302 2529 Nicasio
3330 2480 3554 2546 primunt

1978 2545 2199 2600 istorum
2230 2546 2541 2614 populorum
2571 2545 2862 2599 antiSIitem
2900 2545 3052 2615 197
3082 2545 3472 2616 consecratum,
3504 2552 3556 2606 in

1977 2619 2249 2671 communi
2280 2616 2466 2671 Gallic
2499 2616 2724 2683 Belgicrc
2752 2615 2905 2669 clade
2933 2616 3252 2671 trucidatum
3282 2615 3465 2683 fuisse.
3491 2622 3557 2675 At

1979 2687 2122 2742 nulla
2155 2687 2292 2741 hanc
2322 2688 2374 2741 in
2417 2701 2527 2740 rem
2561 2680 2826 2740 habentur
2853 2695 3094 2739 veterum
3129 2680 3461 2754 testimonia,
3503 2703 3555 2748 ιιι

1979 2757 2330 2813 observarunt
2370 2756 2699 2811 llollandiani
2733 2767 2873 2810 tomo
2906 2755 2959 2821 l,
2994 2755 3272 2812 Februarii
3300 2759 3387 2814 die
3417 2762 3472 2827 6,
3502 2762 3554 2817 in

1980 2828 2268 2896 prmmissis
2310 2828 2375 2902 ad
2418 2828 2587 2902 sancti
2621 2826 3051 2902 Vedztsti_vitam.
3104 2826 3305 2902 Eadem
3344 2826 3556 2902 quoque

1980 2906 2295 2967 tempestate
2334 2898 2620 2970 involutam
2655 2897 2816 2951 fuisse
2848 2897 3336 2970 veruinanduorum
3363 2897 3555 2970 'Augu~

1981 2979 2117 3022 stam
2151 2969 2388 3022 nonnulli
2420 2968 2784 3033 tradiderunt;
2818 2979 2869 3020 at
2899 2967 3207 3022 Laudunum
3237 2985 3353 3035 seu,
3387 2983 3441 3026 ut
3466 2967 3554 3026 vc-

1983 3046 2127 3095 teres
2152 3040 2424 3112 scribunt,
2474 3039 2785 3112 Lugdunum
2811 3038 3101 3112 clavatum,
3132 3054 3159 3092 a
3189 3038 3430 3095 barbaris
3457 3058 3554 3112 ορ-

1984 3117 2271 3180 pugnatum
2300 3109 2513 3179 quidem
2559 3108 2750 3171 fuisse,
2780 3108 2891 3180 sed
2923 3109 3141 3180 minime
3169 3108 3522 3180 expugnatum
3541 3157 3553 3174 .

1911 3176 1959 3241 C
1986 3176 2139 3236 testis
2177 3192 2259 3235 est
2287 3176 2473 3235 auctor
2502 3180 2751 3249 antiquus
2779 3177 2896 3232 libri
2938 3182 3004 3233 de
3030 3178 3147 3234 Vita
3175 3176 3374 3236 saitctte
3403 3182 3558 3238 Sala-

1977 3254 2173 3309 hernae.

2049 3271 2069 3304 Γ
2111 3273 2118 3282 ¹
2163 3294 2173 3306 .

2049 3268 2395 3377 7§£Eamtlem
2423 3336 2580 3389 quam
2612 3319 2901 3374 Remorum
2938 3320 3126 3374 civitas
3155 3331 3353 3376 sortem
3390 3325 3554 3379 altera

1976 3395 2202 3465 Belgicae
2250 3392 2595 3460 metropolis,
2647 3392 2883 3465 Augusta
2937 3391 3143 3465 scilicet
3189 3394 3552 3465 Trevirorum,

1975 3462 2193 3535 experta
2226 3473 2308 3518 cst
2339 3482 2349 3516 :
2385 3478 2543 3532 quam
2574 3462 2683 3535 etsi
2707 3476 2809 3515 non
2844 3463 3169 3535 recensuerit
3201 3463 3555 3535 Hieronymus

1976 3530 2094 3591 loco
2121 3537 2333 3589 laudato
2361 3530 2824 3606 inter‘prmcipuas
2848 3530 3138 3586 Galliarum
3168 3530 3416 3589 civitates
3438 3554 3555 3606 qua:

1977 3616 2101 3660 tunc
2137 3621 2166 3658 a
2198 3605 2437 3658 barbaris
2467 3603 2691 3669 direptio
2730 3602 2962 3666 fuerunt,
2992 3618 3332 3658 communem
3376 3602 3553 3661 tamen

1976 3675 2114 3729 hanc
2153 3674 2357 3728 cladem
2389 3674 2672 3741 pertulisse
2700 3671 3097 3741 extraidubium
3133 3673 3360 3736 videtur,
3408 3691 3552 3741 cum,

1976 3754 2112 3800 teste
2139 3740 2567 3798 Salviano’initio
2599 3742 2715 3795 libri
2754 3756 2803 3794 vt
2834 3740 2900 3794 de
2929 3740 3325 3797 Gubernatiouc
3358 3744 3471 3808 Dei,
3502 3740 3554 3802 in

1978 3815 2097 3870 istis
2126 3814 2473 3885 barbarorum
2499 3810 2912 3885 incursionibus
2941 3826 3107 3885 usque
3133 3822 3321 3881 quater
3348 3815 3554 3885 direpta

1978 3895 2033 3949 et
2054 3900 2237 3941 eversa
2271 3883 2445 3956 fuerit.
2497 3882 2789 3956 ld_t_lisert_e
2828 3883 3018 3935 asserit
3046 3892 3199 3937 vetus
3225 3892 3433 3956 auctor,
3464 3882 3554 3956 qui

1984 3957 2276 4022 primorum
2320 3955 2473 4007 istius
2502 3953 2647 4007 urbis
2673 3953 3043 4021 episcoporum
3072 3964 3221 4019 gesta
3247 3953 3552 4023 descripsit,

1977 4027 2029 4081 in
2056 4028 2161 4081 vita
2190 4025 2359 4078 sancti
2385 4024 2625 4079 Materni.
2663 4023 2728 4077 Et
2754 4023 2968 4093 quidem
3001 4025 3050 4077 in
3081 4023 3178 4079 hac
3206 4024 3316 4094 ipsa
3345 4027 3554 4083 Vanda-

1976 4097 2146 4150 lorum
2196 4097 2509 4164 irruptione,
2544 4093 2610 4148 de
2649 4109 2748 4163 qua
2783 4109 2923 4148 nunc
2949 4094 3176 4163 agimus,
3215 4093 3550 4154 Valentinum

1975 4167 2347 4222 Trevirensem
2394 4166 2703 4235 episcOpum
2749 4165 3096 4220 barbarorum
3147 4166 3325 4232 gladio
3382 4184 3549 4224 occu-

1976 4238 2155 4293 buisse
2180 4237 2334 4291 tradit
2357 4234 2595 4308 Andreas
2614 4234 2911 4308 Sagussayus
2940 4237 2991 4308 in
3024 4238 3405 4308 martyrologio
3431 4239 3554 4295 Gal—

1974 4310 2146 4365 licano
2171 4309 2256 4362 die
2282 4308 2345 4362 16
2369 4307 2523 4369 Julii;
2551 4322 2650 4374 qua
2677 4306 2803 4361 item
2818 4305 2912 4361 die
2940 4305 3202 4361 Valentini
3223 4305 3555 4366 Trevirensis

1973 4379 2206 4449 episcopi
2232 4379 2485 4434 memoria
2510 4378 2560 4449 in
2577 4378 2816 4449 Romano
2835 4378 3211 4447 Martyrologio
3230 4379 3553 4445 celebratur,

1976 4447 2068 4505 sed
2113 4452 2313 4518 absque
2359 4449 2464 4502 ulla
2510 4447 2575 4502 de
2622 4448 2788 4517 ipsius
2818 4449 3283 4518 mortisitempore
3313 4461 3402 4504 aut
3437 4453 3555 4505 aliis

300 4521 394 4575 sed
427 4520 510 4575 isti
533 4520 742 4601 interea
776 4533 869 4601 per
890 4516 1088 4601 Gallias
1114 4516 1310 4584 dill‘usi,
1338 4518 1514 4571 omnia
1546 4518 1689 4572 ferro
1719 4519 1870 4573 llam-
1899 4545 1952 4601 Ι)
1976 4516 2549 4601 circumstantiis-facta
2573 4516 3289 4601 mentione._NecIValentini
3314 4523 3555 4601 meminit

299 4605 492 4661 maque
516 4588 991 4661 depopulabantur.

368 4658 424 4716 ϐξ
467 4658 631 4715 Porro
662 4658 791 4714 cum
839 4659 952 4714 ista:
992 4658 1233 4713 nationes
1265 4659 1500 4714 barbare
1530 4658 1722 4713 Ariana
1756 4660 1871 4717 labe

298 4731 511 4786 iniecta:
530 4773 546 4798 ,
576 4738 667 4785 aut
691 4728 852 4784 variis
882 4729 1156 4795 gentilium
1190 4730 1654 4799 superstitionibus
1696 4732 1871 4786 adhuc

297 4802 524 4869 addicta!
551 4812 758 4865 essent,
802 4815 907 4853 non
937 4800 1111 4853 minus
1157 4800 1452 4853 animarum
1498 4815 1653 4867 quam
1682 4816 1873 4869 corpo-

298 4867 422 4931 fun)
466 4872 625 4927 saluti
664 4870 1079 4933 insidiabantur;
1129 4884 1226 4923 nec
1262 4869 1479 4923 dubium
1509 4879 1590 4923 est
1616 4872 1742 4938 quin
1782 4867 1872 4925 his

298 4944 632 5012 temporibus
661 4942 729 4995 ob
752 4941 873 5012 fidei
905 4942 1259 5012 integritatem
1279 4938 1603 5012 servandam
1634 4941 1783 5012 multi
1807 4956 1871 4995 ex

298 5007 498 5070 nostris
540 5013 705 5068 Gallis
731 5011 983 5081 graviora
1005 5007 1241 5081 perpessi
1273 5008 1467 5081 iuerint
1495 5007 1771 5078 supplicia.
1808 5012 1870 5065 Et

298 5086 514 5155 quidem
539 5084 664 5155 licet
688 5079 843 5155 nemo
875 5080 941 5155 de
972 5080 1055 5134 his
1083 5079 1238 5135 rebus
1278 5079 1572 5155 siugulares
1601 5094 1873 5155 commen-

299 5150 489 5220 t'arios,
511 5154 702 5208 saltem
725 5153 811 5222 qui
834 5151 899 5205 ad
927 5165 1023 5205 nos
1045 5164 1211 5222 usque
1233 5150 1588 5222 pervenerint,
1620 5150 1867 5222 ediderit,

298 5225 555 5280 nonnulla
587 5220 761 5278 tamen
785 5222 958 5277 adhuc
984 5232 1092 5275 tum
1123 5220 1172 5275 in
1199 5220 1458 5284 historiis,
1491 5230 1598 5275 tum
1623 5222 1673 5276 in
1698 5220 1873 5279 Fastis

298 5294 677 5352 ecclesiasticis
708 5293 923 5361 vestigia
953 5303 1257 5362 supersunt,
1282 5309 1342 5346 ex
1373 5293 1563 5362 quibus
1584 5291 1737 5346 facile
1760 5296 1873 5347 col-

300 5367 587 5436 ligitur,et
615 5366 909 5433 frequentia
932 5371 1057 5417 tunc
1081 5366 1357 5436 temporis,
1380 5373 1433 5417 et
1463 5363 1684 5417 illustria
1709 5362 1871 5421 fuisse

295 5433 653 5506 complurium
683 5445 985 5488 Sanctorum
1018 5433 1606 5506 tnartyria._ll_ttc_cette
1635 5438 1872 5506 revocari

297 5502 525 5578 possunt
554 5521 673 5578 qua;
700 5518 857 5574 supra
892 5518 959 5557 ex
1006 5503 1225 5578 prologo
1255 5502 1379 5578 libri
1423 5504 1491 5557 de
1534 5503 1872 5578 Providentia

294 5571 476 5632 divina
521 5571 804 5631 retulimus
839 5580 987 5628 nutu.
1032 5572 1085 5625 4.
1126 5571 1372 5627 Celebrat
1415 5581 1590 5626 autem
1639 5576 1872 5631 Ecclesia

296 5648 584 5703 Bernensis
610 5646 695 5700 die
728 5646 791 5699 l4
819 5643 1125 5698 Decembris
1154 5643 1442 5698 beatissimi
1472 5642 1664 5698 Nicasii
1698 5648 1872 5712 ponti—

292 5721 412 5779 ilicis
439 5719 522 5773 sui
549 5719 740 5772 festum
762 5759 775 5783 ,
811 5716 898 5784 qui
928 5728 1049 5777 cum
1076 5715 1279 5784 virgine
1310 5713 1557 5781 Eutrapia
1587 5714 1753 5782 ipsius
1789 5732 1875 5770 so;

294 5807 457 5859 rore,
505 5788 777 5844 Florentio
816 5784 1042 5841 diacono
1087 5796 1141 5840 et
1181 5785 1419 5844 Jocuudo
1448 5784 1649 5844 lectore
1679 5787 1728 5841 in
1761 5788 1876 5859 ipso

545 5885 819 5953 I‘nn'L.
865 5880 1083 5943 LVIII.
1124 5934 1125 5937 η

1981 4592 2287 4656 Browerus,
2330 4590 2419 4659 qui
2459 4589 2808 4659 'I'revirenses
2848 4588 3080 4659 Annales
3117 4590 3455 4659 conscripsit,
3502 4592 3555 4645 in

1980 4662 2174 4732 quibus
2206 4657 2382 4732 tamen
2414 4659 2580 4732 multa
2611 4658 2677 4712 de
2703 4658 2948 4732 Vandalis
2972 4657 3156 4732 habet.

2050 4733 2101 4785 8.
2146 4732 2272 4784 Post
2296 4730 2622 4795 Belgicarum
2653 4727 2926 4794 regionum
2954 4726 3364 4793 devastationes,
3394 4738 3554 4784 totum

1980 4802 2137 4855 etiam
2168 4816 2350 4868 corpus
2378 4799 2601 4868 minium
2628 4796 2914 4868 Galliarum
2933 4835 2958 4868 _,
2996 4804 3052 4849 ut
3081 4797 3314 4868 loquitor
3343 4800 3554 4853 Salvia-

1980 4884 2080 4925 nus
2108 4871 2243 4923 libro
2258 4865 2355 4932 ιιι,
2381 4866 2733 4938 Vandalorunt
2759 4865 2994 4938 incendio
3015 4866 3222 4938 quiuit.
3257 4865 3321 4920 Et
3342 4869 3552 4938 quidem

1980 4942 2034 4995 in
2064 4942 2234 4993 varias
2275 4952 2456 4993 earum
2498 4936 2798 5009 provincias
2834 4935 3031 5001 dill'usi,
3065 4950 3170 5005 quo
3203 4935 3379 5009 furore
3415 4943 3553 5009 apud

1982 5010 2169 5079 Belgas
2199 5008 2500 5072 saevierant,
2532 5008 2583 5061 iu
2624 5008 2832 5079 cancris
2870 5022 3082 5079 quoque
3122 5006 3426 5075 reg'muibus
3451 5006 3555 5067 dea

1978 5077 2219 5135 bacchati
2259 5088 2399 5133 sunt.
2436 5078 2713 5144 Bisuntini,
2744 5078 2985 5133 Maxima:
3016 5077 3385 5146 Sequanorum
3433 5096 3553 5149 pro-

1981 5152 2166 5206 vincia:
2194 5165 2326 5220 gens
2354 5152 2647 5219 prmcipua,
2683 5149 2953 5203 Antidium
2980 5151 3291 5220 episcopum
3324 5157 3378 5202 et
3404 5165 3553 5220 mar-

1978 5231 2147 5295 tyrem
2196 5218 2244 5295 ξιΔ
2274 5218 2527 5275 Vandalis
2575 5219 3133 5295 occisumﬂcelehrant
3169 5218 3255 5295 die
3287 5220 3363 5295 i7_
3388 5219 3549 5295 Junii.

1979 5289 2034 5347 lii
2078 5290 2571 5363 Pseudunoicasuo
2618 5291 2756 5363 apud
2786 5290 3000 5363 Asduos
3046 5290 3099 5363 in
3137 5289 3551 5363 pritnahLugdu-

1979 5364 2149 5428 nensi,
2185 5375 2240 5417 ut
2272 5362 2458 5432 probat
2489 5372 2669 5416 noster
2696 5361 3035 5432 Mabillonius
3073 5362 3122 5415 in
3163 5361 3345 5432 saeculi
3376 5361 3552 5432 quarti

1978 5430 2309 5490 Ilcnedictini
2338 5444 2485 5501 parte
2514 5448 2569 5497 tt,
2604 5447 2723 5501 pag.
2745 5430 2872 5497 $94,
2900 5430 3040 5499 passi
3072 5440 3195 5485 sont
3216 5430 3555 5488 Florentiuus

1975 5514 2027 5560 et
2057 5504 2287 5559 Hilarius
2326 5514 2624 5572 martyres,
2660 5504 2747 5555 die
2778 5502 2842 5555 27
2873 5502 3201 5574 Septembris
3242 5501 3293 5556 in
3327 5504 3555 5574 vulgatis

1976 5574 2386 5646 martyrolngiis
2414 5574 2700 5646 celebrati;
2730 5587 2883 5646 quos
2930 5573 3171 5627 nonnulli
3220 5588 3284 5646 ex
3322 5573 3555 5630 nominis

1976 5641 2325 5700 similitudine
2360 5644 2565 5711 decepti
2606 5641 2743 5710 apud
2780 5643 3080 5706 Sedunum,
3116 5642 3255 5713 quod
3294 5660 3435 5699 nunc
3473 5656 3554 5699 est

1978 5717 2209 5771 Valesia:
2258 5715 2551 5783 superioris
2596 5723 2785 5780 caput,
2838 5717 3149 5783 maztyritun
3201 5716 3554 5783 romplcvissn

1979 5786 2224 5844 arbitrati
2261 5795 2386 5841 sunt
2440 5784 2507 5839 At
2539 5783 2877 5839 l’seudunum
2921 5785 3115 5839 disert-
3150 5784 3343 5836 habent
3372 5796 3557 5839 vetem

3133 5878 3203 5939 12
