4082 6320
296 311 381 368 56$)

623 308 945 366 RUINARTI
987 309 1049 365 IN
1092 308 1456 366 HISTORIAM
1496 308 1784 367 PERSEC.
1827 308 2123 366 VANDAL.
2165 311 2695 373 COMMENTARIUS
2736 310 3157 374 HISTORICUS.

3422 320 3525 377 370

290 423 564 496 l‘roeopins
590 422 732 477 libro
753 423 984 496 laudato,
1009 422 1382 496 Qartuagmem
1402 433 1829 496 pronctscuntur,
1864 426 1918 485 Α
1946 426 2178 496 hominis
2205 430 2337 478 adeo
2369 438 2557 481 lamOSl
2588 425 2871 496 imaginem
2898 442 3037 485 veris
3066 443 3128 482 ac
3158 426 3347 484 nativis
3379 432 3525 488 colo-

290 511 386 550 rem
415 494 627 563 prnpius
653 494 996 560 esplnraturi.
1033 493 1103 546 lhi
1132 493 1379 548 collocuti
1405 508 1525 546 cum
1544 493 1838 560 Bonifacio,

290 566 404 621 visis
424 566 585 618 etiam
614 563 963 618 fraudulentis
996 563 1123 618 IEtii
1163 565 1383 627 litteris,
1420 578 1585 633 reque
1616 566 1693 617 ttti
1723 574 1841 618 erat

288 636 491 691 omnino
518 646 811 704 comperta,
860 635 1116 689 citissime
1155 635 1207 688 in
1241 634 1440 687 Italiam
1472 643 1838 698 revertuntur,

288 707 575 762 universam
599 721 774 760 rerum
797 706 1014 771 seriem,
1062 720 1236 773 quove
1274 704 1499 759 artificio
1549 706 1840 759 subornata

288 777 443 831 fuerat
484 776 583 830 ista
617 775 874 843 proditio,
924 778 1171 845 Augusta:
1217 785 1377 844 atque
1423 775 1584 829 etiam
1631 776 1842 830 caeteris

288 845 530 904 Bonifacii
557 848 872 901 necessariis
902 844 1144 902 relaturi.
1188 846 1375 900 Omnia
1401 845 1530 900 ΑΞιῆ
1564 844 1841 899 fraudibus

287 918 561 986 contigisse
592 927 714 972 tunc
745 921 971 985 primum
1016 917 1274 971 intellexit
1302 916 1555 979 Placidia,
1584 916 1736 984 cujus
1764 928 1842 970 ta-

286 1004 396 1040 men
424 1002 547 1041 cum
576 990 862 1055 potentiam
887 986 1287 1051 reformidaret,
1334 987 1555 1055 ejusque
1579 1001 1714 1053 Optts
1744 987 1843 1039 ha-

284 1059 422 1113 beret
470 1057 729 1112 industria
781 1058 847 1113 ad
896 1058 1269 1113 sustentandas
1300 1058 1507 1125 imperii
1552 1057 1844 1111 vacillantis

285 1130 433 1193 vires,
470 1129 663 1182 factum
686 1129 1056 1183 dissimulavit.
1088 1128 1194 1183 Sed
1220 1129 1363 1181 omni
1394 1127 1604 1196 negotio
1632 1127 1843 1182 comitis

284 1197 529 1253 Bonifacii
556 1200 745 1253 amicis
774 1200 1062 1261 declarato,
1091 1213 1185 1254 eos
1205 1199 1472 1252 obtestata
1498 1206 1580 1251 est
1609 1206 1666 1251 ut
1694 1198 1846 1253 Boni-

284 1270 467 1324 facium
515 1270 569 1323 in
609 1269 950 1337 imperatoris
979 1269 1135 1324 Iidem
1168 1282 1220 1324 et
1246 1268 1557 1337 obsequium
1590 1283 1844 1324 revocare

282 1340 455 1409 modis,
480 1341 728 1394 omnibus
758 1348 1106 1407 conarentur,
1137 1353 1256 1394 sese
1295 1340 1464 1409 ipsum
1507 1338 1653 1409 gravi
1699 1339 1843 1409 jure-

281 1408 502 1490 iurando
563 1410 902 1491 obs‘tringeus
963 1424 1233 1491 nunguam
1285 1407 1333 1491 ei
1393 1424 1489 1477 pro
1542 1407 1844 1491 defectione

280 1480 595 1534 nocituram.
632 1481 696 1535 Et
715 1479 949 1549 quidem,
983 1481 1033 1534 ni
1066 1481 1239 1545 fallor,
1294 1480 1397 1534 huc
1420 1480 1659 1533 revocari
1686 1479 1845 1535 debet

280 1549 413 1604 Darii
467 1550 678 1605 comitis
724 1555 777 1605 in
809 1550 1037 1605 Africam
1082 1551 1369 1613 adventus;
1419 1551 1503 1603 cui
1551 1551 1844 1617 gratulatur

280 1628 492 1676 sanctus
541 1623 863 1687 Augustinus
901 1621 1125 1689 epistola
1166 1622 1272 1674 9‘29
1320 1619 1464 1690 quod
1517 1620 1567 1673 itt
1606 1620 1843 1674 Africam

279 1692 471 1761 missus
516 1690 671 1746 fuerit
715 1693 885 1760 pacis.
933 1691 1134 1761 absque
1182 1706 1380 1760 pugna,
1437 1700 1528 1744 aut
1568 1691 1843 1759 sanguinis

277 1760 559 1821 effusione.
587 1761 931 1817 conciliandae
952 1760 1131 1816 canna.
1176 1764 1274 1826 Qui
1305 1762 1448 1814 enim
1484 1769 1731 1831 pugnant,
1767 1761 1845 1817 ill".

278 1832 383 1901 quit
402 1832 476 1888 ad
501 1832 647 1887 illum
672 1842 887 1888 sanctus
906 1834 1147 1899 antistes,
1165 1835 1207 1885 si
1230 1833 1349 1885 boni
1376 1841 1512 1896 sunt,
1540 1847 1737 1900 pacem,
1759 1832 1847 1885 sed

276 1919 360 1971 per
387 1905 691 1972 sanguinem
720 1904 880 1975 205
898 1912 1125 1973 quierunt
1146 1911 1250 1975 {tu
1280 1912 1450 1955 autem
1472 1919 1532 1955 ne
1545 1905 1848 1975 cujusquam

275 1970 823 2041 sanguis'quterereiur
838 1970 1034 2028 'missus
1059 1990 1128 2027 es.
1167 1973 1274 2028 Nec
1305 1988 1399 2042 spe
1438 1987 1532 2026 sita
1567 1970 1852 2026 frustratus

276 2051 351 2098 est
376 2043 607 2106 Darius;
632 2059 775 2109 nam,
796 2044 869 2098 uti
897 2044 1235 2114 prosequitur
1262 2042 1573 2111 Procopius,
1599 2051 1652 2096 et
1672 2058 1849 2097 rerum

274 2124 546 2183 gestarum
573 2116 741 2169 series
764 2116 893 2168 satis
919 2115 1129 2183 probat,
1155 2114 1407 2183 Augustas
1446 2114 1848 2182 amicorumque

276 2185 525 2253 precibus
553 2185 734 2239 libenti
760 2186 938 2239 animo
966 2186 1141 2253 paruit
1184 2184 1525 2244 Bonifacius.
1568 2184 1850 2253 statimque

274 2256 552 2311 societatis
569 2270 689 2310 cum
714 2255 959 2311 Barbaris
989 2256 1131 2310 initae
1161 2254 1467 2326 pmnitentia
1482 2253 1702 2326 ductus,
1748 2270 1849 2326 qua

273 2327 546 2393 precibus,
588 2342 699 2396 qua
733 2326 1008 2395 promissis
1035 2340 1129 2381 eos
1160 2325 1537 2395 interpellavit,
1585 2333 1640 2378 ut
1674 2325 1727 2396 i_n
1759 2325 1850 2379 lli-

273 2395 492 2464 spanias
512 2394 927 2452 reverterentur.
952 2396 1102 2463 Quod
1128 2412 1248 2452 cum
1278 2397 1349 2450 illi
1374 2396 1545 2450 facere
1574 2394 1851 2463 pnefracte

272 2464 661 2531 detrectarent,
685 2467 825 2522 bello
853 2477 1045 2537 aperto
1074 2467 1385 2521 dimicatum
1414 2475 1523 2537 est.
1543 2468 1617 2519 ‘At
1645 2480 1763 2519 cum
1795 2468 1846 2519 in

273 2551 333 2592 eo
363 2538 677 2593 Bonifacius
700 2536 1062 2594 comes’simul
1104 2553 1223 2592 cum
1261 2539 1465 2606 Aspare
1492 2536 1843 2591 Orientalium

273 2610 550 2678 copiarum
580 2608 715 2664 duce
738 2609 906 2664 victus
931 2620 1090 2678 atque
1121 2610 1330 2677 fugatus
1372 2621 1402 2658 a
1434 2607 1671 2667 barbaris
1700 2606 1850 2675 Juis-

273 2690 373 2805 aet,
435 2687 551 2761 tota
595 2694 734 2749 pene
782 2680 961 2736 Africa
1022 2683 1075 2735 in
1120 2679 1475 2733 Vaadalorum
1534 2684 1850 2747 potestatem

307 2761 511 2805 evenit.

307 2761 511 2806 OVCDII.

339 2822 394 2876 8.
444 2821 578 2876 item
625 2836 786 2890 porro
828 2820 984 2891 plane
1025 2819 1392 2875 admirabilem
1452 2833 1514 2873 ea
1563 2818 1852 2891 occasione

273 2893 565 2961 contigisse
611 2888 900 2958 Marciano,
929 2892 1019 2961 qui
1052 2902 1235 2962 postca
1264 2891 1557 2962 imperator
1579 2888 1696 2955 luit,
1728 2904 1852 2962 nar-

274 2972 351 3034 rat
378 2959 695 3033 Pi'ocopius,
719 2978 877 3034 quam
901 2959 985 3017 hic
1007 2959 1208 3034 referre
1235 2962 1383 3016 libet.
1419 2961 1466 3015 ls
1496 2959 1851 3034 tum__Asp_at_-is

273 3029 624 3095 tlonteticus,
653 3029 773 3089 cum
795 3034 915 3089 aliis
938 3034 1120 3088 multis
1151 3033 1511 3087 Romanorum
1534 3046 1563 3084 a
1598 3029 1852 3085 Vandalis

274 3103 327 3157 in
357 3106 545 3174 praelia
566 3114 751 3173 captus
774 3104 966 3160 fuerat.
995 3102 1127 3158 Cum
1148 3117 1277 3158 vero
1298 3101 1521 3174 quadam
1543 3100 1637 3174 die
1658 3100 1852 3174 subdiu

1945 493 2091 569 ribus
2138 493 2721 569 depictatnaspiceref
2770 498 2929 563 Erat,
2986 498 3189 569 inquit,
3234 497 3527 558 Gisericltus

1948 563 2296 616 Romanorum
2320 566 2465 618 clade
2484 563 2537 619 in
2583 567 2717 622 Urbe
2745 563 3074 629 notissimus.-
3095 580 3293 624 statura
3320 575 3525 628 medio-

1918 646 1921 647 '
1945 636 2125 697 cr.'s,et
2154 637 2268 709 equi
2292 652 2411 709 casu
2436 638 2750 703 claudicans,
2774 640 2943 693 animo
2975 642 3282 709 profundus,
3298 658 3527 699 sermone

1943 720 2112 781 rarus,
2146 703 2365 781 luxurite
2387 716 2733 781 contemptor;
2759 711 2835 761 ira
2856 703 3106 775 turbidus,
3136 703 3355 766 habendi
3382 719 3528 781 cupi-

1945 773 2058 838 dus,
2097 774 2165 828 ad
2190 774 2548 847 sollicitandas
2586 788 2758 846 gentes
2796 773 3300 843 providentissimus.
3334 773 3529 839 semina

1943 847 2321 916 contentionum
2348 848 2556 916 jacere,
2588 849 2707 900 odia
2736 850 2944 903 miscere
2980 863 3207 915 paratus.
3267 854 3525 911 Etttntlem

1944 914 2141 990 ldatiu;
2177 914 2608 990 atqttejlsidorus
2649 917 2779 973 locis
2799 914 3056 990 superius
3096 938 3127 975 a
3157 938 3242 978 tne
3275 924 3524 990 laudatis,

1945 1000 2006 1038 ex
2034 985 2137 1054 [ide
2162 988 2411 1041 catholica
2438 997 2724 1054 apostatam
2749 985 2981 1055 effectum
3006 992 3060 1043 in
3084 993 3328 1049 Arianam
3356 985 3527 1051 trans;

1943 1056 2377 1132 iisse_perﬁdium,
2417 1068 2469 1110 ut
2500 1057 2789 1132 aliquorum
2809 1062 2986 1132 relatio
3009 1062 3176 1125 liabet,
3200 1066 3522 1132 observant;

1945 1126 2084 1195 quod
2116 1142 2185 1179 an
2230 1127 2302 1182 sit
2324 1144 2531 1194 verum,
2563 1130 2800 1185 divinare
2823 1146 2926 1183 non
2956 1130 3094 1185 licet.
3127 1132 3286 1187 Certe
3316 1126 3528 1190 Vanda;

1946 1197 2026 1271 las
2055 1195 2245 1252 haeresi
2279 1198 2521 1271 Artamo,
2564 1215 2721 1267 quam
2764 1215 2793 1254 a
2821 1201 3010 1255 Gothis
3038 1203 3383 1271 popularibus
3411 1207 3527 1261 suis

1946 1269 2262 1344 hauserant,
2313 1269 2704 1344 addictissimus
2752 1269 3053 1344 fuissegexi
3097 1273 3519 1344 Procopio'jam

1945 1353 2106 1421 supra
2129 1338 2390 1421 diximus;
2412 1340 2495 1395 cui
2512 1340 2791 1397 Salvianus
2812 1342 3032 1412 passim,
3051 1343 3247 1411 a‘iique
3260 1338 3527 1416 206nm-

1947 1418 2127 1463 ctores
2151 1418 2507 1466 consentiunt.

2020 1480 2131 1555 lO_._
2141 1481 2400 1555 Quisnam
2425 1497 2567 1555 _vero
2614 1490 2737 1555 tunc
2764 1482 2945 1555 fuerit
2990 1482 3187 1555 Africa:
3229 1494 3398 1540 status
3422 1526 3437 1551 ,
3460 1502 3529 1543 ex

1947 1549 2189 1625 Possidio
2217 1551 2652 1625 discendutnest,
2688 1553 2878 1625 inVita
2898 1554 3066 1609 sancti
3085 1550 3386 1625 Augustini,
3413 1549 3527 1612 suae

1948 1620 2130 1695 patri-.12
2178 1620 2506 1695 calamitates
2538 1623 2620 1677 his
2648 1623 2823 1677 verbis
2862 1620 3381 1695 deplorante'capite
3404 1628 3473 1684 28
3509 1647 3522 1683 :

1950 1690 2155 1762 Dii-ina,
2187 1691 2377 1757 inquit,
2400 1694 2655 1748 voluntate
2680 1704 2726 1747 et
2749 1690 2991 1761 potestate
3015 1697 3241 1762 provenit
3263 1690 3318 1751 ut
3346 1714 3531 1753 manus

1947 1760 2121 1831 ingens
2175 1762 2383 1815 diversis
2430 1763 2541 1817 telis
2566 1772 2764 1817 armata
2791 1776 2835 1817 et
2859 1765 3001 1822 bellis
3016 1760 3307 1819 exercitata
3341 1769 3527 1824 imma-

1950 1834 2089 1883 nium
2116 1832 2335 1901 gentium
2377 1831 2727 1902 Yandalorum
2753 1842 2801 1887 et
2847 1837 3156 1902 Alanorum,
3204 1840 3531 1893 commixtam

1951 1917 2120 1955 secum
2153 1902 2340 1955 habens
2368 1901 2650 1976 Cat/torum
2690 1916 2886 1973 gentem
2910 1951 2923 1973 ,
2956 1901 3272 1976 aliarumque
3300 1910 3530 1964 diversa-

1952 1987 2065 2045 rum
2093 1988 2361 2045 personas,
2381 1989 2442 2025 ea:
2474 1973 2741 2045 Hispania:
2768 1977 2993 2043 partibus
3021 1973 3371 2033 transmarinis
3392 2020 3407 2045 ,
3433 1997 3531 2034 na-

1952 2043 2319 2120 vibusilfricte
2347 2043 2652 2120 iit/lusisset
2685 2056 2733 2100 et
2772 2047 3031 2120 irruisset,
3072 2043 3402 2120 universaque
3439 2068 3528 2116 per

1952 2112 2062 2165 loca
2094 2110 2543 2179 Mauritaniarum,
2587 2118 2739 2169 etiam
2774 2119 2840 2170 ad
2875 2110 3244 2171 alias-nostras
3272 2110 3526 2175 transiens

1954 2184 2237 2263 provincias
2262 2193 2310 2237 et
2335 2186 2583 2255 regiones,
2608 2187 2745 2263 omni
2770 2189 2976 2263 sternens
2998 2189 3293 2263 crudelitate
3309 2200 3357 2244 et
3386 2202 3527 2245 atro-

1952 2256 2121 2313 citate,
2153 2265 2333 2306 cuncta
2359 2272 2471 2328 qua:
2495 2256 2659 2328 potuit
2679 2260 3062 2328 exspoliatione,
3085 2259 3329 2321 aedibus,
3358 2261 3529 2314 dicer-

1950 2326 2435 2397 sisquetormentis,
2479 2326 2727 2397 incendiis
2760 2326 2974 2397 altisque
3000 2330 3453 2384 innumerabilibus
3479 2341 3530 2385 et

1951 2395 2178 2477 infandis
2195 2395 2348 2477 malis
2360 2394 2672 2477 depopulata
2686 2408 2767 2477 est
2778 2415 2800 2477 ς
2821 2394 3144 2477 nullisequi,
3171 2400 3299 2477 nulli
3317 2417 3529 2477 parcens

1950 2466 2223 2538 tetati,fncc
2250 2466 2373 2535 ipsis
2405 2465 2500 2519 Dei
2520 2467 2862 2522 sacerdotibus
2891 2470 2968 2523 vel
2997 2469 3263 2535 ministris,
3292 2465 3381 2522 nec
3406 2471 3530 2538 ipsis

1952 2536 2274 2609 ecclesiarum
2312 2538 2647 2609 ornamentis,
2668 2554 2769 2609 seu
2798 2540 3143 2593 instrumentis
3164 2540 3248 2609 vel
3273 2536 3526 2609 aedificiis.

1954 2606 2016 2661 Et
2066 2607 2222 2675 paulo
2269 2607 2489 2661 inferius
2521 2624 2535 2661 ί
2574 2607 2791 2663 Videbat
2831 2611 2919 2663 ille
2963 2610 3114 2662 homo
3144 2608 3279 2676 Dei,
3312 2606 3530 2667 sanctus

1953 2677 2306 2749 Augustinus,
2340 2679 2561 2732 civitates
2588 2680 2787 2732 excidio
2817 2680 3072 2746 perditas.
3102 2681 3387 2749 pariterque
3414 2698 3530 2735 cum

1952 2746 2435 2819 tedi/i-;iisvillarum
2449 2748 2776 2815 habitatores,
2795 2749 2924 2805 alios
2944 2746 3119 2803 hostili
3132 2746 3526 2819 neceeitinctos,

1953 2819 2083 2871 alios
2120 2817 2367 2887 c/fugatos
2406 2828 2556 2890 atque
2593 2820 2877 2890 dispersos;
2918 2822 3152 2875 ecclesias
3184 2817 3531 2876 sacerdotibus

1954 2904 2015 2941 ac
2044 2890 2288 2962 ministris
2316 2890 2602 2962 destitutas,
2642 2889 2975 2960 Virginesque
2998 2908 3202 2962 sacras,
3236 2903 3278 2944 et
3307 2909 3530 2962 quosque

1955 2960 2265 3012 continentes
2290 2957 2472 3028 ubique
2512 2957 2819 3030 dissipatos;
2845 2957 2962 3014 etin
2988 2960 3067 3013 Itis
3113 2963 3240 3015 alios
3269 2957 3531 3015 tormentis

1956 3030 2226 3099 defecisse,
2268 3030 2396 3082 alios
2422 3030 2596 3099 gladio
2616 3033 2943 3096 interemptos
2970 3047 3091 3096 csse,
3124 3033 3252 3085 alios
3281 3033 3332 3084 in
3365 3033 3529 3099 capti-

1955 3100 2108 3154 vitate
2133 3099 2328 3171 perdita
2350 3102 2505 3153 animi
2526 3103 2811 3171 ctcorporis
2838 3103 3120 3170 integritate
3144 3118 3203 3154 ac
3224 3101 3364 3168 ﬁdei,
3389 3101 3527 3154 malo

276 3160 421 3231 int'er
447 3175 583 3229 alios
608 3160 847 3243 c'aptivos
878 3175 1136 3230 dormiret
1170 3160 1495 3236 Marcianus,
1530 3171 1853 3228 Gensericus
1879 3160 1927 3225 Β
1957 3186 2095 3243 more
2121 3160 2182 3243 ac
2211 3170 2339 3243 duro
2362 3171 2581 3223 hostibus
2609 3160 2891 3243 deservire;
2917 3160 3128 3241 h'ymnos
3157 3160 3249 3224 De'i
3278 3182 3324 3225 et
3352 3160 3529 3243 laudes

276 3247 406 3300 vidit
435 3246 664 3314 aquilam
686 3246 787 3300 alis
827 3246 1064 3302 extensis
1090 3260 1250 3315 super
1270 3259 1391 3300 eum
1419 3243 1754 3315 volitantem,
1785 3258 1852 3299 ne

274 3316 344 3399 ab
392 3328 529 3399 gestu
573 3320 899 3373 l’ervescentc
946 3314 1455 3399 aliquidpa‘tcretur
1505 3314 1848 3399 it_1_com_modi.

275 3387 354 3459 lle
371 3386 669 3459 diligenter
683 3403 969 3459 perpensa,
995 3384 1223 3457 conjecit
1251 3386 1508 3441 barbarus
1528 3384 1849 3440 Marcianum

272 3457 566 3529 aliquando
609 3457 700 3513 ad‘
736 3457 943 3529 imperii
988 3460 1157 3513 fasces
1207 3468 1852 3529 pervcntttrumaquare

272 3542 402 3582 cum
434 3527 658 3581 liberum
704 3526 854 3584 abire
901 3530 1143 3598 permisit
1185 3526 1531 3596 jurejurando
1561 3526 1850 3594 obligatum

272 3612 554 3665 nunquam
593 3613 652 3653 sc
692 3598 946 3653 adversus
978 3598 1332 3652 Vandalorum
1356 3608 1566 3664 gentem
1599 3598 1856 3649 militatu-

276 3682 428 3722 rum.
463 3667 634 3734 Unde,
669 3669 836 3737 inquit
865 3669 1004 3723 idem
1029 3678 1235 3731 auctor,
1268 3668 1358 3722 ille
1377 3666 1661 3719 Theodosio
1683 3675 1858 3730 postea

274 3744 486 3791 mortuo
509 3740 577 3790 ad
599 3739 866 3806 imperium
890 3746 1170 3807 provectus,
1189 3740 1432 3808 optimum
1448 3752 1499 3787 se
1515 3744 1695 3788 cwtera
1716 3738 1858 3808 prin-

272 3811 449 3879 cipem
476 3812 741 3876 prarstitit;
768 3819 819 3862 at
846 3806 924 3862 res
948 3808 1135 3879 Africa:
1160 3806 1337 3876 quales
1358 3808 1609 3879 invenerat
1637 3806 1854 3879 reliquit.

274 3877 542 3934 Eamdem
572 3879 844 3934 historiam
870 3880 1029 3933 habet
1062 3878 1319 3947 Evagrius
1346 3877 1694 3932 SCIIuIaSllt‘llS
1722 3877 1857 3947 libro

275 3965 310 4005 tt
348 3948 599 4006 Historia:
632 3951 1008 4011 ecclesiasticae
1029 3995 1042 4017 ,
1063 3946 1191 4018 cap.
1212 3946 1274 4015 1,
1307 3947 1397 4002 sed
1428 3960 1585 4014 quam
1626 3962 1689 4000 ex
1724 3946 1856 4001 Pro-

276 4020 441 4090 capio
478 4020 780 4089 tle-cripsit.
824 4020 1143 4075 Marcianum
1168 4031 1367 4090 tamen,
1402 4028 1456 4071 ut
1501 4018 1857 4090 imperatorem

278 4088 510 4156 decebat,
539 4102 862 4146 commotum
893 4090 1147 4146 adversus
1181 4088 1443 4143 Vaudalos
1474 4088 1539 4139 ad
1571 4089 1767 4142 bellum
1798 4103 1857 4143 sc

278 4175 503 4231 parasse
538 4172 810 4217 asseverat
835 4161 1146 4216 Theodorus
1181 4160 1373 4214 Lector
1406 4159 1495 4213 lih.
1532 4174 1570 4222 ι,
1602 4175 1722 4213 cum
1754 4160 1857 4213 sci-

279 4234 409 4287 licet
438 4248 499 4288 ea
548 4232 822 4288 didicisset
860 4248 978 4301 qua:
1008 4232 1327 4286 Geuscrirus
1368 4234 1417 4284 in
1463 4232 1670 4284 excidio
1710 4232 1856 4284 urbis

281 4304 475 4357 Romae
500 4304 753 4359 adversus
778 4308 1039 4374 Augustas
1061 4310 1389 4373 patraverat;
1422 4317 1478 4355 re
1512 4311 1686 4356 tamen
1718 4302 1855 4357 infe-

282 4383 365 4429 cta
398 4393 430 4429 e
462 4374 593 4428 vivis
620 4376 867 4430 excessit.

352 4446 410 4498 9.
437 4445 510 4500 At
534 4444 874 4511 GenSt-rlcus,
894 4442 1073 4515 fugato
1098 4442 1569 4511 Bonifacio,'mnrc
1598 4440 1851 4515 barbaro-

1957 3241 2020 3295 de
2048 3241 2270 3295 ecclesiis
2301 3241 2592 3307 deperisse;
2621 3241 2841 3309 (edi/Scia
2860 3243 3185 3295 ecclesiarum
3214 3242 3531 3311 quampluri-

1955 3314 2049 3366 mis
2078 3312 2200 3365 locis
2230 3312 2426 3382 ignibus
2451 3322 2786 3376 concremata,
2813 3312 3059 3365 solemnia
3084 3328 3195 3379 qua:
3220 3314 3322 3366 Deo
3349 3313 3531 3366 deben-

1956 3394 2037 3437 tur
2054 3384 2115 3435 de
2136 3382 2353 3451 prapriis
2373 3382 2496 3436 locis
2509 3383 2723 3436 dessisse
2738 3383 3012 3451 sacrificia,
3026 3390 3342 3436 sacramenta
3359 3384 3530 3435 divina

1955 3453 2033 3507 vel
2064 3470 2162 3505 non
2192 3454 2381 3521 quieti,
2411 3455 2486 3506 vel
2507 3454 2750 3521 qtttrrenti
2776 3454 2864 3523 qui
2884 3454 3052 3505 tradat
3080 3469 3180 3507 non
3209 3451 3359 3522 facile
3387 3468 3531 3523 repe-

1955 3526 2075 3586 riri;
2100 3525 2152 3576 in
2187 3525 2325 3591 ipsas
2357 3525 2603 3576 montium
2634 3524 2784 3577 silvas
2814 3533 2862 3576 et
2878 3540 3114 3577 cavernas
3161 3532 3451 3593 petrarum,
3482 3531 3531 3575 et

1955 3597 2223 3659 speluncas
2261 3594 2645 3663 confugientes,
2688 3594 2766 3647 vel
2819 3595 2886 3646 ad
2932 3609 3154 3661 quasque
3204 3594 3525 3659 munitiones,

1956 3664 2085 3716 alios
2108 3663 2263 3731 fuisse
2284 3672 2617 3733 expugnatos,
2646 3673 2692 3716 et
2718 3663 3027 3731 interfectos,
3051 3664 3180 3715 alios
3200 3663 3269 3733 ita
3300 3678 3530 3715 necessa-

1958 3733 2047 3785 riis
2069 3732 2431 3785 sttstcntaculis
2446 3734 2667 3785 evolutos
2686 3742 2839 3803 atque
2857 3734 3100 3803 privatos,
3128 3741 3182 3784 ut
3204 3732 3338 3801 fame
3352 3742 3532 3785 conta-

1962 3805 2211 3857 bescerent
2231 3842 2246 3864 ,
2277 3804 2509 3871 ipsosque
2530 3802 2863 3854 ecclesiarum
2898 3804 3195 3869 prtrpositos
3227 3812 3271 3854 et
3301 3803 3533 3868 clericos,

1959 3875 2044 3943 qui
2077 3875 2207 3942 forte
2236 3872 2327 3925 Dei
2350 3872 2591 3942 beneﬁcio
2621 3871 2697 3927 vel
2720 3888 2806 3927 eos
2834 3889 2933 3926 non
2970 3874 3315 3935 incurrerunt,
3347 3873 3423 3926 vel
3446 3874 3533 3926 in-

1959 3952 2210 3997 Currente;
2228 3954 2506 4005 evaserant,
2526 3944 2671 3996 rebus
2699 3944 2928 3997 (mnibus
2943 3944 3245 4013 exspolitttos
3262 3952 3411 4011 atque
3435 3959 3532 3996 utt-

1958 4015 2130 4079 datos,
2145 4015 2489 4083 egentissimos
2510 4015 2927 4072 mendicaremec
2946 4014 3018 4067 eis
3040 4013 3269 4066 omnibus
3281 4015 3347 4067 ad
3360 4016 3534 4067 omnia

1957 4086 2135 4157 quibus
2160 4084 2404 4157 fulciendi
2436 4095 2604 4157 essent,
2625 4084 3049 4157 subveniripoase
3070 4098 3089 4136 :
3118 4084 3202 4136 vix
3231 4093 3328 4157 tres
3355 4100 3534 4154 super-

1956 4153 2095 4210 stites
2132 4172 2192 4209 ex
2228 4155 2678 4209 innumerabilibus
2718 4153 2973 4219 ecclesias,
3020 4155 3113 4207 hoc
3151 4163 3223 4207 est
3262 4153 3535 4223 Carthagi-

1959 4243 2183 4291 ncnsem,
2227 4226 2609 4293 llipponensetn
2632 4234 2678 4279 et
2705 4223 3000 4289 Cirtenxent,
3026 4241 3138 4294 qua:
3171 4223 3262 4278 Dei
3294 4225 3535 4293 beneﬁcio

1955 4300 2137 4352 excisa:
2159 4313 2259 4350 non
2280 4307 2417 4360 sunt,
2442 4305 2487 4351 et
2508 4313 2681 4351 earum
2708 4306 3001 4363 permanent
3022 4297 3266 4355 civitates.
3291 4305 3335 4348 et
3362 4298 3533 4347 divino

1957 4378 2001 4423 et
2026 4372 2246 4421 humano
2275 4369 2419 4435 fulttv
2457 4368 2726 4437 prarsidio;
2755 4370 2869 4421 licet
2900 4376 3011 4436 post
3047 4368 3156 4435 ejus
3186 4366 3377 4418 obitum
3412 4366 3534 4418 urbs

1962 4438 2304 4509 Hipponensis
2334 4440 2512 4492 incolis
2542 4439 2780 4491 destituta
2810 4438 2870 4489 ab
2903 4437 3128 4509 hostibus
3153 4437 3309 4509 fuerit
3328 4451 3537 4509 concre-

282 4531 401 4571 rutu
430 4516 651 4570 victoria
680 4506 928 4579 abutens,
953 4506 1145 4570 cuncta
1175 4515 1355 4585 simul,
1382 4506 1536 4567 sacra
1568 4513 1774 4585 scilicet
1802 4520 1857 4567 et
1882 4525 1936 4585 υ
1963 4506 2118 4564 mata.
2151 4510 2271 4585 lituo
2300 4509 2388 4585 ille
2406 4509 2486 4585 de
2512 4509 2867 4585 \landalorum
2902 4508 3200 4585 invasione,
3224 4508 3312 4575 qui
3336 4506 3535 4573 Hippo-

284 4585 540 4655 profana,
592 4588 642 4640 in
684 4586 948 4641 Africanis
986 4585 1271 4654 provinciis
1310 4584 1649 4655 devastabat;
1699 4584 1857 4655 idque

285 4654 431 4711 tanta
464 4672 584 4711 cum
612 4659 919 4719 atrocitate,
952 4667 1009 4710 ut
1034 4664 1089 4711 et
1116 4658 1212 4722 ipsi
1243 4654 1456 4709 barbari
1495 4654 1561 4707 ad
1588 4654 1857 4708 crudeli-us

285 4743 445 4799 quam
480 4729 657 4783 innata
690 4743 873 4783 eorum
902 4728 1081 4799 feritas
1112 4726 1330 4799 soleret,
1362 4740 1481 4799 cum
1515 4724 1656 4799 Afris
1696 4738 1858 4792 agen-

284 4796 410 4853 dum
431 4842 446 4865 ,
479 4799 682 4855 occulta
711 4800 936 4868 quatiam
976 4797 1027 4868 vi
1058 4810 1177 4850 sese
1201 4796 1500 4868 stimulatos
1541 4796 1854 4868 faterentur.

286 4870 340 4924 ld
372 4863 601 4924 tcStatur
625 4863 906 4924 Salvianus
946 4867 1081 4921 libro
1114 4881 1184 4918 vn
1214 4867 1280 4919 de
1321 4863 1713 4918 Gubernatione
1741 4864 1853 4917 Dei.

288 4938 394 4993 Illa
425 4941 597 5008 utique
618 4940 828 4994 caalestis
860 4953 1060 5008 atauus,
1089 4938 1138 4989 in
1164 4937 1288 5001 ;uit,
1320 4951 1434 5008 qua;
1458 4932 1859 5008 eos,_Vaudalos

288 5004 522 5076 scilicet,
544 5009 614 5063 ad
643 5010 898 5081 punienda
932 5006 1279 5081 Hispanorum
1306 5005 1503 5081 ﬂagitia
1530 5004 1654 5081 illuc
1694 5015 1862 5081 ινα-ποτ

288 5091 389 5147 rat,
418 5072 570 5135 etiam
594 5072 661 5133 ad
687 5081 981 5134 vastandam
1007 5078 1233 5148 Africam
1266 5072 1479 5128 transire
1504 5074 1727 5145 cogebat.
1752 5072 1778 5126 Ι
1786 5075 1865 5148 psi

290 5145 510 5221 denique
543 5152 830 5223 fatebantur
873 5166 971 5203 non
1009 5145 1158 5202 suum
1188 5148 1461 5223 essenquod
1495 5149 1748 5223 facerent,
1780 5145 1863 5214 agi

289 5214 503 5277 enim'se
529 5214 699 5277 divino
715 5226 868 5293 jussu
892 5236 951 5274 ac
980 5219 1260 5293 perurgeri.
1297 5214 1376 5272 Ea:
1402 5234 1503 5288 quo
1528 5214 1742 5293 intelligi
1772 5233 1865 5283 po-

291 5305 384 5347 test
410 5302 601 5363 quanta
630 5290 730 5346 sint
766 5292 901 5345 mala
929 5301 1100 5345 nostra
1116 5290 1230 5363 ,A;ad
1256 5305 1381 5361 quos
1408 5290 1866 5363 vastandosatque

230 5362 239 5373 ’
290 5356 595 5418 cruciandos
618 5366 691 5417 ire
709 5364 906 5416 barbari
941 5356 1309 5429 compelluntur
1338 5362 1497 5413 inviti.
1520 5358 1662 5414 ldem
1676 5356 1865 5429 innuit

290 5436 591 5491 Joruandes
618 5433 687 5490 de
726 5435 885 5489 rebus
910 5427 1109 5488 Geticis
1135 5446 1252 5499 cap.
1284 5430 1373 5499 35,
1397 5430 1635 5484 scribens
1660 5427 1860 5482 Gizeri-

292 5505 441 5559 chum
474 5507 528 5561 in
560 5506 736 5560 Africa
768 5506 836 5558 ad
872 5502 1215 5569 divinitatem,
1246 5512 1300 5556 ut
1324 5502 1505 5569 fertur,
1536 5509 1741 5565 accepta
1769 5514 1861 5568 po-

295 5586 469 5631 testate
493 5578 607 5643 diu,
639 5592 896 5646 regnasse.
932 5573 1074 5646 ldem
1100 5570 1593 5646 auctor_Genserici_
1620 5570 1860 5636 corporis

297 5648 534 5702 habitum
564 5640 848 5717 moresque
863 5645 1023 5717 animi
1048 5651 1101 5697 et
1124 5642 1392 5717 ingenium
1419 5640 1630 5717 egregie
1659 5654 1861 5717 reprac-

300 5730 475 5774 sentat
499 5718 623 5774 loco
660 5709 902 5780 laudato,
943 5716 1093 5784 cujus
1122 5709 1283 5768 verba
1314 5714 1417 5767 huc
1448 5710 1688 5784 proferre
1710 5709 1862 5784 jure-

298 5792 396 5854 rit;
443 5805 615 5861 neque
660 5790 804 5845 enim
850 5780 1096 5857 cuiquam
1138 5787 1399 5865 ingratum
1446 5782 1563 5838 fore
1608 5780 1859 5837 existimo
1900 5806 1903 5809 -

1967 4596 2109 4648 nem,
2130 4582 2201 4633 uti
2228 4582 2383 4648 paulo
2406 4580 2623 4633 inferius
2643 4591 2844 4643 narrat,
2860 4577 3534 4648 quatuordeciturne-ustum

1965 4668 2008 4716 st
2029 4645 2137 4704 alio
2163 4645 2437 4704 obsessam
2467 4656 2770 4713 tenuerunt,
2788 4645 3036 4699 defuncto
3060 4646 3362 4716 Augustino
3374 4645 3537 4716 tertio

1966 4712 2204 4788 ejusdem
2236 4712 2765 4788 obsidi0ttisntense,
2788 4715 3090 4768 Theodosio
3132 4722 3312 4788 χιιι-(ξι
3335 4712 3539 4788 _\lalcn-

1969 4784 2170 4844 tiniauo
2221 4804 2278 4841 ιιι
2326 4787 2633 4842 consulibus
2655 4828 2669 4851 ,
2702 4786 2752 4837 id
2784 4794 2866 4839 cst
2904 4799 3043 4837 anno
3071 4798 3193 4837 arra:
3223 4784 3539 4837 Christianas

1966 4860 2093 4923 430,
2126 4859 2213 4912 die
2254 4875 2281 4911 v
2315 4857 2568 4910 kalendas
2595 4854 2944 4923 Septembris,
2974 4869 3095 4907 cum
3126 4867 3293 4907 annos
3322 4854 3540 4907 vixisset

1968 4931 2037 4983 75
2068 4942 2280 4983 menses
2307 4930 2340 4981 9
2364 4928 2478 4981 dies
2512 4925 2595 4982 l5.

2040 5000 2124 5052 ll.
2150 5000 2413 5053 (laterum
2445 4998 2580 5052 hanc
2607 4995 2868 5051 Africana:
2888 4993 3122 5064 regionis
3147 4992 3355 5047 cladem
3379 5006 3540 5046 accu-

1967 5082 2079 5125 rate
2118 5084 2182 5123 ac
2221 5072 2428 5124 sincere
2452 5085 2480 5121 a
2516 5069 2755 5122 Possidio
2787 5067 2950 5122 fuisse
2979 5065 3300 5134 descriptam
3344 5065 3542 5118 contir-

1967 5144 2100 5196 mari
2133 5149 2305 5211 potest
2324 5155 2388 5194 ex
2410 5139 2654 5211 Capreoli
2683 5136 3121 5211 carthaginensis
3148 5136 3400 5211 antistitis
3430 5135 3542 5203 epi-

1967 5212 2103 5267 Stola
2117 5204 2449 5266 excusatoria
2466 5204 2531 5263 ad
2551 5208 2834 5280 Ephesiae:
2852 5204 3037 5279 synodi
3055 5206 3319 5280 generalis
3334 5204 3445 5257 Pati
3459 5220 3540 5270 es,

1967 5299 2069 5352 qua
2092 5298 2189 5338 nec
2214 5283 2408 5351 ipsum,
2432 5295 2532 5335 nec
2554 5277 2618 5334 ei
2647 5277 2911 5334 Africanis
2936 5277 3202 5352 episcopis
3222 5289 3541 5352 quemquam

1967 5346 2034 5408 ad
2071 5368 2189 5425 eam
2233 5346 2494 5425 synodum
2528 5365 2811 5425 occurrere
2841 5348 3076 5417 pctuisse
3121 5357 3448 5425 asseverat,
3473 5346 3542 5400 ob

1967 5415 2324 5480 miserrimu'm
2377 5424 2538 5477 totius
2585 5421 2778 5475 Africte
2822 5415 3045 5481 statum,
3094 5431 3214 5471 cum
3255 5415 3544 5486 nequidem

1967 5498 2107 5551 intra
2134 5496 2328 5550 Africa:
2357 5494 2573 5556 limites,
2603 5501 2659 5545 ut
2688 5505 2750 5545 ea
2780 5490 2847 5544 de
2878 5505 2934 5542 re
2958 5496 3272 5551 tractarent,
3304 5488 3353 5541 in
3381 5502 3542 5541 unum

1966 5566 2253 5621 convenire
2271 5564 2399 5634 ipsis
2418 5563 2672 5634 licuisset.
2700 5560 2897 5634 Omnis,
2924 5557 3114 5634 inquit,
3135 5559 3231 5634 liae
3250 5565 3544 5634 tempestate

1966 5570 2253 5621 convenire
2271 5570 2399 5634 ipsis
2419 5570 2672 5617 licuisset.
2700 5570 2897 5626 Umnts,
2924 5576 2976 5613 tn
3020 5570 3114 5621 utt,
3135 5570 3231 5610 hac
3252 5570 3544 5626 tempestate

1965 5638 2057 5691 vite
2087 5637 2256 5689 aditus
2294 5633 2570 5705 prtvclusus
2596 5640 2689 5685 cst.
2720 5631 2916 5705 Etenim
2936 5570 3099 5696 eﬂusa
3128 5629 3346 5705 hostium
3371 5628 3544 5705 multi-

1966 5709 2105 5774 tudo,
2131 5719 2179 5761 et
2208 5698 2385 5775 ingens
2406 5704 2591 5771 ubique
2615 5702 2985 5775 provinciarum
3002 5700 3236 5775 vastatio,
3266 5698 3545 5775 quaeinco-

1965 5780 2027 5833 lis
2060 5768 2242 5833 partim
2264 5768 2555 5837 vexstinctis,
2582 5768 2767 5841 partim
2798 5773 2851 5826 in
2880 5774 3051 5845 fugam
3082 5770 3230 5839 actis,
3259 5768 3543 5825 absolutam
