  <div class='ocr_page' id='page_1' title='image "/cluster/home/n/w/nwhite01/storage/ocr_20150623/58/hvd.32044015706401/192.png"; bbox 0 0 4082 6320; ppageno 0'>
   <div class='ocr_carea' id='block_1_1' title="bbox 295 302 404 369">
    <p class='ocr_par' dir='ltr' id='par_1_1' title="bbox 295 302 404 369">
     <span class='ocr_line' id='line_1_1' title="bbox 295 302 404 369; baseline 0 0"><span class='ocrx_word' id='word_1_1' title='bbox 295 302 404 369; x_wconf 71' lang='grc'><strong>’873</strong></span> 
     </span>
    </p>
   </div>
   <div class='ocr_carea' id='block_1_2' title="bbox 649 294 1862 367">
    <p class='ocr_par' dir='ltr' id='par_1_2' title="bbox 649 294 1862 367">
     <span class='ocr_line' id='line_1_2' title="bbox 649 294 1862 367; baseline -0.003 -7"><span class='ocrx_word' id='word_1_2' title='bbox 649 302 972 361; x_wconf 74' lang='lat' dir='ltr'><strong>RUINARTI</strong></span> <span class='ocrx_word' id='word_1_3' title='bbox 1016 308 1079 364; x_wconf 86' lang='lat' dir='ltr'><strong>IN</strong></span> <span class='ocrx_word' id='word_1_4' title='bbox 1120 296 1491 367; x_wconf 53' lang='lat' dir='ltr'><strong>HISTORIA“</strong></span> <span class='ocrx_word' id='word_1_5' title='bbox 1535 294 1814 359; x_wconf 70' lang='lat' dir='ltr'><strong>PERSEC.</strong></span> <span class='ocrx_word' id='word_1_6' title='bbox 1856 299 1862 313; x_wconf 69' lang='grc'>¹</span> 
     </span>
    </p>
   </div>
   <div class='ocr_carea' id='block_1_3' title="bbox 1968 294 3201 367">
    <p class='ocr_par' dir='ltr' id='par_1_3' title="bbox 1968 296 3201 359">
     <span class='ocr_line' id='line_1_3' title="bbox 1968 296 3201 359; baseline 0.002 -8"><span class='ocrx_word' id='word_1_7' title='bbox 1968 296 2156 352; x_wconf 66' lang='lat' dir='ltr'><strong>PIDAL.</strong></span> <span class='ocrx_word' id='word_1_8' title='bbox 2196 296 2733 357; x_wconf 66' lang='lat' dir='ltr'><strong>COMMENTARIUS</strong></span> <span class='ocrx_word' id='word_1_9' title='bbox 2775 298 3201 359; x_wconf 63' lang='lat' dir='ltr'><strong>HISTORICUS.</strong></span> 
     </span>
    </p>
   </div>
   <div class='ocr_carea' id='block_1_4' title="bbox 3436 295 3543 352">
    <p class='ocr_par' dir='ltr' id='par_1_4' title="bbox 3436 295 3543 352">
     <span class='ocr_line' id='line_1_4' title="bbox 3436 295 3543 352; baseline 0.019 -3"><span class='ocrx_word' id='word_1_10' title='bbox 3436 295 3543 352; x_wconf 68' lang='grc'><strong>571»</strong></span> 
     </span>
    </p>
   </div>
   <div class='ocr_carea' id='block_1_5' title="bbox 307 406 3541 494">
    <p class='ocr_par' dir='ltr' id='par_1_5' title="bbox 307 406 3541 494">
     <span class='ocr_line' id='line_1_5' title="bbox 307 406 3541 494; baseline -0.002 -22"><span class='ocrx_word' id='word_1_11' title='bbox 307 422 623 494; x_wconf 53' lang='lat' dir='ltr'><strong>copulatio”!</strong></span> <span class='ocrx_word' id='word_1_12' title='bbox 650 406 978 494; x_wconf 44' lang='lat' dir='ltr'><strong>siiifajc&#39;eret,</strong></span> <span class='ocrx_word' id='word_1_13' title='bbox 1011 418 1063 494; x_wconf 78' lang='lat' dir='ltr'><strong>in</strong></span> <span class='ocrx_word' id='word_1_14' title='bbox 1090 418 1333 472; x_wconf 63' lang='lat' dir='ltr'><strong>Aristium</strong></span> <span class='ocrx_word' id='word_1_15' title='bbox 1356 417 1623 494; x_wconf 70' lang='lat' dir='ltr'><strong>per/illidat</strong></span> <span class='ocrx_word' id='word_1_16' title='bbox 1645 420 1863 472; x_wconf 83' lang='lat' dir='ltr'><strong>transire</strong></span> <span class='ocrx_word' id='word_1_17' title='bbox 1898 418 1939 477; x_wconf 71' lang='grc' dir='ltr'><strong>Α</strong></span> <span class='ocrx_word' id='word_1_18' title='bbox 1972 414 2462 494; x_wconf 77' lang='lat' dir='ltr'><strong>instructissimum,</strong></span> <span class='ocrx_word' id='word_1_19' title='bbox 2495 417 2773 494; x_wconf 85' lang='lat' dir='ltr'><strong>catholicis</strong></span> <span class='ocrx_word' id='word_1_20' title='bbox 2794 427 2985 494; x_wconf 76' lang='lat' dir='ltr'><strong>contra</strong></span> <span class='ocrx_word' id='word_1_21' title='bbox 2997 417 3244 494; x_wconf 80' lang='lat' dir='ltr'><strong>_Arianos</strong></span> <span class='ocrx_word' id='word_1_22' title='bbox 3274 411 3541 485; x_wconf 88' lang='lat' dir='ltr'><strong>proponit,</strong></span> 
     </span>
    </p>
   </div>
   <div class='ocr_carea' id='block_1_6' title="bbox 305 482 1859 565">
    <p class='ocr_par' dir='ltr' id='par_1_6' title="bbox 305 482 1859 565">
     <span class='ocr_line' id='line_1_6' title="bbox 305 482 1859 565; baseline -0.005 -17"><span class='ocrx_word' id='word_1_23' title='bbox 305 482 547 565; x_wconf 52' lang='lat' dir='ltr'><strong>perrupit.</strong></span> <span class='ocrx_word' id='word_1_24' title='bbox 581 490 684 565; x_wconf 68' lang='lat' dir='ltr'><strong>Sed</strong></span> <span class='ocrx_word' id='word_1_25' title='bbox 712 482 791 543; x_wconf 80' lang='lat' dir='ltr'><strong>illi</strong></span> <span class='ocrx_word' id='word_1_26' title='bbox 812 489 1129 565; x_wconf 60' lang='lat' dir='ltr'><strong>Itacfapinus</strong></span> <span class='ocrx_word' id='word_1_27' title='bbox 1165 482 1569 565; x_wconf 50' lang='lat' dir='ltr'><strong>constantissime</strong></span> <span class='ocrx_word' id='word_1_28' title='bbox 1610 498 1859 565; x_wconf 75' lang='lat' dir='ltr'><strong>respuen-</strong></span> 
     </span>
    </p>
   </div>
   <div class='ocr_carea' id='block_1_7' title="bbox 304 558 1859 628">
    <p class='ocr_par' dir='ltr' id='par_1_7' title="bbox 304 558 1859 628">
     <span class='ocr_line' id='line_1_7' title="bbox 304 558 1859 628; baseline -0.005 -9"><span class='ocrx_word' id='word_1_29' title='bbox 304 558 385 626; x_wconf 79' lang='lat' dir='ltr'><strong>tes.</strong></span> <span class='ocrx_word' id='word_1_30' title='bbox 424 558 633 617; x_wconf 66' lang='lat' dir='ltr'><strong>catenato</strong></span> <span class='ocrx_word' id='word_1_31' title='bbox 654 562 707 614; x_wconf 85' lang='lat' dir='ltr'><strong>in</strong></span> <span class='ocrx_word' id='word_1_32' title='bbox 757 560 1128 613; x_wconf 79' lang='lat' dir='ltr'><strong>rabidiss‘imam</strong></span> <span class='ocrx_word' id='word_1_33' title='bbox 1172 561 1304 614; x_wconf 87' lang='lat' dir='ltr'><strong>iram</strong></span> <span class='ocrx_word' id='word_1_34' title='bbox 1346 558 1582 625; x_wconf 84' lang='lat' dir='ltr'><strong>barbaro,</strong></span> <span class='ocrx_word' id='word_1_35' title='bbox 1638 560 1859 628; x_wconf 84' lang='lat' dir='ltr'><strong>primum</strong></span> 
     </span>
    </p>
   </div>
   <div class='ocr_carea' id='block_1_8' title="bbox 304 628 1859 704">
    <p class='ocr_par' dir='ltr' id='par_1_8' title="bbox 304 628 1859 704">
     <span class='ocr_line' id='line_1_8' title="bbox 304 628 1859 704; baseline -0.002 -17"><span class='ocrx_word' id='word_1_36' title='bbox 304 633 592 704; x_wconf 84' lang='lat' dir='ltr'><strong>proscripti,</strong></span> <span class='ocrx_word' id='word_1_37' title='bbox 634 631 895 704; x_wconf 70' lang='lat' dir='ltr'><strong>deindeiti‘</strong></span> <span class='ocrx_word' id='word_1_38' title='bbox 920 628 1157 704; x_wconf 47' lang='lat' dir='ltr'><strong>rutilium</strong></span> <span class='ocrx_word' id='word_1_39' title='bbox 1205 631 1324 695; x_wconf 78' lang='lat' dir='ltr'><strong>acti,</strong></span> <span class='ocrx_word' id='word_1_40' title='bbox 1372 640 1480 704; x_wconf 79' lang='lat' dir='ltr'><strong>tum</strong></span> <span class='ocrx_word' id='word_1_41' title='bbox 1528 629 1859 704; x_wconf 73' lang='lat' dir='ltr'><strong>atrocissimis</strong></span> 
     </span>
    </p>
   </div>
   <div class='ocr_carea' id='block_1_9' title="bbox 301 700 1862 771">
    <p class='ocr_par' dir='ltr' id='par_1_9' title="bbox 301 700 1862 771">
     <span class='ocr_line' id='line_1_9' title="bbox 301 700 1862 771; baseline -0.003 -11"><span class='ocrx_word' id='word_1_42' title='bbox 301 700 553 771; x_wconf 63' lang='lat' dir='ltr'><strong>iuppliciis</strong></span> <span class='ocrx_word' id='word_1_43' title='bbox 594 703 889 769; x_wconf 68' lang='lat' dir='ltr'><strong>excruciati,</strong></span> <span class='ocrx_word' id='word_1_44' title='bbox 921 702 988 755; x_wconf 75' lang='lat' dir='ltr'><strong>ad</strong></span> <span class='ocrx_word' id='word_1_45' title='bbox 1028 706 1335 768; x_wconf 82' lang='lat' dir='ltr'><strong>pastremun&#39;t</strong></span> <span class='ocrx_word' id='word_1_46' title='bbox 1374 700 1588 756; x_wconf 73' lang='lat' dir='ltr'><strong>diversis</strong></span> <span class='ocrx_word' id='word_1_47' title='bbox 1619 700 1862 755; x_wconf 81' lang='lat' dir='ltr'><strong>mortibus</strong></span> 
     </span>
    </p>
   </div>
   <div class='ocr_carea' id='block_1_10' title="bbox 300 772 1859 842">
    <p class='ocr_par' dir='ltr' id='par_1_10' title="bbox 300 772 1859 842">
     <span class='ocr_line' id='line_1_10' title="bbox 300 772 1859 842; baseline -0.001 -14"><span class='ocrx_word' id='word_1_48' title='bbox 300 773 569 842; x_wconf 82' lang='lat' dir='ltr'><strong>interempti</strong></span> <span class='ocrx_word' id='word_1_49' title='bbox 621 772 812 842; x_wconf 75' lang='lat' dir='ltr'><strong>illustri</strong></span> <span class='ocrx_word' id='word_1_50' title='bbox 847 774 1092 842; x_wconf 72' lang='lat' dir='ltr'><strong>mrtyrto</strong></span> <span class='ocrx_word' id='word_1_51' title='bbox 1146 772 1448 842; x_wconf 72' lang='lat' dir='ltr'><strong>mirabiliter</strong></span> <span class='ocrx_word' id='word_1_52' title='bbox 1493 772 1859 842; x_wconf 68' lang='lat' dir='ltr'><strong>occubuerunt;</strong></span> 
     </span>
    </p>
   </div>
   <div class='ocr_carea' id='block_1_11' title="bbox 301 836 1862 913">
    <p class='ocr_par' dir='ltr' id='par_1_11' title="bbox 301 836 1862 913">
     <span class='ocr_line' id='line_1_11' title="bbox 301 836 1862 913; baseline -0.004 -12"><span class='ocrx_word' id='word_1_53' title='bbox 301 845 385 901; x_wconf 82' lang='lat' dir='ltr'><strong>llis</strong></span> <span class='ocrx_word' id='word_1_54' title='bbox 408 836 670 912; x_wconf 63' lang='lat' dir='ltr'><strong>subiungit</strong></span> <span class='ocrx_word' id='word_1_55' title='bbox 693 836 831 898; x_wconf 88' lang='lat' dir='ltr'><strong>idem</strong></span> <span class='ocrx_word' id='word_1_56' title='bbox 865 836 1048 897; x_wconf 70' lang='lat' dir='ltr'><strong>auctor</strong></span> <span class='ocrx_word' id='word_1_57' title='bbox 1071 840 1275 913; x_wconf 75' lang='lat' dir='ltr'><strong>Paulini</strong></span> <span class='ocrx_word' id='word_1_58' title='bbox 1302 844 1449 911; x_wconf 89' lang='lat' dir='ltr'><strong>pueri</strong></span> <span class='ocrx_word' id='word_1_59' title='bbox 1472 840 1719 898; x_wconf 86' lang='lat' dir='ltr'><strong>catholici</strong></span> <span class='ocrx_word' id='word_1_60' title='bbox 1741 856 1862 913; x_wconf 45' lang='lat' dir='ltr'><strong>cere</strong></span> 
     </span>
    </p>
   </div>
   <div class='ocr_carea' id='block_1_12' title="bbox 302 908 1859 984">
    <p class='ocr_par' dir='ltr' id='par_1_12' title="bbox 302 908 1859 984">
     <span class='ocr_line' id='line_1_12' title="bbox 302 908 1859 984; baseline -0.002 -14"><span class='ocrx_word' id='word_1_61' title='bbox 302 908 808 984; x_wconf 52' lang='lat' dir='ltr'><strong>tamen,&#39;qui&#39;maiuit</strong></span> <span class='ocrx_word' id='word_1_62' title='bbox 832 908 1093 984; x_wconf 15' lang='lat' dir='ltr'><strong>exgaulico</strong></span> <span class='ocrx_word' id='word_1_63' title='bbox 1118 908 1380 969; x_wconf 77' lang='lat' dir='ltr'><strong>ditissima</strong></span> <span class='ocrx_word' id='word_1_64' title='bbox 1405 914 1510 968; x_wconf 89' lang='lat' dir='ltr'><strong>vile</strong></span> <span class='ocrx_word' id='word_1_65' title='bbox 1533 924 1629 984; x_wconf 85' lang='lat' dir='ltr'><strong>pro</strong></span> <span class='ocrx_word' id='word_1_66' title='bbox 1659 908 1859 968; x_wconf 78' lang='lat' dir='ltr'><strong>Christi</strong></span> 
     </span>
    </p>
   </div>
   <div class='ocr_carea' id='block_1_13' title="bbox 304 983 1859 1053">
    <p class='ocr_par' dir='ltr' id='par_1_13' title="bbox 304 983 1859 1053">
     <span class='ocr_line' id='line_1_13' title="bbox 304 983 1859 1053; baseline -0.001 -13"><span class='ocrx_word' id='word_1_67' title='bbox 304 985 506 1040; x_wconf 84' lang='lat' dir='ltr'><strong>nomine</strong></span> <span class='ocrx_word' id='word_1_68' title='bbox 534 983 850 1053; x_wconf 77' lang='lat' dir='ltr'><strong>mancipium</strong></span> <span class='ocrx_word' id='word_1_69' title='bbox 881 983 1016 1049; x_wconf 80' lang='lat' dir='ltr'><strong>ﬁeri,</strong></span> <span class='ocrx_word' id='word_1_70' title='bbox 1048 996 1204 1051; x_wconf 84' lang='lat' dir='ltr'><strong>quam</strong></span> <span class='ocrx_word' id='word_1_71' title='bbox 1236 984 1448 1053; x_wconf 76' lang='lat' dir='ltr'><strong>eiurare</strong></span> <span class='ocrx_word' id='word_1_72' title='bbox 1476 983 1595 1038; x_wconf 83' lang='lat' dir='ltr'><strong>ildei</strong></span> <span class='ocrx_word' id='word_1_73' title='bbox 1629 984 1859 1039; x_wconf 86' lang='lat' dir='ltr'><strong>catholi-</strong></span> 
     </span>
    </p>
   </div>
   <div class='ocr_carea' id='block_1_14' title="bbox 298 1053 1859 1127">
    <p class='ocr_par' dir='ltr' id='par_1_14' title="bbox 298 1053 1859 1127">
     <span class='ocr_line' id='line_1_14' title="bbox 298 1053 1859 1127; baseline -0.003 -15"><span class='ocrx_word' id='word_1_74' title='bbox 298 1072 368 1112; x_wconf 71' lang='lat' dir='ltr'><strong>ca:</strong></span> <span class='ocrx_word' id='word_1_75' title='bbox 396 1055 798 1127; x_wconf 64' lang='lat' dir='ltr'><strong>professionem.</strong></span> <span class='ocrx_word' id='word_1_76' title='bbox 854 1053 1207 1127; x_wconf 70' lang='lat' dir='ltr'><strong>Puer-autern,</strong></span> <span class='ocrx_word' id='word_1_77' title='bbox 1235 1055 1427 1127; x_wconf 79' lang='lat' dir='ltr'><strong>inquit,</strong></span> <span class='ocrx_word' id='word_1_78' title='bbox 1457 1053 1715 1127; x_wconf 79' lang='lat' dir='ltr'><strong>Paulittus</strong></span> <span class='ocrx_word' id='word_1_79' title='bbox 1769 1071 1859 1108; x_wconf 84' lang='lat' dir='ltr'><strong>uo-</strong></span> 
     </span>
    </p>
   </div>
   <div class='ocr_carea' id='block_1_15' title="bbox 298 1124 1859 1197">
    <p class='ocr_par' dir='ltr' id='par_1_15' title="bbox 298 1124 1859 1197">
     <span class='ocr_line' id='line_1_15' title="bbox 298 1124 1859 1197; baseline -0.002 -16"><span class='ocrx_word' id='word_1_80' title='bbox 298 1124 441 1192; x_wconf 71' lang='lat' dir='ltr'><strong>mine,</strong></span> <span class='ocrx_word' id='word_1_81' title='bbox 495 1130 656 1197; x_wconf 75' lang='lat' dir='ltr'><strong>frater</strong></span> <span class='ocrx_word' id='word_1_82' title='bbox 705 1124 1018 1196; x_wconf 76' lang='lat' dir='ltr'><strong>Eutycttiaui</strong></span> <span class='ocrx_word' id='word_1_83' title='bbox 1054 1134 1101 1179; x_wconf 79' lang='lat' dir='ltr'><strong>et</strong></span> <span class='ocrx_word' id='word_1_84' title='bbox 1146 1125 1437 1189; x_wconf 65' lang='lat' dir='ltr'><strong>Parrhasii,</strong></span> <span class='ocrx_word' id='word_1_85' title='bbox 1494 1138 1587 1197; x_wconf 83' lang='lat' dir='ltr'><strong>pro</strong></span> <span class='ocrx_word' id='word_1_86' title='bbox 1608 1125 1859 1196; x_wconf 69' lang='lat' dir='ltr'><strong>elegantia</strong></span> 
     </span>
    </p>
   </div>
   <div class='ocr_carea' id='block_1_16' title="bbox 298 1196 1860 1269">
    <p class='ocr_par' dir='ltr' id='par_1_16' title="bbox 298 1196 1860 1269">
     <span class='ocr_line' id='line_1_16' title="bbox 298 1196 1860 1269; baseline 0 -19"><span class='ocrx_word' id='word_1_87' title='bbox 298 1200 466 1267; x_wconf 67' lang='lat' dir='ltr'><strong>{ornus</strong></span> <span class='ocrx_word' id='word_1_88' title='bbox 492 1196 642 1266; x_wconf 72' lang='lat' dir='ltr'><strong>atque</strong></span> <span class='ocrx_word' id='word_1_89' title='bbox 688 1197 874 1269; x_wconf 79' lang='lat' dir='ltr'><strong>ingenii</strong></span> <span class='ocrx_word' id='word_1_90' title='bbox 919 1197 1195 1269; x_wconf 78' lang='lat' dir='ltr'><strong>admodum</strong></span> <span class='ocrx_word' id='word_1_91' title='bbox 1244 1197 1349 1269; x_wconf 81' lang='lat' dir='ltr'><strong>regi</strong></span> <span class='ocrx_word' id='word_1_92' title='bbox 1388 1196 1623 1269; x_wconf 78' lang='lat' dir='ltr'><strong>acceptus</strong></span> <span class='ocrx_word' id='word_1_93' title='bbox 1647 1236 1662 1263; x_wconf 93' lang='lat'><strong>,</strong></span> <span class='ocrx_word' id='word_1_94' title='bbox 1688 1211 1807 1269; x_wconf 72' lang='lat' dir='ltr'><strong>cunt</strong></span> <span class='ocrx_word' id='word_1_95' title='bbox 1827 1211 1860 1250; x_wconf 89' lang='lat' dir='ltr'><strong><em>a</em></strong></span> 
     </span>
    </p>
   </div>
   <div class='ocr_carea' id='block_1_17' title="bbox 298 1264 1861 1391">
    <p class='ocr_par' dir='ltr' id='par_1_17' title="bbox 298 1264 1861 1391">
     <span class='ocr_line' id='line_1_17' title="bbox 298 1264 1861 1391; baseline -0.001 -69"><span class='ocrx_word' id='word_1_96' title='bbox 298 1264 601 1391; x_wconf 49' lang='lat' dir='ltr'><strong>prolessione</strong></span> <span class='ocrx_word' id='word_1_97' title='bbox 621 1264 772 1336; x_wconf 67' lang='lat' dir='ltr'><strong>atque</strong></span> <span class='ocrx_word' id='word_1_98' title='bbox 792 1284 964 1322; x_wconf 83' lang='lat' dir='ltr'><strong>amore</strong></span> <span class='ocrx_word' id='word_1_99' title='bbox 994 1267 1256 1321; x_wconf 69' lang='lat' dir='ltr'><strong>catholicae</strong></span> <span class='ocrx_word' id='word_1_100' title='bbox 1277 1264 1398 1335; x_wconf 80' lang='lat' dir='ltr'><strong>ﬁdei</strong></span> <span class='ocrx_word' id='word_1_101' title='bbox 1425 1266 1581 1320; x_wconf 80' lang='lat' dir='ltr'><strong>nullis</strong></span> <span class='ocrx_word' id='word_1_102' title='bbox 1604 1268 1753 1320; x_wconf 83' lang='lat' dir='ltr'><strong>minis</strong></span> <span class='ocrx_word' id='word_1_103' title='bbox 1775 1264 1861 1320; x_wconf 72' lang='lat' dir='ltr'><strong>deo</strong></span> 
     </span>
     <span class='ocr_line' id='line_1_18' title="bbox 298 1336 1860 1391; baseline 0 0"><span class='ocrx_word' id='word_1_104' title='bbox 298 1347 371 1391; x_wconf 79' lang='lat' dir='ltr'><strong>tur</strong></span> <span class='ocrx_word' id='word_1_105' title='bbox 405 1340 482 1391; x_wconf 78' lang='lat' dir='ltr'><strong>ari</strong></span> <span class='ocrx_word' id='word_1_106' title='bbox 500 1346 685 1391; x_wconf 77' lang='lat' dir='ltr'><strong>posset.</strong></span> <span class='ocrx_word' id='word_1_107' title='bbox 706 1338 920 1391; x_wconf 72' lang='lat' dir='ltr'><strong>fustibus</strong></span> <span class='ocrx_word' id='word_1_108' title='bbox 941 1338 1028 1391; x_wconf 81' lang='lat' dir='ltr'><strong>diu</strong></span> <span class='ocrx_word' id='word_1_109' title='bbox 1040 1350 1220 1391; x_wconf 64' lang='lat' dir='ltr'><strong>casus.</strong></span> <span class='ocrx_word' id='word_1_110' title='bbox 1236 1347 1282 1391; x_wconf 84' lang='lat' dir='ltr'><strong>et</strong></span> <span class='ocrx_word' id='word_1_111' title='bbox 1306 1337 1373 1390; x_wconf 81' lang='lat' dir='ltr'><strong>ad</strong></span> <span class='ocrx_word' id='word_1_112' title='bbox 1397 1338 1625 1391; x_wconf 82' lang='lat' dir='ltr'><strong>intimam</strong></span> <span class='ocrx_word' id='word_1_113' title='bbox 1643 1336 1860 1391; x_wconf 76' lang='lat' dir='ltr'><strong>servitu-</strong></span> 
     </span>
    </p>
   </div>
   <div class='ocr_carea' id='block_1_18' title="bbox 298 1336 1860 1408">
    <p class='ocr_par' dir='ltr' id='par_1_18' title="bbox 298 1336 1860 1408">
     <span class='ocr_line' id='line_1_19' title="bbox 298 1336 1860 1408; baseline 0 -17"><span class='ocrx_word' id='word_1_114' title='bbox 298 1336 482 1392; x_wconf 76' lang='lat' dir='ltr'><strong>turbsri</strong></span> <span class='ocrx_word' id='word_1_115' title='bbox 500 1346 685 1406; x_wconf 80' lang='lat' dir='ltr'><strong>passet,</strong></span> <span class='ocrx_word' id='word_1_116' title='bbox 704 1338 920 1408; x_wconf 69' lang='lat' dir='ltr'><strong>fustibus</strong></span> <span class='ocrx_word' id='word_1_117' title='bbox 941 1338 1028 1391; x_wconf 81' lang='lat' dir='ltr'><strong>diu</strong></span> <span class='ocrx_word' id='word_1_118' title='bbox 1040 1350 1220 1401; x_wconf 64' lang='lat' dir='ltr'><strong>casus,</strong></span> <span class='ocrx_word' id='word_1_119' title='bbox 1236 1347 1282 1392; x_wconf 85' lang='lat' dir='ltr'><strong>et</strong></span> <span class='ocrx_word' id='word_1_120' title='bbox 1306 1337 1373 1390; x_wconf 81' lang='lat' dir='ltr'><strong>ad</strong></span> <span class='ocrx_word' id='word_1_121' title='bbox 1397 1338 1625 1405; x_wconf 77' lang='lat' dir='ltr'><strong>inﬁmam</strong></span> <span class='ocrx_word' id='word_1_122' title='bbox 1643 1336 1860 1391; x_wconf 76' lang='lat' dir='ltr'><strong>servitu-</strong></span> 
     </span>
    </p>
   </div>
   <div class='ocr_carea' id='block_1_19' title="bbox 294 1408 1862 1479">
    <p class='ocr_par' dir='ltr' id='par_1_19' title="bbox 294 1408 1862 1479">
     <span class='ocr_line' id='line_1_20' title="bbox 294 1408 1862 1479; baseline 0 -16"><span class='ocrx_word' id='word_1_123' title='bbox 294 1418 387 1463; x_wconf 73' lang='lat' dir='ltr'><strong>tem</strong></span> <span class='ocrx_word' id='word_1_124' title='bbox 411 1410 681 1463; x_wconf 77' lang='lat' dir='ltr'><strong>damnatas</strong></span> <span class='ocrx_word' id='word_1_125' title='bbox 702 1416 776 1464; x_wconf 79' lang='lat' dir='ltr'><strong>est</strong></span> <span class='ocrx_word' id='word_1_126' title='bbox 797 1408 971 1471; x_wconf 78' lang='lat' dir='ltr'><strong>:‘idea,</strong></span> <span class='ocrx_word' id='word_1_127' title='bbox 1002 1415 1056 1461; x_wconf 88' lang='lat' dir='ltr'><strong>ut</strong></span> <span class='ocrx_word' id='word_1_128' title='bbox 1083 1416 1313 1479; x_wconf 76' lang='lat' dir='ltr'><strong><em>apparet,</em></strong></span> <span class='ocrx_word' id='word_1_129' title='bbox 1336 1422 1447 1479; x_wconf 13' lang='lat' dir='ltr'><strong>non,</strong></span> <span class='ocrx_word' id='word_1_130' title='bbox 1468 1410 1782 1478; x_wconf 71' lang='lat' dir='ltr'><strong>interfectus,</strong></span> <span class='ocrx_word' id='word_1_131' title='bbox 1801 1423 1862 1463; x_wconf 84' lang='lat' dir='ltr'><strong>ns</strong></span> 
     </span>
    </p>
   </div>
   <div class='ocr_carea' id='block_1_20' title="bbox 297 1478 1856 1549">
    <p class='ocr_par' dir='ltr' id='par_1_20' title="bbox 297 1478 1856 1549">
     <span class='ocr_line' id='line_1_21' title="bbox 297 1478 1856 1549; baseline -0.001 -16"><span class='ocrx_word' id='word_1_132' title='bbox 297 1481 355 1534; x_wconf 81' lang='lat' dir='ltr'><strong>de</strong></span> <span class='ocrx_word' id='word_1_133' title='bbox 366 1490 599 1546; x_wconf 82' lang='lat' dir='ltr'><strong>superata</strong></span> <span class='ocrx_word' id='word_1_134' title='bbox 611 1482 805 1534; x_wconf 76' lang='lat' dir='ltr'><strong>mitia</strong></span> <span class='ocrx_word' id='word_1_135' title='bbox 818 1480 960 1549; x_wconf 80' lang='lat' dir='ltr'><strong>impii</strong></span> <span class='ocrx_word' id='word_1_136' title='bbox 978 1478 1281 1549; x_wconf 80' lang='lat' dir='ltr'><strong>regisetiam</strong></span> <span class='ocrx_word' id='word_1_137' title='bbox 1291 1488 1415 1549; x_wconf 67' lang='lat' dir='ltr'><strong>atas</strong></span> <span class='ocrx_word' id='word_1_138' title='bbox 1430 1478 1521 1531; x_wconf 86' lang='lat' dir='ltr'><strong>illa</strong></span> <span class='ocrx_word' id='word_1_139' title='bbox 1534 1478 1856 1548; x_wconf 79' lang='lat' dir='ltr'><strong>gtoriaretur.</strong></span> 
     </span>
    </p>
   </div>
   <div class='ocr_carea' id='block_1_21' title="bbox 358 1548 1859 1607">
    <p class='ocr_par' dir='ltr' id='par_1_21' title="bbox 358 1548 1859 1607">
     <span class='ocr_line' id='line_1_22' title="bbox 358 1548 1859 1607; baseline -0.001 -2"><span class='ocrx_word' id='word_1_140' title='bbox 358 1549 409 1605; x_wconf 79' lang='grc' dir='ltr'><strong>ο.</strong></span> <span class='ocrx_word' id='word_1_141' title='bbox 431 1550 631 1605; x_wconf 84' lang='lat' dir='ltr'><strong>Horum</strong></span> <span class='ocrx_word' id='word_1_142' title='bbox 654 1560 962 1607; x_wconf 88' lang='lat' dir='ltr'><strong>sanctorum</strong></span> <span class='ocrx_word' id='word_1_143' title='bbox 994 1548 1306 1605; x_wconf 72' lang='lat' dir='ltr'><strong>memoriam</strong></span> <span class='ocrx_word' id='word_1_144' title='bbox 1328 1548 1601 1604; x_wconf 81' lang='lat' dir='ltr'><strong>celebrant</strong></span> <span class='ocrx_word' id='word_1_145' title='bbox 1621 1558 1859 1605; x_wconf 87' lang='lat' dir='ltr'><strong>veterum</strong></span> 
     </span>
    </p>
   </div>
   <div class='ocr_carea' id='block_1_22' title="bbox 294 1620 1861 1691">
    <p class='ocr_par' dir='ltr' id='par_1_22' title="bbox 294 1620 1861 1691">
     <span class='ocr_line' id='line_1_23' title="bbox 294 1620 1861 1691; baseline 0 -16"><span class='ocrx_word' id='word_1_146' title='bbox 294 1620 442 1675; x_wconf 88' lang='lat' dir='ltr'><strong>simul</strong></span> <span class='ocrx_word' id='word_1_147' title='bbox 470 1630 526 1676; x_wconf 90' lang='lat' dir='ltr'><strong>et</strong></span> <span class='ocrx_word' id='word_1_148' title='bbox 546 1623 907 1677; x_wconf 88' lang='lat' dir='ltr'><strong>recentiorum</strong></span> <span class='ocrx_word' id='word_1_149' title='bbox 936 1621 1435 1691; x_wconf 83' lang='lat' dir='ltr'><strong>martyrologiorum</strong></span> <span class='ocrx_word' id='word_1_150' title='bbox 1456 1621 1766 1689; x_wconf 83' lang='lat' dir='ltr'><strong>scriptores,</strong></span> <span class='ocrx_word' id='word_1_151' title='bbox 1793 1634 1861 1676; x_wconf 83' lang='lat' dir='ltr'><strong>ex</strong></span> 
     </span>
    </p>
   </div>
   <div class='ocr_carea' id='block_1_23' title="bbox 294 1691 1862 1762">
    <p class='ocr_par' dir='ltr' id='par_1_23' title="bbox 294 1691 1862 1762">
     <span class='ocr_line' id='line_1_24' title="bbox 294 1691 1862 1762; baseline 0.001 -17"><span class='ocrx_word' id='word_1_152' title='bbox 294 1694 481 1762; x_wconf 90' lang='lat' dir='ltr'><strong>quibus</strong></span> <span class='ocrx_word' id='word_1_153' title='bbox 511 1691 633 1746; x_wconf 85' lang='lat' dir='ltr'><strong>Ado</strong></span> <span class='ocrx_word' id='word_1_154' title='bbox 665 1693 837 1748; x_wconf 90' lang='lat' dir='ltr'><strong>locum</strong></span> <span class='ocrx_word' id='word_1_155' title='bbox 886 1692 1135 1760; x_wconf 88' lang='lat' dir='ltr'><strong>Prosperi</strong></span> <span class='ocrx_word' id='word_1_156' title='bbox 1174 1692 1435 1760; x_wconf 74' lang='lat' dir='ltr'><strong>integrum</strong></span> <span class='ocrx_word' id='word_1_157' title='bbox 1481 1691 1862 1762; x_wconf 81' lang='lat' dir='ltr'><strong>martyrologio</strong></span> 
     </span>
    </p>
   </div>
   <div class='ocr_carea' id='block_1_24' title="bbox 292 1762 1859 1832">
    <p class='ocr_par' dir='ltr' id='par_1_24' title="bbox 292 1762 1859 1832">
     <span class='ocr_line' id='line_1_25' title="bbox 292 1762 1859 1832; baseline 0 -17"><span class='ocrx_word' id='word_1_158' title='bbox 292 1774 384 1816; x_wconf 86' lang='lat' dir='ltr'><strong>suo</strong></span> <span class='ocrx_word' id='word_1_159' title='bbox 414 1762 642 1818; x_wconf 78' lang='lat' dir='ltr'><strong>inseruit</strong></span> <span class='ocrx_word' id='word_1_160' title='bbox 667 1762 733 1818; x_wconf 86' lang='lat' dir='ltr'><strong>ad</strong></span> <span class='ocrx_word' id='word_1_161' title='bbox 763 1764 904 1819; x_wconf 84' lang='lat' dir='ltr'><strong>diem</strong></span> <span class='ocrx_word' id='word_1_162' title='bbox 946 1764 1014 1818; x_wconf 80' lang='grc'><strong>15</strong></span> <span class='ocrx_word' id='word_1_163' title='bbox 1048 1762 1386 1829; x_wconf 77' lang='lat' dir='ltr'><strong>Novembris,</strong></span> <span class='ocrx_word' id='word_1_164' title='bbox 1409 1763 1549 1832; x_wconf 84' lang='lat' dir='ltr'><strong>quod</strong></span> <span class='ocrx_word' id='word_1_165' title='bbox 1598 1771 1651 1815; x_wconf 89' lang='lat' dir='ltr'><strong>ct</strong></span> <span class='ocrx_word' id='word_1_166' title='bbox 1676 1772 1859 1832; x_wconf 83' lang='lat' dir='ltr'><strong>postea</strong></span> 
     </span>
    </p>
   </div>
   <div class='ocr_carea' id='block_1_25' title="bbox 292 1831 1861 1906">
    <p class='ocr_par' dir='ltr' id='par_1_25' title="bbox 292 1831 1861 1906">
     <span class='ocr_line' id='line_1_26' title="bbox 292 1831 1861 1906; baseline 0 -19"><span class='ocrx_word' id='word_1_167' title='bbox 292 1832 342 1906; x_wconf 85' lang='lat' dir='ltr'><strong>in</strong></span> <span class='ocrx_word' id='word_1_168' title='bbox 398 1833 900 1906; x_wconf 13' lang='lat' dir='ltr'><strong>Rotuanoiquoque</strong></span> <span class='ocrx_word' id='word_1_169' title='bbox 953 1834 1330 1906; x_wconf 71' lang='lat' dir='ltr'><strong>Mztrtyrologio</strong></span> <span class='ocrx_word' id='word_1_170' title='bbox 1391 1831 1586 1887; x_wconf 75' lang='lat' dir='ltr'><strong>factum</strong></span> <span class='ocrx_word' id='word_1_171' title='bbox 1624 1844 1740 1906; x_wconf 83' lang='lat' dir='ltr'><strong>est.</strong></span> <span class='ocrx_word' id='word_1_172' title='bbox 1793 1831 1861 1887; x_wconf 83' lang='lat' dir='ltr'><strong>At</strong></span> 
     </span>
    </p>
   </div>
   <div class='ocr_carea' id='block_1_26' title="bbox 294 1902 1864 1973">
    <p class='ocr_par' dir='ltr' id='par_1_26' title="bbox 294 1902 1864 1973">
     <span class='ocr_line' id='line_1_27' title="bbox 294 1902 1864 1973; baseline -0.002 -14"><span class='ocrx_word' id='word_1_173' title='bbox 294 1903 561 1959; x_wconf 85' lang='lat' dir='ltr'><strong>Usuardus</strong></span> <span class='ocrx_word' id='word_1_174' title='bbox 590 1902 763 1960; x_wconf 80' lang='lat' dir='ltr'><strong>solum</strong></span> <span class='ocrx_word' id='word_1_175' title='bbox 785 1902 847 1960; x_wconf 76' lang='lat' dir='ltr'><strong>ea</strong></span> <span class='ocrx_word' id='word_1_176' title='bbox 878 1902 1061 1959; x_wconf 87' lang='lat' dir='ltr'><strong>retulit</strong></span> <span class='ocrx_word' id='word_1_177' title='bbox 1081 1902 1197 1973; x_wconf 75' lang='lat' dir='ltr'><strong>qute</strong></span> <span class='ocrx_word' id='word_1_178' title='bbox 1217 1904 1280 1957; x_wconf 89' lang='lat' dir='ltr'><strong>ad</strong></span> <span class='ocrx_word' id='word_1_179' title='bbox 1300 1915 1528 1973; x_wconf 91' lang='lat' dir='ltr'><strong>quatuor</strong></span> <span class='ocrx_word' id='word_1_180' title='bbox 1556 1904 1762 1973; x_wconf 81' lang='lat' dir='ltr'><strong>priores</strong></span> <span class='ocrx_word' id='word_1_181' title='bbox 1780 1914 1864 1957; x_wconf 83' lang='lat' dir='ltr'><strong>at-</strong></span> 
     </span>
    </p>
   </div>
   <div class='ocr_carea' id='block_1_27' title="bbox 288 1976 1861 2041">
    <p class='ocr_par' dir='ltr' id='par_1_27' title="bbox 288 1976 1861 2041">
     <span class='ocr_line' id='line_1_28' title="bbox 288 1976 1861 2041; baseline 0.001 -13"><span class='ocrx_word' id='word_1_182' title='bbox 288 1976 485 2040; x_wconf 89' lang='lat' dir='ltr'><strong>tinem,</strong></span> <span class='ocrx_word' id='word_1_183' title='bbox 516 1976 659 2030; x_wconf 84' lang='lat' dir='ltr'><strong>nihil</strong></span> <span class='ocrx_word' id='word_1_184' title='bbox 702 1976 769 2031; x_wconf 87' lang='lat' dir='ltr'><strong>de</strong></span> <span class='ocrx_word' id='word_1_185' title='bbox 812 1976 1033 2030; x_wconf 80' lang='lat' dir='ltr'><strong>Paulillo</strong></span> <span class='ocrx_word' id='word_1_186' title='bbox 1082 1989 1543 2041; x_wconf 87' lang='lat' dir='ltr'><strong>commemorans,</strong></span> <span class='ocrx_word' id='word_1_187' title='bbox 1576 1978 1716 2029; x_wconf 92' lang='lat' dir='ltr'><strong>sicut</strong></span> <span class='ocrx_word' id='word_1_188' title='bbox 1763 1988 1861 2030; x_wconf 86' lang='lat' dir='ltr'><strong>nec</strong></span> 
     </span>
    </p>
   </div>
   <div class='ocr_carea' id='block_1_28' title="bbox 286 2044 1861 2117">
    <p class='ocr_par' dir='ltr' id='par_1_28' title="bbox 286 2044 1861 2117">
     <span class='ocr_line' id='line_1_29' title="bbox 286 2044 1861 2117; baseline 0.001 -18"><span class='ocrx_word' id='word_1_189' title='bbox 286 2044 485 2112; x_wconf 77' lang='lat' dir='ltr'><strong>Florus,</strong></span> <span class='ocrx_word' id='word_1_190' title='bbox 519 2050 584 2101; x_wconf 87' lang='lat' dir='ltr'><strong>in</strong></span> <span class='ocrx_word' id='word_1_191' title='bbox 626 2050 777 2114; x_wconf 81' lang='lat' dir='ltr'><strong>cujus</strong></span> <span class='ocrx_word' id='word_1_192' title='bbox 816 2046 1201 2117; x_wconf 84' lang='lat' dir='ltr'><strong>martyroiogio</strong></span> <span class='ocrx_word' id='word_1_193' title='bbox 1246 2044 1403 2117; x_wconf 76' lang='lat' dir='ltr'><strong>iidem</strong></span> <span class='ocrx_word' id='word_1_194' title='bbox 1448 2045 1618 2117; x_wconf 81' lang='lat' dir='ltr'><strong>sancti</strong></span> <span class='ocrx_word' id='word_1_195' title='bbox 1661 2047 1861 2109; x_wconf 85' lang='lat' dir='ltr'><strong>pariter</strong></span> 
     </span>
    </p>
   </div>
   <div class='ocr_carea' id='block_1_29' title="bbox 286 2114 1862 2182">
    <p class='ocr_par' dir='ltr' id='par_1_29' title="bbox 286 2114 1862 2182">
     <span class='ocr_line' id='line_1_30' title="bbox 286 2114 1862 2182; baseline 0 -11"><span class='ocrx_word' id='word_1_196' title='bbox 286 2128 656 2181; x_wconf 80' lang='lat' dir='ltr'><strong>recensentur.</strong></span> <span class='ocrx_word' id='word_1_197' title='bbox 687 2118 779 2172; x_wconf 89' lang='lat' dir='ltr'><strong>sed</strong></span> <span class='ocrx_word' id='word_1_198' title='bbox 812 2118 897 2172; x_wconf 86' lang='lat' dir='ltr'><strong>die</strong></span> <span class='ocrx_word' id='word_1_199' title='bbox 935 2114 1280 2181; x_wconf 52' lang='lat' dir='ltr'><strong>p&#39;rtecedenti.</strong></span> <span class='ocrx_word' id='word_1_200' title='bbox 1322 2114 1396 2169; x_wconf 90' lang='lat' dir='ltr'><strong>lbi</strong></span> <span class='ocrx_word' id='word_1_201' title='bbox 1426 2116 1611 2182; x_wconf 85' lang='lat' dir='ltr'><strong>etiam,</strong></span> <span class='ocrx_word' id='word_1_202' title='bbox 1643 2118 1781 2171; x_wconf 87' lang='lat' dir='ltr'><strong>sicut</strong></span> <span class='ocrx_word' id='word_1_203' title='bbox 1804 2126 1862 2174; x_wconf 90' lang='lat' dir='ltr'><strong>et</strong></span> 
     </span>
    </p>
   </div>
   <div class='ocr_carea' id='block_1_30' title="bbox 288 2186 1861 2257">
    <p class='ocr_par' dir='ltr' id='par_1_30' title="bbox 288 2186 1861 2257">
     <span class='ocr_line' id='line_1_31' title="bbox 288 2186 1861 2257; baseline 0.001 -16"><span class='ocrx_word' id='word_1_204' title='bbox 288 2186 336 2241; x_wconf 87' lang='lat' dir='ltr'><strong>in</strong></span> <span class='ocrx_word' id='word_1_205' title='bbox 377 2189 662 2243; x_wconf 79' lang='lat' dir='ltr'><strong>Canisianzt</strong></span> <span class='ocrx_word' id='word_1_206' title='bbox 708 2188 959 2257; x_wconf 88' lang='lat' dir='ltr'><strong>Prosperi</strong></span> <span class='ocrx_word' id='word_1_207' title='bbox 1005 2186 1257 2241; x_wconf 86' lang='lat' dir='ltr'><strong>Chronici</strong></span> <span class='ocrx_word' id='word_1_208' title='bbox 1304 2186 1561 2252; x_wconf 75' lang='lat' dir='ltr'><strong>editione,</strong></span> <span class='ocrx_word' id='word_1_209' title='bbox 1592 2188 1679 2255; x_wconf 89' lang='lat' dir='ltr'><strong>qui</strong></span> <span class='ocrx_word' id='word_1_210' title='bbox 1721 2189 1861 2244; x_wconf 87' lang='lat' dir='ltr'><strong>inter</strong></span> 
     </span>
    </p>
   </div>
   <div class='ocr_carea' id='block_1_31' title="bbox 199 2257 1861 2329">
    <p class='ocr_par' dir='ltr' id='par_1_31' title="bbox 199 2257 1861 2329">
     <span class='ocr_line' id='line_1_32' title="bbox 199 2257 1861 2329; baseline -0.002 -14"><span class='ocrx_word' id='word_1_211' title='bbox 199 2303 209 2315; x_wconf 86' lang='lat'><strong>.</strong></span> <span class='ocrx_word' id='word_1_212' title='bbox 287 2259 422 2326; x_wconf 88' lang='lat' dir='ltr'><strong>ipsos</strong></span> <span class='ocrx_word' id='word_1_213' title='bbox 451 2270 684 2329; x_wconf 77' lang='lat' dir='ltr'><strong>quartus</strong></span> <span class='ocrx_word' id='word_1_214' title='bbox 707 2261 807 2314; x_wconf 90' lang='lat' dir='ltr'><strong>sub</strong></span> <span class='ocrx_word' id='word_1_215' title='bbox 835 2260 1049 2314; x_wconf 80' lang='lat' dir='ltr'><strong>nomine</strong></span> <span class='ocrx_word' id='word_1_216' title='bbox 1077 2257 1387 2329; x_wconf 84' lang='lat' dir='ltr'><strong>Entychiani</strong></span> <span class='ocrx_word' id='word_1_217' title='bbox 1417 2270 1861 2329; x_wconf 27' lang='lat' dir='ltr'><strong>recensetur,.ap-</strong></span> 
     </span>
    </p>
   </div>
   <div class='ocr_carea' id='block_1_32' title="bbox 289 2324 1862 2401">
    <p class='ocr_par' dir='ltr' id='par_1_32' title="bbox 289 2324 1862 2401">
     <span class='ocr_line' id='line_1_33' title="bbox 289 2324 1862 2401; baseline 0.001 -18"><span class='ocrx_word' id='word_1_218' title='bbox 289 2324 507 2397; x_wconf 76' lang='lat' dir='ltr'><strong>pellatur</strong></span> <span class='ocrx_word' id='word_1_219' title='bbox 534 2330 838 2401; x_wconf 73' lang='lat' dir='ltr'><strong>Eutychius.</strong></span> <span class='ocrx_word' id='word_1_220' title='bbox 874 2324 1194 2384; x_wconf 80' lang='lat' dir='ltr'><strong>Eorumdeni</strong></span> <span class='ocrx_word' id='word_1_221' title='bbox 1223 2328 1418 2401; x_wconf 80' lang='lat' dir='ltr'><strong>Christi</strong></span> <span class='ocrx_word' id='word_1_222' title='bbox 1455 2324 1862 2401; x_wconf 45' lang='lat' dir='ltr'><strong>martyrutn&#39;i&#39;c.</strong></span> 
     </span>
    </p>
   </div>
   <div class='ocr_carea' id='block_1_33' title="bbox 287 2399 1858 2467">
    <p class='ocr_par' dir='ltr' id='par_1_33' title="bbox 287 2399 1858 2467">
     <span class='ocr_line' id='line_1_34' title="bbox 287 2399 1858 2467; baseline 0 -13"><span class='ocrx_word' id='word_1_223' title='bbox 287 2401 576 2456; x_wconf 84' lang='lat' dir='ltr'><strong>stivitatem</strong></span> <span class='ocrx_word' id='word_1_224' title='bbox 598 2443 613 2467; x_wconf 91' lang='lat'><strong>,</strong></span> <span class='ocrx_word' id='word_1_225' title='bbox 645 2399 812 2456; x_wconf 74' lang='lat' dir='ltr'><strong>veluti</strong></span> <span class='ocrx_word' id='word_1_226' title='bbox 840 2415 1057 2456; x_wconf 87' lang='lat' dir='ltr'><strong>suorum</strong></span> <span class='ocrx_word' id='word_1_227' title='bbox 1104 2399 1426 2465; x_wconf 89' lang='lat' dir='ltr'><strong>concivium,</strong></span> <span class='ocrx_word' id='word_1_228' title='bbox 1460 2399 1733 2453; x_wconf 83' lang='lat' dir='ltr'><strong>celebrant</strong></span> <span class='ocrx_word' id='word_1_229' title='bbox 1762 2400 1858 2454; x_wconf 81' lang='lat' dir='ltr'><strong>ili-</strong></span> 
     </span>
    </p>
   </div>
   <div class='ocr_carea' id='block_1_34' title="bbox 288 2470 1857 2542">
    <p class='ocr_par' dir='ltr' id='par_1_34' title="bbox 288 2470 1857 2542">
     <span class='ocr_line' id='line_1_35' title="bbox 288 2470 1857 2542; baseline 0 -18"><span class='ocrx_word' id='word_1_230' title='bbox 288 2474 483 2541; x_wconf 81' lang='lat' dir='ltr'><strong>spania:</strong></span> <span class='ocrx_word' id='word_1_231' title='bbox 513 2474 835 2542; x_wconf 83' lang='lat' dir='ltr'><strong>scriptores.</strong></span> <span class='ocrx_word' id='word_1_232' title='bbox 872 2472 936 2526; x_wconf 83' lang='lat' dir='ltr'><strong>Et</strong></span> <span class='ocrx_word' id='word_1_233' title='bbox 965 2471 1157 2525; x_wconf 90' lang='lat' dir='ltr'><strong>merito</strong></span> <span class='ocrx_word' id='word_1_234' title='bbox 1184 2470 1422 2538; x_wconf 87' lang='lat' dir='ltr'><strong>quidem.</strong></span> <span class='ocrx_word' id='word_1_235' title='bbox 1455 2470 1561 2524; x_wconf 84' lang='lat' dir='ltr'><strong>Eos</strong></span> <span class='ocrx_word' id='word_1_236' title='bbox 1587 2470 1729 2525; x_wconf 88' lang='lat' dir='ltr'><strong>enim</strong></span> <span class='ocrx_word' id='word_1_237' title='bbox 1764 2471 1857 2526; x_wconf 85' lang='lat' dir='ltr'><strong>ili-</strong></span> 
     </span>
    </p>
   </div>
   <div class='ocr_carea' id='block_1_35' title="bbox 290 2542 1858 2611">
    <p class='ocr_par' dir='ltr' id='par_1_35' title="bbox 290 2542 1858 2611">
     <span class='ocr_line' id='line_1_36' title="bbox 290 2542 1858 2611; baseline 0.001 -17"><span class='ocrx_word' id='word_1_238' title='bbox 290 2557 480 2609; x_wconf 79' lang='lat' dir='ltr'><strong>spanos</strong></span> <span class='ocrx_word' id='word_1_239' title='bbox 537 2544 723 2609; x_wconf 74' lang='lat' dir='ltr'><strong>fuisSo,</strong></span> <span class='ocrx_word' id='word_1_240' title='bbox 770 2545 851 2598; x_wconf 90' lang='lat' dir='ltr'><strong>vel</strong></span> <span class='ocrx_word' id='word_1_241' title='bbox 907 2558 974 2597; x_wconf 87' lang='lat' dir='ltr'><strong>ex</strong></span> <span class='ocrx_word' id='word_1_242' title='bbox 1022 2542 1268 2611; x_wconf 91' lang='lat' dir='ltr'><strong>Prosperi</strong></span> <span class='ocrx_word' id='word_1_243' title='bbox 1326 2542 1444 2596; x_wconf 87' lang='lat' dir='ltr'><strong>loco</strong></span> <span class='ocrx_word' id='word_1_244' title='bbox 1491 2548 1651 2610; x_wconf 84' lang='lat' dir='ltr'><strong>quem</strong></span> <span class='ocrx_word' id='word_1_245' title='bbox 1700 2555 1858 2610; x_wconf 82' lang='lat' dir='ltr'><strong>supra</strong></span> 
     </span>
    </p>
   </div>
   <div class='ocr_carea' id='block_1_36' title="bbox 287 2611 1860 2738">
    <p class='ocr_par' dir='ltr' id='par_1_36' title="bbox 287 2611 1860 2738">
     <span class='ocr_line' id='line_1_37' title="bbox 287 2611 1860 2682; baseline 0.001 -16"><span class='ocrx_word' id='word_1_246' title='bbox 287 2612 675 2682; x_wconf 88' lang='lat' dir='ltr'><strong>descripsimus</strong></span> <span class='ocrx_word' id='word_1_247' title='bbox 696 2622 920 2669; x_wconf 81' lang='lat' dir='ltr'><strong>constat.</strong></span> <span class='ocrx_word' id='word_1_248' title='bbox 956 2613 1108 2667; x_wconf 87' lang='lat' dir='ltr'><strong>Plura</strong></span> <span class='ocrx_word' id='word_1_249' title='bbox 1178 2628 1250 2666; x_wconf 73' lang='lat' dir='ltr'><strong>rte</strong></span> <span class='ocrx_word' id='word_1_250' title='bbox 1275 2611 1486 2666; x_wconf 77' lang='lat' dir='ltr'><strong>czrteris</strong></span> <span class='ocrx_word' id='word_1_251' title='bbox 1513 2613 1674 2667; x_wconf 86' lang='lat' dir='ltr'><strong>habet</strong></span> <span class='ocrx_word' id='word_1_252' title='bbox 1701 2612 1769 2667; x_wconf 88' lang='lat' dir='ltr'><strong>de</strong></span> <span class='ocrx_word' id='word_1_253' title='bbox 1795 2612 1860 2668; x_wconf 91' lang='lat' dir='ltr'><strong>iis</strong></span> 
     </span>
     <span class='ocr_line' id='line_1_38' title="bbox 289 2629 1858 2738; baseline 0 0"><span class='ocrx_word' id='word_1_254' title='bbox 289 2683 558 2738; x_wconf 81' lang='lat' dir='ltr'><strong>Tamavus</strong></span> <span class='ocrx_word' id='word_1_255' title='bbox 576 2686 790 2738; x_wconf 84' lang='lat' dir='ltr'><strong>Satazar</strong></span> <span class='ocrx_word' id='word_1_256' title='bbox 825 2685 876 2738; x_wconf 90' lang='lat' dir='ltr'><strong>in</strong></span> <span class='ocrx_word' id='word_1_257' title='bbox 903 2629 1281 2738; x_wconf 47' lang='lat' dir='ltr'><strong>martvrottraio</strong></span> <span class='ocrx_word' id='word_1_258' title='bbox 1306 2682 1611 2738; x_wconf 77' lang='lat' dir='ltr'><strong>Hispanico.</strong></span> <span class='ocrx_word' id='word_1_259' title='bbox 1644 2681 1733 2736; x_wconf 92' lang='lat' dir='ltr'><strong>ubi</strong></span> <span class='ocrx_word' id='word_1_260' title='bbox 1762 2699 1858 2738; x_wconf 64' lang='lat' dir='ltr'><strong>eoo</strong></span> 
     </span>
    </p>
   </div>
   <div class='ocr_carea' id='block_1_37' title="bbox 289 2681 1858 2755">
    <p class='ocr_par' dir='ltr' id='par_1_37' title="bbox 289 2681 1858 2755">
     <span class='ocr_line' id='line_1_39' title="bbox 289 2681 1858 2755; baseline 0 -17"><span class='ocrx_word' id='word_1_261' title='bbox 289 2681 558 2755; x_wconf 76' lang='lat' dir='ltr'><strong>Tamayus</strong></span> <span class='ocrx_word' id='word_1_262' title='bbox 576 2686 790 2740; x_wconf 81' lang='lat' dir='ltr'><strong>Salazar</strong></span> <span class='ocrx_word' id='word_1_263' title='bbox 825 2685 876 2738; x_wconf 88' lang='lat' dir='ltr'><strong>in</strong></span> <span class='ocrx_word' id='word_1_264' title='bbox 903 2681 1281 2755; x_wconf 74' lang='lat' dir='ltr'><strong>martyrolugio</strong></span> <span class='ocrx_word' id='word_1_265' title='bbox 1306 2682 1611 2752; x_wconf 73' lang='lat' dir='ltr'><strong>Hispanico,</strong></span> <span class='ocrx_word' id='word_1_266' title='bbox 1644 2681 1858 2755; x_wconf 62' lang='lat' dir='ltr'><strong>ubieoo</strong></span> 
     </span>
    </p>
   </div>
   <div class='ocr_carea' id='block_1_38' title="bbox 290 2753 1861 2811">
    <p class='ocr_par' dir='ltr' id='par_1_38' title="bbox 290 2753 1861 2811">
     <span class='ocr_line' id='line_1_40' title="bbox 290 2753 1861 2811; baseline 0.002 -4"><span class='ocrx_word' id='word_1_267' title='bbox 290 2769 400 2808; x_wconf 87' lang='lat' dir='ltr'><strong>rum</strong></span> <span class='ocrx_word' id='word_1_268' title='bbox 425 2753 547 2809; x_wconf 75' lang='lat' dir='ltr'><strong>acta</strong></span> <span class='ocrx_word' id='word_1_269' title='bbox 576 2756 642 2810; x_wconf 89' lang='lat' dir='ltr'><strong>ad</strong></span> <span class='ocrx_word' id='word_1_270' title='bbox 675 2757 815 2811; x_wconf 90' lang='lat' dir='ltr'><strong>diem</strong></span> <span class='ocrx_word' id='word_1_271' title='bbox 844 2756 909 2809; x_wconf 80' lang='grc'><strong>15</strong></span> <span class='ocrx_word' id='word_1_272' title='bbox 934 2753 1248 2809; x_wconf 79' lang='lat' dir='ltr'><strong>Novembris</strong></span> <span class='ocrx_word' id='word_1_273' title='bbox 1274 2769 1341 2810; x_wconf 82' lang='lat' dir='ltr'><strong>ex</strong></span> <span class='ocrx_word' id='word_1_274' title='bbox 1365 2754 1527 2808; x_wconf 75' lang='lat' dir='ltr'><strong>variis</strong></span> <span class='ocrx_word' id='word_1_275' title='bbox 1554 2753 1861 2810; x_wconf 83' lang='lat' dir='ltr'><strong>nucturibus</strong></span> 
     </span>
    </p>
   </div>
   <div class='ocr_carea' id='block_1_39' title="bbox 288 2822 1860 2895">
    <p class='ocr_par' dir='ltr' id='par_1_39' title="bbox 288 2822 1860 2895">
     <span class='ocr_line' id='line_1_41' title="bbox 288 2822 1860 2895; baseline 0 -16"><span class='ocrx_word' id='word_1_276' title='bbox 288 2828 699 2881; x_wconf 86' lang='lat' dir='ltr'><strong>consarcinavit.</strong></span> <span class='ocrx_word' id='word_1_277' title='bbox 732 2827 869 2895; x_wconf 82' lang='lat' dir='ltr'><strong>Quin</strong></span> <span class='ocrx_word' id='word_1_278' title='bbox 896 2834 952 2880; x_wconf 87' lang='lat' dir='ltr'><strong>et</strong></span> <span class='ocrx_word' id='word_1_279' title='bbox 986 2826 1053 2880; x_wconf 86' lang='lat' dir='ltr'><strong>ibi</strong></span> <span class='ocrx_word' id='word_1_280' title='bbox 1101 2822 1426 2895; x_wconf 77' lang='lat' dir='ltr'><strong>epitaphium</strong></span> <span class='ocrx_word' id='word_1_281' title='bbox 1454 2839 1639 2879; x_wconf 87' lang='lat' dir='ltr'><strong>eorum</strong></span> <span class='ocrx_word' id='word_1_282' title='bbox 1682 2826 1860 2893; x_wconf 87' lang='lat' dir='ltr'><strong>sepul-</strong></span> 
     </span>
    </p>
   </div>
   <div class='ocr_carea' id='block_1_40' title="bbox 289 2896 1860 2965">
    <p class='ocr_par' dir='ltr' id='par_1_40' title="bbox 289 2896 1860 2965">
     <span class='ocr_line' id='line_1_42' title="bbox 289 2896 1860 2965; baseline 0 -15"><span class='ocrx_word' id='word_1_283' title='bbox 289 2910 398 2961; x_wconf 85' lang='lat' dir='ltr'><strong>cro,</strong></span> <span class='ocrx_word' id='word_1_284' title='bbox 433 2899 509 2951; x_wconf 87' lang='lat' dir='ltr'><strong>uti</strong></span> <span class='ocrx_word' id='word_1_285' title='bbox 554 2898 742 2963; x_wconf 82' lang='lat' dir='ltr'><strong>refert,</strong></span> <span class='ocrx_word' id='word_1_286' title='bbox 793 2898 1104 2964; x_wconf 84' lang='lat' dir='ltr'><strong>inscriptum</strong></span> <span class='ocrx_word' id='word_1_287' title='bbox 1150 2897 1358 2960; x_wconf 82' lang='lat' dir='ltr'><strong>laudat,</strong></span> <span class='ocrx_word' id='word_1_288' title='bbox 1390 2896 1441 2950; x_wconf 89' lang='lat' dir='ltr'><strong>in</strong></span> <span class='ocrx_word' id='word_1_289' title='bbox 1468 2910 1574 2965; x_wconf 90' lang='lat' dir='ltr'><strong>quo</strong></span> <span class='ocrx_word' id='word_1_290' title='bbox 1600 2896 1860 2950; x_wconf 81' lang='lat' dir='ltr'><strong>Arcadius</strong></span> 
     </span>
    </p>
   </div>
   <div class='ocr_carea' id='block_1_41' title="bbox 291 2966 1862 3037">
    <p class='ocr_par' dir='ltr' id='par_1_41' title="bbox 291 2966 1862 3037">
     <span class='ocr_line' id='line_1_43' title="bbox 291 2966 1862 3037; baseline 0.003 -17"><span class='ocrx_word' id='word_1_291' title='bbox 291 2967 484 3033; x_wconf 81' lang='lat' dir='ltr'><strong>Toleti,</strong></span> <span class='ocrx_word' id='word_1_292' title='bbox 506 2969 689 3023; x_wconf 66' lang='lat' dir='ltr'><strong>caeteri</strong></span> <span class='ocrx_word' id='word_1_293' title='bbox 718 2969 1054 3024; x_wconf 68' lang='lat' dir='ltr'><strong>Salmantica:</strong></span> <span class='ocrx_word' id='word_1_294' title='bbox 1076 2966 1185 3021; x_wconf 85' lang='lat' dir='ltr'><strong>nati</strong></span> <span class='ocrx_word' id='word_1_295' title='bbox 1206 2968 1476 3037; x_wconf 86' lang='lat' dir='ltr'><strong>dicuntur,</strong></span> <span class='ocrx_word' id='word_1_296' title='bbox 1501 2976 1862 3037; x_wconf 72' lang='lat' dir='ltr'><strong>vocanturque</strong></span> 
     </span>
    </p>
   </div>
   <div class='ocr_carea' id='block_1_42' title="bbox 289 3036 1857 3110">
    <p class='ocr_par' dir='ltr' id='par_1_42' title="bbox 289 3036 1857 3110">
     <span class='ocr_line' id='line_1_44' title="bbox 289 3036 1857 3110; baseline 0 -18"><span class='ocrx_word' id='word_1_297' title='bbox 289 3047 581 3110; x_wconf 81' lang='lat' dir='ltr'><strong>martyrum</strong></span> <span class='ocrx_word' id='word_1_298' title='bbox 608 3040 906 3094; x_wconf 65' lang='lat' dir='ltr'><strong>Vandalicas</strong></span> <span class='ocrx_word' id='word_1_299' title='bbox 924 3039 1309 3107; x_wconf 78' lang='lat' dir='ltr'><strong>persecutionis</strong></span> <span class='ocrx_word' id='word_1_300' title='bbox 1326 3036 1379 3110; x_wconf 88' lang='lat' dir='ltr'><strong>in</strong></span> <span class='ocrx_word' id='word_1_301' title='bbox 1402 3037 1577 3110; x_wconf 83' lang='lat' dir='ltr'><strong>Africa</strong></span> <span class='ocrx_word' id='word_1_302' title='bbox 1601 3037 1857 3106; x_wconf 64' lang='lat' dir='ltr'><strong>primitiae.</strong></span> 
     </span>
    </p>
   </div>
   <div class='ocr_carea' id='block_1_43' title="bbox 290 3109 1861 3177">
    <p class='ocr_par' dir='ltr' id='par_1_43' title="bbox 290 3109 1861 3177">
     <span class='ocr_line' id='line_1_45' title="bbox 290 3109 1861 3177; baseline 0 -14"><span class='ocrx_word' id='word_1_303' title='bbox 290 3109 627 3164; x_wconf 82' lang='lat' dir='ltr'><strong>Postremum</strong></span> <span class='ocrx_word' id='word_1_304' title='bbox 658 3112 796 3165; x_wconf 90' lang='lat' dir='ltr'><strong>hunc</strong></span> <span class='ocrx_word' id='word_1_305' title='bbox 844 3111 1052 3163; x_wconf 89' lang='lat' dir='ltr'><strong>titulum</strong></span> <span class='ocrx_word' id='word_1_306' title='bbox 1097 3110 1175 3165; x_wconf 87' lang='lat' dir='ltr'><strong>eis</strong></span> <span class='ocrx_word' id='word_1_307' title='bbox 1201 3122 1320 3163; x_wconf 87' lang='lat' dir='ltr'><strong>esse</strong></span> <span class='ocrx_word' id='word_1_308' title='bbox 1349 3109 1604 3172; x_wconf 86' lang='lat' dir='ltr'><strong>debitum,</strong></span> <span class='ocrx_word' id='word_1_309' title='bbox 1640 3124 1702 3162; x_wconf 80' lang='lat' dir='ltr'><strong>ex</strong></span> <span class='ocrx_word' id='word_1_310' title='bbox 1747 3110 1861 3177; x_wconf 86' lang='lat' dir='ltr'><strong>epi-</strong></span> 
     </span>
    </p>
   </div>
   <div class='ocr_carea' id='block_1_44' title="bbox 1969 486 3544 556">
    <p class='ocr_par' dir='ltr' id='par_1_44' title="bbox 1969 486 3544 556">
     <span class='ocr_line' id='line_1_46' title="bbox 1969 486 3544 556; baseline -0.001 -17"><span class='ocrx_word' id='word_1_311' title='bbox 1969 494 2025 541; x_wconf 86' lang='lat' dir='ltr'><strong>ttt</strong></span> <span class='ocrx_word' id='word_1_312' title='bbox 2058 486 2255 540; x_wconf 79' lang='lat' dir='ltr'><strong>exinde</strong></span> <span class='ocrx_word' id='word_1_313' title='bbox 2276 488 2402 556; x_wconf 89' lang='lat' dir='ltr'><strong>quid</strong></span> <span class='ocrx_word' id='word_1_314' title='bbox 2440 489 2810 543; x_wconf 64' lang='lat' dir='ltr'><strong>hazreticorum</strong></span> <span class='ocrx_word' id='word_1_315' title='bbox 2852 490 3280 544; x_wconf 75' lang='lat' dir='ltr'><strong>cavillationibus</strong></span> <span class='ocrx_word' id='word_1_316' title='bbox 3324 498 3544 553; x_wconf 84' lang='lat' dir='ltr'><strong>respon-</strong></span> 
     </span>
    </p>
   </div>
   <div class='ocr_carea' id='block_1_45' title="bbox 1967 556 3542 628">
    <p class='ocr_par' dir='ltr' id='par_1_45' title="bbox 1967 556 3542 628">
     <span class='ocr_line' id='line_1_47' title="bbox 1967 556 3542 628; baseline 0 -17"><span class='ocrx_word' id='word_1_317' title='bbox 1967 556 2151 628; x_wconf 80' lang='lat' dir='ltr'><strong>deant,</strong></span> <span class='ocrx_word' id='word_1_318' title='bbox 2178 557 2390 628; x_wconf 86' lang='lat' dir='ltr'><strong>haurire</strong></span> <span class='ocrx_word' id='word_1_319' title='bbox 2412 559 2636 625; x_wconf 83' lang='lat' dir='ltr'><strong>possint,</strong></span> <span class='ocrx_word' id='word_1_320' title='bbox 2666 575 2786 614; x_wconf 91' lang='lat' dir='ltr'><strong>cum</strong></span> <span class='ocrx_word' id='word_1_321' title='bbox 2805 559 2873 614; x_wconf 87' lang='lat' dir='ltr'><strong>ab</strong></span> <span class='ocrx_word' id='word_1_322' title='bbox 2901 561 2963 615; x_wconf 88' lang='lat' dir='ltr'><strong>iis</strong></span> <span class='ocrx_word' id='word_1_323' title='bbox 3000 562 3401 628; x_wconf 71' lang='lat' dir='ltr'><strong>impeteren&#39;ur.</strong></span> <span class='ocrx_word' id='word_1_324' title='bbox 3433 556 3542 628; x_wconf 10' lang='lat' dir='ltr'><strong>limo</strong></span> 
     </span>
    </p>
   </div>
   <div class='ocr_carea' id='block_1_46' title="bbox 1967 626 3543 699">
    <p class='ocr_par' dir='ltr' id='par_1_46' title="bbox 1967 626 3543 699">
     <span class='ocr_line' id='line_1_48' title="bbox 1967 626 3543 699; baseline -0.001 -18"><span class='ocrx_word' id='word_1_325' title='bbox 1967 626 2283 682; x_wconf 81' lang='lat' dir='ltr'><strong>Varimadus</strong></span> <span class='ocrx_word' id='word_1_326' title='bbox 2319 627 2574 684; x_wconf 85' lang='lat' dir='ltr'><strong>diaconus</strong></span> <span class='ocrx_word' id='word_1_327' title='bbox 2626 630 2888 693; x_wconf 80' lang='lat' dir='ltr'><strong>Arianus,</strong></span> <span class='ocrx_word' id='word_1_328' title='bbox 2933 626 3191 686; x_wconf 81' lang='lat' dir='ltr'><strong>adversus</strong></span> <span class='ocrx_word' id='word_1_329' title='bbox 3220 644 3375 699; x_wconf 88' lang='lat' dir='ltr'><strong>quem</strong></span> <span class='ocrx_word' id='word_1_330' title='bbox 3407 627 3543 681; x_wconf 86' lang='lat' dir='ltr'><strong>liber</strong></span> 
     </span>
    </p>
   </div>
   <div class='ocr_carea' id='block_1_47' title="bbox 1966 699 3540 770">
    <p class='ocr_par' dir='ltr' id='par_1_47' title="bbox 1966 699 3540 770">
     <span class='ocr_line' id='line_1_49' title="bbox 1966 699 3540 770; baseline -0.001 -17"><span class='ocrx_word' id='word_1_331' title='bbox 1966 700 2067 754; x_wconf 89' lang='lat' dir='ltr'><strong>iste</strong></span> <span class='ocrx_word' id='word_1_332' title='bbox 2088 700 2319 770; x_wconf 85' lang='lat' dir='ltr'><strong>scriptus</strong></span> <span class='ocrx_word' id='word_1_333' title='bbox 2346 708 2447 765; x_wconf 86' lang='lat' dir='ltr'><strong>est,</strong></span> <span class='ocrx_word' id='word_1_334' title='bbox 2480 714 2585 755; x_wconf 89' lang='lat' dir='ltr'><strong>non</strong></span> <span class='ocrx_word' id='word_1_335' title='bbox 2616 702 2751 755; x_wconf 85' lang='lat' dir='ltr'><strong>alius</strong></span> <span class='ocrx_word' id='word_1_336' title='bbox 2778 701 2987 757; x_wconf 85' lang='lat' dir='ltr'><strong>videtur</strong></span> <span class='ocrx_word' id='word_1_337' title='bbox 3013 716 3154 769; x_wconf 87' lang='lat' dir='ltr'><strong>esse,</strong></span> <span class='ocrx_word' id='word_1_338' title='bbox 3188 704 3261 756; x_wconf 91' lang='lat' dir='ltr'><strong>uti</strong></span> <span class='ocrx_word' id='word_1_339' title='bbox 3297 699 3540 767; x_wconf 50' lang='lat' dir='ltr'><strong>suspica-</strong></span> 
     </span>
    </p>
   </div>
   <div class='ocr_carea' id='block_1_48' title="bbox 1967 770 3541 840">
    <p class='ocr_par' dir='ltr' id='par_1_48' title="bbox 1967 770 3541 840">
     <span class='ocr_line' id='line_1_50' title="bbox 1967 770 3541 840; baseline -0.002 -16"><span class='ocrx_word' id='word_1_340' title='bbox 1967 779 2052 825; x_wconf 88' lang='lat' dir='ltr'><strong>tur</strong></span> <span class='ocrx_word' id='word_1_341' title='bbox 2083 770 2398 825; x_wconf 88' lang='lat' dir='ltr'><strong>Sirmondus</strong></span> <span class='ocrx_word' id='word_1_342' title='bbox 2442 774 2494 825; x_wconf 90' lang='lat' dir='ltr'><strong>in</strong></span> <span class='ocrx_word' id='word_1_343' title='bbox 2540 771 2857 840; x_wconf 72' lang='lat' dir='ltr'><strong>prtefatione</strong></span> <span class='ocrx_word' id='word_1_344' title='bbox 2901 773 2968 828; x_wconf 87' lang='lat' dir='ltr'><strong>ad</strong></span> <span class='ocrx_word' id='word_1_345' title='bbox 3010 774 3265 837; x_wconf 86' lang='lat' dir='ltr'><strong>opuscula</strong></span> <span class='ocrx_word' id='word_1_346' title='bbox 3307 772 3541 839; x_wconf 88' lang='lat' dir='ltr'><strong>quinque</strong></span> 
     </span>
    </p>
   </div>
   <div class='ocr_carea' id='block_1_49' title="bbox 1966 840 3539 912">
    <p class='ocr_par' dir='ltr' id='par_1_49' title="bbox 1966 840 3539 912">
     <span class='ocr_line' id='line_1_51' title="bbox 1966 840 3539 912; baseline -0.002 -17"><span class='ocrx_word' id='word_1_347' title='bbox 1966 841 2266 911; x_wconf 86' lang='lat' dir='ltr'><strong>dogmatica</strong></span> <span class='ocrx_word' id='word_1_348' title='bbox 2296 843 2542 910; x_wconf 79' lang='lat' dir='ltr'><strong>superius</strong></span> <span class='ocrx_word' id='word_1_349' title='bbox 2576 841 2809 907; x_wconf 85' lang='lat' dir='ltr'><strong>laudata,</strong></span> <span class='ocrx_word' id='word_1_350' title='bbox 2840 858 2998 912; x_wconf 86' lang='lat' dir='ltr'><strong>quam</strong></span> <span class='ocrx_word' id='word_1_351' title='bbox 3032 843 3329 897; x_wconf 84' lang='lat' dir='ltr'><strong>Marivadus</strong></span> <span class='ocrx_word' id='word_1_352' title='bbox 3355 840 3539 894; x_wconf 82' lang='lat' dir='ltr'><strong>diaco-</strong></span> 
     </span>
    </p>
   </div>
   <div class='ocr_carea' id='block_1_50' title="bbox 1966 912 3535 983">
    <p class='ocr_par' dir='ltr' id='par_1_50' title="bbox 1966 912 3535 983">
     <span class='ocr_line' id='line_1_52' title="bbox 1966 912 3535 983; baseline -0.003 -17"><span class='ocrx_word' id='word_1_353' title='bbox 1966 926 2089 977; x_wconf 85' lang='lat' dir='ltr'><strong>rtus,</strong></span> <span class='ocrx_word' id='word_1_354' title='bbox 2117 924 2300 979; x_wconf 87' lang='lat' dir='ltr'><strong>quem,</strong></span> <span class='ocrx_word' id='word_1_355' title='bbox 2329 920 2463 967; x_wconf 87' lang='lat' dir='ltr'><strong>teste</strong></span> <span class='ocrx_word' id='word_1_356' title='bbox 2484 914 2714 983; x_wconf 89' lang='lat' dir='ltr'><strong>ipsomet</strong></span> <span class='ocrx_word' id='word_1_357' title='bbox 2739 912 2949 967; x_wconf 85' lang='lat' dir='ltr'><strong>Victore</strong></span> <span class='ocrx_word' id='word_1_358' title='bbox 2975 913 3172 968; x_wconf 83' lang='lat' dir='ltr'><strong>Vitensi</strong></span> <span class='ocrx_word' id='word_1_359' title='bbox 3204 915 3294 969; x_wconf 87' lang='lat' dir='ltr'><strong>lib.</strong></span> <span class='ocrx_word' id='word_1_360' title='bbox 3318 928 3354 977; x_wconf 83' lang='grc' dir='ltr'><strong>ι,</strong></span> <span class='ocrx_word' id='word_1_361' title='bbox 3386 925 3535 965; x_wconf 89' lang='lat' dir='ltr'><strong>num.</strong></span> 
     </span>
    </p>
   </div>
   <div class='ocr_carea' id='block_1_51' title="bbox 1968 983 3541 1050">
    <p class='ocr_par' dir='ltr' id='par_1_51' title="bbox 1968 983 3541 1050">
     <span class='ocr_line' id='line_1_53' title="bbox 1968 983 3541 1050; baseline -0.001 -14"><span class='ocrx_word' id='word_1_362' title='bbox 1968 984 2054 1048; x_wconf 85' lang='grc'><strong>16,</strong></span> <span class='ocrx_word' id='word_1_363' title='bbox 2104 983 2276 1038; x_wconf 87' lang='lat' dir='ltr'><strong>adhuc</strong></span> <span class='ocrx_word' id='word_1_364' title='bbox 2324 984 2534 1039; x_wconf 84' lang='lat' dir='ltr'><strong>vivente</strong></span> <span class='ocrx_word' id='word_1_365' title='bbox 2563 984 2856 1039; x_wconf 87' lang='lat' dir='ltr'><strong>Genserico</strong></span> <span class='ocrx_word' id='word_1_366' title='bbox 2888 984 3184 1039; x_wconf 79' lang='lat' dir='ltr'><strong>Hunericus</strong></span> <span class='ocrx_word' id='word_1_367' title='bbox 3213 984 3541 1050; x_wconf 67' lang='lat' dir='ltr'><strong>singulariter</strong></span> 
     </span>
    </p>
   </div>
   <div class='ocr_carea' id='block_1_52' title="bbox 1966 1052 3540 1122">
    <p class='ocr_par' dir='ltr' id='par_1_52' title="bbox 1966 1052 3540 1122">
     <span class='ocr_line' id='line_1_54' title="bbox 1966 1052 3540 1122; baseline 0 -15"><span class='ocrx_word' id='word_1_368' title='bbox 1966 1054 2268 1109; x_wconf 77' lang='lat' dir='ltr'><strong>honorabat.</strong></span> <span class='ocrx_word' id='word_1_369' title='bbox 2295 1054 2461 1109; x_wconf 88' lang='lat' dir='ltr'><strong>Porro</strong></span> <span class='ocrx_word' id='word_1_370' title='bbox 2490 1054 2729 1121; x_wconf 82' lang='lat' dir='ltr'><strong>ejusdem</strong></span> <span class='ocrx_word' id='word_1_371' title='bbox 2758 1055 2938 1122; x_wconf 84' lang='lat' dir='ltr'><strong>operis</strong></span> <span class='ocrx_word' id='word_1_372' title='bbox 2966 1065 3236 1109; x_wconf 81' lang='lat' dir='ltr'><strong>auctorem</strong></span> <span class='ocrx_word' id='word_1_373' title='bbox 3276 1054 3400 1110; x_wconf 78' lang='lat' dir='ltr'><strong>facit</strong></span> <span class='ocrx_word' id='word_1_374' title='bbox 3440 1052 3540 1107; x_wconf 85' lang='lat' dir='ltr'><strong>Pe—</strong></span> 
     </span>
    </p>
   </div>
   <div class='ocr_carea' id='block_1_53' title="bbox 1964 1124 3539 1194">
    <p class='ocr_par' dir='ltr' id='par_1_53' title="bbox 1964 1124 3539 1194">
     <span class='ocr_line' id='line_1_55' title="bbox 1964 1124 3539 1194; baseline -0.001 -15"><span class='ocrx_word' id='word_1_375' title='bbox 1964 1132 2075 1179; x_wconf 82' lang='lat' dir='ltr'><strong>trus</strong></span> <span class='ocrx_word' id='word_1_376' title='bbox 2106 1124 2421 1181; x_wconf 77' lang='lat' dir='ltr'><strong>Frauciscus</strong></span> <span class='ocrx_word' id='word_1_377' title='bbox 2451 1124 2753 1180; x_wconf 85' lang='lat' dir='ltr'><strong>Cltil&#39;lletlus</strong></span> <span class='ocrx_word' id='word_1_378' title='bbox 2793 1125 3039 1192; x_wconf 83' lang='lat' dir='ltr'><strong>Vigilium</strong></span> <span class='ocrx_word' id='word_1_379' title='bbox 3072 1127 3396 1194; x_wconf 74' lang='lat' dir='ltr'><strong>Tapsensem</strong></span> <span class='ocrx_word' id='word_1_380' title='bbox 3426 1125 3539 1194; x_wconf 49' lang='lat' dir='ltr'><strong>cpi:</strong></span> 
     </span>
    </p>
   </div>
   <div class='ocr_carea' id='block_1_54' title="bbox 1964 1193 3537 1266">
    <p class='ocr_par' dir='ltr' id='par_1_54' title="bbox 1964 1193 3537 1266">
     <span class='ocr_line' id='line_1_56' title="bbox 1964 1193 3537 1266; baseline -0.001 -17"><span class='ocrx_word' id='word_1_381' title='bbox 1964 1208 2216 1263; x_wconf 87' lang='lat' dir='ltr'><strong>scopum,</strong></span> <span class='ocrx_word' id='word_1_382' title='bbox 2247 1196 2299 1251; x_wconf 91' lang='lat' dir='ltr'><strong>in</strong></span> <span class='ocrx_word' id='word_1_383' title='bbox 2340 1197 2598 1266; x_wconf 88' lang='lat' dir='ltr'><strong>opusculo</strong></span> <span class='ocrx_word' id='word_1_384' title='bbox 2623 1196 2658 1249; x_wconf 76' lang='lat'><strong>2</strong></span> <span class='ocrx_word' id='word_1_385' title='bbox 2699 1195 2767 1252; x_wconf 87' lang='lat' dir='ltr'><strong>de</strong></span> <span class='ocrx_word' id='word_1_386' title='bbox 2798 1195 3057 1252; x_wconf 80' lang='lat' dir='ltr'><strong>Vindiciis</strong></span> <span class='ocrx_word' id='word_1_387' title='bbox 3099 1193 3256 1263; x_wconf 77' lang='lat' dir='ltr'><strong>huius</strong></span> <span class='ocrx_word' id='word_1_388' title='bbox 3301 1193 3537 1250; x_wconf 68' lang='lat' dir='ltr'><strong>Africani</strong></span> 
     </span>
    </p>
   </div>
   <div class='ocr_carea' id='block_1_55' title="bbox 1964 1266 3539 1338">
    <p class='ocr_par' dir='ltr' id='par_1_55' title="bbox 1964 1266 3539 1338">
     <span class='ocr_line' id='line_1_57' title="bbox 1964 1266 3539 1338; baseline 0 -18"><span class='ocrx_word' id='word_1_389' title='bbox 1964 1266 2203 1338; x_wconf 73' lang='lat' dir='ltr'><strong>episcopi</strong></span> <span class='ocrx_word' id='word_1_390' title='bbox 2250 1266 2748 1333; x_wconf 86' lang='lat' dir='ltr'><strong>elucubrationum,</strong></span> <span class='ocrx_word' id='word_1_391' title='bbox 2776 1267 2918 1338; x_wconf 90' lang='lat' dir='ltr'><strong>quod</strong></span> <span class='ocrx_word' id='word_1_392' title='bbox 2970 1270 3131 1323; x_wconf 90' lang='lat' dir='ltr'><strong>etiam</strong></span> <span class='ocrx_word' id='word_1_393' title='bbox 3178 1266 3277 1322; x_wconf 90' lang='lat' dir='ltr'><strong>hoc</strong></span> <span class='ocrx_word' id='word_1_394' title='bbox 3320 1266 3539 1320; x_wconf 85' lang='lat' dir='ltr'><strong>nomine</strong></span> 
     </span>
    </p>
   </div>
   <div class='ocr_carea' id='block_1_56' title="bbox 1964 1336 3540 1406">
    <p class='ocr_par' dir='ltr' id='par_1_56' title="bbox 1964 1336 3540 1406">
     <span class='ocr_line' id='line_1_58' title="bbox 1964 1336 3540 1406; baseline -0.001 -14"><span class='ocrx_word' id='word_1_395' title='bbox 1964 1336 2131 1392; x_wconf 88' lang='lat' dir='ltr'><strong>edidit</strong></span> <span class='ocrx_word' id='word_1_396' title='bbox 2152 1338 2203 1392; x_wconf 90' lang='lat' dir='ltr'><strong>in</strong></span> <span class='ocrx_word' id='word_1_397' title='bbox 2233 1337 2397 1393; x_wconf 89' lang='lat' dir='ltr'><strong>libros</strong></span> <span class='ocrx_word' id='word_1_398' title='bbox 2421 1347 2529 1393; x_wconf 87' lang='lat' dir='ltr'><strong>tres</strong></span> <span class='ocrx_word' id='word_1_399' title='bbox 2558 1336 2920 1394; x_wconf 82' lang='lat' dir='ltr'><strong>distributum.</strong></span> <span class='ocrx_word' id='word_1_400' title='bbox 2949 1338 3053 1393; x_wconf 88' lang='lat' dir='ltr'><strong>Sed</strong></span> <span class='ocrx_word' id='word_1_401' title='bbox 3087 1339 3418 1406; x_wconf 76' lang='lat' dir='ltr'><strong>refragantur</strong></span> <span class='ocrx_word' id='word_1_402' title='bbox 3448 1350 3540 1390; x_wconf 84' lang='lat' dir='ltr'><strong>co-</strong></span> 
     </span>
    </p>
   </div>
   <div class='ocr_carea' id='block_1_57' title="bbox 1962 1407 3539 1479">
    <p class='ocr_par' dir='ltr' id='par_1_57' title="bbox 1962 1407 3539 1479">
     <span class='ocr_line' id='line_1_59' title="bbox 1962 1407 3539 1479; baseline -0.002 -17"><span class='ocrx_word' id='word_1_403' title='bbox 1962 1407 2113 1463; x_wconf 81' lang='lat' dir='ltr'><strong>dices</strong></span> <span class='ocrx_word' id='word_1_404' title='bbox 2154 1423 2305 1475; x_wconf 57' lang='lat' dir='ltr'><strong>mss,</strong></span> <span class='ocrx_word' id='word_1_405' title='bbox 2334 1410 2445 1479; x_wconf 85' lang='lat' dir='ltr'><strong>qui,</strong></span> <span class='ocrx_word' id='word_1_406' title='bbox 2492 1411 2717 1479; x_wconf 89' lang='lat' dir='ltr'><strong>ipsomet</strong></span> <span class='ocrx_word' id='word_1_407' title='bbox 2748 1419 3031 1465; x_wconf 63' lang='lat' dir='ltr'><strong>attestanre</strong></span> <span class='ocrx_word' id='word_1_408' title='bbox 3056 1408 3350 1473; x_wconf 83' lang='lat' dir='ltr'><strong>Chililetio,</strong></span> <span class='ocrx_word' id='word_1_409' title='bbox 3394 1407 3539 1460; x_wconf 89' lang='lat' dir='ltr'><strong>idem</strong></span> 
     </span>
    </p>
   </div>
   <div class='ocr_carea' id='block_1_58' title="bbox 1965 1478 3538 1550">
    <p class='ocr_par' dir='ltr' id='par_1_58' title="bbox 1965 1478 3538 1550">
     <span class='ocr_line' id='line_1_60' title="bbox 1965 1478 3538 1550; baseline -0.001 -18"><span class='ocrx_word' id='word_1_410' title='bbox 1965 1492 2099 1550; x_wconf 83' lang='lat' dir='ltr'><strong>opus</strong></span> <span class='ocrx_word' id='word_1_411' title='bbox 2131 1478 2297 1534; x_wconf 85' lang='lat' dir='ltr'><strong>Idalio</strong></span> <span class='ocrx_word' id='word_1_412' title='bbox 2343 1478 2598 1550; x_wconf 87' lang='lat' dir='ltr'><strong>episcopo</strong></span> <span class='ocrx_word' id='word_1_413' title='bbox 2642 1481 2901 1537; x_wconf 90' lang='lat' dir='ltr'><strong>tribuunt.</strong></span> <span class='ocrx_word' id='word_1_414' title='bbox 2951 1480 3198 1535; x_wconf 84' lang='lat' dir='ltr'><strong>Chiﬂietii</strong></span> <span class='ocrx_word' id='word_1_415' title='bbox 3229 1479 3538 1547; x_wconf 84' lang='lat' dir='ltr'><strong>opinionem</strong></span> 
     </span>
    </p>
   </div>
   <div class='ocr_carea' id='block_1_59' title="bbox 1964 1548 3540 1620">
    <p class='ocr_par' dir='ltr' id='par_1_59' title="bbox 1964 1548 3540 1620">
     <span class='ocr_line' id='line_1_61' title="bbox 1964 1548 3540 1620; baseline -0.001 -16"><span class='ocrx_word' id='word_1_416' title='bbox 1964 1548 2240 1620; x_wconf 80' lang='lat' dir='ltr'><strong>impugnat</strong></span> <span class='ocrx_word' id='word_1_417' title='bbox 2286 1551 2349 1606; x_wconf 85' lang='lat' dir='ltr'><strong>V.</strong></span> <span class='ocrx_word' id='word_1_418' title='bbox 2388 1551 2448 1605; x_wconf 82' lang='lat' dir='ltr'><strong>C.</strong></span> <span class='ocrx_word' id='word_1_419' title='bbox 2482 1548 2681 1618; x_wconf 81' lang='lat' dir='ltr'><strong>Joseph</strong></span> <span class='ocrx_word' id='word_1_420' title='bbox 2724 1552 3023 1607; x_wconf 79' lang='lat' dir='ltr'><strong>Antelmius</strong></span> <span class='ocrx_word' id='word_1_421' title='bbox 3062 1553 3113 1606; x_wconf 91' lang='lat' dir='ltr'><strong>in</strong></span> <span class='ocrx_word' id='word_1_422' title='bbox 3162 1551 3540 1606; x_wconf 76' lang='lat' dir='ltr'><strong>dissertatione</strong></span> 
     </span>
    </p>
   </div>
   <div class='ocr_carea' id='block_1_60' title="bbox 1963 1621 3533 1693">
    <p class='ocr_par' dir='ltr' id='par_1_60' title="bbox 1963 1621 3533 1693">
     <span class='ocr_line' id='line_1_62' title="bbox 1963 1621 3533 1693; baseline -0.001 -19"><span class='ocrx_word' id='word_1_423' title='bbox 1963 1634 2327 1693; x_wconf 77' lang='lat' dir='ltr'><strong>quamnnper</strong></span> <span class='ocrx_word' id='word_1_424' title='bbox 2358 1621 2524 1677; x_wconf 88' lang='lat' dir='ltr'><strong>edidit</strong></span> <span class='ocrx_word' id='word_1_425' title='bbox 2552 1622 2619 1677; x_wconf 91' lang='lat' dir='ltr'><strong>de</strong></span> <span class='ocrx_word' id='word_1_426' title='bbox 2642 1622 2871 1693; x_wconf 82' lang='lat' dir='ltr'><strong>symboli</strong></span> <span class='ocrx_word' id='word_1_427' title='bbox 2899 1622 3247 1677; x_wconf 83' lang='lat' dir='ltr'><strong>Athanasiani</strong></span> <span class='ocrx_word' id='word_1_428' title='bbox 3288 1630 3533 1693; x_wconf 85' lang='lat' dir='ltr'><strong>auctore,</strong></span> 
     </span>
    </p>
   </div>
   <div class='ocr_carea' id='block_1_61' title="bbox 1964 1691 3539 1762">
    <p class='ocr_par' dir='ltr' id='par_1_61' title="bbox 1964 1691 3539 1762">
     <span class='ocr_line' id='line_1_63' title="bbox 1964 1691 3539 1762; baseline -0.001 -16"><span class='ocrx_word' id='word_1_429' title='bbox 1964 1700 2096 1746; x_wconf 81' lang='lat' dir='ltr'><strong>sect.</strong></span> <span class='ocrx_word' id='word_1_430' title='bbox 2120 1691 2175 1746; x_wconf 75' lang='lat'><strong>2.</strong></span> <span class='ocrx_word' id='word_1_431' title='bbox 2208 1691 2403 1747; x_wconf 83' lang='lat' dir='ltr'><strong>Verum</strong></span> <span class='ocrx_word' id='word_1_432' title='bbox 2430 1695 2527 1747; x_wconf 88' lang='lat' dir='ltr'><strong>etsi</strong></span> <span class='ocrx_word' id='word_1_433' title='bbox 2563 1691 2873 1762; x_wconf 79' lang='lat' dir='ltr'><strong>persuasum</strong></span> <span class='ocrx_word' id='word_1_434' title='bbox 2903 1695 3056 1748; x_wconf 88' lang='lat' dir='ltr'><strong>nobis</strong></span> <span class='ocrx_word' id='word_1_435' title='bbox 3078 1693 3147 1749; x_wconf 79' lang='lat' dir='ltr'><strong>sit</strong></span> <span class='ocrx_word' id='word_1_436' title='bbox 3174 1694 3394 1748; x_wconf 85' lang='lat' dir='ltr'><strong>Idalium</strong></span> <span class='ocrx_word' id='word_1_437' title='bbox 3427 1692 3539 1758; x_wconf 91' lang='lat' dir='ltr'><strong>epi-</strong></span> 
     </span>
    </p>
   </div>
   <div class='ocr_carea' id='block_1_62' title="bbox 1965 1762 3537 1835">
    <p class='ocr_par' dir='ltr' id='par_1_62' title="bbox 1965 1762 3537 1835">
     <span class='ocr_line' id='line_1_64' title="bbox 1965 1762 3537 1835; baseline 0.001 -20"><span class='ocrx_word' id='word_1_438' title='bbox 1965 1775 2182 1835; x_wconf 75' lang='lat' dir='ltr'><strong>scopum</strong></span> <span class='ocrx_word' id='word_1_439' title='bbox 2209 1762 2367 1832; x_wconf 87' lang='lat' dir='ltr'><strong>hujus</strong></span> <span class='ocrx_word' id='word_1_440' title='bbox 2389 1765 2567 1832; x_wconf 89' lang='lat' dir='ltr'><strong>operis</strong></span> <span class='ocrx_word' id='word_1_441' title='bbox 2592 1775 2887 1832; x_wconf 86' lang='lat' dir='ltr'><strong>auctorem,</strong></span> <span class='ocrx_word' id='word_1_442' title='bbox 2918 1779 3249 1835; x_wconf 80' lang='lat' dir='ltr'><strong>nequaquam</strong></span> <span class='ocrx_word' id='word_1_443' title='bbox 3278 1779 3397 1835; x_wconf 85' lang='lat' dir='ltr'><strong>esse</strong></span> <span class='ocrx_word' id='word_1_444' title='bbox 3422 1764 3537 1835; x_wconf 55' lang='lat' dir='ltr'><strong>Ida-3</strong></span> 
     </span>
    </p>
   </div>
   <div class='ocr_carea' id='block_1_63' title="bbox 1968 1832 3537 1905">
    <p class='ocr_par' dir='ltr' id='par_1_63' title="bbox 1968 1832 3537 1905">
     <span class='ocr_line' id='line_1_65' title="bbox 1968 1832 3537 1905; baseline 0.001 -20"><span class='ocrx_word' id='word_1_445' title='bbox 1968 1832 2095 1905; x_wconf 86' lang='lat' dir='ltr'><strong>tium</strong></span> <span class='ocrx_word' id='word_1_446' title='bbox 2123 1832 2356 1889; x_wconf 88' lang='lat' dir='ltr'><strong>Clarium</strong></span> <span class='ocrx_word' id='word_1_447' title='bbox 2386 1836 2696 1904; x_wconf 80' lang='lat' dir='ltr'><strong>episcopum</strong></span> <span class='ocrx_word' id='word_1_448' title='bbox 2745 1832 3034 1905; x_wconf 83' lang='lat' dir='ltr'><strong>Hispanum</strong></span> <span class='ocrx_word' id='word_1_449' title='bbox 3057 1878 3072 1903; x_wconf 95' lang='lat'><strong>,</strong></span> <span class='ocrx_word' id='word_1_450' title='bbox 3111 1832 3208 1904; x_wconf 81' lang='lat' dir='ltr'><strong>qui</strong></span> <span class='ocrx_word' id='word_1_451' title='bbox 3249 1833 3537 1890; x_wconf 84' lang='lat' dir='ltr'><strong>Theodosii</strong></span> 
     </span>
    </p>
   </div>
   <div class='ocr_carea' id='block_1_64' title="bbox 1964 1903 3537 1974">
    <p class='ocr_par' dir='ltr' id='par_1_64' title="bbox 1964 1903 3537 1974">
     <span class='ocr_line' id='line_1_66' title="bbox 1964 1903 3537 1974; baseline 0.002 -16"><span class='ocrx_word' id='word_1_452' title='bbox 1964 1903 2137 1974; x_wconf 74' lang='lat' dir='ltr'><strong>Magni</strong></span> <span class='ocrx_word' id='word_1_453' title='bbox 2170 1906 2494 1972; x_wconf 82' lang='lat' dir='ltr'><strong>temporibus</strong></span> <span class='ocrx_word' id='word_1_454' title='bbox 2514 1903 2582 1961; x_wconf 87' lang='lat' dir='ltr'><strong>ob</strong></span> <span class='ocrx_word' id='word_1_455' title='bbox 2608 1903 2911 1961; x_wconf 84' lang='lat' dir='ltr'><strong>accusatum</strong></span> <span class='ocrx_word' id='word_1_456' title='bbox 2937 1903 3325 1961; x_wconf 87' lang='lat' dir='ltr'><strong>Priscillianum</strong></span> <span class='ocrx_word' id='word_1_457' title='bbox 3359 1906 3537 1961; x_wconf 68' lang='lat' dir='ltr'><strong>haere-</strong></span> 
     </span>
    </p>
   </div>
   <div class='ocr_carea' id='block_1_65' title="bbox 1964 1976 3536 2048">
    <p class='ocr_par' dir='ltr' id='par_1_65' title="bbox 1964 1976 3536 2048">
     <span class='ocr_line' id='line_1_67' title="bbox 1964 1976 3536 2048; baseline 0 -20"><span class='ocrx_word' id='word_1_458' title='bbox 1964 1976 2126 2029; x_wconf 90' lang='lat' dir='ltr'><strong>ticum</strong></span> <span class='ocrx_word' id='word_1_459' title='bbox 2168 1977 2395 2032; x_wconf 87' lang='lat' dir='ltr'><strong>celebris</strong></span> <span class='ocrx_word' id='word_1_460' title='bbox 2423 1977 2539 2043; x_wconf 77' lang='lat' dir='ltr'><strong>fuit,</strong></span> <span class='ocrx_word' id='word_1_461' title='bbox 2571 1986 2627 2048; x_wconf 87' lang='lat' dir='ltr'><strong>ut</strong></span> <span class='ocrx_word' id='word_1_462' title='bbox 2658 1978 2896 2048; x_wconf 91' lang='lat' dir='ltr'><strong>plerique</strong></span> <span class='ocrx_word' id='word_1_463' title='bbox 2926 1992 2991 2032; x_wconf 81' lang='lat' dir='ltr'><strong>ex</strong></span> <span class='ocrx_word' id='word_1_464' title='bbox 3022 1979 3405 2033; x_wconf 83' lang='lat' dir='ltr'><strong>recentioribus</strong></span> <span class='ocrx_word' id='word_1_465' title='bbox 3434 1992 3536 2031; x_wconf 84' lang='lat' dir='ltr'><strong>nn-</strong></span> 
     </span>
    </p>
   </div>
   <div class='ocr_carea' id='block_1_66' title="bbox 1964 2047 3535 2117">
    <p class='ocr_par' dir='ltr' id='par_1_66' title="bbox 1964 2047 3535 2117">
     <span class='ocr_line' id='line_1_68' title="bbox 1964 2047 3535 2117; baseline 0.002 -18"><span class='ocrx_word' id='word_1_466' title='bbox 1964 2049 2167 2117; x_wconf 85' lang='lat' dir='ltr'><strong>minum</strong></span> <span class='ocrx_word' id='word_1_467' title='bbox 2192 2048 2538 2103; x_wconf 75' lang='lat' dir='ltr'><strong>similitudine</strong></span> <span class='ocrx_word' id='word_1_468' title='bbox 2557 2047 2765 2117; x_wconf 85' lang='lat' dir='ltr'><strong>decepti</strong></span> <span class='ocrx_word' id='word_1_469' title='bbox 2788 2050 3029 2103; x_wconf 84' lang='lat' dir='ltr'><strong>arbitrati</strong></span> <span class='ocrx_word' id='word_1_470' title='bbox 3051 2058 3205 2113; x_wconf 87' lang='lat' dir='ltr'><strong>sunt;</strong></span> <span class='ocrx_word' id='word_1_471' title='bbox 3233 2064 3336 2103; x_wconf 90' lang='lat' dir='ltr'><strong>non</strong></span> <span class='ocrx_word' id='word_1_472' title='bbox 3359 2056 3535 2102; x_wconf 45' lang='lat' dir='ltr'><strong>tamen</strong></span> 
     </span>
    </p>
   </div>
   <div class='ocr_carea' id='block_1_67' title="bbox 1963 2115 3536 2188">
    <p class='ocr_par' dir='ltr' id='par_1_67' title="bbox 1963 2115 3536 2188">
     <span class='ocr_line' id='line_1_69' title="bbox 1963 2115 3536 2188; baseline 0.002 -18"><span class='ocrx_word' id='word_1_473' title='bbox 1963 2115 2190 2171; x_wconf 87' lang='lat' dir='ltr'><strong>lnilciari</strong></span> <span class='ocrx_word' id='word_1_474' title='bbox 2232 2132 2513 2184; x_wconf 88' lang='lat' dir='ltr'><strong>possumus</strong></span> <span class='ocrx_word' id='word_1_475' title='bbox 2559 2115 2734 2188; x_wconf 84' lang='lat' dir='ltr'><strong>ipsum</strong></span> <span class='ocrx_word' id='word_1_476' title='bbox 2765 2121 2918 2174; x_wconf 87' lang='lat' dir='ltr'><strong>alteri</strong></span> <span class='ocrx_word' id='word_1_477' title='bbox 2952 2121 3138 2187; x_wconf 80' lang='lat' dir='ltr'><strong>Idalio,</strong></span> <span class='ocrx_word' id='word_1_478' title='bbox 3174 2120 3399 2174; x_wconf 75' lang='lat' dir='ltr'><strong>Lctnica:</strong></span> <span class='ocrx_word' id='word_1_479' title='bbox 3426 2121 3536 2173; x_wconf 79' lang='lat' dir='ltr'><strong>sci-</strong></span> 
     </span>
    </p>
   </div>
   <div class='ocr_carea' id='block_1_68' title="bbox 1964 2188 3537 2260">
    <p class='ocr_par' dir='ltr' id='par_1_68' title="bbox 1964 2188 3537 2260">
     <span class='ocr_line' id='line_1_70' title="bbox 1964 2188 3537 2260; baseline 0.001 -19"><span class='ocrx_word' id='word_1_480' title='bbox 1964 2188 2085 2242; x_wconf 88' lang='lat' dir='ltr'><strong>licet</strong></span> <span class='ocrx_word' id='word_1_481' title='bbox 2112 2189 2166 2260; x_wconf 88' lang='lat' dir='ltr'><strong>in</strong></span> <span class='ocrx_word' id='word_1_482' title='bbox 2196 2189 2444 2244; x_wconf 65' lang='lat' dir='ltr'><strong>Callaecia</strong></span> <span class='ocrx_word' id='word_1_483' title='bbox 2475 2191 2747 2259; x_wconf 91' lang='lat' dir='ltr'><strong>episcopo,</strong></span> <span class='ocrx_word' id='word_1_484' title='bbox 2776 2190 2970 2246; x_wconf 85' lang='lat' dir='ltr'><strong>ascribi</strong></span> <span class='ocrx_word' id='word_1_485' title='bbox 2996 2206 3172 2260; x_wconf 86' lang='lat' dir='ltr'><strong>posse,</strong></span> <span class='ocrx_word' id='word_1_486' title='bbox 3207 2206 3362 2258; x_wconf 56' lang='lat' dir='ltr'><strong>quem</strong></span> <span class='ocrx_word' id='word_1_487' title='bbox 3394 2190 3537 2260; x_wconf 79' lang='lat' dir='ltr'><strong>Geu-</strong></span> 
     </span>
    </p>
   </div>
   <div class='ocr_carea' id='block_1_69' title="bbox 1960 2258 3536 2329">
    <p class='ocr_par' dir='ltr' id='par_1_69' title="bbox 1960 2258 3536 2329">
     <span class='ocr_line' id='line_1_71' title="bbox 1960 2258 3536 2329; baseline 0.003 -17"><span class='ocrx_word' id='word_1_488' title='bbox 1960 2259 2121 2313; x_wconf 88' lang='lat' dir='ltr'><strong>serici</strong></span> <span class='ocrx_word' id='word_1_489' title='bbox 2168 2262 2496 2329; x_wconf 86' lang='lat' dir='ltr'><strong>temporibus</strong></span> <span class='ocrx_word' id='word_1_490' title='bbox 2548 2258 2795 2317; x_wconf 84' lang='lat' dir='ltr'><strong>floruisse</strong></span> <span class='ocrx_word' id='word_1_491' title='bbox 2836 2258 3077 2326; x_wconf 83' lang='lat' dir='ltr'><strong>constat,</strong></span> <span class='ocrx_word' id='word_1_492' title='bbox 3137 2277 3257 2316; x_wconf 89' lang='lat' dir='ltr'><strong>cum</strong></span> <span class='ocrx_word' id='word_1_493' title='bbox 3317 2258 3536 2317; x_wconf 80' lang='lat' dir='ltr'><strong>Vandali</strong></span> 
     </span>
    </p>
   </div>
   <div class='ocr_carea' id='block_1_70' title="bbox 1964 2330 3535 2401">
    <p class='ocr_par' dir='ltr' id='par_1_70' title="bbox 1964 2330 3535 2401">
     <span class='ocr_line' id='line_1_72' title="bbox 1964 2330 3535 2401; baseline 0.001 -18"><span class='ocrx_word' id='word_1_494' title='bbox 1964 2330 2218 2401; x_wconf 73' lang='lat' dir='ltr'><strong>Hispania</strong></span> <span class='ocrx_word' id='word_1_495' title='bbox 2240 2331 2422 2385; x_wconf 85' lang='lat' dir='ltr'><strong>relicta</strong></span> <span class='ocrx_word' id='word_1_496' title='bbox 2444 2332 2498 2385; x_wconf 90' lang='lat' dir='ltr'><strong>in</strong></span> <span class='ocrx_word' id='word_1_497' title='bbox 2520 2332 2754 2385; x_wconf 80' lang='lat' dir='ltr'><strong>Africam</strong></span> <span class='ocrx_word' id='word_1_498' title='bbox 2786 2332 3220 2386; x_wconf 82' lang='lat' dir='ltr'><strong>translretarunt.</strong></span> <span class='ocrx_word' id='word_1_499' title='bbox 3240 2334 3302 2386; x_wconf 82' lang='lat' dir='ltr'><strong>Et</strong></span> <span class='ocrx_word' id='word_1_500' title='bbox 3320 2333 3535 2401; x_wconf 79' lang='lat' dir='ltr'><strong>quidem</strong></span> 
     </span>
    </p>
   </div>
   <div class='ocr_carea' id='block_1_71' title="bbox 1962 2399 3537 2473">
    <p class='ocr_par' dir='ltr' id='par_1_71' title="bbox 1962 2399 3537 2473">
     <span class='ocr_line' id='line_1_73' title="bbox 1962 2399 3537 2473; baseline 0.004 -21"><span class='ocrx_word' id='word_1_501' title='bbox 1962 2399 2195 2473; x_wconf 85' lang='lat' dir='ltr'><strong>ipsemet</strong></span> <span class='ocrx_word' id='word_1_502' title='bbox 2239 2402 2293 2473; x_wconf 82' lang='lat' dir='ltr'><strong>in</strong></span> <span class='ocrx_word' id='word_1_503' title='bbox 2323 2402 2609 2466; x_wconf 90' lang='lat' dir='ltr'><strong>Chronico,</strong></span> <span class='ocrx_word' id='word_1_504' title='bbox 2658 2405 2796 2467; x_wconf 88' lang='lat' dir='ltr'><strong>quod</strong></span> <span class='ocrx_word' id='word_1_505' title='bbox 2828 2403 2894 2457; x_wconf 90' lang='lat' dir='ltr'><strong>ad</strong></span> <span class='ocrx_word' id='word_1_506' title='bbox 2928 2403 3144 2458; x_wconf 90' lang='lat' dir='ltr'><strong>tertium</strong></span> <span class='ocrx_word' id='word_1_507' title='bbox 3179 2399 3349 2472; x_wconf 83' lang='lat' dir='ltr'><strong>usque</strong></span> <span class='ocrx_word' id='word_1_508' title='bbox 3376 2403 3537 2473; x_wconf 59' lang='grc'><strong>214</strong></span> 
     </span>
    </p>
   </div>
   <div class='ocr_carea' id='block_1_72' title="bbox 1964 2471 3534 2543">
    <p class='ocr_par' dir='ltr' id='par_1_72' title="bbox 1964 2471 3534 2543">
     <span class='ocr_line' id='line_1_74' title="bbox 1964 2471 3534 2543; baseline 0.001 -18"><span class='ocrx_word' id='word_1_509' title='bbox 1964 2471 2302 2540; x_wconf 87' lang='lat' dir='ltr'><strong>imperatoris</strong></span> <span class='ocrx_word' id='word_1_510' title='bbox 2328 2473 2599 2527; x_wconf 80' lang='lat' dir='ltr'><strong>Anthemii</strong></span> <span class='ocrx_word' id='word_1_511' title='bbox 2622 2486 2818 2527; x_wconf 87' lang='lat' dir='ltr'><strong>annum</strong></span> <span class='ocrx_word' id='word_1_512' title='bbox 2848 2473 3118 2543; x_wconf 85' lang='lat' dir='ltr'><strong>perduxit,</strong></span> <span class='ocrx_word' id='word_1_513' title='bbox 3149 2489 3209 2528; x_wconf 88' lang='lat' dir='ltr'><strong>se</strong></span> <span class='ocrx_word' id='word_1_514' title='bbox 3254 2471 3419 2527; x_wconf 68' lang='lat' dir='ltr'><strong>rebus</strong></span> <span class='ocrx_word' id='word_1_515' title='bbox 3439 2471 3534 2542; x_wconf 55' lang='lat' dir='ltr'><strong>ge;</strong></span> 
     </span>
    </p>
   </div>
   <div class='ocr_carea' id='block_1_73' title="bbox 1961 2544 3535 2624">
    <p class='ocr_par' dir='ltr' id='par_1_73' title="bbox 1961 2544 3535 2624">
     <span class='ocr_line' id='line_1_75' title="bbox 1961 2544 3535 2624; baseline 0.002 -28"><span class='ocrx_word' id='word_1_516' title='bbox 1961 2544 2058 2624; x_wconf 79' lang='lat' dir='ltr'><strong>stis</strong></span> <span class='ocrx_word' id='word_1_517' title='bbox 2089 2558 2207 2624; x_wconf 63' lang='lat' dir='ltr'><strong>quas</strong></span> <span class='ocrx_word' id='word_1_518' title='bbox 2233 2552 2431 2624; x_wconf 78' lang='lat' dir='ltr'><strong>narrat</strong></span> <span class='ocrx_word' id='word_1_519' title='bbox 2458 2553 2778 2613; x_wconf 66' lang='lat' dir='ltr'><strong>prasentem</strong></span> <span class='ocrx_word' id='word_1_520' title='bbox 2809 2553 2867 2599; x_wconf 91' lang='lat' dir='ltr'><strong>ut</strong></span> <span class='ocrx_word' id='word_1_521' title='bbox 2906 2545 3190 2615; x_wconf 85' lang='lat' dir='ltr'><strong>plurimum</strong></span> <span class='ocrx_word' id='word_1_522' title='bbox 3217 2544 3379 2599; x_wconf 88' lang='lat' dir='ltr'><strong>fuisse</strong></span> <span class='ocrx_word' id='word_1_523' title='bbox 3406 2556 3535 2614; x_wconf 81' lang='lat' dir='ltr'><strong>pas-</strong></span> 
     </span>
    </p>
   </div>
   <div class='ocr_carea' id='block_1_74' title="bbox 1960 2621 2334 2670">
    <p class='ocr_par' dir='ltr' id='par_1_74' title="bbox 1960 2621 2334 2670">
     <span class='ocr_line' id='line_1_76' title="bbox 1960 2621 2334 2670; baseline 0.008 -3"><span class='ocrx_word' id='word_1_524' title='bbox 1960 2621 2060 2667; x_wconf 85' lang='lat' dir='ltr'><strong>sim</strong></span> <span class='ocrx_word' id='word_1_525' title='bbox 2090 2621 2334 2670; x_wconf 77' lang='lat' dir='ltr'><strong>testatur.</strong></span> 
     </span>
    </p>
   </div>
   <div class='ocr_carea' id='block_1_75' title="bbox 2033 2684 3537 2756">
    <p class='ocr_par' dir='ltr' id='par_1_75' title="bbox 2033 2684 3537 2756">
     <span class='ocr_line' id='line_1_77' title="bbox 2033 2684 3537 2756; baseline -0.001 -17"><span class='ocrx_word' id='word_1_526' title='bbox 2033 2686 2086 2739; x_wconf 92' lang='lat'><strong>8.</strong></span> <span class='ocrx_word' id='word_1_527' title='bbox 2110 2684 2277 2740; x_wconf 86' lang='lat' dir='ltr'><strong>Paulo</strong></span> <span class='ocrx_word' id='word_1_528' title='bbox 2309 2695 2429 2753; x_wconf 90' lang='lat' dir='ltr'><strong>post</strong></span> <span class='ocrx_word' id='word_1_529' title='bbox 2465 2685 2607 2741; x_wconf 84' lang='lat' dir='ltr'><strong>istud</strong></span> <span class='ocrx_word' id='word_1_530' title='bbox 2640 2693 2869 2756; x_wconf 87' lang='lat' dir='ltr'><strong>tempus.</strong></span> <span class='ocrx_word' id='word_1_531' title='bbox 2899 2701 3020 2742; x_wconf 84' lang='lat' dir='ltr'><strong>cum</strong></span> <span class='ocrx_word' id='word_1_532' title='bbox 3077 2687 3281 2741; x_wconf 88' lang='lat' dir='ltr'><strong>scilicet</strong></span> <span class='ocrx_word' id='word_1_533' title='bbox 3308 2685 3537 2741; x_wconf 85' lang='lat' dir='ltr'><strong>Cartha-</strong></span> 
     </span>
    </p>
   </div>
   <div class='ocr_carea' id='block_1_76' title="bbox 1962 2755 3537 2827">
    <p class='ocr_par' dir='ltr' id='par_1_76' title="bbox 1962 2755 3537 2827">
     <span class='ocr_line' id='line_1_78' title="bbox 1962 2755 3537 2827; baseline 0 -18"><span class='ocrx_word' id='word_1_534' title='bbox 1962 2755 2137 2827; x_wconf 89' lang='lat' dir='ltr'><strong>ginem</strong></span> <span class='ocrx_word' id='word_1_535' title='bbox 2156 2756 2263 2824; x_wconf 85' lang='lat' dir='ltr'><strong>jam</strong></span> <span class='ocrx_word' id='word_1_536' title='bbox 2279 2757 2604 2827; x_wconf 77' lang='lat' dir='ltr'><strong>Gensericus</strong></span> <span class='ocrx_word' id='word_1_537' title='bbox 2621 2759 2926 2819; x_wconf 81' lang='lat' dir='ltr'><strong>invasisset.</strong></span> <span class='ocrx_word' id='word_1_538' title='bbox 2941 2756 3176 2813; x_wconf 85' lang='lat' dir='ltr'><strong>Cerealis</strong></span> <span class='ocrx_word' id='word_1_539' title='bbox 3190 2760 3285 2811; x_wconf 44' lang='lat' dir='ltr'><strong>Ca\</strong></span> <span class='ocrx_word' id='word_1_540' title='bbox 3297 2759 3537 2813; x_wconf 85' lang='lat' dir='ltr'><strong>teliensis</strong></span> 
     </span>
    </p>
   </div>
   <div class='ocr_carea' id='block_1_77' title="bbox 1960 2826 3534 2896">
    <p class='ocr_par' dir='ltr' id='par_1_77' title="bbox 1960 2826 3534 2896">
     <span class='ocr_line' id='line_1_79' title="bbox 1960 2826 3534 2896; baseline -0.001 -13"><span class='ocrx_word' id='word_1_541' title='bbox 1960 2826 2246 2896; x_wconf 87' lang='lat' dir='ltr'><strong>episcopus</strong></span> <span class='ocrx_word' id='word_1_542' title='bbox 2266 2826 2459 2881; x_wconf 90' lang='lat' dir='ltr'><strong>librum</strong></span> <span class='ocrx_word' id='word_1_543' title='bbox 2489 2828 2746 2884; x_wconf 87' lang='lat' dir='ltr'><strong>adversus</strong></span> <span class='ocrx_word' id='word_1_544' title='bbox 2771 2829 3112 2883; x_wconf 76' lang='lat' dir='ltr'><strong>Maximinum</strong></span> <span class='ocrx_word' id='word_1_545' title='bbox 3147 2831 3356 2883; x_wconf 77' lang='lat' dir='ltr'><strong>Ariante</strong></span> <span class='ocrx_word' id='word_1_546' title='bbox 3372 2836 3534 2882; x_wconf 63' lang='lat' dir='ltr'><strong>secta:</strong></span> 
     </span>
    </p>
   </div>
   <div class='ocr_carea' id='block_1_78' title="bbox 1962 2898 3537 2968">
    <p class='ocr_par' dir='ltr' id='par_1_78' title="bbox 1962 2898 3537 2968">
     <span class='ocr_line' id='line_1_80' title="bbox 1962 2898 3537 2968; baseline -0.001 -15"><span class='ocrx_word' id='word_1_547' title='bbox 1962 2900 2271 2966; x_wconf 85' lang='lat' dir='ltr'><strong>episcopum</strong></span> <span class='ocrx_word' id='word_1_548' title='bbox 2300 2899 2640 2967; x_wconf 89' lang='lat' dir='ltr'><strong>conscripsit,</strong></span> <span class='ocrx_word' id='word_1_549' title='bbox 2671 2899 2761 2968; x_wconf 90' lang='lat' dir='ltr'><strong>qui</strong></span> <span class='ocrx_word' id='word_1_550' title='bbox 2790 2909 2965 2955; x_wconf 80' lang='lat' dir='ltr'><strong>exstat</strong></span> <span class='ocrx_word' id='word_1_551' title='bbox 2996 2899 3048 2952; x_wconf 91' lang='lat' dir='ltr'><strong>in</strong></span> <span class='ocrx_word' id='word_1_552' title='bbox 3083 2898 3406 2953; x_wconf 85' lang='lat' dir='ltr'><strong>Bibliotheca</strong></span> <span class='ocrx_word' id='word_1_553' title='bbox 3438 2899 3537 2952; x_wconf 78' lang='lat' dir='ltr'><strong>Pa-</strong></span> 
     </span>
    </p>
   </div>
   <div class='ocr_carea' id='block_1_79' title="bbox 1966 2968 3535 3038">
    <p class='ocr_par' dir='ltr' id='par_1_79' title="bbox 1966 2968 3535 3038">
     <span class='ocr_line' id='line_1_81' title="bbox 1966 2968 3535 3038; baseline -0.001 -15"><span class='ocrx_word' id='word_1_554' title='bbox 1966 2979 2126 3032; x_wconf 87' lang='lat' dir='ltr'><strong>trum,</strong></span> <span class='ocrx_word' id='word_1_555' title='bbox 2155 2970 2547 3037; x_wconf 87' lang='lat' dir='ltr'><strong>laudaturquea</strong></span> <span class='ocrx_word' id='word_1_556' title='bbox 2579 2968 2854 3023; x_wconf 84' lang='lat' dir='ltr'><strong>Gennadio</strong></span> <span class='ocrx_word' id='word_1_557' title='bbox 2878 2985 2996 3038; x_wconf 85' lang='lat' dir='ltr'><strong>cap.</strong></span> <span class='ocrx_word' id='word_1_558' title='bbox 3016 2970 3102 3024; x_wconf 86' lang='lat'><strong>66.</strong></span> <span class='ocrx_word' id='word_1_559' title='bbox 3131 2970 3270 3023; x_wconf 88' lang='lat' dir='ltr'><strong>Idem</strong></span> <span class='ocrx_word' id='word_1_560' title='bbox 3298 2970 3535 3024; x_wconf 79' lang='lat' dir='ltr'><strong>Cerealis</strong></span> 
     </span>
    </p>
   </div>
   <div class='ocr_carea' id='block_1_80' title="bbox 1964 3038 3537 3094">
    <p class='ocr_par' dir='ltr' id='par_1_80' title="bbox 1964 3038 3537 3094">
     <span class='ocr_line' id='line_1_82' title="bbox 1964 3038 3537 3094; baseline -0.001 0"><span class='ocrx_word' id='word_1_561' title='bbox 1964 3040 2016 3094; x_wconf 88' lang='lat' dir='ltr'><strong>in</strong></span> <span class='ocrx_word' id='word_1_562' title='bbox 2048 3039 2242 3093; x_wconf 84' lang='lat' dir='ltr'><strong>Notitia</strong></span> <span class='ocrx_word' id='word_1_563' title='bbox 2272 3039 2519 3094; x_wconf 80' lang='lat' dir='ltr'><strong>Africana</strong></span> <span class='ocrx_word' id='word_1_564' title='bbox 2550 3049 2862 3094; x_wconf 89' lang='lat' dir='ltr'><strong>recensetur</strong></span> <span class='ocrx_word' id='word_1_565' title='bbox 2890 3042 3030 3094; x_wconf 89' lang='lat' dir='ltr'><strong>inter</strong></span> <span class='ocrx_word' id='word_1_566' title='bbox 3070 3040 3398 3094; x_wconf 72' lang='lat' dir='ltr'><strong>Mauritania:</strong></span> <span class='ocrx_word' id='word_1_567' title='bbox 3421 3038 3537 3093; x_wconf 72' lang='lat' dir='ltr'><strong>Ca3-</strong></span> 
     </span>
    </p>
   </div>
   <div class='ocr_carea' id='block_1_81' title="bbox 1966 3108 3537 3179">
    <p class='ocr_par' dir='ltr' id='par_1_81' title="bbox 1966 3108 3537 3179">
     <span class='ocr_line' id='line_1_83' title="bbox 1966 3108 3537 3179; baseline -0.001 -16"><span class='ocrx_word' id='word_1_568' title='bbox 1966 3110 2221 3165; x_wconf 83' lang='lat' dir='ltr'><strong>sariensis</strong></span> <span class='ocrx_word' id='word_1_569' title='bbox 2250 3114 2553 3179; x_wconf 78' lang='lat' dir='ltr'><strong>episcOpos,</strong></span> <span class='ocrx_word' id='word_1_570' title='bbox 2585 3110 2677 3179; x_wconf 89' lang='lat' dir='ltr'><strong>qui</strong></span> <span class='ocrx_word' id='word_1_571' title='bbox 2701 3110 2950 3165; x_wconf 78' lang='lat' dir='ltr'><strong>Hunerici</strong></span> <span class='ocrx_word' id='word_1_572' title='bbox 2972 3111 3113 3178; x_wconf 79' lang='lat' dir='ltr'><strong>regis</strong></span> <span class='ocrx_word' id='word_1_573' title='bbox 3136 3112 3387 3164; x_wconf 89' lang='lat' dir='ltr'><strong>mandato</strong></span> <span class='ocrx_word' id='word_1_574' title='bbox 3405 3108 3537 3163; x_wconf 81' lang='lat' dir='ltr'><strong>Car-</strong></span> 
     </span>
    </p>
   </div>
   <div class='ocr_carea' id='block_1_82' title="bbox 289 3178 3533 3252">
    <p class='ocr_par' dir='ltr' id='par_1_82' title="bbox 289 3178 3533 3252">
     <span class='ocr_line' id='line_1_84' title="bbox 289 3178 3533 3252; baseline 0.001 -19"><span class='ocrx_word' id='word_1_575' title='bbox 289 3181 425 3234; x_wconf 84' lang='lat' dir='ltr'><strong>stola</strong></span> <span class='ocrx_word' id='word_1_576' title='bbox 450 3182 707 3236; x_wconf 83' lang='lat' dir='ltr'><strong>Honorati</strong></span> <span class='ocrx_word' id='word_1_577' title='bbox 734 3181 1008 3245; x_wconf 76' lang='lat' dir='ltr'><strong>Antonini,</strong></span> <span class='ocrx_word' id='word_1_578' title='bbox 1026 3196 1182 3250; x_wconf 91' lang='lat' dir='ltr'><strong>quam</strong></span> <span class='ocrx_word' id='word_1_579' title='bbox 1199 3194 1358 3249; x_wconf 88' lang='lat' dir='ltr'><strong>supra</strong></span> <span class='ocrx_word' id='word_1_580' title='bbox 1378 3181 1534 3251; x_wconf 69' lang='lat'><strong>213</strong></span> <span class='ocrx_word' id='word_1_581' title='bbox 1558 3180 1853 3252; x_wconf 80' lang='lat' dir='ltr'><strong>retulimus,</strong></span> <span class='ocrx_word' id='word_1_582' title='bbox 1886 3178 1931 3243; x_wconf 80' lang='grc' dir='ltr'><strong><em>Β</em></strong></span> <span class='ocrx_word' id='word_1_583' title='bbox 1965 3181 2235 3251; x_wconf 85' lang='lat' dir='ltr'><strong>thaginem</strong></span> <span class='ocrx_word' id='word_1_584' title='bbox 2255 3178 2621 3235; x_wconf 88' lang='lat' dir='ltr'><strong>convenerunt</strong></span> <span class='ocrx_word' id='word_1_585' title='bbox 2642 3196 2740 3252; x_wconf 87' lang='lat' dir='ltr'><strong>pro</strong></span> <span class='ocrx_word' id='word_1_586' title='bbox 2757 3181 3024 3235; x_wconf 90' lang='lat' dir='ltr'><strong>reddenda</strong></span> <span class='ocrx_word' id='word_1_587' title='bbox 3047 3181 3163 3236; x_wconf 87' lang='lat' dir='ltr'><strong>lidei</strong></span> <span class='ocrx_word' id='word_1_588' title='bbox 3179 3196 3289 3235; x_wconf 73' lang='lat' dir='ltr'><strong>sua:</strong></span> <span class='ocrx_word' id='word_1_589' title='bbox 3306 3184 3533 3252; x_wconf 80' lang='lat' dir='ltr'><strong>ratione,</strong></span> 
     </span>
    </p>
   </div>
   <div class='ocr_carea' id='block_1_83' title="bbox 290 3249 1857 3320">
    <p class='ocr_par' dir='ltr' id='par_1_83' title="bbox 290 3249 1857 3320">
     <span class='ocr_line' id='line_1_85' title="bbox 290 3249 1857 3320; baseline 0.001 -16"><span class='ocrx_word' id='word_1_590' title='bbox 290 3266 449 3305; x_wconf 81' lang='lat' dir='ltr'><strong>neruo</strong></span> <span class='ocrx_word' id='word_1_591' title='bbox 482 3261 659 3320; x_wconf 89' lang='lat' dir='ltr'><strong>potest</strong></span> <span class='ocrx_word' id='word_1_592' title='bbox 688 3252 931 3307; x_wconf 83' lang='lat' dir='ltr'><strong>inlleiari.</strong></span> <span class='ocrx_word' id='word_1_593' title='bbox 977 3249 1053 3306; x_wconf 89' lang='lat' dir='ltr'><strong>lbi</strong></span> <span class='ocrx_word' id='word_1_594' title='bbox 1075 3252 1216 3305; x_wconf 88' lang='lat' dir='ltr'><strong>enim</strong></span> <span class='ocrx_word' id='word_1_595' title='bbox 1262 3249 1545 3304; x_wconf 73' lang='lat' dir='ltr'><strong>Arcadium</strong></span> <span class='ocrx_word' id='word_1_596' title='bbox 1573 3249 1651 3305; x_wconf 88' lang='lat' dir='ltr'><strong>sic</strong></span> <span class='ocrx_word' id='word_1_597' title='bbox 1680 3250 1857 3305; x_wconf 83' lang='lat' dir='ltr'><strong>Hono-</strong></span> 
     </span>
    </p>
   </div>
   <div class='ocr_carea' id='block_1_84' title="bbox 288 3321 1861 3393">
    <p class='ocr_par' dir='ltr' id='par_1_84' title="bbox 288 3321 1861 3393">
     <span class='ocr_line' id='line_1_86' title="bbox 288 3321 1861 3393; baseline -0.001 -18"><span class='ocrx_word' id='word_1_598' title='bbox 288 3332 437 3376; x_wconf 90' lang='lat' dir='ltr'><strong>ratus</strong></span> <span class='ocrx_word' id='word_1_599' title='bbox 470 3324 757 3390; x_wconf 84' lang='lat' dir='ltr'><strong>alloquitur</strong></span> <span class='ocrx_word' id='word_1_600' title='bbox 786 3338 936 3382; x_wconf 90' lang='lat' dir='ltr'><strong>num.</strong></span> <span class='ocrx_word' id='word_1_601' title='bbox 974 3323 1040 3377; x_wconf 82' lang='lat'><strong>5:</strong></span> <span class='ocrx_word' id='word_1_602' title='bbox 1078 3322 1304 3393; x_wconf 78' lang='lat' dir='ltr'><strong>Signifer</strong></span> <span class='ocrx_word' id='word_1_603' title='bbox 1329 3337 1379 3375; x_wconf 81' lang='lat' dir='ltr'><strong>es</strong></span> <span class='ocrx_word' id='word_1_604' title='bbox 1420 3321 1630 3385; x_wconf 83' lang='lat' dir='ltr'><strong>Christi,</strong></span> <span class='ocrx_word' id='word_1_605' title='bbox 1672 3323 1725 3374; x_wconf 90' lang='lat' dir='ltr'><strong>in</strong></span> <span class='ocrx_word' id='word_1_606' title='bbox 1753 3323 1861 3374; x_wconf 73' lang='lat' dir='ltr'><strong>acie</strong></span> 
     </span>
    </p>
   </div>
   <div class='ocr_carea' id='block_1_85' title="bbox 287 3392 1862 3461">
    <p class='ocr_par' dir='ltr' id='par_1_85' title="bbox 287 3392 1862 3461">
     <span class='ocr_line' id='line_1_87' title="bbox 287 3392 1862 3461; baseline 0.001 -17"><span class='ocrx_word' id='word_1_607' title='bbox 287 3394 486 3461; x_wconf 86' lang='lat' dir='ltr'><strong>primus</strong></span> <span class='ocrx_word' id='word_1_608' title='bbox 525 3396 773 3453; x_wconf 81' lang='lat' dir='ltr'><strong>ambulas.</strong></span> <span class='ocrx_word' id='word_1_609' title='bbox 819 3395 878 3448; x_wconf 88' lang='lat' dir='ltr'><strong>Si</strong></span> <span class='ocrx_word' id='word_1_610' title='bbox 907 3406 960 3447; x_wconf 89' lang='lat' dir='ltr'><strong>tu</strong></span> <span class='ocrx_word' id='word_1_611' title='bbox 992 3392 1263 3459; x_wconf 71' lang='lat' dir='ltr'><strong>cecideris,</strong></span> <span class='ocrx_word' id='word_1_612' title='bbox 1320 3393 1380 3447; x_wconf 87' lang='lat' dir='ltr'><strong>ab</strong></span> <span class='ocrx_word' id='word_1_613' title='bbox 1426 3392 1648 3445; x_wconf 84' lang='lat' dir='ltr'><strong>aliorum</strong></span> <span class='ocrx_word' id='word_1_614' title='bbox 1705 3402 1862 3446; x_wconf 85' lang='lat' dir='ltr'><strong>morte</strong></span> 
     </span>
    </p>
   </div>
   <div class='ocr_carea' id='block_1_86' title="bbox 286 3464 1862 3534">
    <p class='ocr_par' dir='ltr' id='par_1_86' title="bbox 286 3464 1862 3534">
     <span class='ocr_line' id='line_1_88' title="bbox 286 3464 1862 3534; baseline 0.001 -19"><span class='ocrx_word' id='word_1_615' title='bbox 286 3480 392 3515; x_wconf 82' lang='lat' dir='ltr'><strong>non</strong></span> <span class='ocrx_word' id='word_1_616' title='bbox 422 3464 524 3517; x_wconf 84' lang='lat' dir='ltr'><strong>eris</strong></span> <span class='ocrx_word' id='word_1_617' title='bbox 576 3467 836 3526; x_wconf 81' lang='lat' dir='ltr'><strong>immunis,</strong></span> <span class='ocrx_word' id='word_1_618' title='bbox 882 3475 987 3519; x_wconf 88' lang='lat' dir='ltr'><strong>etc.</strong></span> <span class='ocrx_word' id='word_1_619' title='bbox 1035 3464 1139 3519; x_wconf 89' lang='lat' dir='ltr'><strong>Sed</strong></span> <span class='ocrx_word' id='word_1_620' title='bbox 1180 3479 1298 3532; x_wconf 62' lang='lat' dir='ltr'><strong>quae</strong></span> <span class='ocrx_word' id='word_1_621' title='bbox 1328 3476 1584 3534; x_wconf 70' lang='lat' dir='ltr'><strong>pranerca</strong></span> <span class='ocrx_word' id='word_1_622' title='bbox 1627 3464 1695 3517; x_wconf 90' lang='lat' dir='ltr'><strong>de</strong></span> <span class='ocrx_word' id='word_1_623' title='bbox 1744 3467 1862 3517; x_wconf 89' lang='lat' dir='ltr'><strong>istis</strong></span> 
     </span>
    </p>
   </div>
   <div class='ocr_carea' id='block_1_87' title="bbox 286 3535 1861 3602">
    <p class='ocr_par' dir='ltr' id='par_1_87' title="bbox 286 3535 1861 3602">
     <span class='ocr_line' id='line_1_89' title="bbox 286 3535 1861 3602; baseline 0.001 -15"><span class='ocrx_word' id='word_1_624' title='bbox 286 3535 616 3602; x_wconf 86' lang='lat' dir='ltr'><strong>martyribus</strong></span> <span class='ocrx_word' id='word_1_625' title='bbox 644 3550 707 3589; x_wconf 82' lang='lat' dir='ltr'><strong>ex</strong></span> <span class='ocrx_word' id='word_1_626' title='bbox 737 3535 1123 3589; x_wconf 79' lang='lat' dir='ltr'><strong>recentioribus</strong></span> <span class='ocrx_word' id='word_1_627' title='bbox 1154 3544 1335 3588; x_wconf 89' lang='lat' dir='ltr'><strong>narrat</strong></span> <span class='ocrx_word' id='word_1_628' title='bbox 1362 3535 1500 3587; x_wconf 86' lang='lat' dir='ltr'><strong>idem</strong></span> <span class='ocrx_word' id='word_1_629' title='bbox 1532 3544 1738 3597; x_wconf 87' lang='lat' dir='ltr'><strong>auctor,</strong></span> <span class='ocrx_word' id='word_1_630' title='bbox 1769 3548 1861 3589; x_wconf 84' lang='lat' dir='ltr'><strong>ne-</strong></span> 
     </span>
    </p>
   </div>
   <div class='ocr_carea' id='block_1_88' title="bbox 288 3604 1860 3672">
    <p class='ocr_par' dir='ltr' id='par_1_88' title="bbox 288 3604 1860 3672">
     <span class='ocr_line' id='line_1_90' title="bbox 288 3604 1860 3672; baseline -0.001 -14"><span class='ocrx_word' id='word_1_631' title='bbox 288 3621 380 3658; x_wconf 88' lang='lat' dir='ltr'><strong>tno</strong></span> <span class='ocrx_word' id='word_1_632' title='bbox 407 3604 565 3659; x_wconf 80' lang='lat' dir='ltr'><strong>facile</strong></span> <span class='ocrx_word' id='word_1_633' title='bbox 588 3605 830 3658; x_wconf 88' lang='lat' dir='ltr'><strong>admittet</strong></span> <span class='ocrx_word' id='word_1_634' title='bbox 850 3605 1054 3672; x_wconf 82' lang='lat' dir='ltr'><strong>absque</strong></span> <span class='ocrx_word' id='word_1_635' title='bbox 1079 3605 1256 3672; x_wconf 88' lang='lat' dir='ltr'><strong>aliquo</strong></span> <span class='ocrx_word' id='word_1_636' title='bbox 1278 3606 1411 3657; x_wconf 83' lang='lat' dir='ltr'><strong>vade</strong></span> <span class='ocrx_word' id='word_1_637' title='bbox 1434 3605 1683 3663; x_wconf 39' lang='lat' dir='ltr'><strong>certioris,</strong></span> <span class='ocrx_word' id='word_1_638' title='bbox 1721 3604 1860 3657; x_wconf 88' lang='lat' dir='ltr'><strong>lidei.</strong></span> 
     </span>
    </p>
   </div>
   <div class='ocr_carea' id='block_1_89' title="bbox 362 3674 1866 3743">
    <p class='ocr_par' dir='ltr' id='par_1_89' title="bbox 362 3674 1866 3743">
     <span class='ocr_line' id='line_1_91' title="bbox 362 3674 1866 3743; baseline 0.002 -18"><span class='ocrx_word' id='word_1_639' title='bbox 362 3674 417 3726; x_wconf 87' lang='lat'><strong>7.</strong></span> <span class='ocrx_word' id='word_1_640' title='bbox 438 3674 702 3728; x_wconf 67' lang='lat' dir='ltr'><strong>(Steterunt</strong></span> <span class='ocrx_word' id='word_1_641' title='bbox 718 3674 881 3727; x_wconf 88' lang='lat' dir='ltr'><strong>multo</strong></span> <span class='ocrx_word' id='word_1_642' title='bbox 898 3675 1073 3743; x_wconf 89' lang='lat' dir='ltr'><strong>plures</strong></span> <span class='ocrx_word' id='word_1_643' title='bbox 1087 3674 1185 3727; x_wconf 82' lang='lat' dir='ltr'><strong>hac</strong></span> <span class='ocrx_word' id='word_1_644' title='bbox 1202 3681 1517 3741; x_wconf 79' lang='lat' dir='ltr'><strong>tempestate</strong></span> <span class='ocrx_word' id='word_1_645' title='bbox 1539 3680 1798 3743; x_wconf 81' lang='lat' dir='ltr'><strong>martyres</strong></span> <span class='ocrx_word' id='word_1_646' title='bbox 1810 3682 1866 3728; x_wconf 89' lang='lat' dir='ltr'><strong>et</strong></span> 
     </span>
    </p>
   </div>
   <div class='ocr_carea' id='block_1_90' title="bbox 287 3742 1865 3813">
    <p class='ocr_par' dir='ltr' id='par_1_90' title="bbox 287 3742 1865 3813">
     <span class='ocr_line' id='line_1_92' title="bbox 287 3742 1865 3813; baseline -0.002 -13"><span class='ocrx_word' id='word_1_647' title='bbox 287 3743 638 3800; x_wconf 79' lang='lat' dir='ltr'><strong>confessores</strong></span> <span class='ocrx_word' id='word_1_648' title='bbox 660 3761 754 3813; x_wconf 87' lang='lat' dir='ltr'><strong>pro</strong></span> <span class='ocrx_word' id='word_1_649' title='bbox 775 3744 967 3799; x_wconf 66' lang='lat' dir='ltr'><strong>Christi</strong></span> <span class='ocrx_word' id='word_1_650' title='bbox 996 3743 1283 3799; x_wconf 87' lang='lat' dir='ltr'><strong>asserenda</strong></span> <span class='ocrx_word' id='word_1_651' title='bbox 1306 3744 1581 3798; x_wconf 82' lang='lat' dir='ltr'><strong>divinitate</strong></span> <span class='ocrx_word' id='word_1_652' title='bbox 1608 3744 1658 3796; x_wconf 92' lang='lat' dir='ltr'><strong>in</strong></span> <span class='ocrx_word' id='word_1_653' title='bbox 1689 3742 1865 3797; x_wconf 82' lang='lat' dir='ltr'><strong>Africa</strong></span> 
     </span>
    </p>
   </div>
   <div class='ocr_carea' id='block_1_91' title="bbox 287 3814 1867 3882">
    <p class='ocr_par' dir='ltr' id='par_1_91' title="bbox 287 3814 1867 3882">
     <span class='ocr_line' id='line_1_93' title="bbox 287 3814 1867 3882; baseline -0.002 -11"><span class='ocrx_word' id='word_1_654' title='bbox 287 3816 603 3871; x_wconf 74' lang='lat' dir='ltr'><strong>decertasse</strong></span> <span class='ocrx_word' id='word_1_655' title='bbox 629 3825 874 3871; x_wconf 87' lang='lat' dir='ltr'><strong>auctores</strong></span> <span class='ocrx_word' id='word_1_656' title='bbox 903 3815 1098 3871; x_wconf 81' lang='lat' dir='ltr'><strong>laudati</strong></span> <span class='ocrx_word' id='word_1_657' title='bbox 1134 3816 1379 3877; x_wconf 86' lang='lat' dir='ltr'><strong>iunuunt,</strong></span> <span class='ocrx_word' id='word_1_658' title='bbox 1405 3814 1647 3882; x_wconf 81' lang='lat' dir='ltr'><strong>quamvis</strong></span> <span class='ocrx_word' id='word_1_659' title='bbox 1675 3828 1867 3881; x_wconf 86' lang='lat' dir='ltr'><strong>pauco-</strong></span> 
     </span>
    </p>
   </div>
   <div class='ocr_carea' id='block_1_92' title="bbox 288 3884 1869 3942">
    <p class='ocr_par' dir='ltr' id='par_1_92' title="bbox 288 3884 1869 3942">
     <span class='ocr_line' id='line_1_94' title="bbox 288 3884 1869 3942; baseline -0.002 0"><span class='ocrx_word' id='word_1_660' title='bbox 288 3902 410 3942; x_wconf 89' lang='lat' dir='ltr'><strong>rum</strong></span> <span class='ocrx_word' id='word_1_661' title='bbox 441 3886 778 3942; x_wconf 86' lang='lat' dir='ltr'><strong>solummodo</strong></span> <span class='ocrx_word' id='word_1_662' title='bbox 813 3887 1027 3940; x_wconf 89' lang='lat' dir='ltr'><strong>nomina</strong></span> <span class='ocrx_word' id='word_1_663' title='bbox 1066 3886 1346 3940; x_wconf 82' lang='lat' dir='ltr'><strong>brevitatis</strong></span> <span class='ocrx_word' id='word_1_664' title='bbox 1367 3884 1544 3938; x_wconf 86' lang='lat' dir='ltr'><strong>studio</strong></span> <span class='ocrx_word' id='word_1_665' title='bbox 1583 3898 1869 3939; x_wconf 86' lang='lat' dir='ltr'><strong>recensue-</strong></span> 
     </span>
    </p>
   </div>
   <div class='ocr_carea' id='block_1_93' title="bbox 289 3955 1867 4023">
    <p class='ocr_par' dir='ltr' id='par_1_93' title="bbox 289 3955 1867 4023">
     <span class='ocr_line' id='line_1_95' title="bbox 289 3955 1867 4023; baseline -0.001 -11"><span class='ocrx_word' id='word_1_666' title='bbox 289 3958 421 4012; x_wconf 85' lang='lat' dir='ltr'><strong>riut.</strong></span> <span class='ocrx_word' id='word_1_667' title='bbox 443 3956 551 4011; x_wconf 78' lang='lat' dir='ltr'><strong>Nec</strong></span> <span class='ocrx_word' id='word_1_668' title='bbox 573 3958 732 4012; x_wconf 88' lang='lat' dir='ltr'><strong>etiam</strong></span> <span class='ocrx_word' id='word_1_669' title='bbox 757 3957 972 4012; x_wconf 84' lang='lat' dir='ltr'><strong>defuere</strong></span> <span class='ocrx_word' id='word_1_670' title='bbox 989 3956 1310 4011; x_wconf 83' lang='lat' dir='ltr'><strong>sanctissimi</strong></span> <span class='ocrx_word' id='word_1_671' title='bbox 1339 3955 1614 4023; x_wconf 68' lang='lat' dir='ltr'><strong>prmsnles,</strong></span> <span class='ocrx_word' id='word_1_672' title='bbox 1638 3957 1726 4023; x_wconf 90' lang='lat' dir='ltr'><strong>qui</strong></span> <span class='ocrx_word' id='word_1_673' title='bbox 1749 3970 1867 4011; x_wconf 86' lang='lat' dir='ltr'><strong>sese</strong></span> 
     </span>
    </p>
   </div>
   <div class='ocr_carea' id='block_1_94' title="bbox 290 4027 1867 4097">
    <p class='ocr_par' dir='ltr' id='par_1_94' title="bbox 290 4027 1867 4097">
     <span class='ocr_line' id='line_1_96' title="bbox 290 4027 1867 4097; baseline -0.001 -14"><span class='ocrx_word' id='word_1_674' title='bbox 290 4027 461 4083; x_wconf 88' lang='lat' dir='ltr'><strong>veluti</strong></span> <span class='ocrx_word' id='word_1_675' title='bbox 506 4043 686 4083; x_wconf 88' lang='lat' dir='ltr'><strong>muros</strong></span> <span class='ocrx_word' id='word_1_676' title='bbox 729 4042 898 4083; x_wconf 83' lang='lat' dir='ltr'><strong>aereos</strong></span> <span class='ocrx_word' id='word_1_677' title='bbox 929 4043 1027 4097; x_wconf 90' lang='lat' dir='ltr'><strong>pro</strong></span> <span class='ocrx_word' id='word_1_678' title='bbox 1074 4029 1268 4082; x_wconf 86' lang='lat' dir='ltr'><strong>domus</strong></span> <span class='ocrx_word' id='word_1_679' title='bbox 1318 4027 1528 4080; x_wconf 86' lang='lat' dir='ltr'><strong>Domini</strong></span> <span class='ocrx_word' id='word_1_680' title='bbox 1558 4027 1867 4082; x_wconf 85' lang='lat' dir='ltr'><strong>defensione</strong></span> 
     </span>
    </p>
   </div>
   <div class='ocr_carea' id='block_1_95' title="bbox 292 4099 1867 4168">
    <p class='ocr_par' dir='ltr' id='par_1_95' title="bbox 292 4099 1867 4168">
     <span class='ocr_line' id='line_1_97' title="bbox 292 4099 1867 4168; baseline -0.003 -12"><span class='ocrx_word' id='word_1_681' title='bbox 292 4099 575 4156; x_wconf 79' lang='lat' dir='ltr'><strong>Genserici</strong></span> <span class='ocrx_word' id='word_1_682' title='bbox 598 4100 878 4155; x_wconf 80' lang='lat' dir='ltr'><strong>conatibus</strong></span> <span class='ocrx_word' id='word_1_683' title='bbox 907 4108 1267 4168; x_wconf 89' lang='lat' dir='ltr'><strong>opponerent:</strong></span> <span class='ocrx_word' id='word_1_684' title='bbox 1300 4112 1366 4153; x_wconf 84' lang='lat' dir='ltr'><strong>ex</strong></span> <span class='ocrx_word' id='word_1_685' title='bbox 1395 4113 1619 4167; x_wconf 90' lang='lat' dir='ltr'><strong>quorum</strong></span> <span class='ocrx_word' id='word_1_686' title='bbox 1643 4113 1867 4152; x_wconf 87' lang='lat' dir='ltr'><strong>numero</strong></span> 
     </span>
    </p>
   </div>
   <div class='ocr_carea' id='block_1_96' title="bbox 291 4169 1869 4238">
    <p class='ocr_par' dir='ltr' id='par_1_96' title="bbox 291 4169 1869 4238">
     <span class='ocr_line' id='line_1_98' title="bbox 291 4169 1869 4238; baseline 0 -13"><span class='ocrx_word' id='word_1_687' title='bbox 291 4172 497 4238; x_wconf 87' lang='lat' dir='ltr'><strong>aliquot</strong></span> <span class='ocrx_word' id='word_1_688' title='bbox 526 4169 704 4224; x_wconf 91' lang='lat' dir='ltr'><strong>laudat</strong></span> <span class='ocrx_word' id='word_1_689' title='bbox 730 4170 1034 4225; x_wconf 87' lang='lat' dir='ltr'><strong>Gennadius</strong></span> <span class='ocrx_word' id='word_1_690' title='bbox 1063 4171 1114 4223; x_wconf 92' lang='lat' dir='ltr'><strong>in</strong></span> <span class='ocrx_word' id='word_1_691' title='bbox 1143 4170 1387 4236; x_wconf 72' lang='lat' dir='ltr'><strong>catalogo</strong></span> <span class='ocrx_word' id='word_1_692' title='bbox 1415 4171 1737 4237; x_wconf 89' lang='lat' dir='ltr'><strong>scriptorum</strong></span> <span class='ocrx_word' id='word_1_693' title='bbox 1778 4182 1869 4225; x_wconf 90' lang='lat' dir='ltr'><strong>ec-</strong></span> 
     </span>
    </p>
   </div>
   <div class='ocr_carea' id='block_1_97' title="bbox 293 4239 1867 4312">
    <p class='ocr_par' dir='ltr' id='par_1_97' title="bbox 293 4239 1867 4312">
     <span class='ocr_line' id='line_1_99' title="bbox 293 4239 1867 4312; baseline -0.001 -15"><span class='ocrx_word' id='word_1_694' title='bbox 293 4241 716 4312; x_wconf 65' lang='lat' dir='ltr'><strong>clesiasticarum</strong></span> <span class='ocrx_word' id='word_1_695' title='bbox 762 4242 871 4311; x_wconf 90' lang='lat' dir='ltr'><strong>qui,</strong></span> <span class='ocrx_word' id='word_1_696' title='bbox 913 4250 1133 4312; x_wconf 75' lang='lat' dir='ltr'><strong>accepto</strong></span> <span class='ocrx_word' id='word_1_697' title='bbox 1180 4241 1408 4306; x_wconf 87' lang='lat' dir='ltr'><strong>calamo,</strong></span> <span class='ocrx_word' id='word_1_698' title='bbox 1441 4240 1559 4294; x_wconf 76' lang='lat' dir='ltr'><strong>ﬁdei</strong></span> <span class='ocrx_word' id='word_1_699' title='bbox 1590 4239 1867 4295; x_wconf 73' lang='lat' dir='ltr'><strong>catholica:</strong></span> 
     </span>
    </p>
   </div>
   <div class='ocr_carea' id='block_1_98' title="bbox 297 4310 1865 4380">
    <p class='ocr_par' dir='ltr' id='par_1_98' title="bbox 297 4310 1865 4380">
     <span class='ocr_line' id='line_1_100' title="bbox 297 4310 1865 4380; baseline 0.001 -15"><span class='ocrx_word' id='word_1_700' title='bbox 297 4310 579 4367; x_wconf 80' lang='lat' dir='ltr'><strong>veritatem</strong></span> <span class='ocrx_word' id='word_1_701' title='bbox 604 4310 789 4367; x_wconf 86' lang='lat' dir='ltr'><strong>contra</strong></span> <span class='ocrx_word' id='word_1_702' title='bbox 827 4310 1057 4367; x_wconf 78' lang='lat' dir='ltr'><strong>Arianos</strong></span> <span class='ocrx_word' id='word_1_703' title='bbox 1072 4312 1287 4380; x_wconf 88' lang='lat' dir='ltr'><strong>scriptis</strong></span> <span class='ocrx_word' id='word_1_704' title='bbox 1319 4313 1532 4380; x_wconf 74' lang='lat' dir='ltr'><strong>egregie</strong></span> <span class='ocrx_word' id='word_1_705' title='bbox 1564 4325 1865 4379; x_wconf 85' lang='lat' dir='ltr'><strong>propugna-</strong></span> 
     </span>
    </p>
   </div>
   <div class='ocr_carea' id='block_1_99' title="bbox 295 4381 1866 4440">
    <p class='ocr_par' dir='ltr' id='par_1_99' title="bbox 295 4381 1866 4440">
     <span class='ocr_line' id='line_1_101' title="bbox 295 4381 1866 4440; baseline -0.001 -2"><span class='ocrx_word' id='word_1_706' title='bbox 295 4392 440 4440; x_wconf 89' lang='lat' dir='ltr'><strong>runt.</strong></span> <span class='ocrx_word' id='word_1_707' title='bbox 472 4381 715 4438; x_wconf 86' lang='lat' dir='ltr'><strong>Celebris</strong></span> <span class='ocrx_word' id='word_1_708' title='bbox 765 4382 901 4438; x_wconf 87' lang='lat' dir='ltr'><strong>inter</strong></span> <span class='ocrx_word' id='word_1_709' title='bbox 928 4383 1062 4437; x_wconf 89' lang='lat' dir='ltr'><strong>alios</strong></span> <span class='ocrx_word' id='word_1_710' title='bbox 1112 4382 1209 4435; x_wconf 84' lang='lat' dir='ltr'><strong>luit</strong></span> <span class='ocrx_word' id='word_1_711' title='bbox 1257 4382 1436 4436; x_wconf 74' lang='lat' dir='ltr'><strong>Victor</strong></span> <span class='ocrx_word' id='word_1_712' title='bbox 1483 4383 1765 4436; x_wconf 82' lang='lat' dir='ltr'><strong>Cartennae</strong></span> <span class='ocrx_word' id='word_1_713' title='bbox 1813 4383 1866 4436; x_wconf 91' lang='lat' dir='ltr'><strong>in</strong></span> 
     </span>
    </p>
   </div>
   <div class='ocr_carea' id='block_1_100' title="bbox 297 4452 1866 4524">
    <p class='ocr_par' dir='ltr' id='par_1_100' title="bbox 297 4452 1866 4524">
     <span class='ocr_line' id='line_1_102' title="bbox 297 4452 1866 4524; baseline -0.002 -16"><span class='ocrx_word' id='word_1_714' title='bbox 297 4453 615 4524; x_wconf 74' lang='lat' dir='ltr'><strong>Mauritania</strong></span> <span class='ocrx_word' id='word_1_715' title='bbox 635 4454 934 4523; x_wconf 84' lang='lat' dir='ltr'><strong>episcopus,</strong></span> <span class='ocrx_word' id='word_1_716' title='bbox 955 4454 1045 4524; x_wconf 90' lang='lat' dir='ltr'><strong>qui</strong></span> <span class='ocrx_word' id='word_1_717' title='bbox 1074 4453 1266 4524; x_wconf 85' lang='lat' dir='ltr'><strong>librum</strong></span> <span class='ocrx_word' id='word_1_718' title='bbox 1293 4467 1322 4505; x_wconf 88' lang='lat' dir='ltr'><strong>a</strong></span> <span class='ocrx_word' id='word_1_719' title='bbox 1350 4467 1409 4508; x_wconf 88' lang='lat' dir='ltr'><strong>se</strong></span> <span class='ocrx_word' id='word_1_720' title='bbox 1429 4452 1684 4524; x_wconf 84' lang='lat' dir='ltr'><strong>adversus</strong></span> <span class='ocrx_word' id='word_1_721' title='bbox 1711 4452 1866 4507; x_wconf 81' lang='lat' dir='ltr'><strong>Aria-</strong></span> 
     </span>
    </p>
   </div>
   <div class='ocr_carea' id='block_1_101' title="bbox 298 4523 1865 4594">
    <p class='ocr_par' dir='ltr' id='par_1_101' title="bbox 298 4523 1865 4594">
     <span class='ocr_line' id='line_1_103' title="bbox 298 4523 1865 4594; baseline -0.002 -14"><span class='ocrx_word' id='word_1_722' title='bbox 298 4539 393 4580; x_wconf 89' lang='lat' dir='ltr'><strong>nos</strong></span> <span class='ocrx_word' id='word_1_723' title='bbox 415 4523 617 4579; x_wconf 88' lang='lat' dir='ltr'><strong>editum</strong></span> <span class='ocrx_word' id='word_1_724' title='bbox 650 4525 863 4594; x_wconf 88' lang='lat' dir='ltr'><strong>ipsimet</strong></span> <span class='ocrx_word' id='word_1_725' title='bbox 893 4523 1004 4593; x_wconf 85' lang='lat' dir='ltr'><strong>regi</strong></span> <span class='ocrx_word' id='word_1_726' title='bbox 1033 4523 1327 4580; x_wconf 87' lang='lat' dir='ltr'><strong>Genserico</strong></span> <span class='ocrx_word' id='word_1_727' title='bbox 1355 4523 1534 4579; x_wconf 76' lang='lat' dir='ltr'><strong>oﬁ‘erri</strong></span> <span class='ocrx_word' id='word_1_728' title='bbox 1556 4526 1779 4589; x_wconf 80' lang='lat' dir='ltr'><strong>curavit,</strong></span> <span class='ocrx_word' id='word_1_729' title='bbox 1809 4532 1865 4577; x_wconf 90' lang='lat' dir='ltr'><strong>ut</strong></span> 
     </span>
    </p>
   </div>
   <div class='ocr_carea' id='block_1_102' title="bbox 295 4594 1863 4665">
    <p class='ocr_par' dir='ltr' id='par_1_102' title="bbox 295 4594 1863 4665">
     <span class='ocr_line' id='line_1_104' title="bbox 295 4594 1863 4665; baseline -0.001 -16"><span class='ocrx_word' id='word_1_730' title='bbox 295 4609 353 4651; x_wconf 86' lang='lat' dir='ltr'><strong>se</strong></span> <span class='ocrx_word' id='word_1_731' title='bbox 393 4595 651 4665; x_wconf 86' lang='lat' dir='ltr'><strong>didicisse</strong></span> <span class='ocrx_word' id='word_1_732' title='bbox 692 4605 913 4650; x_wconf 87' lang='lat' dir='ltr'><strong>testatur</strong></span> <span class='ocrx_word' id='word_1_733' title='bbox 944 4595 1249 4651; x_wconf 83' lang='lat' dir='ltr'><strong>Gennadius</strong></span> <span class='ocrx_word' id='word_1_734' title='bbox 1276 4610 1397 4665; x_wconf 88' lang='lat' dir='ltr'><strong>cap.</strong></span> <span class='ocrx_word' id='word_1_735' title='bbox 1437 4596 1502 4647; x_wconf 86' lang='lat'><strong>77</strong></span> <span class='ocrx_word' id='word_1_736' title='bbox 1531 4610 1596 4665; x_wconf 86' lang='lat' dir='ltr'><strong>ex</strong></span> <span class='ocrx_word' id='word_1_737' title='bbox 1616 4594 1863 4665; x_wconf 80' lang='lat' dir='ltr'><strong>ejusdem</strong></span> 
     </span>
    </p>
   </div>
   <div class='ocr_carea' id='block_1_103' title="bbox 296 4664 1858 4736">
    <p class='ocr_par' dir='ltr' id='par_1_103' title="bbox 296 4664 1858 4736">
     <span class='ocr_line' id='line_1_105' title="bbox 296 4664 1858 4736; baseline -0.001 -17"><span class='ocrx_word' id='word_1_738' title='bbox 296 4666 414 4721; x_wconf 87' lang='lat' dir='ltr'><strong>libri</strong></span> <span class='ocrx_word' id='word_1_739' title='bbox 442 4664 686 4736; x_wconf 83' lang='lat' dir='ltr'><strong>prologo.</strong></span> <span class='ocrx_word' id='word_1_740' title='bbox 716 4666 792 4722; x_wconf 88' lang='lat' dir='ltr'><strong>De</strong></span> <span class='ocrx_word' id='word_1_741' title='bbox 816 4667 917 4720; x_wconf 84' lang='lat' dir='ltr'><strong>hoc</strong></span> <span class='ocrx_word' id='word_1_742' title='bbox 936 4666 1058 4722; x_wconf 90' lang='lat' dir='ltr'><strong>vide</strong></span> <span class='ocrx_word' id='word_1_743' title='bbox 1083 4681 1241 4735; x_wconf 88' lang='lat' dir='ltr'><strong>supra</strong></span> <span class='ocrx_word' id='word_1_744' title='bbox 1269 4664 1389 4735; x_wconf 82' lang='lat' dir='ltr'><strong>pag.</strong></span> <span class='ocrx_word' id='word_1_745' title='bbox 1421 4665 1523 4719; x_wconf 66' lang='lat'><strong>£09</strong></span> <span class='ocrx_word' id='word_1_746' title='bbox 1553 4664 1739 4735; x_wconf 84' lang='lat' dir='ltr'><strong>(Nobis</strong></span> <span class='ocrx_word' id='word_1_747' title='bbox 1760 4671 1858 4718; x_wconf 73' lang='grc' dir='ltr'><strong>σοι.</strong></span> 
     </span>
    </p>
   </div>
   <div class='ocr_carea' id='block_1_104' title="bbox 297 4735 1867 4807">
    <p class='ocr_par' dir='ltr' id='par_1_104' title="bbox 297 4735 1867 4807">
     <span class='ocr_line' id='line_1_106' title="bbox 297 4735 1867 4807; baseline -0.001 -17"><span class='ocrx_word' id='word_1_748' title='bbox 297 4736 420 4802; x_wconf 68' lang='grc'><strong>560,</strong></span> <span class='ocrx_word' id='word_1_749' title='bbox 446 4735 597 4790; x_wconf 72' lang='lat' dir='ltr'><strong>num.</strong></span> <span class='ocrx_word' id='word_1_750' title='bbox 622 4736 736 4807; x_wconf 84' lang='grc'><strong>50).</strong></span> <span class='ocrx_word' id='word_1_751' title='bbox 758 4738 833 4791; x_wconf 79' lang='lat' dir='ltr'><strong>Ad</strong></span> <span class='ocrx_word' id='word_1_752' title='bbox 866 4735 1005 4793; x_wconf 89' lang='lat' dir='ltr'><strong>idem</strong></span> <span class='ocrx_word' id='word_1_753' title='bbox 1027 4751 1238 4806; x_wconf 86' lang='lat' dir='ltr'><strong>quoque</strong></span> <span class='ocrx_word' id='word_1_754' title='bbox 1261 4738 1443 4802; x_wconf 89' lang='lat' dir='ltr'><strong>procul</strong></span> <span class='ocrx_word' id='word_1_755' title='bbox 1471 4735 1631 4807; x_wconf 81' lang='lat' dir='ltr'><strong>dubio</strong></span> <span class='ocrx_word' id='word_1_756' title='bbox 1658 4744 1867 4807; x_wconf 84' lang='lat' dir='ltr'><strong>tempus</strong></span> 
     </span>
    </p>
   </div>
   <div class='ocr_carea' id='block_1_105' title="bbox 296 4805 1867 4863">
    <p class='ocr_par' dir='ltr' id='par_1_105' title="bbox 296 4805 1867 4863">
     <span class='ocr_line' id='line_1_107' title="bbox 296 4805 1867 4863; baseline -0.002 -1"><span class='ocrx_word' id='word_1_757' title='bbox 296 4808 541 4863; x_wconf 86' lang='lat' dir='ltr'><strong>revocari</strong></span> <span class='ocrx_word' id='word_1_758' title='bbox 562 4805 719 4862; x_wconf 82' lang='lat' dir='ltr'><strong>debet</strong></span> <span class='ocrx_word' id='word_1_759' title='bbox 734 4805 1053 4862; x_wconf 86' lang='lat' dir='ltr'><strong>breviarium</strong></span> <span class='ocrx_word' id='word_1_760' title='bbox 1065 4807 1189 4861; x_wconf 87' lang='lat' dir='ltr'><strong>iidei</strong></span> <span class='ocrx_word' id='word_1_761' title='bbox 1205 4807 1463 4860; x_wconf 85' lang='lat' dir='ltr'><strong>adversus</strong></span> <span class='ocrx_word' id='word_1_762' title='bbox 1479 4805 1696 4859; x_wconf 88' lang='lat' dir='ltr'><strong>eosdem</strong></span> <span class='ocrx_word' id='word_1_763' title='bbox 1714 4805 1867 4859; x_wconf 83' lang='lat' dir='ltr'><strong>Aria-</strong></span> 
     </span>
    </p>
   </div>
   <div class='ocr_carea' id='block_1_106' title="bbox 300 4876 1867 4947">
    <p class='ocr_par' dir='ltr' id='par_1_106' title="bbox 300 4876 1867 4947">
     <span class='ocr_line' id='line_1_108' title="bbox 300 4876 1867 4947; baseline -0.004 -15"><span class='ocrx_word' id='word_1_764' title='bbox 300 4893 392 4933; x_wconf 88' lang='lat' dir='ltr'><strong>nos</strong></span> <span class='ocrx_word' id='word_1_765' title='bbox 404 4880 789 4947; x_wconf 88' lang='lat' dir='ltr'><strong>conscriptum,</strong></span> <span class='ocrx_word' id='word_1_766' title='bbox 806 4878 945 4947; x_wconf 91' lang='lat' dir='ltr'><strong>quod</strong></span> <span class='ocrx_word' id='word_1_767' title='bbox 972 4892 1092 4931; x_wconf 90' lang='lat' dir='ltr'><strong>cum</strong></span> <span class='ocrx_word' id='word_1_768' title='bbox 1113 4876 1232 4930; x_wconf 81' lang='lat' dir='ltr'><strong>aliis</strong></span> <span class='ocrx_word' id='word_1_769' title='bbox 1257 4886 1482 4947; x_wconf 83' lang='lat' dir='ltr'><strong>quatuor</strong></span> <span class='ocrx_word' id='word_1_770' title='bbox 1506 4882 1867 4947; x_wconf 71' lang='lat' dir='ltr'><strong>veterumau-</strong></span> 
     </span>
    </p>
   </div>
   <div class='ocr_carea' id='block_1_107' title="bbox 297 4945 1866 5018">
    <p class='ocr_par' dir='ltr' id='par_1_107' title="bbox 297 4945 1866 5018">
     <span class='ocr_line' id='line_1_109' title="bbox 297 4945 1866 5018; baseline -0.005 -14"><span class='ocrx_word' id='word_1_771' title='bbox 297 4958 506 5004; x_wconf 88' lang='lat' dir='ltr'><strong>ctorum</strong></span> <span class='ocrx_word' id='word_1_772' title='bbox 523 4945 799 5018; x_wconf 74' lang='lat' dir='ltr'><strong>opusculis</strong></span> <span class='ocrx_word' id='word_1_773' title='bbox 810 4945 1218 5018; x_wconf 75' lang='lat' dir='ltr'><strong>edidttlacobus</strong></span> <span class='ocrx_word' id='word_1_774' title='bbox 1230 4945 1477 5000; x_wconf 88' lang='lat' dir='ltr'><strong>Strmond</strong></span> <span class='ocrx_word' id='word_1_775' title='bbox 1486 4959 1545 5018; x_wconf 75' lang='lat' dir='ltr'><strong>us</strong></span> <span class='ocrx_word' id='word_1_776' title='bbox 1557 4959 1703 5018; x_wconf 72' lang='lat' dir='ltr'><strong>anno</strong></span> <span class='ocrx_word' id='word_1_777' title='bbox 1711 4946 1866 5018; x_wconf 73' lang='grc'><strong>1650.</strong></span> 
     </span>
    </p>
   </div>
   <div class='ocr_carea' id='block_1_108' title="bbox 300 5014 1863 5089">
    <p class='ocr_par' dir='ltr' id='par_1_108' title="bbox 300 5014 1863 5089">
     <span class='ocr_line' id='line_1_110' title="bbox 300 5014 1863 5089; baseline -0.003 -16"><span class='ocrx_word' id='word_1_778' title='bbox 300 5019 362 5073; x_wconf 87' lang='lat' dir='ltr'><strong>Et</strong></span> <span class='ocrx_word' id='word_1_779' title='bbox 374 5014 589 5088; x_wconf 82' lang='lat' dir='ltr'><strong>quidem</strong></span> <span class='ocrx_word' id='word_1_780' title='bbox 598 5020 708 5089; x_wconf 90' lang='lat' dir='ltr'><strong>jam</strong></span> <span class='ocrx_word' id='word_1_781' title='bbox 725 5034 883 5087; x_wconf 85' lang='lat' dir='ltr'><strong>supra</strong></span> <span class='ocrx_word' id='word_1_782' title='bbox 897 5017 1300 5089; x_wconf 85' lang='lat' dir='ltr'><strong>observavimus</strong></span> <span class='ocrx_word' id='word_1_783' title='bbox 1320 5019 1374 5089; x_wconf 79' lang='lat' dir='ltr'><strong>in</strong></span> <span class='ocrx_word' id='word_1_784' title='bbox 1388 5024 1509 5089; x_wconf 74' lang='lat' dir='ltr'><strong>nota</strong></span> <span class='ocrx_word' id='word_1_785' title='bbox 1520 5015 1589 5089; x_wconf 69' lang='lat'><strong>29</strong></span> <span class='ocrx_word' id='word_1_786' title='bbox 1605 5015 1667 5069; x_wconf 87' lang='lat' dir='ltr'><strong>ad</strong></span> <span class='ocrx_word' id='word_1_787' title='bbox 1683 5014 1863 5069; x_wconf 74' lang='lat' dir='ltr'><strong>Victo-</strong></span> 
     </span>
    </p>
   </div>
   <div class='ocr_carea' id='block_1_109' title="bbox 301 5085 1862 5161">
    <p class='ocr_par' dir='ltr' id='par_1_109' title="bbox 301 5085 1862 5161">
     <span class='ocr_line' id='line_1_111' title="bbox 301 5085 1862 5161; baseline -0.003 -17"><span class='ocrx_word' id='word_1_788' title='bbox 301 5085 411 5144; x_wconf 85' lang='lat' dir='ltr'><strong>rem</strong></span> <span class='ocrx_word' id='word_1_789' title='bbox 440 5085 713 5161; x_wconf 73' lang='lat' dir='ltr'><strong>Vitensem</strong></span> <span class='ocrx_word' id='word_1_790' title='bbox 732 5085 932 5161; x_wconf 83' lang='lat' dir='ltr'><strong>(Supra</strong></span> <span class='ocrx_word' id='word_1_791' title='bbox 952 5088 1054 5161; x_wconf 73' lang='lat' dir='ltr'><strong>eoi.</strong></span> <span class='ocrx_word' id='word_1_792' title='bbox 1072 5088 1194 5153; x_wconf 72' lang='lat'><strong>188,</strong></span> <span class='ocrx_word' id='word_1_793' title='bbox 1217 5104 1272 5142; x_wconf 87' lang='grc' dir='ltr'><strong>η.</strong></span> <span class='ocrx_word' id='word_1_794' title='bbox 1291 5087 1363 5157; x_wconf 58' lang='grc' dir='ltr'><strong>⁴εδ),</strong></span> <span class='ocrx_word' id='word_1_795' title='bbox 1382 5085 1754 5161; x_wconf 78' lang='lat' dir='ltr'><strong>sebastianum</strong></span> <span class='ocrx_word' id='word_1_796' title='bbox 1770 5100 1862 5140; x_wconf 83' lang='lat' dir='ltr'><strong>co-</strong></span> 
     </span>
    </p>
   </div>
   <div class='ocr_carea' id='block_1_110' title="bbox 302 5155 1861 5228">
    <p class='ocr_par' dir='ltr' id='par_1_110' title="bbox 302 5155 1861 5228">
     <span class='ocr_line' id='line_1_112' title="bbox 302 5155 1861 5228; baseline -0.002 -14"><span class='ocrx_word' id='word_1_797' title='bbox 302 5161 486 5216; x_wconf 88' lang='lat' dir='ltr'><strong>mitem</strong></span> <span class='ocrx_word' id='word_1_798' title='bbox 506 5176 535 5214; x_wconf 90' lang='lat' dir='ltr'><strong>a</strong></span> <span class='ocrx_word' id='word_1_799' title='bbox 550 5155 848 5216; x_wconf 45' lang='lat' dir='ltr'><strong>Genserico&#39;</strong></span> <span class='ocrx_word' id='word_1_800' title='bbox 861 5159 1202 5216; x_wconf 88' lang='lat' dir='ltr'><strong>sollicitatum</strong></span> <span class='ocrx_word' id='word_1_801' title='bbox 1228 5167 1285 5214; x_wconf 89' lang='lat' dir='ltr'><strong>ut</strong></span> <span class='ocrx_word' id='word_1_802' title='bbox 1310 5155 1532 5228; x_wconf 86' lang='lat' dir='ltr'><strong>patriam</strong></span> <span class='ocrx_word' id='word_1_803' title='bbox 1551 5155 1861 5228; x_wconf 77' lang='lat' dir='ltr'><strong>religionem</strong></span> 
     </span>
    </p>
   </div>
   <div class='ocr_carea' id='block_1_111' title="bbox 302 5227 1863 5302">
    <p class='ocr_par' dir='ltr' id='par_1_111' title="bbox 302 5227 1863 5302">
     <span class='ocr_line' id='line_1_113' title="bbox 302 5227 1863 5302; baseline -0.001 -18"><span class='ocrx_word' id='word_1_804' title='bbox 302 5231 608 5302; x_wconf 87' lang='lat' dir='ltr'><strong>abnegaret,</strong></span> <span class='ocrx_word' id='word_1_805' title='bbox 623 5247 686 5286; x_wconf 85' lang='lat' dir='ltr'><strong>ex</strong></span> <span class='ocrx_word' id='word_1_806' title='bbox 703 5230 805 5285; x_wconf 89' lang='lat' dir='ltr'><strong>isto</strong></span> <span class='ocrx_word' id='word_1_807' title='bbox 818 5232 1077 5302; x_wconf 82' lang='lat' dir='ltr'><strong>breviario</strong></span> <span class='ocrx_word' id='word_1_808' title='bbox 1092 5229 1487 5302; x_wconf 83' lang='lat' dir='ltr'><strong>responsionem</strong></span> <span class='ocrx_word' id='word_1_809' title='bbox 1504 5227 1746 5302; x_wconf 82' lang='lat' dir='ltr'><strong>hausisse</strong></span> <span class='ocrx_word' id='word_1_810' title='bbox 1760 5243 1863 5302; x_wconf 80' lang='lat' dir='ltr'><strong>qua</strong></span> 
     </span>
    </p>
   </div>
   <div class='ocr_carea' id='block_1_112' title="bbox 305 5299 1867 5372">
    <p class='ocr_par' dir='ltr' id='par_1_112' title="bbox 305 5299 1867 5372">
     <span class='ocr_line' id='line_1_114' title="bbox 305 5299 1867 5372; baseline -0.001 -18"><span class='ocrx_word' id='word_1_811' title='bbox 305 5299 517 5372; x_wconf 75' lang='lat' dir='ltr'><strong>tyranni</strong></span> <span class='ocrx_word' id='word_1_812' title='bbox 533 5310 757 5372; x_wconf 86' lang='lat' dir='ltr'><strong>conatus</strong></span> <span class='ocrx_word' id='word_1_813' title='bbox 769 5302 945 5372; x_wconf 86' lang='lat' dir='ltr'><strong>irritos</strong></span> <span class='ocrx_word' id='word_1_814' title='bbox 957 5301 1099 5358; x_wconf 87' lang='lat' dir='ltr'><strong>fecit.</strong></span> <span class='ocrx_word' id='word_1_815' title='bbox 1118 5300 1306 5357; x_wconf 83' lang='lat' dir='ltr'><strong>Iisdem</strong></span> <span class='ocrx_word' id='word_1_816' title='bbox 1326 5301 1653 5370; x_wconf 87' lang='lat' dir='ltr'><strong>temporibus</strong></span> <span class='ocrx_word' id='word_1_817' title='bbox 1668 5299 1867 5367; x_wconf 86' lang='lat' dir='ltr'><strong>prodiit</strong></span> 
     </span>
    </p>
   </div>
   <div class='ocr_carea' id='block_1_113' title="bbox 305 5371 1862 5442">
    <p class='ocr_par' dir='ltr' id='par_1_113' title="bbox 305 5371 1862 5442">
     <span class='ocr_line' id='line_1_115' title="bbox 305 5371 1862 5442; baseline 0 -16"><span class='ocrx_word' id='word_1_818' title='bbox 305 5372 356 5442; x_wconf 86' lang='lat' dir='ltr'><strong>in</strong></span> <span class='ocrx_word' id='word_1_819' title='bbox 396 5374 575 5429; x_wconf 88' lang='lat' dir='ltr'><strong>lucem</strong></span> <span class='ocrx_word' id='word_1_820' title='bbox 594 5371 747 5426; x_wconf 78' lang='lat' dir='ltr'><strong>Liber</strong></span> <span class='ocrx_word' id='word_1_821' title='bbox 778 5388 872 5428; x_wconf 89' lang='lat' dir='ltr'><strong>seu</strong></span> <span class='ocrx_word' id='word_1_822' title='bbox 900 5371 1186 5427; x_wconf 81' lang='lat' dir='ltr'><strong>Declaratio</strong></span> <span class='ocrx_word' id='word_1_823' title='bbox 1207 5388 1520 5442; x_wconf 83' lang='lat' dir='ltr'><strong>quorumque</strong></span> <span class='ocrx_word' id='word_1_824' title='bbox 1545 5373 1771 5425; x_wconf 84' lang='lat' dir='ltr'><strong>locorum</strong></span> <span class='ocrx_word' id='word_1_825' title='bbox 1797 5372 1862 5426; x_wconf 84' lang='lat' dir='ltr'><strong>de</strong></span> 
     </span>
    </p>
   </div>
   <div class='ocr_carea' id='block_1_114' title="bbox 305 5441 1862 5508">
    <p class='ocr_par' dir='ltr' id='par_1_114' title="bbox 305 5441 1862 5508">
     <span class='ocr_line' id='line_1_116' title="bbox 305 5441 1862 5508; baseline -0.003 -10"><span class='ocrx_word' id='word_1_826' title='bbox 305 5441 556 5499; x_wconf 80' lang='lat' dir='ltr'><strong>Trinitate</strong></span> <span class='ocrx_word' id='word_1_827' title='bbox 582 5457 760 5497; x_wconf 81' lang='lat' dir='ltr'><strong>contra</strong></span> <span class='ocrx_word' id='word_1_828' title='bbox 810 5442 1141 5497; x_wconf 84' lang='lat' dir='ltr'><strong>Varimadum</strong></span> <span class='ocrx_word' id='word_1_829' title='bbox 1170 5441 1376 5497; x_wconf 66' lang='lat' dir='ltr'><strong>Arianae</strong></span> <span class='ocrx_word' id='word_1_830' title='bbox 1400 5451 1548 5497; x_wconf 64' lang='lat' dir='ltr'><strong>secta:</strong></span> <span class='ocrx_word' id='word_1_831' title='bbox 1572 5443 1862 5508; x_wconf 81' lang='lat' dir='ltr'><strong>diaconum,</strong></span> 
     </span>
    </p>
   </div>
   <div class='ocr_carea' id='block_1_115' title="bbox 306 5512 1868 5583">
    <p class='ocr_par' dir='ltr' id='par_1_115' title="bbox 306 5512 1868 5583">
     <span class='ocr_line' id='line_1_117' title="bbox 306 5512 1868 5583; baseline -0.001 -15"><span class='ocrx_word' id='word_1_832' title='bbox 306 5514 664 5583; x_wconf 85' lang='lat' dir='ltr'><strong>quodquidem</strong></span> <span class='ocrx_word' id='word_1_833' title='bbox 690 5530 822 5583; x_wconf 90' lang='lat' dir='ltr'><strong>opus</strong></span> <span class='ocrx_word' id='word_1_834' title='bbox 851 5514 1049 5583; x_wconf 87' lang='lat' dir='ltr'><strong>editum</strong></span> <span class='ocrx_word' id='word_1_835' title='bbox 1084 5514 1240 5568; x_wconf 88' lang='lat' dir='ltr'><strong>estin</strong></span> <span class='ocrx_word' id='word_1_836' title='bbox 1272 5512 1597 5567; x_wconf 85' lang='lat' dir='ltr'><strong>Bibliotheca</strong></span> <span class='ocrx_word' id='word_1_837' title='bbox 1627 5512 1868 5578; x_wconf 86' lang='lat' dir='ltr'><strong>Patrum,</strong></span> 
     </span>
    </p>
   </div>
   <div class='ocr_carea' id='block_1_116' title="bbox 308 5582 1872 5665">
    <p class='ocr_par' dir='ltr' id='par_1_116' title="bbox 308 5582 1872 5665">
     <span class='ocr_line' id='line_1_118' title="bbox 308 5582 1872 5665; baseline -0.002 -27"><span class='ocrx_word' id='word_1_838' title='bbox 308 5586 393 5665; x_wconf 70' lang='lat' dir='ltr'><strong>ubi</strong></span> <span class='ocrx_word' id='word_1_839' title='bbox 422 5582 590 5665; x_wconf 76' lang='lat' dir='ltr'><strong>ipsius</strong></span> <span class='ocrx_word' id='word_1_840' title='bbox 618 5582 802 5665; x_wconf 74' lang='lat' dir='ltr'><strong>auctor</strong></span> <span class='ocrx_word' id='word_1_841' title='bbox 825 5586 875 5665; x_wconf 77' lang='lat' dir='ltr'><strong>in</strong></span> <span class='ocrx_word' id='word_1_842' title='bbox 900 5582 1207 5665; x_wconf 67' lang='lat' dir='ltr'><strong>praefatione</strong></span> <span class='ocrx_word' id='word_1_843' title='bbox 1233 5583 1620 5665; x_wconf 13' lang='lat' dir='ltr'><strong>operirprmlixa</strong></span> <span class='ocrx_word' id='word_1_844' title='bbox 1645 5596 1704 5662; x_wconf 76' lang='lat' dir='ltr'><strong>se</strong></span> <span class='ocrx_word' id='word_1_845' title='bbox 1733 5584 1872 5665; x_wconf 87' lang='lat' dir='ltr'><strong>apud</strong></span> 
     </span>
    </p>
   </div>
   <div class='ocr_carea' id='block_1_117' title="bbox 307 5651 1875 5726">
    <p class='ocr_par' dir='ltr' id='par_1_117' title="bbox 307 5651 1875 5726">
     <span class='ocr_line' id='line_1_119' title="bbox 307 5651 1875 5726; baseline 0 -17"><span class='ocrx_word' id='word_1_846' title='bbox 307 5651 581 5726; x_wconf 74' lang='lat' dir='ltr'><strong>Neapolim</strong></span> <span class='ocrx_word' id='word_1_847' title='bbox 624 5651 928 5725; x_wconf 67' lang='lat' dir='ltr'><strong>Campaniae</strong></span> <span class='ocrx_word' id='word_1_848' title='bbox 975 5654 1161 5709; x_wconf 87' lang='lat' dir='ltr'><strong>urbem</strong></span> <span class='ocrx_word' id='word_1_849' title='bbox 1207 5651 1875 5726; x_wconf 13' lang='lat' dir='ltr'><strong>constitutumwscripsisse</strong></span> 
     </span>
    </p>
   </div>
   <div class='ocr_carea' id='block_1_118' title="bbox 313 5725 1874 5799">
    <p class='ocr_par' dir='ltr' id='par_1_118' title="bbox 313 5725 1874 5799">
     <span class='ocr_line' id='line_1_120' title="bbox 313 5725 1874 5799; baseline -0.002 -19"><span class='ocrx_word' id='word_1_850' title='bbox 313 5725 532 5783; x_wconf 83' lang='lat' dir='ltr'><strong>testatur</strong></span> <span class='ocrx_word' id='word_1_851' title='bbox 560 5743 627 5783; x_wconf 87' lang='lat' dir='ltr'><strong>eo</strong></span> <span class='ocrx_word' id='word_1_852' title='bbox 657 5736 895 5799; x_wconf 86' lang='lat' dir='ltr'><strong>tempore</strong></span> <span class='ocrx_word' id='word_1_853' title='bbox 919 5740 1019 5796; x_wconf 88' lang='lat' dir='ltr'><strong>quo</strong></span> <span class='ocrx_word' id='word_1_854' title='bbox 1062 5726 1239 5799; x_wconf 75' lang='lat' dir='ltr'><strong>Ariani</strong></span> <span class='ocrx_word' id='word_1_855' title='bbox 1287 5726 1349 5779; x_wconf 85' lang='lat' dir='ltr'><strong>de</strong></span> <span class='ocrx_word' id='word_1_856' title='bbox 1387 5725 1671 5799; x_wconf 73' lang='lat' dir='ltr'><strong>infidelium</strong></span> <span class='ocrx_word' id='word_1_857' title='bbox 1700 5739 1874 5793; x_wconf 83' lang='lat' dir='ltr'><strong>regum</strong></span> 
     </span>
    </p>
   </div>
   <div class='ocr_carea' id='block_1_119' title="bbox 313 5794 1872 5865">
    <p class='ocr_par' dir='ltr' id='par_1_119' title="bbox 313 5794 1872 5865">
     <span class='ocr_line' id='line_1_121' title="bbox 313 5794 1872 5865; baseline -0.003 -8"><span class='ocrx_word' id='word_1_858' title='bbox 313 5799 664 5857; x_wconf 68' lang='lat' dir='ltr'><strong>t&#39;ioriabantur</strong></span> <span class='ocrx_word' id='word_1_859' title='bbox 694 5794 960 5857; x_wconf 21' lang='lat' dir='ltr'><strong>tuuerbia‘.‘</strong></span> <span class='ocrx_word' id='word_1_860' title='bbox 978 5812 1133 5865; x_wconf 77' lang='lat' dir='ltr'><strong>quem</strong></span> <span class='ocrx_word' id='word_1_861' title='bbox 1160 5795 1373 5861; x_wconf 83' lang='lat' dir='ltr'><strong>librum,</strong></span> <span class='ocrx_word' id='word_1_862' title='bbox 1407 5794 1566 5855; x_wconf 76' lang='lat' dir='ltr'><strong>veluti</strong></span> <span class='ocrx_word' id='word_1_863' title='bbox 1585 5798 1872 5855; x_wconf 74' lang='lat' dir='ltr'><strong>armarium</strong></span> 
     </span>
    </p>
   </div>
   <div class='ocr_carea' id='block_1_120' title="bbox 1894 4566 1945 4627">
    <p class='ocr_par' dir='ltr' id='par_1_120' title="bbox 1894 4566 1945 4627">
     <span class='ocr_line' id='line_1_122' title="bbox 1894 4566 1945 4627; baseline 0 0"><span class='ocrx_word' id='word_1_864' title='bbox 1894 4566 1945 4627; x_wconf 86' lang='grc' dir='ltr'><strong>Ι)</strong></span> 
     </span>
    </p>
   </div>
   <div class='ocr_carea' id='block_1_121' title="bbox 1960 3250 3534 3323">
    <p class='ocr_par' dir='ltr' id='par_1_121' title="bbox 1960 3250 3534 3323">
     <span class='ocr_line' id='line_1_123' title="bbox 1960 3250 3534 3323; baseline -0.001 -16"><span class='ocrx_word' id='word_1_865' title='bbox 1960 3253 2032 3307; x_wconf 84' lang='lat' dir='ltr'><strong>de</strong></span> <span class='ocrx_word' id='word_1_866' title='bbox 2057 3250 2162 3318; x_wconf 82' lang='lat' dir='ltr'><strong>quo</strong></span> <span class='ocrx_word' id='word_1_867' title='bbox 2184 3266 2343 3320; x_wconf 82' lang='lat' dir='ltr'><strong>supra</strong></span> <span class='ocrx_word' id='word_1_868' title='bbox 2364 3252 2599 3323; x_wconf 77' lang='lat' dir='ltr'><strong>diximus</strong></span> <span class='ocrx_word' id='word_1_869' title='bbox 2614 3250 2733 3322; x_wconf 72' lang='lat' dir='ltr'><strong>pag.</strong></span> <span class='ocrx_word' id='word_1_870' title='bbox 2755 3253 2874 3308; x_wconf 84' lang='grc'><strong>179.</strong></span> <span class='ocrx_word' id='word_1_871' title='bbox 2899 3252 3102 3306; x_wconf 83' lang='lat' dir='ltr'><strong>Floruit</strong></span> <span class='ocrx_word' id='word_1_872' title='bbox 3120 3260 3170 3306; x_wconf 89' lang='lat' dir='ltr'><strong>in</strong></span> <span class='ocrx_word' id='word_1_873' title='bbox 3186 3250 3534 3323; x_wconf 70' lang='lat' dir='ltr'><strong>eadetnprovi</strong></span> 
     </span>
    </p>
   </div>
   <div class='ocr_carea' id='block_1_122' title="bbox 1962 3321 3534 3389">
    <p class='ocr_par' dir='ltr' id='par_1_122' title="bbox 1962 3321 3534 3389">
     <span class='ocr_line' id='line_1_124' title="bbox 1962 3321 3534 3389; baseline -0.001 -12"><span class='ocrx_word' id='word_1_874' title='bbox 1962 3328 2041 3377; x_wconf 75' lang='lat' dir='ltr'><strong>cia</strong></span> <span class='ocrx_word' id='word_1_875' title='bbox 2058 3323 2325 3378; x_wconf 85' lang='lat' dir='ltr'><strong>Voconius</strong></span> <span class='ocrx_word' id='word_1_876' title='bbox 2348 3321 2544 3377; x_wconf 83' lang='lat' dir='ltr'><strong>Castell</strong></span> <span class='ocrx_word' id='word_1_877' title='bbox 2564 3340 2702 3389; x_wconf 39' lang='lat' dir='ltr'><strong>inus,</strong></span> <span class='ocrx_word' id='word_1_878' title='bbox 2717 3338 2832 3387; x_wconf 89' lang='lat' dir='ltr'><strong>seu,</strong></span> <span class='ocrx_word' id='word_1_879' title='bbox 2859 3334 2918 3378; x_wconf 92' lang='lat' dir='ltr'><strong>ut</strong></span> <span class='ocrx_word' id='word_1_880' title='bbox 2943 3324 3097 3378; x_wconf 88' lang='lat' dir='ltr'><strong>habet</strong></span> <span class='ocrx_word' id='word_1_881' title='bbox 3122 3321 3360 3376; x_wconf 86' lang='lat' dir='ltr'><strong>nostrum</strong></span> <span class='ocrx_word' id='word_1_882' title='bbox 3379 3336 3534 3376; x_wconf 80' lang='lat' dir='ltr'><strong>vetus</strong></span> 
     </span>
    </p>
   </div>
   <div class='ocr_carea' id='block_1_123' title="bbox 1962 3393 3537 3464">
    <p class='ocr_par' dir='ltr' id='par_1_123' title="bbox 1962 3393 3537 3464">
     <span class='ocr_line' id='line_1_125' title="bbox 1962 3393 3537 3464; baseline -0.001 -15"><span class='ocrx_word' id='word_1_883' title='bbox 1962 3393 2575 3464; x_wconf 76' lang='lat' dir='ltr'><strong>exemplar,Castatlamc</strong></span> <span class='ocrx_word' id='word_1_884' title='bbox 2588 3394 2915 3449; x_wconf 65' lang='lat' dir='ltr'><strong>Mauritania</strong></span> <span class='ocrx_word' id='word_1_885' title='bbox 2932 3394 3537 3461; x_wconf 51' lang='lat' dir='ltr'><strong>urbisepiscopnsmuius</strong></span> 
     </span>
    </p>
   </div>
   <div class='ocr_carea' id='block_1_124' title="bbox 1967 3465 3531 3532">
    <p class='ocr_par' dir='ltr' id='par_1_124' title="bbox 1967 3465 3531 3532">
     <span class='ocr_line' id='line_1_126' title="bbox 1967 3465 3531 3532; baseline -0.002 -14"><span class='ocrx_word' id='word_1_886' title='bbox 1967 3469 2111 3519; x_wconf 84' lang='lat' dir='ltr'><strong>varia</strong></span> <span class='ocrx_word' id='word_1_887' title='bbox 2135 3466 2387 3529; x_wconf 75' lang='lat' dir='ltr'><strong>opuscula</strong></span> <span class='ocrx_word' id='word_1_888' title='bbox 2405 3465 2963 3520; x_wconf 87' lang='lat' dir='ltr'><strong>recensetGennadius</strong></span> <span class='ocrx_word' id='word_1_889' title='bbox 2979 3480 3098 3532; x_wconf 88' lang='lat' dir='ltr'><strong>cap.</strong></span> <span class='ocrx_word' id='word_1_890' title='bbox 3124 3466 3209 3519; x_wconf 83' lang='lat'><strong>78.</strong></span> <span class='ocrx_word' id='word_1_891' title='bbox 3231 3466 3356 3519; x_wconf 77' lang='lat' dir='ltr'><strong>Vide</strong></span> <span class='ocrx_word' id='word_1_892' title='bbox 3374 3479 3531 3531; x_wconf 85' lang='lat' dir='ltr'><strong>supra</strong></span> 
     </span>
    </p>
   </div>
   <div class='ocr_carea' id='block_1_125' title="bbox 1962 3535 3532 3605">
    <p class='ocr_par' dir='ltr' id='par_1_125' title="bbox 1962 3535 3532 3605">
     <span class='ocr_line' id='line_1_127' title="bbox 1962 3535 3532 3605; baseline -0.003 -14"><span class='ocrx_word' id='word_1_893' title='bbox 1962 3538 2069 3591; x_wconf 82' lang='lat' dir='ltr'><strong>eoi.</strong></span> <span class='ocrx_word' id='word_1_894' title='bbox 2096 3535 2642 3603; x_wconf 64' lang='lat' dir='ltr'><strong>173(Nobiscol.543,</strong></span> <span class='ocrx_word' id='word_1_895' title='bbox 2666 3553 2805 3589; x_wconf 84' lang='lat' dir='ltr'><strong>nam.</strong></span> <span class='ocrx_word' id='word_1_896' title='bbox 2834 3536 2943 3604; x_wconf 77' lang='lat'><strong>75).</strong></span> <span class='ocrx_word' id='word_1_897' title='bbox 2966 3536 3201 3605; x_wconf 82' lang='lat' dir='ltr'><strong>Denique</strong></span> <span class='ocrx_word' id='word_1_898' title='bbox 3223 3536 3404 3605; x_wconf 73' lang='lat' dir='ltr'><strong>yrattdi</strong></span> <span class='ocrx_word' id='word_1_899' title='bbox 3422 3537 3532 3598; x_wconf 85' lang='lat' dir='ltr'><strong><em>api-</em></strong></span> 
     </span>
    </p>
   </div>
   <div class='ocr_carea' id='block_1_126' title="bbox 1967 3606 3541 3674">
    <p class='ocr_par' dir='ltr' id='par_1_126' title="bbox 1967 3606 3541 3674">
     <span class='ocr_line' id='line_1_128' title="bbox 1967 3606 3541 3674; baseline -0.001 -15"><span class='ocrx_word' id='word_1_900' title='bbox 1967 3607 2326 3659; x_wconf 82' lang='lat' dir='ltr'><strong>niouecelebris</strong></span> <span class='ocrx_word' id='word_1_901' title='bbox 2354 3606 2489 3672; x_wconf 81' lang='lat' dir='ltr'><strong>apud</strong></span> <span class='ocrx_word' id='word_1_902' title='bbox 2509 3607 2753 3660; x_wconf 83' lang='lat' dir='ltr'><strong>eumdem</strong></span> <span class='ocrx_word' id='word_1_903' title='bbox 2778 3618 3070 3669; x_wconf 85' lang='lat' dir='ltr'><strong>auctorem,</strong></span> <span class='ocrx_word' id='word_1_904' title='bbox 3089 3624 3203 3674; x_wconf 81' lang='lat' dir='ltr'><strong>t‘ttp.</strong></span> <span class='ocrx_word' id='word_1_905' title='bbox 3227 3606 3315 3669; x_wconf 79' lang='lat'><strong>&#39;73,</strong></span> <span class='ocrx_word' id='word_1_906' title='bbox 3338 3607 3541 3657; x_wconf 73' lang='lat' dir='ltr'><strong>dicitur</strong></span> 
     </span>
    </p>
   </div>
   <div class='ocr_carea' id='block_1_127' title="bbox 1967 3676 3541 3745">
    <p class='ocr_par' dir='ltr' id='par_1_127' title="bbox 1967 3676 3541 3745">
     <span class='ocr_line' id='line_1_129' title="bbox 1967 3676 3541 3745; baseline -0.001 -16"><span class='ocrx_word' id='word_1_907' title='bbox 1967 3676 2246 3741; x_wconf 84' lang='lat' dir='ltr'><strong>Asclepius</strong></span> <span class='ocrx_word' id='word_1_908' title='bbox 2275 3677 2397 3729; x_wconf 72' lang='lat' dir='ltr'><strong>Aler</strong></span> <span class='ocrx_word' id='word_1_909' title='bbox 2425 3678 2476 3727; x_wconf 87' lang='lat' dir='ltr'><strong>in</strong></span> <span class='ocrx_word' id='word_1_910' title='bbox 2504 3678 2732 3729; x_wconf 82' lang='lat' dir='ltr'><strong>docendo</strong></span> <span class='ocrx_word' id='word_1_911' title='bbox 2762 3693 2823 3730; x_wconf 73' lang='lat' dir='ltr'><strong>ra:</strong></span> <span class='ocrx_word' id='word_1_912' title='bbox 2853 3686 3094 3745; x_wconf 84' lang='lat' dir='ltr'><strong>tempore,</strong></span> <span class='ocrx_word' id='word_1_913' title='bbox 3125 3679 3212 3745; x_wconf 89' lang='lat' dir='ltr'><strong>qui</strong></span> <span class='ocrx_word' id='word_1_914' title='bbox 3255 3679 3414 3730; x_wconf 84' lang='lat' dir='ltr'><strong>etiam</strong></span> <span class='ocrx_word' id='word_1_915' title='bbox 3442 3676 3541 3728; x_wconf 77' lang='lat' dir='ltr'><strong>ad-</strong></span> 
     </span>
    </p>
   </div>
   <div class='ocr_carea' id='block_1_128' title="bbox 1966 3747 3538 3800">
    <p class='ocr_par' dir='ltr' id='par_1_128' title="bbox 1966 3747 3538 3800">
     <span class='ocr_line' id='line_1_130' title="bbox 1966 3747 3538 3800; baseline -0.001 -1"><span class='ocrx_word' id='word_1_916' title='bbox 1966 3762 2156 3799; x_wconf 77' lang='lat' dir='ltr'><strong>versus</strong></span> <span class='ocrx_word' id='word_1_917' title='bbox 2182 3747 2411 3799; x_wconf 86' lang='lat' dir='ltr'><strong>Arianos</strong></span> <span class='ocrx_word' id='word_1_918' title='bbox 2438 3748 2569 3799; x_wconf 88' lang='lat' dir='ltr'><strong>sicut</strong></span> <span class='ocrx_word' id='word_1_919' title='bbox 2600 3753 2655 3798; x_wconf 89' lang='lat' dir='ltr'><strong>et</strong></span> <span class='ocrx_word' id='word_1_920' title='bbox 2674 3756 2858 3800; x_wconf 84' lang='lat' dir='ltr'><strong>contra</strong></span> <span class='ocrx_word' id='word_1_921' title='bbox 2888 3747 3189 3799; x_wconf 84' lang='lat' dir='ltr'><strong>Donatistas</strong></span> <span class='ocrx_word' id='word_1_922' title='bbox 3212 3749 3373 3800; x_wconf 73' lang='lat' dir='ltr'><strong>inulta</strong></span> <span class='ocrx_word' id='word_1_923' title='bbox 3404 3748 3538 3799; x_wconf 82' lang='lat' dir='ltr'><strong>scri-</strong></span> 
     </span>
    </p>
   </div>
   <div class='ocr_carea' id='block_1_129' title="bbox 1971 3815 3538 3887">
    <p class='ocr_par' dir='ltr' id='par_1_129' title="bbox 1971 3815 3538 3887">
     <span class='ocr_line' id='line_1_131' title="bbox 1971 3815 3538 3887; baseline 0 -17"><span class='ocrx_word' id='word_1_924' title='bbox 1971 3817 2139 3887; x_wconf 60' lang='lat' dir='ltr'><strong>psisse</strong></span> <span class='ocrx_word' id='word_1_925' title='bbox 2172 3826 2521 3869; x_wconf 80' lang='lat' dir='ltr'><strong>memoratur.</strong></span> <span class='ocrx_word' id='word_1_926' title='bbox 2544 3815 2648 3869; x_wconf 88' lang='lat' dir='ltr'><strong>Sed</strong></span> <span class='ocrx_word' id='word_1_927' title='bbox 2675 3817 2815 3871; x_wconf 88' lang='lat' dir='ltr'><strong>illius</strong></span> <span class='ocrx_word' id='word_1_928' title='bbox 2836 3817 2977 3871; x_wconf 83' lang='lat' dir='ltr'><strong>sedis</strong></span> <span class='ocrx_word' id='word_1_929' title='bbox 3006 3832 3200 3871; x_wconf 89' lang='lat' dir='ltr'><strong>nomen</strong></span> <span class='ocrx_word' id='word_1_930' title='bbox 3233 3818 3376 3871; x_wconf 80' lang='lat' dir='ltr'><strong>varie</strong></span> <span class='ocrx_word' id='word_1_931' title='bbox 3409 3816 3538 3869; x_wconf 61' lang='lat' dir='ltr'><strong>varii</strong></span> 
     </span>
    </p>
   </div>
   <div class='ocr_carea' id='block_1_130' title="bbox 1968 3886 3540 3955">
    <p class='ocr_par' dir='ltr' id='par_1_130' title="bbox 1968 3886 3540 3955">
     <span class='ocr_line' id='line_1_132' title="bbox 1968 3886 3540 3955; baseline -0.003 -12"><span class='ocrx_word' id='word_1_932' title='bbox 1968 3886 2185 3944; x_wconf 78' lang='lat' dir='ltr'><strong>Codices</strong></span> <span class='ocrx_word' id='word_1_933' title='bbox 2231 3887 2490 3947; x_wconf 77' lang='lat' dir='ltr'><strong>Scribant,</strong></span> <span class='ocrx_word' id='word_1_934' title='bbox 2529 3886 2596 3939; x_wconf 83' lang='lat' dir='ltr'><strong>ita</strong></span> <span class='ocrx_word' id='word_1_935' title='bbox 2629 3894 2805 3942; x_wconf 84' lang='lat' dir='ltr'><strong>tamen</strong></span> <span class='ocrx_word' id='word_1_936' title='bbox 2844 3898 2899 3941; x_wconf 87' lang='lat' dir='ltr'><strong>ut</strong></span> <span class='ocrx_word' id='word_1_937' title='bbox 2935 3888 3107 3940; x_wconf 71' lang='lat' dir='ltr'><strong>nullus</strong></span> <span class='ocrx_word' id='word_1_938' title='bbox 3135 3904 3163 3940; x_wconf 86' lang='lat' dir='ltr'><strong>a</strong></span> <span class='ocrx_word' id='word_1_939' title='bbox 3195 3889 3540 3955; x_wconf 80' lang='lat' dir='ltr'><strong>Corruptione</strong></span> 
     </span>
    </p>
   </div>
   <div class='ocr_carea' id='block_1_131' title="bbox 1971 3958 3538 4027">
    <p class='ocr_par' dir='ltr' id='par_1_131' title="bbox 1971 3958 3538 4027">
     <span class='ocr_line' id='line_1_133' title="bbox 1971 3958 3538 4027; baseline 0 -16"><span class='ocrx_word' id='word_1_940' title='bbox 1971 3960 2207 4015; x_wconf 81' lang='lat' dir='ltr'><strong>videatur</strong></span> <span class='ocrx_word' id='word_1_941' title='bbox 2254 3958 2520 4012; x_wconf 88' lang='lat' dir='ltr'><strong>immunis.</strong></span> <span class='ocrx_word' id='word_1_942' title='bbox 2554 3958 2693 4012; x_wconf 82' lang='lat' dir='ltr'><strong>Editi</strong></span> <span class='ocrx_word' id='word_1_943' title='bbox 2743 3958 2967 4025; x_wconf 86' lang='lat' dir='ltr'><strong>habent,</strong></span> <span class='ocrx_word' id='word_1_944' title='bbox 3019 3958 3283 4027; x_wconf 74' lang='lat' dir='ltr'><strong>Asclepius</strong></span> <span class='ocrx_word' id='word_1_945' title='bbox 3336 3958 3538 4027; x_wconf 77' lang='lat' dir='ltr'><strong>Aferin</strong></span> 
     </span>
    </p>
   </div>
   <div class='ocr_carea' id='block_1_132' title="bbox 1968 4028 3539 4100">
    <p class='ocr_par' dir='ltr' id='par_1_132' title="bbox 1968 4028 3539 4100">
     <span class='ocr_line' id='line_1_134' title="bbox 1968 4028 3539 4100; baseline -0.001 -17"><span class='ocrx_word' id='word_1_946' title='bbox 1968 4029 2243 4099; x_wconf 79' lang='lat' dir='ltr'><strong>Bagat&#39;ensi</strong></span> <span class='ocrx_word' id='word_1_947' title='bbox 2276 4030 2530 4100; x_wconf 79' lang='lat' dir='ltr'><strong>territorio</strong></span> <span class='ocrx_word' id='word_1_948' title='bbox 2579 4028 2672 4082; x_wconf 83' lang='lat' dir='ltr'><strong>vici</strong></span> <span class='ocrx_word' id='word_1_949' title='bbox 2701 4046 2799 4083; x_wconf 84' lang='lat' dir='ltr'><strong>non</strong></span> <span class='ocrx_word' id='word_1_950' title='bbox 2842 4029 3053 4100; x_wconf 86' lang='lat' dir='ltr'><strong>grandis</strong></span> <span class='ocrx_word' id='word_1_951' title='bbox 3099 4032 3397 4099; x_wconf 83' lang='lat' dir='ltr'><strong>episcopus;</strong></span> <span class='ocrx_word' id='word_1_952' title='bbox 3444 4045 3539 4081; x_wconf 83' lang='lat' dir='ltr'><strong>no-</strong></span> 
     </span>
    </p>
   </div>
   <div class='ocr_carea' id='block_1_133' title="bbox 1969 4098 3537 4169">
    <p class='ocr_par' dir='ltr' id='par_1_133' title="bbox 1969 4098 3537 4169">
     <span class='ocr_line' id='line_1_135' title="bbox 1969 4098 3537 4169; baseline -0.002 -14"><span class='ocrx_word' id='word_1_953' title='bbox 1969 4098 2139 4155; x_wconf 86' lang='lat' dir='ltr'><strong>strnm</strong></span> <span class='ocrx_word' id='word_1_954' title='bbox 2168 4116 2296 4154; x_wconf 77' lang='lat' dir='ltr'><strong>vero</strong></span> <span class='ocrx_word' id='word_1_955' title='bbox 2325 4098 2582 4153; x_wconf 83' lang='lat' dir='ltr'><strong>Gennadii</strong></span> <span class='ocrx_word' id='word_1_956' title='bbox 2607 4098 2879 4169; x_wconf 72' lang='lat' dir='ltr'><strong>exemplar</strong></span> <span class='ocrx_word' id='word_1_957' title='bbox 2903 4098 3317 4156; x_wconf 70' lang='lat' dir='ltr'><strong>vetusti~situum</strong></span> <span class='ocrx_word' id='word_1_958' title='bbox 3360 4099 3537 4162; x_wconf 84' lang='lat' dir='ltr'><strong>habet,</strong></span> 
     </span>
    </p>
   </div>
   <div class='ocr_carea' id='block_1_134' title="bbox 1967 4168 3535 4237">
    <p class='ocr_par' dir='ltr' id='par_1_134' title="bbox 1967 4168 3535 4237">
     <span class='ocr_line' id='line_1_136' title="bbox 1967 4168 3535 4237; baseline -0.002 -10"><span class='ocrx_word' id='word_1_959' title='bbox 1967 4174 2022 4227; x_wconf 84' lang='lat' dir='ltr'><strong>in</strong></span> <span class='ocrx_word' id='word_1_960' title='bbox 2044 4170 2294 4226; x_wconf 76' lang='lat' dir='ltr'><strong>Gabaensi</strong></span> <span class='ocrx_word' id='word_1_961' title='bbox 2324 4173 2580 4224; x_wconf 66' lang='lat' dir='ltr'><strong>territorio</strong></span> <span class='ocrx_word' id='word_1_962' title='bbox 2618 4168 3027 4237; x_wconf 71' lang='lat' dir='ltr'><strong>Viciuwgrantis,</strong></span> <span class='ocrx_word' id='word_1_963' title='bbox 3053 4181 3191 4235; x_wconf 89' lang='lat' dir='ltr'><strong>elc.;</strong></span> <span class='ocrx_word' id='word_1_964' title='bbox 3220 4173 3322 4225; x_wconf 88' lang='lat' dir='ltr'><strong>alia</strong></span> <span class='ocrx_word' id='word_1_965' title='bbox 3353 4186 3535 4236; x_wconf 87' lang='lat' dir='ltr'><strong>manu,</strong></span> 
     </span>
    </p>
   </div>
   <div class='ocr_carea' id='block_1_135' title="bbox 1969 4240 3538 4311">
    <p class='ocr_par' dir='ltr' id='par_1_135' title="bbox 1969 4240 3538 4311">
     <span class='ocr_line' id='line_1_137' title="bbox 1969 4240 3538 4311; baseline 0.001 -14"><span class='ocrx_word' id='word_1_966' title='bbox 1969 4252 2284 4298; x_wconf 88' lang='lat' dir='ltr'><strong>nontamen</strong></span> <span class='ocrx_word' id='word_1_967' title='bbox 2313 4240 2449 4296; x_wconf 86' lang='lat' dir='ltr'><strong>adeo</strong></span> <span class='ocrx_word' id='word_1_968' title='bbox 2492 4241 2733 4311; x_wconf 76' lang='lat' dir='ltr'><strong>antiqua,</strong></span> <span class='ocrx_word' id='word_1_969' title='bbox 2789 4240 2968 4297; x_wconf 82' lang='lat' dir='ltr'><strong>Vicine</strong></span> <span class='ocrx_word' id='word_1_970' title='bbox 3014 4243 3248 4296; x_wconf 78' lang='lat' dir='ltr'><strong>civitatis.</strong></span> <span class='ocrx_word' id='word_1_971' title='bbox 3300 4243 3538 4298; x_wconf 79' lang='lat' dir='ltr'><strong>Priorem</strong></span> 
     </span>
    </p>
   </div>
   <div class='ocr_carea' id='block_1_136' title="bbox 1969 4312 3540 4377">
    <p class='ocr_par' dir='ltr' id='par_1_136' title="bbox 1969 4312 3540 4377">
     <span class='ocr_line' id='line_1_138' title="bbox 1969 4312 3540 4377; baseline -0.002 -8"><span class='ocrx_word' id='word_1_972' title='bbox 1969 4323 2146 4370; x_wconf 83' lang='lat' dir='ltr'><strong>tamen</strong></span> <span class='ocrx_word' id='word_1_973' title='bbox 2196 4314 2476 4368; x_wconf 85' lang='lat' dir='ltr'><strong>lectionem</strong></span> <span class='ocrx_word' id='word_1_974' title='bbox 2502 4314 2783 4367; x_wconf 78' lang='lat' dir='ltr'><strong>conﬁrmat</strong></span> <span class='ocrx_word' id='word_1_975' title='bbox 2812 4315 2979 4369; x_wconf 87' lang='lat' dir='ltr'><strong>codex</strong></span> <span class='ocrx_word' id='word_1_976' title='bbox 3031 4312 3445 4377; x_wconf 48' lang='lat' dir='ltr'><strong>Fiscamnensig</strong></span> <span class='ocrx_word' id='word_1_977' title='bbox 3484 4322 3540 4366; x_wconf 90' lang='lat' dir='ltr'><strong>ut</strong></span> 
     </span>
    </p>
   </div>
   <div class='ocr_carea' id='block_1_137' title="bbox 1970 4382 3540 4447">
    <p class='ocr_par' dir='ltr' id='par_1_137' title="bbox 1970 4382 3540 4447">
     <span class='ocr_line' id='line_1_139' title="bbox 1970 4382 3540 4447; baseline -0.004 -7"><span class='ocrx_word' id='word_1_978' title='bbox 1970 4388 2175 4440; x_wconf 90' lang='lat' dir='ltr'><strong>monuit</strong></span> <span class='ocrx_word' id='word_1_979' title='bbox 2198 4400 2282 4439; x_wconf 89' lang='lat' dir='ltr'><strong>tne</strong></span> <span class='ocrx_word' id='word_1_980' title='bbox 2313 4396 2494 4439; x_wconf 90' lang='lat' dir='ltr'><strong>noster</strong></span> <span class='ocrx_word' id='word_1_981' title='bbox 2515 4385 2741 4438; x_wconf 81' lang='lat' dir='ltr'><strong>domnus</strong></span> <span class='ocrx_word' id='word_1_982' title='bbox 2768 4382 3085 4439; x_wconf 88' lang='lat' dir='ltr'><strong>Guillelmus</strong></span> <span class='ocrx_word' id='word_1_983' title='bbox 3106 4382 3371 4447; x_wconf 78' lang='lat' dir='ltr'><strong>Fillastre,</strong></span> <span class='ocrx_word' id='word_1_984' title='bbox 3387 4386 3472 4437; x_wconf 87' lang='lat' dir='ltr'><strong>ubi</strong></span> <span class='ocrx_word' id='word_1_985' title='bbox 3488 4385 3540 4435; x_wconf 81' lang='lat' dir='ltr'><strong>in</strong></span> 
     </span>
    </p>
   </div>
   <div class='ocr_carea' id='block_1_138' title="bbox 1972 4454 3540 4527">
    <p class='ocr_par' dir='ltr' id='par_1_138' title="bbox 1972 4454 3540 4527">
     <span class='ocr_line' id='line_1_140' title="bbox 1972 4454 3540 4527; baseline -0.002 -17"><span class='ocrx_word' id='word_1_986' title='bbox 1972 4455 2020 4510; x_wconf 81' lang='grc' dir='ltr'><strong><em>Ν</em></strong></span> <span class='ocrx_word' id='word_1_987' title='bbox 2028 4457 2248 4527; x_wconf 81' lang='lat' dir='ltr'><strong>avigensi</strong></span> <span class='ocrx_word' id='word_1_988' title='bbox 2262 4456 2519 4509; x_wconf 87' lang='lat' dir='ltr'><strong>territorio</strong></span> <span class='ocrx_word' id='word_1_989' title='bbox 2536 4454 2916 4527; x_wconf 10' lang='lat' dir='ltr'><strong>fVicinigraudis</strong></span> <span class='ocrx_word' id='word_1_990' title='bbox 2931 4456 3197 4527; x_wconf 80' lang='lat' dir='ltr'><strong>episcopus</strong></span> <span class='ocrx_word' id='word_1_991' title='bbox 3208 4455 3417 4527; x_wconf 83' lang='lat' dir='ltr'><strong>dicitur.</strong></span> <span class='ocrx_word' id='word_1_992' title='bbox 3436 4455 3540 4527; x_wconf 80' lang='lat' dir='ltr'><strong>Ho-</strong></span> 
     </span>
    </p>
   </div>
   <div class='ocr_carea' id='block_1_139' title="bbox 1971 4525 3540 4595">
    <p class='ocr_par' dir='ltr' id='par_1_139' title="bbox 1971 4525 3540 4595">
     <span class='ocr_line' id='line_1_141' title="bbox 1971 4525 3540 4595; baseline -0.003 -14"><span class='ocrx_word' id='word_1_993' title='bbox 1971 4525 2151 4582; x_wconf 80' lang='lat' dir='ltr'><strong>norius</strong></span> <span class='ocrx_word' id='word_1_994' title='bbox 2172 4541 2290 4595; x_wconf 85' lang='lat' dir='ltr'><strong>cap.</strong></span> <span class='ocrx_word' id='word_1_995' title='bbox 2306 4528 2374 4581; x_wconf 66' lang='lat'>72</span> <span class='ocrx_word' id='word_1_996' title='bbox 2388 4526 2633 4580; x_wconf 85' lang='lat' dir='ltr'><strong>eumdem</strong></span> <span class='ocrx_word' id='word_1_997' title='bbox 2652 4528 2963 4593; x_wconf 88' lang='lat' dir='ltr'><strong>simpliciter</strong></span> <span class='ocrx_word' id='word_1_998' title='bbox 2985 4526 3038 4578; x_wconf 83' lang='lat' dir='ltr'><strong>in</strong></span> <span class='ocrx_word' id='word_1_999' title='bbox 3055 4525 3261 4579; x_wconf 82' lang='lat' dir='ltr'><strong>Baiensi</strong></span> <span class='ocrx_word' id='word_1_1000' title='bbox 3285 4525 3540 4595; x_wconf 81' lang='lat' dir='ltr'><strong>territorio</strong></span> 
     </span>
    </p>
   </div>
   <div class='ocr_carea' id='block_1_140' title="bbox 1973 4594 3542 4668">
    <p class='ocr_par' dir='ltr' id='par_1_140' title="bbox 1973 4594 3542 4668">
     <span class='ocr_line' id='line_1_142' title="bbox 1973 4594 3542 4668; baseline -0.004 -15"><span class='ocrx_word' id='word_1_1001' title='bbox 1973 4594 2524 4668; x_wconf 65' lang='lat' dir='ltr'><strong>episcopumappellat.</strong></span> <span class='ocrx_word' id='word_1_1002' title='bbox 2544 4596 2833 4668; x_wconf 83' lang='lat' dir='ltr'><strong>thuidem</strong></span> <span class='ocrx_word' id='word_1_1003' title='bbox 2855 4595 3087 4668; x_wconf 83' lang='lat' dir='ltr'><strong>lticforte</strong></span> <span class='ocrx_word' id='word_1_1004' title='bbox 3110 4594 3542 4668; x_wconf 74' lang='lat' dir='ltr'><strong>nomenalicnjus</strong></span> 
     </span>
    </p>
   </div>
   <div class='ocr_carea' id='block_1_141' title="bbox 1974 4664 3542 4737">
    <p class='ocr_par' dir='ltr' id='par_1_141' title="bbox 1974 4664 3542 4737">
     <span class='ocr_line' id='line_1_143' title="bbox 1974 4664 3542 4737; baseline -0.004 -15"><span class='ocrx_word' id='word_1_1005' title='bbox 1974 4664 2074 4722; x_wconf 85' lang='lat' dir='ltr'><strong>vici</strong></span> <span class='ocrx_word' id='word_1_1006' title='bbox 2091 4664 2418 4737; x_wconf 83' lang='lat' dir='ltr'><strong>designatur.</strong></span> <span class='ocrx_word' id='word_1_1007' title='bbox 2438 4666 2726 4737; x_wconf 76' lang='lat' dir='ltr'><strong>Episcopos</strong></span> <span class='ocrx_word' id='word_1_1008' title='bbox 2744 4667 2883 4718; x_wconf 88' lang='lat' dir='ltr'><strong>enim</strong></span> <span class='ocrx_word' id='word_1_1009' title='bbox 2906 4667 2958 4717; x_wconf 86' lang='lat' dir='ltr'><strong>in</strong></span> <span class='ocrx_word' id='word_1_1010' title='bbox 2986 4666 3119 4737; x_wconf 72' lang='lat' dir='ltr'><strong>vittis</strong></span> <span class='ocrx_word' id='word_1_1011' title='bbox 3149 4673 3193 4717; x_wconf 81' lang='lat' dir='ltr'><strong>et</strong></span> <span class='ocrx_word' id='word_1_1012' title='bbox 3217 4664 3542 4737; x_wconf 61' lang='lat' dir='ltr'><strong>iu_[uudi§,et</strong></span> 
     </span>
    </p>
   </div>
   <div class='ocr_carea' id='block_1_142' title="bbox 1974 4731 3543 4808">
    <p class='ocr_par' dir='ltr' id='par_1_142' title="bbox 1974 4731 3543 4808">
     <span class='ocr_line' id='line_1_144' title="bbox 1974 4731 3543 4808; baseline -0.003 -18"><span class='ocrx_word' id='word_1_1013' title='bbox 1974 4752 2062 4808; x_wconf 82' lang='lat' dir='ltr'><strong>per</strong></span> <span class='ocrx_word' id='word_1_1014' title='bbox 2089 4731 2237 4808; x_wconf 57' lang='lat' dir='ltr'><strong>agros</strong></span> <span class='ocrx_word' id='word_1_1015' title='bbox 2260 4738 2312 4789; x_wconf 88' lang='lat' dir='ltr'><strong>in</strong></span> <span class='ocrx_word' id='word_1_1016' title='bbox 2338 4731 2515 4808; x_wconf 75' lang='lat' dir='ltr'><strong>Africa</strong></span> <span class='ocrx_word' id='word_1_1017' title='bbox 2548 4731 2712 4808; x_wconf 79' lang='lat' dir='ltr'><strong>fuisse</strong></span> <span class='ocrx_word' id='word_1_1018' title='bbox 2738 4749 2896 4808; x_wconf 72' lang='lat' dir='ltr'><strong>nemo</strong></span> <span class='ocrx_word' id='word_1_1019' title='bbox 2927 4733 3286 4808; x_wconf 42' lang='lat' dir='ltr'><strong>nescihquod</strong></span> <span class='ocrx_word' id='word_1_1020' title='bbox 3319 4748 3382 4788; x_wconf 85' lang='lat' dir='ltr'><strong>ex</strong></span> <span class='ocrx_word' id='word_1_1021' title='bbox 3419 4731 3543 4785; x_wconf 79' lang='lat' dir='ltr'><strong>Col-</strong></span> 
     </span>
    </p>
   </div>
   <div class='ocr_carea' id='block_1_143' title="bbox 1978 4804 3544 4872">
    <p class='ocr_par' dir='ltr' id='par_1_143' title="bbox 1978 4804 3544 4872">
     <span class='ocr_line' id='line_1_145' title="bbox 1978 4804 3544 4872; baseline -0.003 -11"><span class='ocrx_word' id='word_1_1022' title='bbox 1978 4804 2174 4862; x_wconf 81' lang='lat' dir='ltr'><strong>latione</strong></span> <span class='ocrx_word' id='word_1_1023' title='bbox 2203 4804 2609 4869; x_wconf 71' lang='lat' dir='ltr'><strong>Carthaginiensi</strong></span> <span class='ocrx_word' id='word_1_1024' title='bbox 2643 4818 2762 4871; x_wconf 84' lang='lat' dir='ltr'><strong>cap.</strong></span> <span class='ocrx_word' id='word_1_1025' title='bbox 2807 4805 2899 4858; x_wconf 90' lang='grc'><strong>181</strong></span> <span class='ocrx_word' id='word_1_1026' title='bbox 2935 4814 2990 4857; x_wconf 89' lang='lat' dir='ltr'><strong>ct</strong></span> <span class='ocrx_word' id='word_1_1027' title='bbox 3036 4804 3154 4870; x_wconf 72' lang='lat'><strong>182,</strong></span> <span class='ocrx_word' id='word_1_1028' title='bbox 3193 4804 3415 4872; x_wconf 89' lang='lat' dir='ltr'><strong>aliisque</strong></span> <span class='ocrx_word' id='word_1_1029' title='bbox 3447 4818 3544 4856; x_wconf 82' lang='lat' dir='ltr'><strong>ve-</strong></span> 
     </span>
    </p>
   </div>
   <div class='ocr_carea' id='block_1_144' title="bbox 1979 4873 3545 4955">
    <p class='ocr_par' dir='ltr' id='par_1_144' title="bbox 1979 4873 3545 4955">
     <span class='ocr_line' id='line_1_146' title="bbox 1979 4873 3545 4955; baseline -0.001 -25"><span class='ocrx_word' id='word_1_1030' title='bbox 1979 4876 2133 4930; x_wconf 87' lang='lat' dir='ltr'><strong>tustis</strong></span> <span class='ocrx_word' id='word_1_1031' title='bbox 2178 4873 2536 4955; x_wconf 61' lang='lat' dir='ltr'><strong>[notruntentis</strong></span> <span class='ocrx_word' id='word_1_1032' title='bbox 2569 4873 2784 4955; x_wconf 75' lang='lat' dir='ltr'><strong>absque</strong></span> <span class='ocrx_word' id='word_1_1033' title='bbox 2832 4888 3022 4955; x_wconf 81' lang='lat' dir='ltr'><strong>magno</strong></span> <span class='ocrx_word' id='word_1_1034' title='bbox 3069 4875 3281 4942; x_wconf 86' lang='lat' dir='ltr'><strong>negotio</strong></span> <span class='ocrx_word' id='word_1_1035' title='bbox 3312 4873 3545 4955; x_wconf 55' lang='lat' dir='ltr'><strong>probari</strong></span> 
     </span>
    </p>
   </div>
   <div class='ocr_carea' id='block_1_145' title="bbox 1980 4944 3543 5013">
    <p class='ocr_par' dir='ltr' id='par_1_145' title="bbox 1980 4944 3543 5013">
     <span class='ocr_line' id='line_1_147' title="bbox 1980 4944 3543 5013; baseline -0.001 -13"><span class='ocrx_word' id='word_1_1036' title='bbox 1980 4956 2174 5013; x_wconf 77' lang='lat' dir='ltr'><strong>posset.</strong></span> <span class='ocrx_word' id='word_1_1037' title='bbox 2208 4946 2419 5011; x_wconf 78' lang='lat' dir='ltr'><strong>Sedliis</strong></span> <span class='ocrx_word' id='word_1_1038' title='bbox 2449 4945 2648 5003; x_wconf 84' lang='lat' dir='ltr'><strong>diutius</strong></span> <span class='ocrx_word' id='word_1_1039' title='bbox 2672 4944 2943 5000; x_wconf 88' lang='lat' dir='ltr'><strong>immorari</strong></span> <span class='ocrx_word' id='word_1_1040' title='bbox 2972 4958 3078 4999; x_wconf 93' lang='lat' dir='ltr'><strong>non</strong></span> <span class='ocrx_word' id='word_1_1041' title='bbox 3110 4954 3283 5001; x_wconf 87' lang='lat' dir='ltr'><strong>vacat.</strong></span> <span class='ocrx_word' id='word_1_1042' title='bbox 3308 4944 3543 4999; x_wconf 71' lang='lat' dir='ltr'><strong>Caeteros</strong></span> 
     </span>
    </p>
   </div>
   <div class='ocr_carea' id='block_1_146' title="bbox 1980 5012 3545 5086">
    <p class='ocr_par' dir='ltr' id='par_1_146' title="bbox 1980 5012 3545 5086">
     <span class='ocr_line' id='line_1_148' title="bbox 1980 5012 3545 5086; baseline 0 -17"><span class='ocrx_word' id='word_1_1043' title='bbox 1980 5012 2107 5071; x_wconf 84' lang='lat' dir='ltr'><strong>vero</strong></span> <span class='ocrx_word' id='word_1_1044' title='bbox 2123 5028 2368 5071; x_wconf 87' lang='lat' dir='ltr'><strong>auctores</strong></span> <span class='ocrx_word' id='word_1_1045' title='bbox 2389 5016 2476 5086; x_wconf 88' lang='lat' dir='ltr'><strong>qui</strong></span> <span class='ocrx_word' id='word_1_1046' title='bbox 2500 5015 2948 5085; x_wconf 82' lang='lat' dir='ltr'><strong>subsequentibus</strong></span> <span class='ocrx_word' id='word_1_1047' title='bbox 2974 5015 3297 5084; x_wconf 88' lang='lat' dir='ltr'><strong>temporibus</strong></span> <span class='ocrx_word' id='word_1_1048' title='bbox 3314 5012 3545 5069; x_wconf 80' lang='lat' dir='ltr'><strong>ﬂoruere</strong></span> 
     </span>
    </p>
   </div>
   <div class='ocr_carea' id='block_1_147' title="bbox 2011 5086 3544 5156">
    <p class='ocr_par' dir='ltr' id='par_1_147' title="bbox 2011 5086 3544 5156">
     <span class='ocr_line' id='line_1_149' title="bbox 2011 5086 3544 5156; baseline -0.001 -15"><span class='ocrx_word' id='word_1_1049' title='bbox 2011 5086 2345 5154; x_wconf 67' lang='lat' dir='ltr'><strong>rietertnitto,</strong></span> <span class='ocrx_word' id='word_1_1050' title='bbox 2394 5090 2532 5142; x_wconf 84' lang='lat' dir='ltr'><strong>inter</strong></span> <span class='ocrx_word' id='word_1_1051' title='bbox 2560 5101 2695 5156; x_wconf 90' lang='lat' dir='ltr'><strong>quos</strong></span> <span class='ocrx_word' id='word_1_1052' title='bbox 2738 5087 2932 5143; x_wconf 88' lang='lat' dir='ltr'><strong>enituit</strong></span> <span class='ocrx_word' id='word_1_1053' title='bbox 2983 5086 3317 5155; x_wconf 87' lang='lat' dir='ltr'><strong>potissimum</strong></span> <span class='ocrx_word' id='word_1_1054' title='bbox 3357 5086 3544 5140; x_wconf 82' lang='lat' dir='ltr'><strong>beatus</strong></span> 
     </span>
    </p>
   </div>
   <div class='ocr_carea' id='block_1_148' title="bbox 2017 5156 3423 5229">
    <p class='ocr_par' dir='ltr' id='par_1_148' title="bbox 2017 5156 3423 5229">
     <span class='ocr_line' id='line_1_150' title="bbox 2017 5156 3423 5229; baseline -0.003 -16"><span class='ocrx_word' id='word_1_1055' title='bbox 2017 5158 2302 5229; x_wconf 83' lang='lat' dir='ltr'><strong>ulgentius,</strong></span> <span class='ocrx_word' id='word_1_1056' title='bbox 2334 5159 2403 5214; x_wconf 85' lang='lat' dir='ltr'><strong>de</strong></span> <span class='ocrx_word' id='word_1_1057' title='bbox 2428 5173 2535 5229; x_wconf 91' lang='lat' dir='ltr'><strong>quo</strong></span> <span class='ocrx_word' id='word_1_1058' title='bbox 2564 5157 2711 5228; x_wconf 83' lang='lat' dir='ltr'><strong>plura</strong></span> <span class='ocrx_word' id='word_1_1059' title='bbox 2734 5173 2835 5213; x_wconf 90' lang='lat' dir='ltr'><strong>suo</strong></span> <span class='ocrx_word' id='word_1_1060' title='bbox 2862 5159 2982 5214; x_wconf 93' lang='lat' dir='ltr'><strong>loco</strong></span> <span class='ocrx_word' id='word_1_1061' title='bbox 2997 5156 3190 5212; x_wconf 88' lang='lat' dir='ltr'><strong>dicturi</strong></span> <span class='ocrx_word' id='word_1_1062' title='bbox 3217 5170 3423 5211; x_wconf 88' lang='lat' dir='ltr'><strong>sumus.</strong></span> 
     </span>
    </p>
   </div>
   <div class='ocr_carea' id='block_1_149' title="bbox 2585 5250 2882 5308">
    <p class='ocr_par' dir='ltr' id='par_1_149' title="bbox 2585 5250 2882 5308">
     <span class='ocr_line' id='line_1_151' title="bbox 2585 5250 2882 5308; baseline 0 -1"><span class='ocrx_word' id='word_1_1063' title='bbox 2585 5250 2812 5308; x_wconf 81' lang='lat' dir='ltr'><strong>CAPUT</strong></span> <span class='ocrx_word' id='word_1_1064' title='bbox 2843 5251 2882 5307; x_wconf 70' lang='grc' dir='ltr'><strong>γ</strong></span> 
     </span>
    </p>
   </div>
   <div class='ocr_carea' id='block_1_150' title="bbox 2040 5342 3473 5417">
    <p class='ocr_par' dir='ltr' id='par_1_150' title="bbox 2040 5342 3473 5417">
     <span class='ocr_line' id='line_1_152' title="bbox 2040 5342 3473 5417; baseline -0.003 -16"><span class='ocrx_word' id='word_1_1065' title='bbox 2040 5344 2337 5401; x_wconf 80' lang='lat' dir='ltr'><strong>Gensericus</strong></span> <span class='ocrx_word' id='word_1_1066' title='bbox 2366 5350 2513 5417; x_wconf 88' lang='lat' dir='ltr'><strong>capta</strong></span> <span class='ocrx_word' id='word_1_1067' title='bbox 2544 5343 2853 5415; x_wconf 83' lang='lat' dir='ltr'><strong>Carthagine</strong></span> <span class='ocrx_word' id='word_1_1068' title='bbox 2882 5343 2935 5397; x_wconf 83' lang='lat' dir='ltr'><strong>in</strong></span> <span class='ocrx_word' id='word_1_1069' title='bbox 2968 5357 3127 5413; x_wconf 77' lang='lat' dir='ltr'><strong>ipsius</strong></span> <span class='ocrx_word' id='word_1_1070' title='bbox 3158 5342 3287 5396; x_wconf 83' lang='lat' dir='ltr'><strong>cives</strong></span> <span class='ocrx_word' id='word_1_1071' title='bbox 3314 5350 3473 5397; x_wconf 80' lang='lat' dir='ltr'><strong>swvtt.</strong></span> 
     </span>
    </p>
   </div>
   <div class='ocr_carea' id='block_1_151' title="bbox 2054 5436 3545 5509">
    <p class='ocr_par' dir='ltr' id='par_1_151' title="bbox 2054 5436 3545 5509">
     <span class='ocr_line' id='line_1_153' title="bbox 2054 5436 3545 5509; baseline -0.001 -16"><span class='ocrx_word' id='word_1_1072' title='bbox 2054 5440 2103 5493; x_wconf 88' lang='grc'><strong>1.</strong></span> <span class='ocrx_word' id='word_1_1073' title='bbox 2136 5440 2479 5509; x_wconf 86' lang='lat' dir='ltr'><strong>Gensericus,</strong></span> <span class='ocrx_word' id='word_1_1074' title='bbox 2511 5439 2577 5494; x_wconf 91' lang='lat' dir='ltr'><strong>de</strong></span> <span class='ocrx_word' id='word_1_1075' title='bbox 2606 5439 2757 5507; x_wconf 87' lang='lat' dir='ltr'><strong>cujus</strong></span> <span class='ocrx_word' id='word_1_1076' title='bbox 2789 5436 2889 5492; x_wconf 77' lang='lat' dir='ltr'><strong>fide</strong></span> <span class='ocrx_word' id='word_1_1077' title='bbox 2916 5436 2985 5490; x_wconf 90' lang='lat' dir='ltr'><strong>ob</strong></span> <span class='ocrx_word' id='word_1_1078' title='bbox 3013 5450 3217 5509; x_wconf 16' lang='lat' dir='ltr'><strong>pacem;</strong></span> <span class='ocrx_word' id='word_1_1079' title='bbox 3240 5452 3545 5509; x_wconf 81' lang='lat' dir='ltr'><strong>sacramen-</strong></span> 
     </span>
    </p>
   </div>
   <div class='ocr_carea' id='block_1_152' title="bbox 1980 5507 3547 5580">
    <p class='ocr_par' dir='ltr' id='par_1_152' title="bbox 1980 5507 3547 5580">
     <span class='ocr_line' id='line_1_154' title="bbox 1980 5507 3547 5580; baseline -0.004 -12"><span class='ocrx_word' id='word_1_1080' title='bbox 1980 5521 2056 5580; x_wconf 92' lang='lat' dir='ltr'><strong>to,</strong></span> <span class='ocrx_word' id='word_1_1081' title='bbox 2088 5515 2163 5566; x_wconf 89' lang='lat' dir='ltr'><strong>uti</strong></span> <span class='ocrx_word' id='word_1_1082' title='bbox 2194 5512 2441 5576; x_wconf 80' lang='lat' dir='ltr'><strong>diximus,</strong></span> <span class='ocrx_word' id='word_1_1083' title='bbox 2466 5507 2858 5571; x_wconf 81' lang='lat' dir='ltr'><strong>conﬁrmatam,</strong></span> <span class='ocrx_word' id='word_1_1084' title='bbox 2886 5522 3107 5580; x_wconf 82' lang='lat' dir='ltr'><strong>securus</strong></span> <span class='ocrx_word' id='word_1_1085' title='bbox 3135 5507 3415 5563; x_wconf 87' lang='lat' dir='ltr'><strong>videbatur</strong></span> <span class='ocrx_word' id='word_1_1086' title='bbox 3452 5511 3547 5563; x_wconf 79' lang='lat' dir='ltr'><strong>im-</strong></span> 
     </span>
    </p>
   </div>
   <div class='ocr_carea' id='block_1_153' title="bbox 1981 5578 3548 5653">
    <p class='ocr_par' dir='ltr' id='par_1_153' title="bbox 1981 5578 3548 5653">
     <span class='ocr_line' id='line_1_155' title="bbox 1981 5578 3548 5653; baseline -0.003 -17"><span class='ocrx_word' id='word_1_1087' title='bbox 1981 5578 2215 5653; x_wconf 85' lang='lat' dir='ltr'><strong>perator,</strong></span> <span class='ocrx_word' id='word_1_1088' title='bbox 2248 5581 2432 5636; x_wconf 77' lang='lat' dir='ltr'><strong>videns</strong></span> <span class='ocrx_word' id='word_1_1089' title='bbox 2455 5581 2709 5653; x_wconf 83' lang='lat' dir='ltr'><strong>Romanis</strong></span> <span class='ocrx_word' id='word_1_1090' title='bbox 2730 5580 2834 5653; x_wconf 84' lang='lat' dir='ltr'><strong>alio</strong></span> <span class='ocrx_word' id='word_1_1091' title='bbox 2857 5578 3107 5653; x_wconf 82' lang='lat' dir='ltr'><strong>detentis,</strong></span> <span class='ocrx_word' id='word_1_1092' title='bbox 3125 5594 3216 5633; x_wconf 87' lang='lat' dir='ltr'><strong>eas</strong></span> <span class='ocrx_word' id='word_1_1093' title='bbox 3248 5580 3407 5634; x_wconf 89' lang='lat' dir='ltr'><strong>urbes</strong></span> <span class='ocrx_word' id='word_1_1094' title='bbox 3431 5595 3548 5648; x_wconf 68' lang='lat' dir='ltr'><strong>qua:</strong></span> 
     </span>
    </p>
   </div>
   <div class='ocr_carea' id='block_1_154' title="bbox 1980 5650 3549 5723">
    <p class='ocr_par' dir='ltr' id='par_1_154' title="bbox 1980 5650 3549 5723">
     <span class='ocr_line' id='line_1_156' title="bbox 1980 5650 3549 5723; baseline -0.004 -16"><span class='ocrx_word' id='word_1_1095' title='bbox 1980 5650 2083 5708; x_wconf 81' lang='lat' dir='ltr'><strong>sibi</strong></span> <span class='ocrx_word' id='word_1_1096' title='bbox 2113 5654 2210 5723; x_wconf 90' lang='lat' dir='ltr'><strong>ipsi</strong></span> <span class='ocrx_word' id='word_1_1097' title='bbox 2241 5668 2345 5706; x_wconf 91' lang='lat' dir='ltr'><strong>non</strong></span> <span class='ocrx_word' id='word_1_1098' title='bbox 2379 5651 2654 5720; x_wconf 87' lang='lat' dir='ltr'><strong>parebant,</strong></span> <span class='ocrx_word' id='word_1_1099' title='bbox 2685 5666 2745 5705; x_wconf 86' lang='lat' dir='ltr'><strong>se</strong></span> <span class='ocrx_word' id='word_1_1100' title='bbox 2769 5650 2906 5706; x_wconf 89' lang='lat' dir='ltr'><strong>haud</strong></span> <span class='ocrx_word' id='word_1_1101' title='bbox 2938 5664 3132 5718; x_wconf 84' lang='lat' dir='ltr'><strong>magno</strong></span> <span class='ocrx_word' id='word_1_1102' title='bbox 3165 5653 3378 5719; x_wconf 77' lang='lat' dir='ltr'><strong>negotio</strong></span> <span class='ocrx_word' id='word_1_1103' title='bbox 3404 5653 3549 5703; x_wconf 55' lang='lat' dir='ltr'><strong>iuva.</strong></span> 
     </span>
    </p>
   </div>
   <div class='ocr_carea' id='block_1_155' title="bbox 1980 5722 3548 5793">
    <p class='ocr_par' dir='ltr' id='par_1_155' title="bbox 1980 5722 3548 5793">
     <span class='ocr_line' id='line_1_157' title="bbox 1980 5722 3548 5793; baseline -0.004 -14"><span class='ocrx_word' id='word_1_1104' title='bbox 1980 5738 2187 5787; x_wconf 81' lang='lat' dir='ltr'><strong>surum,</strong></span> <span class='ocrx_word' id='word_1_1105' title='bbox 2222 5722 2501 5791; x_wconf 88' lang='lat' dir='ltr'><strong>repentino</strong></span> <span class='ocrx_word' id='word_1_1106' title='bbox 2520 5722 2723 5793; x_wconf 85' lang='lat' dir='ltr'><strong>impetu</strong></span> <span class='ocrx_word' id='word_1_1107' title='bbox 2745 5723 3119 5793; x_wconf 84' lang='lat' dir='ltr'><strong>Carthaginem</strong></span> <span class='ocrx_word' id='word_1_1108' title='bbox 3142 5723 3415 5785; x_wconf 80' lang='lat' dir='ltr'><strong>advolans,</strong></span> <span class='ocrx_word' id='word_1_1109' title='bbox 3431 5736 3548 5793; x_wconf 78' lang='lat' dir='ltr'><strong>eam</strong></span> 
     </span>
    </p>
   </div>
   <div class='ocr_carea' id='block_1_156' title="bbox 1982 5791 3544 5865">
    <p class='ocr_par' dir='ltr' id='par_1_156' title="bbox 1982 5791 3544 5865">
     <span class='ocr_line' id='line_1_158' title="bbox 1982 5791 3544 5865; baseline -0.004 -11"><span class='ocrx_word' id='word_1_1110' title='bbox 1982 5811 2079 5854; x_wconf 81' lang='lat' dir='ltr'><strong>suo</strong></span> <span class='ocrx_word' id='word_1_1111' title='bbox 2108 5792 2587 5863; x_wconf 80' lang='lat' dir='ltr'><strong>subiecitimnerio,</strong></span> <span class='ocrx_word' id='word_1_1112' title='bbox 2619 5803 2784 5862; x_wconf 85' lang='lat' dir='ltr'><strong>ratus,</strong></span> <span class='ocrx_word' id='word_1_1113' title='bbox 2817 5791 2969 5865; x_wconf 80' lang='lat' dir='ltr'><strong>capta</strong></span> <span class='ocrx_word' id='word_1_1114' title='bbox 2992 5792 3158 5851; x_wconf 82' lang='lat' dir='ltr'><strong>totius</strong></span> <span class='ocrx_word' id='word_1_1115' title='bbox 3185 5792 3379 5851; x_wconf 74' lang='lat' dir='ltr'><strong>Africa:</strong></span> <span class='ocrx_word' id='word_1_1116' title='bbox 3410 5791 3544 5853; x_wconf 73' lang='lat' dir='ltr'><strong>urbe</strong></span> 
     </span>
    </p>
   </div>
  </div>
