4082 6320
3467 179 3710 197 --ηςοοθ-υ-

3315 203 3406 219 ﬂ

3359 228 3390 242 ς

514 279 620 337 575
1235 333 1248 344 ,
1365 275 1704 335 ΑΡΡΕΝῡΙΧ
1745 275 1835 332 Al)
1879 274 2097 334 VICTOI

2200 275 2221 332 Ι
2262 271 2617 332 VITENSEM
2997 297 3004 304 ·
3031 317 3038 320 -
3086 287 3110 296 ··
3688 276 3788 344 570

513 395 804 466 praecipua,
837 408 957 450 cum
987 401 1230 466 senatum
1269 392 1518 466 virosque
1547 391 1760 466 nobiles
1787 391 1839 446 in
1871 405 1968 466 sua
1997 391 2093 466 b_a-
2121 392 2171 452 Α
2199 391 2590 466 enitn_timeret
2621 387 2943 466 Gensertcus
2973 402 3060 466 ne,
3088 388 3132 444 si
3158 387 3234 445 illi
3259 388 3346 466 vel
3371 387 3640 466 modicum
3661 393 3788 466 quid

512 463 666 521 iteret
685 463 975 534 potestate.
1009 465 1120 519 fore
1147 471 1208 520 ut
1239 463 1363 518 nulli
1388 463 1640 532 deinceps
1662 463 1762 518 sibi
1787 463 2086 534 resistendo

514 553 668 606 pares
697 533 896 591 essent.
931 539 998 588 At
1027 543 1168 588 tanta
1198 551 1316 589 cum
1346 535 1548 589 smvitia
1587 537 1634 588 in
1660 535 1813 588 istius
1846 533 2091 588 miserri-

514 605 614 661 in:c
647 608 789 661 urbis
819 607 967 661 cives
996 607 1216 670 exarsit,
1252 615 1308 660 ut
1329 606 1430 660 nisi
1462 620 1649 659 omnes
1678 605 1790 660 fere
1815 606 1964 659 istius
1991 606 2090 660 tevi

512 688 762 734 auctores
785 687 945 732 testes
975 693 1161 731 eorum
1193 693 1312 746 qua:
1338 677 1438 731 bac
1459 679 1740 732 occasione
1770 675 2092 731 Geuscricus

514 749 740 817 patravit.
771 747 1112 808 haberemus,
1141 763 1354 804 onmem
1392 762 1612 817 prorsus
1638 748 1794 801 Iidem
1828 749 2090 803 excedere

509 820 838 873 videremur.
877 817 1006 873 Rem
1046 819 1270 874 aliorum
1300 821 1478 874 verbis
1525 834 1794 890 exponere
1817 818 1989 886 juvat,
2023 835 2089 875 ne

509 891 630 958 quis
658 891 792 943 forte
815 904 900 944 me
926 890 1290 946 celeberrima:
1317 892 1547 944 civitatis
1575 891 1905 944 calamitates
1931 906 2092 960 exag-

507 975 724 1032 gerasse
751 962 1043 1015 exist-met.
1073 961 1160 1016 Sic
1181 965 1370 1032 itaque
1393 962 1457 1016 de
1489 962 1588 1016 hoc
1620 961 1827 1032 excidio
1855 961 2089 1028 loquitur

508 1029 742 1098 Prosper
767 1032 820 1085 in
848 1033 1146 1087 Chronico:
1175 1029 1458 1087 Theodosio
1488 1049 1595 1088 xvn
1621 1044 1669 1087 et
1700 1029 1852 1086 Festo
1871 1033 2093 1086 consuli-

510 1113 616 1164 lus,
651 1103 700 1156 id
737 1111 819 1156 cst
852 1118 974 1158 certe
1005 1105 1236 1172 vulgaris
1283 1120 1424 1158 anno
1453 1105 1577 1170 459,
1612 1103 1760 1158 Aftio
1810 1103 1952 1157 rebus
1979 1119 2093 1170 qua:

507 1175 562 1227 in
587 1173 769 1227 Galliis
793 1176 1224 1240 componebantur
1244 1176 1455 1237 intento.
1499 1175 1840 1246 Genserirus,
1857 1176 1917 1227 de
1942 1177 2094 1246 cujus

509 1245 733 1298 amicitia
788 1246 914 1298 nihil
966 1247 1304 1312 metuebatur,
1361 1263 1446 1301 xtv
1499 1245 1739 1300 calendas
1788 1245 2092 1301 Novembris

511 1315 874 1387 Carthaginem
919 1316 1040 1370 dolo
1073 1320 1212 1384 pacis
1259 1318 1474 1384 inuadit,
1505 1333 1774 1388 omnesque
1801 1333 1919 1382 opes
1941 1320 2053 1388 ejus
2073 1356 2088 1382 ,

511 1389 814 1442 excruciatis
837 1388 1035 1441 diuerso
1068 1398 1432 1442 tormentorum
1459 1406 1639 1458 genere
1676 1389 1886 1448 civibus,
1915 1389 1964 1440 in
2003 1392 2093 1460 jus

507 1475 656 1512 suum
681 1460 828 1512 vertit
846 1477 863 1523 ;
883 1476 972 1512 nec
996 1460 1058 1512 ab
1080 1462 1409 1515 ecclesiarum
1432 1460 2088 1532 despoliationeabstinens,

509 1546 639 1600 quas
667 1539 713 1582 et
740 1533 897 1584 sacris
931 1532 1066 1584 vasis
1107 1532 1392 1585 exinanitas
1433 1543 1476 1585 tt
1516 1532 1834 1585 sacerdotum
1875 1532 2094 1584 admini-

507 1602 754 1654 stratione
783 1604 1026 1665 privatas,
1059 1619 1160 1655 non
1183 1607 1298 1674 jam
1325 1605 1480 1656 divini
1505 1603 1670 1655 cultus
1695 1603 1827 1664 loca,
1865 1603 1953 1655 sed
1981 1617 2095 1655 suo-

508 1689 624 1726 rum
653 1675 812 1744 215
827 1674 980 1741 jussit
1011 1690 1117 1726 esse
1146 1675 1464 1738 habitacula;
1505 1676 1556 1726 in
1593 1675 1879 1726 universum
1907 1674 2093 1739 captivi

511 1745 690 1817 populi
720 1747 948 1798 ordinem
994 1761 1176 1811 swvus,
1220 1747 1307 1799 διά
1331 1745 1872 1817 pra’cipuenobili'ati
1896 1754 1942 1798 et
1967 1745 2090 1797 reli-

509 1815 648 1888 gioni
677 1817 926 1888 infensus,
961 1825 1017 1888 ut
1045 1833 1146 1870 non
1179 1815 1550 1888 discerneretur
1583 1815 1878 1888 ltomiiibus
1920 1817 2082 1886 magis

508 1885 949 1941 attDeo‘bellum
1003 1887 1278 1942 intulisset.
1333 1887 1484 1940 "mc
1521 1898 1689 1940 autent
1747 1885 2086 1956 captivitatem

510 1956 771 2030 yart/tngo
796 1959 947 2012 subiit
974 1975 1119 2030 anno
1157 1969 1422 2029 postquam
1466 1959 1704 2030 Romana
1727 1975 1839 2030 esse
1859 1967 2087 2030 coeperat

507 2027 634 2083 585.
670 2027 866 2084 Eadem
900 2029 1060 2085 habet
1106 2027 1341 2084 Isidorus
1366 2031 1418 2084 in
1463 2029 1692 2084 llistOria
1727 2027 2087 2083 VandalOrum

507 2113 614 2172 tera
633 2098 760 2155 467.
794 2099 896 2155 [tle
916 2103 1102 2156 violata
1128 2101 1431 2156 sacramenti
1456 2100 1703 2172 religione
1729 2099 2090 2169 Carthaginem

506 2167 630 2225 dolo
661 2173 802 2239 pacis
830 2173 1024 2226 invadit
1050 2213 1065 2237 ,
1098 2181 1226 2236 ctc.,
1269 2183 1324 2226 ιιι
1356 2167 1616 2237 Prosper;
1665 2173 1855 2236 quibus
1901 2167 2085 2225 addit:

505 2242 754 2297 Arianam
787 2245 1124 2312 pestilentiam
1149 2261 1236 2310 per
1259 2253 1410 2297 totam
1426 2245 1651 2308 Africam
1674 2243 1982 2308 intromittit,
2002 2259 2089 2296 sa-

504 2315 734 2368 cerdotes
760 2313 985 2369 ecclesia:
1032 2316 1196 2382 pellit,
1243 2324 1490 2382 martyres
1525 2315 1772 2382 plurimos
1802 2314 1976 2383 efficit;
2008 2324 2088 2379 et,

505 2384 656 2456 juxta
677 2385 995 2456 prophetiam
1021 2384 1276 2450 Danielis,
1311 2385 1581 2439 demutatis
1603 2385 1854 2454 mysteriis
1889 2393 2092 2438 sancto-

505 2454 623 2506 rum
643 2454 879 2509 ecclesias
898 2454 1088 2509 Christi
1112 2458 1339 2510 hostibus
1361 2457 1592 2510 tradidit.
1619 2458 1750 2520 Qum
1773 2457 1956 2510 ultima
1973 2472 2091 2510 ver-

504 2522 575 2578 ba
595 2540 663 2579 ex
689 2527 838 2581 ldatii
867 2526 1137 2583 Chronico
1177 2539 1447 2582 mutuatus
1471 2537 1574 2584 est.
1609 2527 1759 2582 Diem
1786 2542 1914 2582 vero
1943 2534 2096 2582 notat

507 2593 854 2666 Marcellinus
879 2613 1061 2653 comes
1097 2616 1125 2652 κ
1158 2599 1411 2654 calendas
1439 2597 1774 2665 Novembris,
1808 2615 1913 2666 quo
1940 2613 2091 2654 assc-

503 2665 578 2720 rit
617 2668 994 2740 Qartltaginetn
1027 2687 1057 2724 a
1089 2668 1383 2726 Genserico
1432 2684 1747 2740 occupatam
1792 2665 1974 2725 fuisse.
2027 2669 2094 2724 At

503 2737 950 2811 praeferendaest
975 2741 1222 2811 Prosperi
1253 2752 1306 2794 et
1327 2742 1477 2796 ldatii
1502 2737 1814 2796 auctoritas.

575 2807 750 2883 2._De
788 2807 1157 2866 Africanarum
1200 2815 1591 2882 provinciarum
1645 2815 1913 2883 ipsiusque
1967 2811 2096 2867 Car-

505 2878 739 2953 thaginis
782 2883 992 2940 excid-io
1031 2878 1386 2953 plura'habet
1431 2878 1710 2939 Salvianus
1753 2878 2096 2938 Massiliensis

504 2952 785 3023 presbyter
845 2955 897 3008 in
949 2952 1097 3009 libris
1140 2957 1207 3009 de
1238 2953 1635 3009 Gubernatioue
1687 2957 1775 3010 ltei
1807 2996 1820 3018 ,
1869 2971 2094 3023 quorum

502 3031 686 3078 sextus
718 3035 771 3096 et
809 3026 916 3080 duo
952 3036 1238 3092 sequentes
1285 3027 1393 3081 fere
1424 3037 1550 3081 sunt
1592 3027 1685 3081 teli
1724 3028 1790 3081 de
1817 3027 1916 3080 ltoc
1940 3041 2099 3096 argu-

503 3104 708 3148 mento.
734 3095 839 3150 Has
871 3112 1000 3153 vero
1025 3097 1359 3154 calamitates
1385 3099 1570 3152 divina:
1597 3100 1846 3152 severitati
1875 3095 2099 3152 tribuen-

2196 477 2264 517 ex
2292 463 2512 529 pristina
2542 462 2861 516 auctoritate
2896 460 3228 530 retinerent,
3256 459 3543 530 aliquando
3573 462 3674 515 sibi
3712 465 3789 518 iu-

2197 533 2460 589 fensiores
2483 542 2665 588 esseut
2689 531 2874 596 futuri,
2907 531 3187 587 universos
3215 533 3303 601 qui
3329 531 3504 602 aliqua
3535 532 3788 603 dignitate

2199 605 2492 674 pollebant,
2516 604 2599 658 vel
2621 603 2834 673 generis
2858 603 3134 672 nobilitate
3153 605 3362 659 caeteris
3387 605 3786 671 praestantiorcs

2197 686 2466 747 utcunque
2497 675 2833 740 videbantur,
2859 674 3022 747 bonis
3057 674 3318 747 omnibus
3349 675 3608 744 spoliatos
3647 685 3788 732 trans

2197 763 2346 803 mare
2377 745 2627 818 navigare
2655 745 2936 818 compulit,
2969 745 3069 799 nisi
3102 746 3416 818 maluissent
3446 746 3512 801 ad
3542 747 3789 802 viliorum

2196 817 2584 884 mancipiorum
2631 817 2990 873 conditionem
3050 817 3242 886 redigi.
3301 817 3539 872 Priorem
3590 830 3788 872 sortem

2195 889 2336 945 beati
2362 889 2622 960 Fulgentii
2651 904 2805 943 avum
2829 888 2998 960 216,
3015 902 3226 960 passum
3258 887 3421 960 fuisse
3443 888 3703 944 discimus
3726 905 3787 943 es

2195 961 2436 1030 ejusdem
2467 958 2636 1015 sancti
2667 961 2796 1025 vita,
2821 958 2942 1028 cap.
2979 959 3027 1024 l,
3052 958 3509 1030 iubifGordianus,
3541 960 3620 1014 sic
3649 961 3788 1013 enim

2195 1029 2588 1101 appellabatur,
2610 1047 2676 1086 ex
2704 1029 3534 1101 senatorum,Cartltaginensium
3568 1046 3790 1084 numero

2196 1103 2488 1172 impositam
2526 1103 2986 1173 peregrinationem
3026 1100 3210 1173 libenti
3245 1100 3435 1157 animo
3485 1104 3788 1173 suscepisse

2195 1171 2410 1240 dicitur,
2430 1171 2599 1229 uolens
2611 1171 2816 1242 saltem,
2843 1172 3174 1244 facultatibus
3195 1174 3430 1244 perditis,
3453 1190 3554 1228 non
3579 1171 3789 1240 perdere

2199 1246 2497 1300 libertatem.

2266 1316 2321 1370 4.
2355 1317 2595 1372 Aliorum
2618 1315 2968 1386 quorumdam
2993 1315 3258 1388 fortunam
3278 1315 3474 1372 docent
3496 1330 3593 1370 nos
3617 1314 3790 1370 Theo-

2195 1387 2353 1444 doriti
2387 1389 2629 1455 epistolas
2649 1431 2664 1456 ,
2692 1389 2782 1457 qui
2810 1403 2841 1443 e
2870 1389 3038 1455 patria
3073 1387 3300 1456 profugi,
3334 1396 3452 1454 [rost
3481 1398 3789 1456 peragratas

2198 1459 2982 1536 varias_0rientis_provincias
3020 1460 3314 1536 in_S_yrian_t
3354 1474 3524 1536 usque
3557 1459 3790 1528 perlige-

2196 1540 2340 1586 runt.
2373 1529 2620 1586 'Celebris
2648 1531 2788 1586 inter
2813 1540 3040 1585 etcteros
3069 1529 3166 1584 fuit
3194 1529 3562 1592 leestiacus,
3589 1539 3706 1594 aut,
3739 1537 3791 1585 ut

2196 1603 2316 1676 alia:
2344 1603 2628 1676 editiones,
2656 1603 2853 1676 habent
2878 1601 3290 1676 ,__(_Jtel_estianus
3330 1597 3544 1676 quidam
3572 1641 3586 1663 ,
3617 1615 3789 1676 quem

2199 1674 2339 1728 idem
2365 1673 2726 1728 Tlteodoritus
2747 1673 3048 1740 Appellioni
3077 1671 3418 1728 commendat
3439 1671 3486 1736 et
3510 1671 3664 1725 istola
3686 1673 3789 1737 29;

2120 1785 2167 1845 Β
2186 1745 2256 1845 in
2281 1760 2382 1816 qua
2412 1743 2912 1845 Cartltafginen'sium
2939 1744 3424 1845 Iviceg‘depfpratlts,
3451 1742 3667 1812 egregie
3703 1759 3792 1798 ur-

2215 1816 2273 1845 ιῖο
2321 1816 2469 1845 ἔρρε...
2511 1831 2539 1845 Δ
2567 1832 2614 1845 ιιι·
2633 1831 2715 1845 ιιι-ιι
2795 1815 2930 1845 ηοηρζ
2954 1817 3008 1845 εἴ·
3113 1831 3191 1845 ..ι-ι
3265 1827 3338 1845 nu:
3362 1814 3644 1845 ιηηὲιηηηη,
3713 1815 3792 1845 ἶ..-

2197 1816 2276 1870 bis
2299 1813 2470 1872 'istius
2510 1815 2718 1870 cladem
2756 1815 3032 1869 describit.
3065 1816 3191 1880 Qua:
3219 1813 3666 1884 Carthaginensce,
3713 1815 3793 1869 itte

2187 1887 2324 1957 quit,
2342 1888 2479 1955 passi
2499 1896 2638 1953 sunt,
2658 1886 2897 1954 Eschgli
2919 1894 2964 1940 et
2993 1886 3264 1949 Saphoclis
3287 1886 3535 1953 tragoedia
3561 1896 3788 1955 egerent,

2188 1969 2338 2028 atque
2367 1959 2550 2012 horum
2577 1973 2774 2024 quoque
2798 1959 3024 2023 linguam
3048 1959 3266 2028 fortasse
3294 1958 3510 2028 vinceret
3541 1958 3793 2018 malorum

2190 2027 2506 2100 magnitudo.
2527 2029 2629 2084 llla
2649 2030 2783 2084 enim
2803 2047 2834 2082 a
2854 2027 3098 2100 Romanis
3117 2031 3240 2099 ipsis
3255 2027 3509 2097 quondam
3524 2029 3608 2082 ris:
3619 2038 3793 2097 capta,

2189 2099 2292 2156 into
2315 2117 2431 2171 qua:
2458 2119 2575 2155 cum
2597 2101 2820 2156 maxima
2845 2099 3009 2161 Roma
3048 2101 3110 2153 de
3137 2100 3430 2171 principatu
3455 2115 3590 2167 saepe
3620 2110 3791 2154 certa-

2190 2181 2308 2244 rat,
2353 2189 2563 2244 eamque
2603 2175 2656 2226 in
2696 2187 2951 2244 summum
2991 2171 3259 2244 discrimen
3289 2170 3793 2244 adduxeratLlndi-

2194 2243 2362 2296 brium
2384 2241 2534 2299 modo
2559 2245 2696 2312 facta
2727 2253 2798 2298 est
2828 2242 3180 2297 barbarorum.
3213 2241 3276 2294 Et
3299 2243 3386 2311 qui
3411 2241 3794 2294 celeberrimam

2193 2316 2304 2384 ejus
2338 2317 2537 2370 curiam
2570 2315 2842 2382 ornabant,
2880 2313 2998 2368 orbe
3030 2323 3134 2368 toto
3167 2329 3302 2366 nunc
3330 2321 3525 2374 errant,
3548 2315 3706 2365 citant
3735 2329 3796 2366 ex

2195 2386 2530 2455 hospitalium
2557 2386 2824 2440 hominum
2871 2387 3104 2440 ntanibns
3150 2394 3490 2455 sustentantcs
3512 2423 3527 2445 ,
3563 2385 3795 2448 cientque

2195 2454 2536 2528 spectantibus
2565 2457 2847 2528 lacrymas,
2885 2466 2931 2511 et
2965 2472 3136 2512 rerum
3171 2454 3794 2528 humanaruminstabili:

2197 2525 2351 2582 tatem
2383 2525 2849 2599 rolubilitatémque
2896 2528 3181 2581 declarant.
3226 2525 3366 2580 Alios
3413 2526 3648 2599 equidem
3688 2526 3796 2599 ridi

2196 2600 2480 2670 complures
2509 2601 2628 2654 inde
2657 2597 2934 2670 profectos,
2965 2607 3010 2651 et
3035 2599 3183 2670 timui
3216 2602 3438 2670 :dnesclo
3469 2597 3632 2663 enim,
3657 2597 3797 2661 quod

2196 2671 2269 2723 ait
2301 2665 2573 2740 Scriptura
2613 2665 2795 2740 (Prou.
2847 2669 3125 2740 xxvn,l),
3161 2665 3283 2738 quid
3310 2675 3671 2740 superuentura
3707 2684 3799 2740 po-

2197 2741 2299 2796 riat
2329 2739 2454 2798 dies.
2495 2742 2632 2797 Tum
2673 2742 2976 2812 Appellioni
3005 2739 3382 2812 leestiacntn
3409 2739 3630 2812 speciali
3657 2739 3796 2812 alle-

2198 2823 2288 2867 ctu
2310 2813 2670 2879 commendat,
2695 2809 2784 2883 qui
2808 2827 3055 2881 magmtm
3084 2827 3147 2866 es
3172 2809 3790 2883 calamitatibusguibus

2200 2884 2557 2940 afﬂictabatur
2587 2879 2810 2939 facie—bat
2843 2879 3124 2948 in'pietate
3164 2891 3503 2950 proventum.
3565 2879 3798 2934 Veneror

2200 2965 2401 3020 autent,
2433 2956 2635 3026 inquit,
2667 2958 2720 3010 in
2753 2955 2931 3024 primis
2965 2954 3447 3026 prtestantissimum
3477 2963 3521 3005 et
3557 2952 3798 3026 magnifi-

2201 3024 2546 3082 centissimum
2568 3026 2920 3082 Caelestiacum
2938 3067 2952 3089 ,
2981 3027 3066 3092 qui
3097 3034 3142 3078 et
3165 3024 3502 3078 calamitatem
3525 3039 3676 3092 coquo
3700 3025 3795 3090 fert

2201 3100 2406 3164 animo,
2448 3109 2494 3153 et
2534 3099 2796 3167 felicitatis
2835 3098 3166 3150 mutationem
3203 3097 3257 3148 in
3294 3096 3604 3167 occasionem
3654 3097 3798 3167 uertit

503 3164 598 3240 d_as
638 3183 739 3220 non
761 3183 908 3240 esse,
937 3169 1067 3240 dicit
1093 3169 1232 3224 idem
1276 3179 1462 3223 auctor
1484 3211 1498 3233 ,
1526 3170 1614 3225 sed
1647 3171 1888 3240 Afrorum
1917 3170 2096 3222 sceleri
2125 3165 2172 3229 C
2205 3164 2544 3238 philosOphite
2560 3211 2574 3234 ,
2610 3171 3054 3238 universorumque
3083 3165 3594 3240 llecfore-ntaudat,
3625 3173 3671 3216 et
3704 3166 3799 3217 hoc

504 3234 848 3310 deputandas,
879 3241 968 3306 qui
1003 3239 1268 3293 Vandalus
1296 3242 1457 3306 gravi,
1485 3234 1753 3308 antequam
1776 3241 1898 3294 illnc
1927 3257 2101 3309 perge-

504 3315 647 3371 rent,
677 3323 738 3359 ac
767 3313 922 3379 longa
946 3311 1212 3380 iniquitate
1244 3319 1537 3365 traxerant.
1584 3311 1906 3365 Eorumdem
1945 3311 2100 3364 Afro-

452 3379 459 3385 ’
505 3390 626 3450 rum
649 3380 774 3432 vitia
803 3389 855 3434 et
883 3379 1210 3449 depravatos
1246 3396 1424 3436 mores
1453 3383 1521 3434 ita
1557 3393 1869 3450 exaggerat,
1901 3395 1954 3436 ut
1986 3387 2103 3436 nul-

506 3445 616 3500 lum
641 3450 779 3516 apud
813 3445 966 3520 ipsos
993 3451 1203 3518 bonum,
1236 3452 1328 3505 sed
1354 3461 1511 3506 totum
1543 3445 1736 3506 malini:
1764 3453 1922 3506 fuisse
1952 3468 2100 3508 asse-

505 3531 696 3592 verare
728 3536 850 3592 non
891 3522 1141 3586 dubitet,
1192 3523 1333 3590 quod
1395 3538 1587 3592 nempe
1649 3525 1857 3578 exclusa
1905 3535 2104 3580 natura:

503 3589 778 3664 originalis
806 3593 1126 3664 sinceritate.
1166 3589 1323 3647 aliam
1352 3589 1730 3664 quodammodo
1759 3597 1811 3647 in
1838 3595 1917 3649 Itis
1953 3606 2104 3650 natu-

503 3675 618 3736 ram
642 3663 766 3716 vitia
799 3663 1068 3719 fecissent.
1119 3665 1316 3720 Eorum
1353 3663 1684 3733 potissimum
1718 3665 2099 3736 impudicitiam

503 3730 804 3805 insectatur
835 3736 970 3790 libro
1002 3752 1094 3791 vn.
1126 3736 1197 3791 At
1224 3730 1365 3790 libro
1386 3741 1628 3805 sequenti
1661 3737 1711 3791 in
1743 3730 1838 3792 eos
1869 3739 2100 3794 maxime

504 3803 732 3878 invehit,
763 3807 904 3875 qmtd
937 3808 1074 3861 nulla
1109 3809 1158 3862 in
1187 3823 1371 3863 servos
1403 3803 1516 3872 Dei,
1549 3808 1882 3878 potissimum
1916 3825 2104 3864 amna-

505 3872 681 3942 chos,
711 3872 912 3930 sanctos
958 3879 1050 3932 Dei
1094 3879 1369 3948 appellat,
1420 3872 1716 3935 reverentia
1767 3891 2098 3947 tenerentur,

507 3959 644 4018 quos
685 3957 870 4002 contra
911 3949 1224 4013 irridebant,
1265 3950 1623 4004 maledicebant
1648 3991 1662 4013 ,
1705 3952 2100 4018 detestabantur,

507 4016 919 4092 insectabantur,
959 4036 1018 4072 ea
1050 4023 1220 4092 omnia
1254 4023 1305 4074 in
1334 4023 1452 4076 illos
1479 4039 1604 4092 pene
1635 4023 1874 4092 facientes
1911 4038 2024 4090 qua:
2050 4016 2102 4077 in

509 4085 835 4162 salvatorem
857 4100 1084 4144 nostrum
1099 4091 1403 4145 Jndworum
1423 4085 1654 4156 impietas
1677 4105 1794 4144 ante
1817 4085 1932 4160 fecit
1953 4110 2104 4162 quam

509 4159 580 4211 ad
605 4156 1106 4234 eﬂ'usionemipsam
1141 4163 1296 4234 diuini
1330 4165 1593 4229 sanguinis
1628 4156 1928 4234 perveniret.
1965 4156 2102 4219 Tum

508 4229 672 4299 paulo
703 4239 823 4296 post
851 4230 1118 4299 subjungit
1149 4249 1162 4285 :
1198 4230 1341 4286 Inter
1367 4234 1554 4299 Africa:
1577 4229 1835 4294 ciuitates.
1865 4241 1911 4286 et
1938 4238 2105 4288 niaxi-

503 4298 758 4374 _sne_intra
789 4298 1115 4372 Carthaginis
1150 4319 1345 4366 muros,
1376 4298 1647 4373 palliatum
1678 4317 1720 4358 et
1753 4305 2028 4374 pallidum,
2058 4317 2106 4360 et

509 4369 699 4446 recisis
726 4369 1020 4446 comarum:
1041 4375 1303 4446 fluentium
1324 4369 1487 4446 jubis
1507 4379 1662 4444 usque
1707 4369 1776 4428 ad
1802 4388 1964 4429 cutem
1994 4387 2107 4432 ton-

511 4455 625 4495 sum
647 4441 842 4517 _ui_dere,
871 4453 977 4494 tant
1004 4444 1188 4513 infelix
1208 4444 1298 4498 ille
1324 4441 1550 4514 populus
1576 4441 1974 4517 quantinﬁdelts
1996 4450 2106 4504 sine

511 4513 752 4587 convicio
777 4521 930 4587 atque
968 4525 1195 4568 exsecrat
1217 4531 1314 4587 (nte
1340 4513 1424 4570 via:
1469 4513 1686 4586 poterat.
1723 4513 1866 4570 Etsi
1897 4521 2103 4587 quando

510 4583 701 4658 aliquis
716 4582 809 4636 Dei
823 4599 995 4658 seruus
1013 4597 1100 4638 aut
1121 4587 1183 4638 de
1196 4582 1562 4658 Egyptiorum
1579 4589 1834 4655 ctenobiis,
1849 4582 1960 4656 aut,
1977 4601 2078 4645 etc.
2089 4632 2102 4655 ,

513 4656 584 4708 ad
612 4657 788 4728 urbem
825 4654 971 4708 illam
1019 4658 1180 4727 ofﬁcio
1221 4654 1377 4712 divini
1405 4661 1572 4728 operis
1603 4654 1842 4725 accessit,
1873 4654 2028 4715 simul
2051 4654 2106 4716 ut

511 4727 706 4795 populo
735 4728 992 4804 apparuit,
1022 4730 1390 4804 contumelias,
1421 4731 1690 4804 sacrilegia
1715 4743 1761 4787 et
1791 4733 2108 4787 maledictio-

512 4812 603 4851 nes
629 4800 855 4875 excepin
879 4797 988 4852 Nec
1013 4801 1177 4875 solum
1207 4802 1322 4868 hoc,
1357 4797 1856 4875 sedimprobissimis
1881 4805 2107 4875 ﬂagitio-

513 4883 688 4922 sorum
715 4868 980 4923 hominum
1008 4874 1299 4938 cachinnis,
1337 4881 1386 4927 et
1426 4868 1787 4928 detestantibus
1830 4868 2106 4928 ridentium

513 4938 676 4993 sibilis
698 4942 844 5014 quasi
869 4946 1054 4996 laureis
1077 4943 1386 5014 cwdebatur,
1411 4961 1545 5012 vere,
1570 4959 1622 4998 ut
1644 4949 1686 4999 si
1707 4947 1818 5014 quis
1839 4963 1898 4999 ea
1920 4948 2107 5000 inscius

512 5026 683 5064 rerum
703 5011 816 5086 fieri
840 5013 1027 5086 videret
1051 5030 1152 5066 non
1175 5013 1397 5080 aliquem
1419 5016 1673 5071 hominem
1701 5011 1956 5086 ludiﬁcari
1977 5060 1992 5082 ,
2018 5019 2108 5073 sed

513 5096 698 5158 nouunt
724 5083 1113 5158 inauditamque
1141 5095 1424 5158 monstrum
1447 5087 1585 5156 abigi
1603 5097 1754 5158 atque
1782 5083 2110 5143 determinari

514 5153 871 5224 arbitraretur.
912 5153 1040 5209 uase
1065 5166 1118 5210 et
1145 5157 1248 5210 alia
1297 5158 1448 5224 plura
1491 5153 1774 5214 salvia’nus
1817 5175 1967 5214 more
2011 5175 2109 5214 suo

516 5223 743 5296 populos
770 5226 833 5296 ad
875 5228 1246 5296 paenitentiam
1290 5223 1608 5294 provocandi
1653 5229 1923 5285 desiderio
1951 5232 2109 5285 abre-

515 5301 661 5374 ptus.
693 5294 812 5374 _Sed
853 5294 1059 5374 de‘ltac
1088 5297 1427 5374 Carthaginis
1452 5300 1609 5374 clade,
1638 5300 1999 5356 consulendus
2027 5309 2112 5374 est

518 5365 854 5441 potissimum
888 5369 1070 5441 Victor
1101 5365 1334 5425 Vitensis
1375 5371 1510 5425 libro
1536 5373 1710 5441 primo
1751 5390 1762 5426 :
1791 5383 1863 5427 ex
1893 5385 2000 5440 quo
2026 5373 2110 5425 di-

517 5435 720 5518 scimus
766 5435 1193 5518 Quodvultdeum
1249 5435 1586 5512 Carthaginis
1629 5435 1938 5518 episcopum
1987 5459 2107 5497 cum

517 5509 910 5582 masimaclerj
941 5512 1020 5564 sui
1053 5521 1235 5581 parte,
1279 5509 1506 5570 vetustte
1550 5509 1676 5569 navi
1707 5509 2012 5582 impositum
2052 5523 2110 5568 ut

520 5577 1174 5654 undns__absor_berentur,
1222 5583 1496 5653 Neapolim
1538 5577 1843 5654 Campania:
1883 5582 2110 5641 feliciter

520 5647 812 5724 appulisse.
861 5649 936 5704 De
968 5654 1069 5707 isto
1098 5669 1315 5724 agemus
1337 5647 1479 5710 infra
1511 5672 1631 5724 cap.
1661 5647 1716 5710 9.

596 5720 650 5804 βε
690 5717 953 5803 cartorum
1001 5739 1106 5804 quo
1132 5717 1452 5804 mobiliores
1486 5717 1641 5804 erant
1679 5727 2110 5804 Carthaginepsis

522 5792 676 5851 urbis
704 5795 875 5858 cives,
906 5807 972 5849 eo
1000 5793 1357 5854 miserabilior
1385 5800 1478 5857 fuit
1513 5801 1723 5859 illorum
1759 5792 1934 5856 casus.
1974 5798 2109 5859 Cum

2133 4554 2185 4614 D

2205 3237 2488 3295 conducere
2528 3242 2828 3307 arbitratur,
2862 3237 3000 3310 quod
3033 3238 3238 3310 illeiaut
3267 3237 3376 3304 fieri
3398 3237 3575 3305 jussit.
3615 3247 3718 3310 aut
3741 3252 3800 3288 ne

2205 3313 2347 3378 fieret
2395 3328 2497 3365 non
2555 3313 2834 3382 prohibuit.
2877 3308 3185 3378 vlneffabilis
3241 3324 3458 3376 namque
3500 3308 3800 3382 est__diuii.-a:

2211 3378 2730 3436 Providentite'ratio.
2770 3381 2822 3436 11
2829 3399 2926 3435 nnc
2952 3398 3053 3434 una
3078 3395 3192 3434 cum
3225 3395 3382 3432 uxore
3413 3395 3474 3431 ac
3503 3378 3626 3446 ﬁliis
3656 3395 3799 3448 pere-

2205 3453 2492 3525 grinantent
2530 3453 2908 3508 Abrahamitica
2955 3452 3294 3525 benevolentia
3337 3449 3556 3525 excipiat
3593 3449 3800 3525 ningui-

2205 3521 2410 3594 ficentia
2452 3536 2558 3578 tua.
2613 3525 2688 3579 De
2731 3525 2890 3578 animi
2923 3525 3057 3578 enini
3089 3523 3163 3576 tui
3192 3521 3542 3594 magnitudine
3569 3521 3800 3586 confisus

2205 3592 2427 3666 hospites
2463 3597 2586 3650 istos
2614 3595 2886 3650 introduco
2909 3636 2925 3662 ,
2967 3605 3014 3648 tt
3058 3595 3316 3648 liberalem
3355 3592 3616 3645 dexteram
3658 3601 3800 3644 tuam

2206 3668 2436 3722 ostendo.
2585 3719 2596 3730 ,
3027 3677 3031 3682 ·
3549 3714 3557 3718 .

2277 3740 2330 3794 5.
2378 3740 2601 3793 Exstant
2643 3738 2782 3808 apud
2812 3737 3060 3793 eumdem
3102 3735 3482 3808 Tltootloritum
3515 3733 3802 3808 varium-

2209 3819 2338 3864 ιρι-ω
2367 3811 2432 3864 ad
2459 3805 2740 3879 episcopos
2772 3809 3090 3872 nonnttllos,
3123 3809 3366 3879 aliosque
3408 3805 3553 3879 viros
3584 3805 3802 3860 nobiles

2207 3880 2344 3935 datae
2369 3883 2434 3934 de
2456 3876 3008 3951 eodem—argumento,
3034 3880 3088 3935 in
3110 3876 3515 3951 quibuslaudat
3529 3889 3800 3951 summam

2167 3951 2508 4017 ,leestiaci
2552 3953 2602 4006 in
2651 3946 2762 4005 bis'
2781 3946 3186 4006 calamitatibus
3216 3946 3548 4019 perferendis
3588 3949 3803 4019 patien-

2209 4024 2358 4077 tiam.
2389 4020 2748 4090 Paupertatem
2771 4033 2960 4084 autem,
2989 4022 3161 4092 inquit
3186 4016 3410 4091 epistola
3438 4016 3507 4072 54
3530 4016 3804 4092 autPatri-

2208 4095 2345 4164 cium
2374 4097 2655 4159 comitem,
2689 4094 2840 4164 facile
2873 4090 3087 4163 ita'fert‘,
3121 4090 3372 4164 quomodo
3393 4091 3543 4164 pauci
3567 4090 3802 4144 divitias.

2213 4163 2385 4236 Utitur
2411 4167 2571 4218 etiam
2604 4163 2701 4220 bac
2731 4166 3012 4220 occasione
3051 4163 3322 4236 piissimus
3357 4163 3578 4215 antistes
3615 4171 3680 4215 ut
3717 4177 3805 4217 re-

2207 4251 2325 4290 rum
2373 4235 2722 4290 humanarum
2758 4235 3092 4304 fragilitatem
3128 4237 3198 4289 ob
3239 4236 3422 4290 oculos
3451 4243 3675 4300 poneret
3711 4249 3806 4288 co-

2210 4322 2326 4362 rum
2355 4306 2419 4360 ad
2449 4321 2583 4375 quos
2613 4307 2900 4364 scribebat.
2929 4307 3018 4360 S:c
3041 4308 3106 4361 ad
3135 4306 3424 4362 Stasimum
3452 4306 3708 4358 comitem
3745 4315 3798 4358 ct

2210 4379 2491 4446 primatem
2530 4380 2761 4448 loquitur
2788 4381 3011 4447 epistola
3043 4380 3113 4433 55
3157 4394 3171 4431 :
3213 4377 3430 4446 Expone
3467 4376 3805 4448 magnificen-

2213 4451 2296 4502 tia:
2336 4459 2440 4502 tute
2479 4447 2698 4520 patriam
2735 4450 2814 4503 illi
2855 4450 3214 4521 (t'mlcstiaco)
3256 4464 3362 4503 csse
3401 4447 3805 4521 ontnibus_t.litn

2210 4519 2529 4592 decantatam
2591 4519 3140 4592 Libyam,ciritatem
3197 4537 3320 4586 rero,
3371 4519 3805 4592 spectatissimum

2209 4591 2590 4661 Carthaginem,
2617 4589 2801 4646 tribum
2831 4601 2876 4646 et
2907 4591 3159 4664 familiam
3196 4593 3248 4644 in
3280 4599 3456 4645 senatu
3487 4589 3804 4664 clarissimo,

2211 4672 2319 4716 tum
2354 4679 2471 4732 opes
2492 4679 2728 4733 magnas,
2762 4673 2808 4717 et
2837 4663 2996 4727 supra
3029 4680 3182 4732 quant
3212 4679 3340 4728 Opus
3370 4667 3476 4733 erat
3500 4663 3803 4731 affluentes.

2217 4733 2406 4787 Verum
2435 4735 2541 4788 lucc
2570 4731 2738 4788 omnia
2764 4734 2938 4801 fabula
2975 4731 3107 4788 nunc
3135 4744 3272 4795 sunt,
3305 4742 3350 4785 et
3384 4731 3530 4786 rebus
3559 4733 3806 4784 destituta

2211 4806 2554 4860 narratio.....
2590 4805 2734 4859 Talis
2758 4808 2998 4860 nimirum
3035 4817 3106 4859 est
3137 4806 3398 4857 hominum
3429 4803 3514 4868 frli
3537 4807 3668 4864 itas,
3692 4813 3805 4857 t-tc.

2212 4876 2411 4930 Eadem
2447 4879 2613 4932 ferme
2647 4881 2840 4946 repetit
2872 4878 2924 4930 in
2957 4879 3179 4946 epistola
3207 4875 3275 4930 ΞΟ
3304 4877 3368 4929 ad
3396 4877 3806 4944 Arium-Sophi-

2211 4957 2383 5008 stam.
2414 4958 2467 5000 ct
2505 4948 2555 5001 in
2596 4949 2819 5018 episnlla
2861 4949 2930 5001 5‘2
2957 4949 3022 5002 ad
3053 4947 3385 5002 Theotisnnn
3432 4951 3648 5004 Beroea!
3688 4948 3808 5013 epi-

2213 5032 2456 5090 scopum.
2497 5019 2601 5074 Sed
2635 5021 3006 5074 observatione
3033 5019 3192 5090 digua
3219 5029 3342 5090 sunt
3369 5037 3486 5089 qlia!
3516 5019 3583 5072 de
3606 5019 3808 5090 eodem

2215 5089 2530 5144 (Zmlestiaco
2569 5091 2754 5144 scribit
2779 5091 2844 5143 ad
2881 5089 3140 5144 Domntlltt
3177 5089 3562 5146 AntiOCbeuttm
3589 5089 3811 5154 episco-

2215 5174 2360 5228 pum,
2391 5163 2616 5228 episwla
2644 5163 2731 5215 51.
2764 5159 3218 5224 Pra’stantissimo,
3257 5162 3444 5230 inquit.
3477 5175 3525 5216 et
3563 5161 3812 5230 magniﬁ-

2213 5232 2500 5283 centissimo
2530 5231 2823 5285 Caelestiaco
2869 5235 3037 5295 patria
3067 5234 3266 5298 quidem
3313 5228 3632 5289 cileberrima
3675 5228 3812 5283 Caro
3869 5239 3876 5248 '

2219 5301 2392 5372 thago,
2431 5317 2588 5372 genus
2622 5319 2736 5356 vero
2769 5303 2905 5370 quod
2924 5305 3015 5357 illa
3051 5306 3147 5371 fuit
3167 5307 3461 5371 spectabile.
3491 5305 3552 5356 At
3581 5317 3720 5354 nunc
3747 5318 3812 5353 σ’-ῑ

2217 5387 2276 5424 ea
2299 5373 2474 5440 pulsus
2499 5382 2698 5436 exteras
2733 5390 2848 5428 oras
2870 5387 3138 5445 peragrat,
3164 5385 3212 5428 et
3246 5375 3341 5429 Dei
3377 5378 3654 5429 amnntimn
3694 5391 3814 5425 nm-

2215 5459 2339 5496 num
2378 5445 2741 5514 circumspicit.
2787 5445 2953 5499 liabet
2994 5456 3236 5514 prieterea
3273 5463 3402 5502 onus
3435 5445 3813 5508 necessarium,

2214 5515 2352 5584 quod
2371 5515 2450 5568 illi
2471 5532 2619 5589 curas
2641 5528 2789 5589 auget
2807 5560 2820 5582 ,
2850 5533 3062 5570 uxorem
3087 5528 3133 5570 et
3161 5519 3295 5589 filios
3320 5530 3366 5572 et
3392 5519 3631 5589 famulos,
3669 5532 3814 5589 qua,-

2214 5601 2328 5639 runt
2354 5587 2769 5661 cansapluribus
2800 5599 2907 5661 eget
2933 5589 3196 5658 impensis.
3239 5588 3348 5660 Ego
3371 5587 3485 5643 vero
3521 5587 3658 5661 illius
3693 5588 3817 5661 ani-

2215 5673 2356 5711 mum
2391 5659 2675 5713 admiratus
2712 5659 2842 5713 sum;
2880 5660 2970 5715 Sic
3010 5661 3145 5714 enim
3181 5659 3328 5728 quasi
3362 5659 3590 5715 secundis
3640 5659 3816 5711 ventis

2215 5731 2450 5802 ferretur,
2482 5731 2873 5802 gubernatorem
2909 5731 3109 5795 laudat,
3145 5721 3204 5785 et.
3229 5749 3430 5802 gravem
3456 5738 3817 5802 tempestatem
3907 5721 3930 5737 ⁶

2149 5854 2175 5878 τ,
2213 5799 2362 5858 nihili
2399 5799 2554 5874 217
2591 5802 2730 5872 facit.
2765 5799 3012 5858 Pietatem
3045 5799 3264 5873 namque
3290 5819 3354 5859 ea:
3386 5800 3678 5876 calamitate
3717 5816 3816 5856 sua
