4082 6320
297 321 392 376 577

641 310 969 372 RUINARTI
1008 312 1070 368 IN
1110 311 1482 369 HISTORIAM
1520 307 1805 367 PERSEC.
1847 306 2145 366 VANDAL.
2186 311 2731 371 COMMENTARIUS
2772 307 3194 370 IIISTORICUS.

3446 312 3551 371 578

294 439 510 487 lucratus
534 438 625 494 est,
646 428 1090 498 felicissimnmque
1110 426 1242 479 hunc
1264 426 1341 479 illi
1360 429 1591 498 fructum
1603 425 1877 498 infelicitas
1906 421 1958 482 A
1983 425 2089 480 Nos
2114 443 2242 484 vero
2275 428 2389 498 ejus
2420 428 2681 497 passionis
2722 436 2869 498 gesta
2904 426 3108 498 integra
3130 440 3201 482 ex
3228 425 3411 482 codice
3440 443 3552 483 ma-

293 504 476 557 attulit.
504 500 556 555 Ν
563 494 783 553 αηίάιιηι
811 514 1052 566 prospera
1074 503 1280 564 fortuna
1304 494 1547 559 uteretur,
1570 494 1872 566 hujusmodi

292 590 535 629 sermones
577 590 677 625 non
714 572 1007 623 admittebat
1052 584 1068 621 :
1109 569 1199 621 illa
1236 584 1348 621 vero
1389 565 1672 638 spoliatus,
1717 565 1870 621 simul

290 645 466 717 ubjecit
512 643 841 717 impietatem,
884 650 931 717 et
972 640 1173 717 pietatis
1211 639 1409 691 divitias
1450 638 1868 717 nunc_posside_t,

290 709 500 785 quarum
521 709 686 785 gratia
707 709 1054 785 adeersitatem
1076 712 1223 785 istam
1250 710 1541 785 contemnit.
1567 709 1691 785 ΙΙ.ωο
1714 710 1871 785 paulo

246 838 251 849 ,
291 781 451 842 fusius
481 781 682 841 referre
709 784 879 837 visum
908 790 1010 847 est,
1034 790 1091 836 ut
1116 781 1308 835 exinde
1339 789 1515 850 pateat
1538 781 1869 835 calamitates

288 867 339 912 et
367 859 488 910 vita:
529 856 686 921 hujus
714 854 956 909 miserias
987 862 1043 907 ut
1088 849 1369 920 plurimum
1403 849 1508 905 illis
1538 865 1655 905 esse
1683 865 1871 919 perne-

287 927 541 983 cessarias
564 928 652 996 qui
678 926 833 979 saluti
859 941 973 996 sua:
1011 923 1291 996 consulere
1320 922 1507 996 volunt
1531 962 1545 985 ,
1586 936 1704 996 eum
1736 923 1869 977 alias

286 999 482 1053 divitiis
511 992 883 1052 et'ltonoribus
902 994 1241 1050 afﬂuentibus
1262 1008 1329 1049 ne
1357 993 1422 1048 de
1450 1009 1510 1047 ea
1538 992 1748 1063 quidem
1771 1008 1865 1049 co-

286 1070 451 1140 gitare
492 1069 543 1140 in
579 1076 810 1140 mentem
842 1067 1038 1122 veniat.

351 1145 400 1194 6.
435 1138 542 1194 Sed
560 1150 611 1194 et
639 1138 775 1192 alios
804 1153 1011 1208 quoque
1042 1135 1318 1192 Africanos
1348 1136 1490 1190 cives
1517 1151 1551 1208 7c
1581 1135 1748 1208 patria
1772 1150 1865 1191 ex-

285 1219 479 1276 torres,
513 1211 705 1265 litteris
735 1208 846 1264 suis
874 1205 1253 1263 ctrimmendare
1280 1210 1489 1261 curavit
1514 1207 1652 1261 idem
1684 1205 1862 1261 'I‘lteo-

282 1282 506 1337 dOriltts.
560 1281 751 1335 Exstat
788 1296 854 1334 ex
900 1281 964 1334 iis
991 1294 1091 1334 una
1113 1321 1127 1343 ,
1181 1293 1402 1332 numero
1432 1277 1638 1334 scilicet
1664 1279 1732 1332 52
1756 1318 1772 1343 ,
1798 1277 1863 1332 ad

283 1352 425 1405 Ibam
456 1351 669 1406 Edessa:
689 1351 1021 1420 episcopum,
1042 1354 1244 1405 sicutet
1273 1364 1503 1419 sequi-ns
1526 1351 1591 1402 ad
1625 1350 1866 1418 Sophro-

282 1423 423 1477 nium
468 1424 774 1493 episcopum
796 1421 1191 1493 Constantium,
1232 1421 1506 1488 inquibus
1552 1422 1861 1493 episcopum

279 1492 564 1561 quemdam
616 1508 681 1546 ex
736 1492 912 1547 Africa
970 1494 1038 1547 ob
1091 1493 1435 1546 barbarorum
1488 1492 1860 1546 crudelitatem

280 1565 609 1635 profugum,
642 1563 855 1617 nomine
904 1563 1463 1635 Cyprianum,c0rttm
1503 1564 1679 1635 pietati
1717 1577 1862 1635 com-

279 1633 461 1689 mittit.
512 1634 615 1689 Sed
674 1635 758 1688 hic
799 1633 1046 1690 omittere
1101 1649 1206 1688 non
1255 1634 1382 1687 licet
1431 1635 1570 1699 quod
1620 1633 1860 1703 ejusdem

276 1706 543 1761 Africana:
570 1707 955 1774 persecutionis
994 1707 1276 1759 occasione
1304 1704 1488 1758 scribit
1515 1705 1653 1758 idem
1685 1705 1725 1757 Τ
1733 1704 1859 1758 beo-

276 1777 483 1859 doritns
533 1776 757 1859 epistola
808 1776 915 1859 :70,
948 1777 1037 1859 ad
1084 1775 1415 1859 Eustatbinm
1465 1774 1719 1858 {Egarum
1765 1790 1860 1859 an:
1892 1797 1941 1859 Β

276 1849 520 1914 tistitcm,
553 1862 650 1917 pro
682 1845 853 1900 Maria
877 1847 1039 1902 nnbili
1087 1847 1283 1917 puella,
1331 1862 1450 1907 qua:
1488 1846 1539 1899 in
1587 1847 1857 1901 communi

276 1920 463 1986 patria:
511 1916 665 1973 clade
712 1919 762 1971 in
803 1933 1012 1973 servam
1068 1916 1309 1979 vendita,
1356 1917 1406 1970 in
1427 1917 1632 1987 Syriam
1692 1932 1860 1984 usque

274 1998 615 2059 pervenerat.
662 1990 768 2043 lies
814 1998 897 2045 est
933 1989 1099 2059 ipsius
1151 1988 1328 2059 verbis
1366 1987 1703 2054 exponenda,
1738 2004 1857 2058 qua:

274 2061 721 2129 interpretatione
767 2074 871 2115 non
923 2058 1180 2129 indigent.
1218 2058 1488 2129 Tragoedia
1518 2059 1731 2128 dignum
1782 2068 1858 2113 est

271 2128 514 2201 quod’de
542 2130 709 2184 Maria
754 2130 1071 2185 nobilissima
1113 2128 1373 2183 narratur.
1432 2128 1557 2201 llra'c
1593 2132 1759 2193 enim,
1804 2141 1858 2183 ut

271 2200 381 2270 ipsa
404 2203 585 2273 refert,
624 2212 681 2273 et,
698 2200 789 2255 alii
812 2203 1018 2270 quidam
1051 2203 1219 2273 testati
1246 2209 1361 2273 sunt
1383 2245 1396 2268 ,
1431 2200 1539 2273 ﬁlia
1562 2209 1635 2273 est
1658 2203 1858 2270 magni-

273 2271 593 2343 ficentissimi
640 2272 1001 2334 Eudtemonis,
1048 2273 1135 2325 sed
1186 2272 1240 2323 in
1265 2272 1358 2324 illa
1408 2271 1697 2343 calamitate
1744 2288 1858 2342 quae

269 2342 503 2416 Africum
524 2345 725 2416 invasit,
756 2345 943 2398 avitam
972 2343 1249 2398 libertatem
1272 2342 1463 2416 amisit,
1491 2351 1552 2416 et
1567 2343 1856 2410 mancipata

268 2413 339 2470 est
360 2416 612 2471 servituti.
646 2414 956 2469 Merratores
986 2430 1099 2467 vero
1126 2430 1236 2466 eam
1275 2429 1308 2465 a
1356 2413 1580 2465 barbaris
1632 2423 1852 2484 emptam

269 2488 612 2557 popularibus
651 2486 953 2557 quibusdam
1000 2485 1185 2539 nostris
1215 2483 1587 2557 vendiderunt.
1644 2483 1855 2557 Vendita

270 2551 424 2628 porro
456 2566 530 2611 est
570 2551 673 2628 una
701 2574 817 2611 cum
844 2559 958 2626 ipsa
992 2565 1039 2610 et
1084 2555 1292 2628 puella,
1319 2555 1478 2625 ipsius
1507 2554 1627 2607 olim
1658 2551 1855 2624 famula

270 2626 573 2683 domestica.
602 2627 784 2700 Itaque
806 2631 1041 2700 acerbum
1055 2626 1320 2700 servitutis
1339 2629 1526 2700 jugum
1558 2628 1744 2700 pariter
1759 2627 1855 2681 du-

269 2700 450 2753 cebant
486 2701 677 2753 ancilla
699 2696 749 2753 et
780 2699 1009 2754 domina.
1041 2696 1295 2752 Creterum
1319 2696 1585 2750 discrimen
1615 2697 1855 2766 ignorare

268 2772 469 2841 famula
489 2771 672 2835 noluit,
700 2786 788 2824 nec
801 2770 958 2823 oblita
984 2780 1055 2823 est
1088 2768 1726 2841 pristinwgdominationis,
1762 2770 1853 2822 sed

270 2838 671 2896 benevolentiam
700 2842 752 2894 in
773 2841 1063 2894 calamitate
1090 2838 1353 2893 reservavit
1375 2879 1389 2901 ,
1414 2849 1458 2893 et
1486 2846 1598 2907 post
1627 2854 1853 2895 commu—

266 2911 415 2966 nium
467 2913 792 2966 dominorum
837 2913 1142 2982 famulatum
1168 2950 1182 2975 ,
1213 2908 1561 2982 [amulabatur
1598 2909 1746 2962 etiam
1773 2910 1853 2964 illi

267 2999 383 3053 quia
410 2999 653 3037 conserva
680 2979 987 3053 putabatur,
1010 2983 1165 3051 pedes
1196 2979 1436 3041 abluens.
1462 2983 1699 3053 lectulum
1720 2991 1852 3035 ster-

267 3050 395 3109 itens
415 3096 430 3120 ,
458 3064 507 3109 et
535 3050 729 3123 reliqua
758 3054 990 3107 similiter
1012 3050 1176 3123 oﬂicia
1205 3067 1500 3119 procurans.
1531 3050 1630 3123 Res
1658 3053 1727 3104 ad
1756 3068 1854 3105 em-

266 3136 480 3195 ptorum
510 3126 741 3179 notitiam
768 3125 990 3195 pervenit
1022 3122 1191 3179 {inde
1211 3123 1421 3195 vulgata
1438 3139 1526 3191 per
1553 3122 1720 3195 urbem
1748 3123 1850 3177 Itu-

267 3194 351 3264 ius
378 3197 617 3258 libertas,
660 3205 707 3249 et
736 3194 958 3264 probitas
986 3195 1207 3249 ancillte.
1242 3194 1370 3261 Qua:
1398 3210 1513 3247 cum
1550 3194 1845 3249 didicissent

264 3268 354 3339 qui
390 3268 536 3337 apud
575 3284 667 3321 nos
690 3268 876 3339 degunt
905 3268 1086 3321 milites
1109 3265 1550 3339 ﬁdelissimi_,eg0
1576 3266 1706 3317 enim
1730 3278 1849 3339 tunc

265 3336 480 3390 aberam
508 3380 520 3399 ,
548 3339 714 3408 pretio
751 3336 1059 3408 emptoribus
1097 3338 1322 3408 restituto
1347 3377 1360 3401 ,
1383 3336 1525 3389 illam
1554 3353 1586 3390 a
1612 3337 1847 3393 servitute

264 3409 637 3481 vindicarunt._
659 3409 767 3481 Ego
788 3425 911 3481 vero
948 3416 1059 3479 post
1094 3407 1314 3481 reditum
1340 3450 1353 3471 ,
1388 3408 1522 3481 etde
1541 3407 1846 3481 calamitatis

264 3493 422 3543 casu,
453 3490 501 3533 et
529 3480 592 3532 de
622 3478 867 3533 laudabili
898 3478 1115 3534 militum
1131 3480 1301 3531 studio
1323 3480 1504 3531 certior
1530 3482 1716 3546 factus.
1738 3480 1845 3534 illis

262 3550 475 3618 quidem
492 3553 662 3619 fausta
680 3560 912 3617 precatus
935 3566 1046 3603 sum
1063 3549 1459 3619 mobilissimum
1479 3565 1595 3619 vero
1621 3549 1846 3617 puellam

261 3617 498 3672 cuidam
532 3636 559 3672 e
601 3618 994 3688 religiosissimis
1042 3619 1266 3672 diaconis
1301 3617 1563 3688 [Al.edit.
1607 3620 1849 3687 piissimae

263 3689 486 3743 cuidam
507 3688 826 3757 diarunissw]
860 3688 1204 3742 commendaui
1222 3731 1236 3755 ,
1265 3704 1307 3741 et
1332 3704 1587 3740 annonam
1614 3690 1691 3741 illi
1716 3691 1851 3757 alfa-

262 3761 366 3814 tim
388 3758 606 3827 pra’beri
618 3759 777 3827 jussi.
799 3757 915 3812 Jam
935 3763 1103 3813 decem
1130 3757 1289 3828 elapsi
1309 3773 1501 3811 menses
1530 3770 1670 3812 erant
1687 3798 1701 3823 ,
1735 3777 1849 3813 cum

263 3837 474 3899 patrem
511 3830 724 3883 audiens
763 3829 933 3883 adhuc
972 3832 1151 3891 vivere,
1195 3830 1647 3897 magistratumque
1680 3847 1851 3898 gerere

263 3902 320 3954 in
358 3899 655 3964 Urcidettte,
687 3900 850 3955 redire
878 3902 945 3953 ad
971 3902 1138 3965 illum,
1174 3908 1228 3952 ut
1258 3915 1351 3967 par
1372 3910 1515 3963 erat,
1544 3902 1847 3967 concupivit.

263 3970 337 4025 Et
361 3986 477 4023 cum
503 3972 811 4041 aﬂ‘irmarent
842 3974 1077 4025 nonnulli
1105 3974 1172 4025 ad
1202 3970 1452 4023 nundinas
1475 3986 1588 4039 qua:
1606 3973 1745 4039 apud
1766 3989 1851 4027 ros

264 4059 410 4096 nunc
431 4053 652 4114 aguntur
680 4046 964 4111 remp/ures
1001 4043 1063 4114 ab
1098 4042 1372 4114 Occidente
1400 4049 1699 4114 mercatores
1733 4060 1848 4096 ven-

265 4124 445 4181 turos,
469 4112 756 4183 postulavit
797 4122 850 4166 ut
886 4129 999 4167 cum
1034 4113 1215 4167 litteris
1257 4112 1380 4164 meis
1415 4113 1844 4180 proﬁcisceretur.

265 4183 389 4238 Hac
411 4200 506 4254 ego
538 4186 602 4238 de
625 4200 779 4238 causa
802 4184 1069 4253 epistolam
1092 4184 1307 4251 scripsi,
1335 4183 1571 4251 pietatem
1597 4193 1734 4236 tuam
1760 4185 1849 4237 ob-

265 4265 466 4310 testans
513 4266 564 4308 u!
599 4271 856 4325 generosa:
899 4256 1070 4324 stirpis
1111 4271 1284 4309 curam
1324 4261 1485 4321 gerat,
1530 4263 1575 4325 et
1608 4256 1848 4324 religione

264 4326 493 4397 prwdito
522 4323 745 4395 cuipiam
759 4326 973 4395 jubeat,
994 4323 1056 4379 ut
1083 4343 1198 4380 cum
1239 4323 1563 4397 naviculariis
1592 4332 1638 4397 et
1666 4327 1846 4395 gubero

264 4395 559 4458 natoribus.
585 4398 1040 4466 mercatoribusque
1054 4407 1194 4468 agat,
1229 4405 1272 4449 et
1296 4395 1410 4468 ﬁdis
1428 4410 1537 4446 eam
1566 4396 1626 4446 vii
1643 4397 1684 4448 is
1710 4413 1848 4451 com-

264 4469 479 4531 mittat,
509 4469 597 4538 qui
632 4469 766 4537 patri
804 4471 1063 4522 restituere
1090 4466 1307 4538 “queant.
1355 4466 1571 4518 Prorsus
1602 4469 1733 4519 enim
1767 4471 1845 4521 lu-

263 4554 414 4592 crum
464 4541 641 4610 ingens
676 4541 940 4610 referent,
973 4540 1060 4609 qui
1113 4538 1276 4609 ﬁliam
1314 4538 1381 4610 ad
1425 4545 1622 4610 patrem

263 4626 406 4679 spem
440 4606 636 4664 omnem
662 4606 936 4664 humanam
964 4606 1311 4678 perduxerint.
1342 4606 1841 4679 Ilchlieod’oritus

263 4681 329 4736 ad
372 4696 684 4750 episcopum
731 4680 1015 4749 1Egarum,
1045 4696 1162 4750 qua:
1190 4680 1376 4735 civitas
1406 4678 1532 4750 olim
1572 4689 1688 4733 erat
1732 4681 1844 4749 epi-

264 4748 501 4821 scopalis
544 4748 698 4808 sedes
744 4748 845 4806 sub
875 4748 1234 4807 Anazarbensi
1271 4748 1639 4816 metropolita,
1672 4750 1724 4821 in
1754 4766 1847 4805 ex-

266 4820 437 4879 trema
457 4821 658 4878 Cilicia:
688 4833 866 4891 parte,
896 4823 959 4877 ad
990 4838 1148 4891 quam
1178 4820 1537 4890 negotiatores
1567 4835 1630 4873 ex
1668 4820 1847 4875 diver-

265 4895 342 4950 sis
365 4894 517 4949 orbis
540 4894 774 4963 partibus
803 4895 1049 4949 solebant
1078 4893 1382 4963 convenire.

335 4965 386 5020 7.
425 4960 559 5019 Iluic
588 4981 719 5021 vero
743 4964 980 5018 historia:
1006 4963 1164 5016 aliam
1194 4960 1436 5030 adjungit
1466 4960 1729 5014 Baronius
1749 4961 1844 5016 Ju-

264 5035 351 5091 lia:
389 5035 670 5105 cujusdam
711 5036 959 5105 virginis,
990 5049 1109 5103 qua:
1131 5049 1237 5105 non
1278 5032 1475 5105 solum,
1499 5032 1635 5085 sicut
1658 5030 1842 5105 Maria,

266 5114 387 5173 post
409 5103 617 5176 captam
648 5123 679 5162 a
701 5103 953 5162 Vandalis
985 5106 1146 5176 218
1174 5103 1546 5172 Carthaginem
1572 5104 1771 5176 pariter
1794 5105 1849 5158 in

264 5174 489 5249 Syriam
506 5178 729 5249 abducta
756 5189 808 5233 et
832 5174 1183 5249 venditaluit,
1206 5176 1300 5249 sed
1329 5182 1586 5249 prieterea
1617 5174 1848 5249 servitu-

265 5247 373 5304 tem
396 5292 412 5318 ,
446 5248 685 5318 aliasque
713 5249 1045 5303 calamitates
1083 5248 1319 5317 glorioso
1346 5248 1559 5300 tandem
1590 5247 1847 5317 martyrio

267 5320 584 5390 eomplevt.
605 5318 730 5375 Hrec
752 5328 833 5375 cst
860 5319 996 5373 Julia
1023 5319 1171 5387 virgo
1190 5318 1417 5373 celebris
1439 5320 1589 5385 cujus
1618 5333 1845 5386 agonem

263 5390 406 5446 idem
438 5390 699 5457 Batonius
723 5405 787 5445 ex
812 5390 1013 5445 Adonis
1036 5390 1433 5459 martyrologio,
1468 5403 1562 5443 seu
1588 5389 1763 5457 potius
1790 5398 1847 5445 nt

265 5462 494 5531 ipsemet
538 5462 787 5517 observat
826 5462 879 5515 in
911 5460 1054 5531 notis!
1087 5459 1152 5513 ad
1182 5460 1615 5531 Martyrologium
1651 5458 1849 5531 Roma-

263 5529 393 5590 num
418 5574 434 5595 .
479 5548 543 5588 ex
585 5532 788 5589 Adonis
830 5529 1124 5602 appendice
1167 5530 1371 5600 profert
1396 5531 1461 5583 ad
1492 5544 1687 5585 annum
1716 5530 1839 5585 MO.

333 5683 361 5712 ι
386 5672 521 5730 Cod.
552 5672 783 5744 Remig.,
814 5669 1093 5744 inoccultus
1122 5676 1277 5722 tantte
1301 5667 1539 5744 martyris
1568 5668 1836 5736 impenda-

265 5756 359 5805 tttr.
390 5745 583 5811 Forte,
605 5740 779 5800 nullus
800 5742 966 5797 cultus
993 5752 1147 5794 tanta
1167 5740 1379 5807 martyri
1394 5776 1414 5811 ._
1434 5747 1540 5792 etc.

334 5817 530 5898 Ιξίὶαριι
568 5809 763 5884 Όονδο,
803 5810 1226 5896 promontorium
1277 5812 1330 5866 in
1378 5809 1610 5873 Corsica:
1658 5810 1847 5876 insula;

1977 499 2272 567 nnscripto,
2324 515 2481 567 quem
2530 515 2649 555 cum
2684 498 3027 554 Bollandiana
3055 498 3291 554 editione
3323 499 3553 555 contuli-

1976 586 2115 635 mus,
2144 571 2310 637 nacti,
2335 586 2396 624 ca
2427 584 2606 639 Opera:
2637 572 2864 639 pretium
2889 571 3138 635 duximus
3162 569 3247 624 hic
3274 570 3549 629 exhibere.

1974 642 2228 711 Quamvis
2272 641 2413 695 enim
2457 657 2559 695 non
2591 641 2658 696 ab
2707 643 2771 697 iis
2801 643 2997 709 scripta
3028 642 3225 697 fuerint
3255 641 3344 703 qui
3389 643 3553 699 rebus

1971 714 2135 783 gestis
2176 722 2466 783 prtesentes
2497 712 2748 778 adfuere,
2777 728 2881 767 non
2915 723 3090 768 tamen
3134 713 3198 766 iis
3236 711 3549 783 deneganda

1972 782 2189 838 omnino
2220 782 2352 838 ﬁdes
2382 782 2469 854 qui
2496 798 2586 854 res
2617 791 2774 849 prout
2802 784 2942 838 casa
2989 782 3229 851 patribus
3251 785 3361 839 suis
3384 782 3549 841 acce-

1972 863 2190 923 perant.
2228 853 2427 920 absqne
2460 853 2578 907 ullis
2619 855 2889 907 lietionum
2920 855 3296 910 additamentis
3326 857 3550 925 posteri-

1971 928 2062 981 tati
2097 925 2351 981 mandarc
2381 933 2709 992 sategerunt.
2745 925 2851 978 Nec
2869 940 3189 996 quemquam
3219 941 3436 983 movere
3454 928 3550 984 de-

1971 997 2061 1053 bet
2089 997 2228 1067 quod
2265 997 2316 1049 in
2349 996 2431 1050 lllS
2451 996 2584 1049 Julia
2612 1011 2640 1048 a
2674 996 2892 1067 paganis
2921 997 3144 1051 deorum
3167 996 3426 1053 sacrificia
3456 1014 3549 1055 cu-

1970 1070 2211 1123 rantibus
2240 1081 2391 1135 passa
2422 1067 2649 1122 dicatur.
2695 1066 2807 1119 Non
2839 1067 2980 1120 enim
3018 1068 3153 1122 adeo
3173 1076 3330 1122 erant
3353 1071 3548 1124 exstir-

1971 1142 2074 1207 pati
2104 1149 2228 1193 tunc
2248 1142 2502 1206 temporis
2522 1138 2772 1207 gentiles,
2806 1145 2862 1190 ut
2893 1138 2943 1191 in
2974 1137 3106 1191 locis
3130 1139 3320 1193 saltem
3347 1140 3548 1197 dissitis

1967 1210 2228 1264 sacrificia
2247 1218 2500 1265 consueta
2527 1208 2680 1277 plane
2696 1210 2995 1262 omiserint.
3027 1209 3093 1264 Et
3112 1209 3323 1279 quidem
3351 1212 3546 1279 sa-culo

1967 1282 2209 1349 sequenti
2241 1289 2456 1335 sanctus
2486 1286 2636 1349 pater
2667 1279 3005 1346 Benedictus,
3031 1278 3319 1351 attestante
3344 1278 3546 1351 Grego-

1967 1352 2047 1405 rio
2078 1352 2264 1420 5Iagno
2289 1352 2424 1404 libro
2444 1368 2477 1404 tt
2503 1351 2998 1420 Dialogorum,cap.
3029 1350 3082 1411 8.
3108 1350 3349 1406 ethnicos
3376 1350 3545 1420 prope

1964 1420 2217 1477 Casinum
2255 1430 2489 1476 montem
2522 1422 2862 1476 demorantes
2891 1424 2956 1475 ad
2986 1420 3145 1477 fidem
3177 1420 3417 1485 adduxit,
3447 1437 3542 1476 eo-

1964 1507 2192 1563 rumque
2206 1494 2485 1547 delubrum
2511 1494 2743 1561 Apollini
2773 1507 3004 1556 sacrum,
3031 1493 3327 1560 silvamque
3356 1507 3543 1549 eorum

1964 1565 2327 1631 superstitioni
2375 1565 2626 1625 dicatam,
2673 1577 2789 1627 ante
2811 1564 2986 1618 adhuc
3019 1571 3358 1633 supererant.
3390 1564 3545 1632 plane

1963 1637 2157 1691 evertit
2195 1651 2258 1690 ac
2302 1636 2582 1689 destruxit.
2612 1634 2747 1701 Quin
2778 1643 2833 1689 et
2870 1634 3040 1705 Cyrus
3063 1675 3079 1700 ,
3114 1634 3275 1689 homo
3304 1634 3542 1701 gentilis,

1962 1718 2031 1776 eo
2062 1707 2179 1776 ipso
2230 1716 2468 1773 tempore
2513 1721 2618 1774 quo
2645 1705 3018 1772 Carthaginem
3064 1708 3373 1760 invaserunt
3403 1705 3544 1760 Van-

1966 1775 2094 1841 dati,
2126 1778 2324 1846 primas
2350 1778 2571 1831 Romani
2598 1776 2804 1846 imperii
2827 1776 3111 1844 dignitates
3132 1776 3539 1846 obtinebat,qui

1965 1856 2019 1899 ct
2045 1851 2214 1905 altero
2261 1856 2378 1915 post
2418 1856 2626 1915 raptam
2672 1850 2808 1902 banc
2849 1848 3034 1900 urbem
3072 1862 3212 1901 anno
3240 1850 3425 1902 cnttsul
3456 1862 3544 1903 re-

1964 1920 2239 1973 nuntiatus
2269 1920 2382 1972 fnit.
2418 1918 2531 1971 Non
2575 1918 2800 1972 multum
2833 1929 3014 1986 postea
3047 1918 3433 1979 Marcellianus,
3486 1927 3543 1975 et

1964 1988 2077 2057 ipse
2103 1992 2346 2045 ethnicus
2372 2031 2384 2049 .
2418 1989 2522 2042 dux
2558 1988 2778 2043 Romani
2819 1990 3088 2044 exercitus
3114 1989 3372 2043 adversus
3396 1989 3540 2044 Cen-

1962 2062 2191 2115 scrienm
2220 2077 2341 2115 cum
2386 2061 2700 2115 lleracliano
2750 2060 3072 2114 constitutus
3100 2059 3197 2113 fuit
3236 2060 3336 2114 sub
3364 2058 3543 2115 Leone

1964 2130 2305 2195 imperatore.
2328 2133 2432 2188 Sed
2458 2130 2582 2197 quid
2612 2140 2829 2185 externa
2859 2146 3101 2200 qmerere
3127 2131 3369 2195 exempla
3402 2146 3541 2198 opus

1960 2204 2076 2255 est?
2104 2218 2222 2256 cntn
2247 2219 2310 2255 ex
2341 2213 2525 2255 sancto
2552 2201 2809 2269 Gregorio
2831 2210 3044 2255 constet
3066 2202 3239 2254 adhuc
3282 2215 3381 2254 suo
3403 2209 3542 2255 lem-

1972 2288 2101 2341 pore
2128 2274 2355 2343 gentiles
2386 2273 2645 2339 plurimos
2686 2272 2850 2326 fu‘sse
2883 2273 2933 2325 in
2974 2273 3189 2327 Corsica
3223 2271 3423 2337 insula,
3451 2273 3541 2343 ubi

1962 2344 2071 2412 ipsa
2098 2342 2238 2401 Julia
2278 2358 2432 2414 passa
2463 2344 2677 2396 dicitur.
2723 2344 2769 2397 ls
2804 2342 2946 2397 enim
2997 2342 3087 2396 lib.
3125 2358 3227 2407 vn,
3261 2343 3446 2395 indict.
3484 2342 3537 2405 I,

1958 2414 2177 2483 cpistola
2206 2416 2239 2468 9.
2264 2413 2289 2479 ,ί
2315 2415 2472 2468 Petro
2515 2414 2747 2468 Corsica:
2776 2415 3029 2480 episcopo
3055 2415 3350 2482 gratulatur
3396 2413 3540 2479 quod

1957 2486 2232 2552 gentilium
2258 2486 2592 2539 conversioni
2631 2485 2978 2552 procurandte
3004 2483 3234 2538 sollicite
3268 2483 3541 2537 incumbe-

1958 2566 2075 2622 ret,
2104 2573 2328 2627 quurum
2378 2557 2574 2609 multos
2604 2557 2718 2623 ejus
2762 2555 3037 2627 opera_ab
3085 2554 3350 2608 idolorum
3394 2555 3540 2627 cultu

1953 2627 2062 2695 jam
2094 2623 2372 2683 revocatos
2415 2627 2579 2681 fuisse
2633 2634 2880 2680 testatur.
2929 2624 3098 2679 Porro
3145 2634 3343 2678 saneta:
3385 2623 3541 2679 .Iulim

1959 2698 2175 2762 virginis
2199 2708 2252 2752 ct
2278 2699 2527 2768 martyris
2551 2699 2807 2752 memoria
2829 2696 3058 2750 celebris
3086 2704 3171 2750 est
3200 2696 3249 2749 in
3275 2704 3541 2768 martyre-

1959 2769 2113 2850 logiis
2142 2779 2250 2850 tum
2279 2765 2516 2850 antiquis
2556 2768 3090 2850 tum_reren-t.ioribus
3113 2806 3129 2831 ,
3169 2781 3289 2850 qua:
3316 2765 3433 2835 ejus
3459 2766 3538 2821 fe-

1956 2849 2099 2893 stum
2125 2840 2265 2894 diem
2296 2839 2367 2892 22
2398 2839 2519 2893 Maii
2545 2839 2808 2894 recolunt.
2855 2838 2964 2892 Hac
2998 2838 3123 2893 item
3155 2836 3243 2891 die
3273 2850 3539 2891 memora-

1967 2919 2053 2965 tur
2075 2925 2101 2963 a
2136 2910 2382 2965 Fcrrario
2400 2910 2451 2964 in
2467 2910 2722 2978 Catalogo
2749 2908 2983 2978 generali
3012 2909 3330 2962 Sanctorum
3348 2905 3536 2978 Italia,

1958 2982 2046 3035 ubi
2094 2983 2168 3036 ait
2198 2981 2392 3037 Juliam
2449 2982 2588 3050 apud
2644 2976 2973 3050 Bonifacium
3014 2977 3243 3033 Corsiea'
3277 2976 3540 3050 oppidum

1958 3052 2121 3106 fuisse
2171 3054 2425 3107 occisam.
2453 3047 2675 3107 Sacrum
2705 3066 2833 3105 vero
2861 3048 3027 3117 ipsius
3052 3063 3246 3118 corpus
3276 3047 3328 3102 in
3369 3048 3539 3102 insula

1936 3115 2210 3187 ’Gorgona
2242 3124 2499 3177 remansit
2521 3136 2689 3192 usque
2717 3121 2782 3175 ad
2810 3115 3007 3192 annum
3036 3115 3171 3186 765,
3203 3134 3306 3192 quo
3334 3134 3362 3171 a
3388 3117 3538 3173 Desi-

1873 3179 1921 3244 C
1952 3179 2104 3248 dcrio
2152 3179 2622 3264 Langobardorum
2660 3207 2784 3261 rege
2826 3190 3058 3264 Brixiam
3101 3179 3414 3264 translatum
3437 3196 3539 3253 est,

1953 3264 2039 3318 ubi
2068 3266 2118 3320 in
2142 3259 2469 3321 monasterio
2501 3259 2864 3327 Benedictino,
2894 3279 2921 3313 a
2951 3277 3009 3316 se
3035 3261 3194 3315 Ausa:
3222 3259 3401 3314 uxoris
3428 3273 3541 3313 suas

1952 3337 2295 3392 suasionibus
2324 3336 2847 3406 magnificentissime
2878 3341 3187 3406 constructo
3223 3347 3319 3406 pro
3345 3329 3541 3398 Angel-

1953 3408 2108 3477 licrga
2140 3424 2324 3463 eorum
2359 3401 2459 3461 tilia
2491 3449 2503 3468 .
2535 3408 2859 3462 collocatum
2889 3404 3025 3469 fuit,
3055 3402 3237 3471 ibique
3283 3401 3542 3455 hactenus

1949 3493 2155 3533 summa
2185 3478 2363 3550 populi
2394 3480 2685 3533 devotione
2710 3479 3039 3532 celebratur.

2577 3610 2796 3661 PASSIO

2293 3730 2482 3765 SANL'I’JZ
2504 3730 2647 3765 JULIJ’.
2672 3726 2873 3763 VIRGINIS
2894 3729 2953 3763 E‘l‘
2972 3723 3204 3762 ιιιΑιιτιιιιε

1999 3822 2020 3884 (
2034 3812 2233 3873 Επέοιί.
2259 3835 2348 3871 ms.
2376 3816 3025 3944 (irritimmgsteriglngiitigii
3051 3818 3105 3869 S.
3133 3814 3373 3869 Remensis
3393 3831 3504 3870 cum

2584 3895 2611 3932 e
2652 3897 2703 3932 ι.
2729 3895 2784 3932 co
2827 3919 2838 3930 .

2584 3895 2703 3932 eau.
2729 3895 2838 3932 σου.

2380 3988 2542 4058 219
2591 4001 2779 4041 INCIPIT
2823 3999 3107 4040 pannosus.

2024 4122 2065 4175 Ι.
2084 4122 2345 4190 Scriptum
2368 4130 2470 4186 est,
2489 4122 2677 4177 fratres
2694 4120 2954 4176 carissimi
2976 4136 2990 4171 :
3009 4119 3311 4174 Narrabuut
3333 4133 3395 4175 ea
3421 4120 3540 4178 liliis

1952 4198 2083 4257 suis,
2118 4203 2169 4245 ut
2203 4200 2400 4261 ponant
2428 4193 2478 4245 in
2510 4193 2619 4246 Deo
2643 4208 2791 4261 spezn
2816 4207 2989 4255 suam,
3013 4200 3067 4247 et
3096 4207 3200 4246 non
3217 4191 3537 4247 obliviscan-

1953 4275 2036 4319 tur
2075 4278 2405 4333 qua-cunque
2448 4273 2705 4332 Operatus
2744 4273 2828 4319 est
2884 4263 3022 4318 Dens
3075 4263 3126 4316 in
3177 4263 3375 4317 sanctis
3423 4264 3536 4319 suis

1952 4336 2143 4416 (Psal.
2190 4350 2365 4416 Lx_xvn
2394 4375 2409 4398 ,
2559 4345 2605 4389 et
2651 4352 2755 4405 seq.
2782 4336 2824 4416 ):
2880 4334 2989 4416 Illis
3040 4348 3269 4416 namque
3288 4334 3536 4416 _d.iebu's,

1952 4404 2352 4475 requirentibus
2400 4406 2554 4460 nobis
2613 4422 2640 4459 a
2703 4404 3007 4461 senioribus
3057 4404 3228 4475 qualis
3285 4404 3383 4458 fuit
3434 4405 3539 4459 vita

1953 4487 2149 4532 saneta:
2208 4476 2458 4547 martyris
2506 4476 2703 4542 Julim,
2761 4476 3047 4547 vclwquod
3108 4485 3367 4547 tropaeum
3426 4476 3539 4543 ejus

1667 4548 1851 4622 Ρνςῐζιεν
1877 4562 1928 4622 ι)
1955 4549 2217 4622 βοεξίοιιὶε
2261 4544 2551 4622 obtinuerit
2598 4549 2769 4622 palma
2819 4545 3026 4617 [Boll.,
3069 4544 3340 4622 palmam]
3393 4561 3536 4622 inar-

1955 4616 2099 4689 tyrii,
2130 4619 2229 4673 hoc
2258 4619 2409 4672 nobis
2441 4620 2594 4689 plena
2623 4620 2725 4672 title
2756 4616 3026 4689 gestorum
3059 4618 3353 4689 retulerunt
3375 4616 3474 4689 sibi
3502 4631 3532 4669 τι

1956 4685 2262 4758 parentibus
2309 4690 2423 4741 suis
2467 4688 2538 4740 ita
2573 4687 2737 4741 fuisse
2785 4688 3054 4741 relatum:
3091 4685 3231 4755 quod
3274 4699 3374 4758 nos
3402 4687 3540 4758 idem

1955 4756 2248 4829 posteritati
2279 4758 2645 4829 qualicunque
2683 4757 3106 4829 paginula_,_nnu
3142 4756 3537 4829 tam_clcga_ntia

1954 4824 2219 4883 sermonis
2258 4824 2417 4896 quam
2472 4824 2815 4890 simplicitate
2871 4825 3196 4896 fidelissima,
3249 4824 3538 4880 lectoribus

1953 4900 2225 4953 credimus
2277 4895 2779 4963 transmittendum,
2829 4911 2895 4951 ne
2951 4895 3176 4949 fortasse
3224 4903 3539 4951 senescente

1958 4969 2083 5035 Ildc,
2116 4972 2166 5022 in
2198 4969 2422 5023 occultis
2453 4975 2610 5021 tanta:
2638 4968 2889 5036 martyris
2921 4966 3098 5037 passio
3122 4975 3147 5003 α
3176 4966 3536 5037 impendatur,

1954 5056 2074 5110 quae
2100 5057 2128 5094 a
2157 5040 2181 5079 δ
2212 5041 2389 5109 capite
2414 5039 2647 5110 Corsica:
2676 5036 2936 5095 etfusione
2966 5036 3240 5110 sanguinis
3262 5036 3319 5110 in
3352 5051 3537 5092 amore

1954 5108 2165 5167 Domini
2208 5111 2377 5167 nostri
2421 5109 2545 5165 Jesu
2577 5110 2776 5167 Christi
2818 5119 2982 5165 totam
3032 5108 3364 5181 provinciam
3412 5123 3539 5162 eon-

1954 5198 2129 5240 secrai
2145 5184 2206 5240 it.

2529 5292 2722 5334 INCIPIT
2765 5288 2966 5330 PASSIO.

2023 5390 2086 5447 ll.
2142 5390 2202 5445 In
2252 5398 2492 5459 tempore
2538 5390 2630 5444 illo
2670 5404 2791 5443 cum
2838 5386 3031 5459 civitas
3072 5386 3337 5459 Carthago
3383 5396 3536 5457 capta

1961 5460 2168 5528 luisset,
2185 5470 2309 5517 tunc
2329 5456 2477 5516 beata
2498 5460 2635 5516 Julia
2658 5475 2722 5514 ex
2747 5473 2807 5514 ea
2832 5456 3038 5530 captiva
3062 5456 3347 5530 ductarest,
3381 5456 3541 5528 atque

1955 5534 2147 5590 sortito
2190 5533 2243 5588 in
2283 5533 2560 5589 servitium
2600 5530 2845 5601 pervenit
2885 5528 3162 5585 cuiusdam
3190 5528 3292 5585 viri
3322 5529 3539 5586 nomine

1876 5652 1895 5661 7‘
1959 5672 2154 5727 ﬁnibus
2184 5685 2372 5727 versus
2406 5668 2631 5724 Italiam.
2666 5667 2799 5727 Tota
2835 5682 2977 5724 nunc
3015 5665 3187 5725 insula
3216 5665 3398 5722 subest
3437 5663 3539 5727 Ge~

1957 5743 2239 5799 nuensinm
2264 5741 2499 5798 dominio
