4082 6320
537 317 645 377 395

1543 315 1889 372 ΑΡΡΕΝῡιΧ
1926 314 2018 373 AD
2062 312 2404 372 VICTOREM
2444 316 2817 374 VITENSEM.

3701 317 3804 375 396

536 442 666 512 pulo
711 438 934 493 verbum
987 435 1307 512 facerenon
1344 440 1636 504 pateretur,
1672 434 1891 512 aliaque
1934 433 2018 512 ab
2043 446 2109 487 eo
2137 434 2193 496 Α
2215 431 2281 512 Υ.
2306 432 2368 486 C.
2403 433 2663 512 Henricus
2694 432 2937 512 Norisius
2965 432 3056 487 lib.
3092 446 3131 512 ιι
3159 432 3409 512 Historiis
3434 431 3639 512 Pelag.,
3661 450 3797 512 cap.

537 503 918 581 Exigeretqua:
948 506 1192 581 religioni
1227 503 1433 581 ιιιιςδιιίειε⁸
1451 506 1718 581 contraria
1742 503 1914 560 erant.
1935 503 2102 581 inc,

537 574 728 651 inquit,
756 574 1010 651 Hunerici
1033 577 1316 651 persecutio
1346 574 1544 651 doloris
1575 585 1726 651 atque
1749 575 2107 651 parturitionis

536 647 722 707 nostra
750 650 965 717 sumpsit
994 647 1214 699 initium.
1247 648 1435 700 Postea
1464 647 1631 701 edixit
1661 656 1715 699 ut
1744 662 1888 700 nemo
1935 647 1987 698 in
2017 661 2109 714 pa-

535 724 658 778 latio
689 716 947 781 militaret,
978 734 1138 787 neque
1159 718 1385 786 publicas
1407 726 1578 786 ageret
1608 719 1855 781 actiones,
1882 716 1982 769 nisi
2002 731 2107 787 sese

533 795 779 850 Ariannm
805 790 1003 862 fecisset
1022 805 1038 851 ;
1056 786 1182 862 tum
1224 791 1429 862 eosqui
1458 804 1521 862 ea
1550 786 2103 862 occasionemilitiam

532 858 861 931 abiecerant,
895 863 946 913 iu
970 861 1200 915 Siciliam
1224 870 1277 914 et
1300 859 1596 931 Sardiniam
1631 860 1903 931 relegavit,
1928 866 1983 911 ut
2016 858 2108 931 ha-

531 928 687 990 betur
731 949 877 986 num.
907 931 960 986 7.
994 931 1194 985 Ibidem
1232 930 1585 984 contumelias
1608 930 1899 997 virginibus
1939 928 2105 983 sacris

530 1006 726 1069 illatas,
758 1006 970 1071 alitque
997 1002 1179 1055 Victor
1217 1001 1493 1063 describit,
1524 1001 1710 1067 quibus
1737 1009 1993 1071 tyrannus
2022 1014 2104 1051 se-

530 1079 707 1143 ruitum
748 1069 1003 1127 nitebatur
1032 1072 1254 1143 invenire
1304 1085 1392 1139 per
1439 1071 1819 1143 cujusarlitum
1846 1069 2105 1143 publicam

528 1139 716 1217 faceret
743 1145 1158 1217 persecutionem.
1194 1142 1348 1194 Num.
1392 1139 1509 1209 seq:
1543 1142 1629 1217 ad.
1666 1141 1731 1194 15
1760 1142 1973 1217 egregie
2003 1140 2099 1194 de-

528 1210 867 1270 scribit'iter
918 1213 1244 1267 inlinitorum
1294 1211 1677 1281 propemodum
1733 1210 2101 1265 confessorum

528 1291 616 1355 qui
644 1287 851 1357 tyranni
882 1285 1029 1352 jussu
1053 1284 1105 1357 in
1127 1283 1370 1357 exsilium
1398 1283 1668 1357 deportati
1686 1292 1829 1357 sunt.
1861 1281 1964 1334 Sed
1983 1282 2103 1357 haec

528 1352 781 1423 prailudia
797 1357 943 1408 fuere
962 1354 1179 1422 majoris
1200 1352 1607 1421 persecutionis.
1630 1352 2099 1422 ﬂagitabatquippe

526 1429 846 1489 Huuericus,
890 1425 1058 1493 inquit
1089 1423 1271 1477 Victor
1301 1439 1446 1476 num.
1483 1424 1571 1486 15,
1616 1427 1816 1476 acriora
1862 1424 2101 1476 adversus

525 1497 807 1551 Ecclesium
843 1494 966 1557 Dei;
1000 1505 1049 1546 nt
1078 1495 1165 1564 qui
1208 1493 1426 1546 membra
1468 1494 1638 1561 aliqua
1667 1494 1971 1557 absridcrat,
2020 1503 2098 1545 to-

526 1578 633 1621 tum
675 1566 921 1645 laniaitdo
942 1565 1396 1645 perdfrehcorpus.
1446 1564 1519 1616 Ea
1546 1565 1611 1617 de
1633 1578 1792 1645 eausa
1824 1565 2100 1645 universos

524 1639 722 1693 Africae
751 1634 1030 1705 episcopis
1051 1634 1426 1704 Carthaginem
1456 1644 1643 1688 evocat
1668 1634 1731 1687 ad
1757 1634 2098 1687 collationem

526 1709 594 1763 de
626 1710 784 1763 rebus
816 1708 933 1760 lidei
966 1706 1264 1759 catholicos
1297 1707 1435 1758 inter
1480 1715 1534 1758 et
1571 1705 1800 1758 Arianos
1843 1720 1983 1759 anno
2014 1720 2097 1757 se-

525 1782 708 1868 quenti
740 1777 1055 1868 habendam.
1100 1776 1287 1868 qatuni
1314 1782 1416 1857 est
1444 1786 1620 1856 autem
1650 1776 2096 1868 edictumineuse
2127 1806 2174 1868 Β

523 1845 686 1914 Maio,
710 1862 852 1901 anno
875 1849 1102 1915 septimo
1131 1846 1402 1911 ilunerici,
1428 1845 1516 1914 qui
1544 1860 1685 1899 anno
1709 1845 1942 1915 vulgaris
1972 1861 2095 1900 terte

523 1922 558 1974 4
572 1940 581 1972 ξ
596 1922 628 1974 '5
657 1918 964 1986 respondet.

596 1991 683 2044 11.
718 1993 871 2042 Anno
903 1991 1080 2056 itaque
1105 1986 1208 2040 484
1235 1986 1503 2056 Eugenius
1526 2001 1646 2039 cum
1670 1987 1879 2041 caneris
1908 1987 2092 2040 ortho-

522 2060 677 2115 doxre
706 2059 826 2112 fidei
858 2057 1227 2113 defensoribus
1267 2060 1333 2110 ad
1358 2057 1499 2111 diem
1527 2057 1691 2128 238
1714 2058 1857 2110 venit
1884 2058 2076 2124 preti-

519 2143 712 2191 tututn,
744 2139 802 2183 ut
828 2144 949 2183 cum
990 2128 1198 2181 Arianis
1241 2128 1526 2181 conferret.
1564 2129 1771 2179 ‘Vrrum
1813 2136 2090 2195 tyrannus,

519 2203 605 2266 qui
631 2203 682 2255 in
715 2215 811 2253 suo
848 2199 1022 2254 edicto
1065 2199 1330 2267 pollicitus
1373 2197 1649 2252 catholicis
1694 2195 1869 2250 fuerat
1915 2197 2090 2250 omnia

520 2282 652 2335 tuta,
687 2272 843 2323 fidem
874 2271 1052 2323 statim
1090 2267 1345 2336 infringit,
1391 2268 1457 2320 iis
1502 2269 1590 2336 qui
1622 2269 1757 2320 bona
1799 2267 1901 2321 fide
1928 2282 2092 2321 vene-

516 2354 639 2395 rant
669 2356 879 2394 manum
905 2340 1190 2407 iujiciendo
1213 2355 1227 2402 ;
1254 2338 1451 2391 deinde
1482 2338 1533 2389 in
1560 2338 1897 2392 doctissimos
1923 2340 2090 2407 potis-

518 2412 711 2465 simum
758 2410 930 2473 sazvit,
964 2423 1257 2475 eorumque
1294 2408 1581 2463 nonnullos
1624 2419 1797 2471 necat,
1844 2424 1874 2462 e
1902 2408 2092 2478 quibus

517 2482 747 2535 celebris
769 2489 851 2534 est
886 2480 1084 2541 Laitus,
1111 2480 1200 2547 qui
1239 2480 1269 2529 ιι
1292 2493 1337 2531 c
1364 2480 1645 2532 occasiOue
1677 2480 1985 2548 martyrium
2019 2489 2090 2531 te-

515 2551 606 2605 lici
632 2550 1141 2620 agoneﬂcomplevit,
1172 2560 1227 2601 ut
1253 2548 1455 2620 dicitur
1486 2564 1632 2602 num.
1666 2549 1749 2602 18.
1781 2551 1926 2603 Alios
1965 2552 2087 2602 item

516 2619 765 2676 recenset
794 2619 979 2673 Victor
1022 2634 1168 2672 num.
1204 2619 1294 2682 16.
1340 2634 1473 2688 quos
1506 2621 1733 2671 fustibus
1774 2634 1942 2672 caesiis
1980 2622 2088 2687 jam

517 2701 670 2745 antea
712 2693 765 2745 in
810 2691 1057 2744 exsilium
1100 2688 1312 2743 detrudi
1337 2690 1590 2758 jusserat.
1635 2691 1739 2742 Nec
1783 2701 1956 2742 tamen
2010 2691 2091 2743 his

516 2761 729 2829 injuriis
756 2760 903 2815 fracti
930 2761 1106 2813 animo
1131 2762 1278 2814 fuere
1300 2760 1538 2827 episcopi
1580 2760 1848 2823 Catholici,
1880 2760 1972 2813 sed
1998 2776 2086 2830 qm

444 2876 447 2879 μ
517 2834 835 2900 superstites
865 2841 1230 2885 remanserant
1258 2831 1320 2883 ad
1355 2830 1526 2883 locum
1552 2831 1893 2895 conveniunt,
1930 2834 2089 2884 colla-

513 2903 716 2957 tionem
742 2903 808 2955 de
832 2902 990 2955 rebus
1021 2900 1141 2954 lldei
1171 2902 1366 2954 habere
1392 2901 1578 2966 parati.
1607 2901 1758 2968 Quod
1792 2916 1909 2953 cum
1945 2901 2090 2955 ferre

511 2987 621 3026 non
654 2980 868 3036 possent
900 2972 1101 3031 Ariani,
1137 2973 1363 3024 tumultu
1389 2972 1654 3025 concitato
1679 2972 1969 3025 catholicos
2000 2986 2090 3025 ca-

514 3044 732 3097 lumniis
781 3042 944 3095 variis
1009 3041 1268 3106 alfecere;
1335 3041 1597 3110 Tuncque,
1659 3041 1829 3110 inquit
1880 3042 2083 3105 Victor,

509 3114 729 3166 universi
766 3112 1009 3166 Ecclesia:
1035 3111 1301 3164 catholica:
1340 3112 1437 3179 ﬁlii
1477 3114 1562 3176 qui
1593 3112 1827 3175 aderant,
1868 3115 2088 3165 centenis

2213 503 2312 569 2];
2354 513 2429 577 et
2457 505 2792 577 potissimum
2842 507 2894 557 in
2941 504 3291 559 emendandis
3327 520 3447 575 quae
3486 503 3797 563 adcalcein

2212 576 2396 643 operis
2418 574 2703 631 habentur.

2288 646 2373 702 15.
2408 646 2573 701 Porro
2608 646 2766 699 tantis
2811 643 3075 701 Africana:
3118 643 3375 699 Ecclesize
3401 646 3799 705 calamitatibus

2211 716 2441 771 Felicem
2488 716 2793 786 pontificem
2830 716 3126 770 Romanum
3169 716 3509 772 condoluisse
3542 720 3801 775 discimus

2209 803 2274 863 es
2307 787 2675 863 E_vagrio,_qu_i
2700 787 2836 863 libro
2866 802 2925 840 tu
2966 787 3214 863 Histojiaa
3245 788 3647 863 eccledasticm,
3674 807 3797 863 cap.

2206 856 2296 923 ‘20,
2322 856 2523 913 litteras
2554 856 2749 912 Felicis
2793 872 2942 926 papa:
2990 858 3053 912 ad
3096 858 3365 913 Zenonem
3409 856 3792 926 imperaturein

2208 938 2438 996 scriptas
2484 928 2681 993 laudat,
2715 929 2895 998 quibus
2926 945 3039 981 eum
3075 928 3425 983 commonebat
3463 928 3525 984 de
3561 946 3800 999 persecu-

2209 999 2345 1053 tione
2369 1015 2481 1070 quw
2517 1000 2571 1053 in
2609 1000 2783 1070 Africa
2823 1001 3045 1053 excitata
3076 1002 3245 1070 fuerat
3281 1000 3346 1052 ab
3377 1000 3658 1055 Hunerico.
3690 1004 3796 1059 Sed

2207 1069 2525 1143 exciderunt
2554 1069 2979 1143 poutillciaiillae
3020 1069 3233 1143 litterze,
3262 1071 3453 1138 quibus
3486 1082 3661 1143 tamen
3693 1088 3795 1143 pa—

2209 1142 2385 1195 ruisse
2417 1144 2794 1210 imperatorem
2847 1140 2969 1196 inde
3012 1140 3347 1210 conjicimns,
3387 1142 3528 1210 quod
3562 1140 3798 1199 Uranius

2206 1211 2435 1266 Zenonis
2479 1211 2544 1265 ad
2580 1212 2903 1282 Hunericum
2950 1212 3174 1282 legatus,
3208 1215 3347 1279 apud
3386 1211 3660 1267 Victorem
3697 1216 3791 1270 lib.

2208 1298 2257 1348 ν,
2288 1298 2437 1353 num.
2469 1283 2520 1344 7,
2551 1299 2656 1335 sese
2691 1298 2783 1350 pro
2814 1280 3107 1353 defensione
3132 1282 3498 1335 catholicarum
3543 1286 3795 1339 ecclesia-

2203 1369 2315 1424 rum
2349 1352 2707 1422 Carthaginem
2738 1352 2930 1424 venisse
2953 1353 3233 1424 jactilarit.
3272 1353 3375 1424 Sed
3403 1367 3659 1423 quantum
3692 1356 3793 1411 ista

2206 1423 2401 1491 legatio
2434 1425 2595 1549 ἓθθ
2624 1424 2763 1493 apud
2804 1421 3129 1477 Hune'ricum
3180 1421 3458 1492 profuerit,
3488 1439 3555 1478 ex
3586 1428 3793 1489 eodem

2207 1493 2419 1549 Victore
2486 1494 2757 1548 iscendu'u
2790 1504 2890 1548 est.
2922 1492 2990 1548 Ut
3021 1494 3187 1549 enim.
3225 1494 3413 1549 inquit.
3449 1494 3528 1547 illi
3559 1500 3793 1549 ostende-

2207 1493 2419 1549 Victore
2436 1492 2757 1549 discendum
2790 1504 2890 1548 est.
2922 1492 2990 1548 Ut
3021 1494 3187 1557 enim,
3225 1494 3413 1563 inquit,
3449 1494 3528 1547 illi
3559 1500 3797 1551 ostende-

2203 1576 2277 1618 ret
2316 1575 2561 1635 tyrannus
2587 1581 2641 1618 se
2668 1567 2919 1618 neminem
2948 1565 3250 1635 formidare,
3282 1567 3333 1617 in
3367 1565 3470 1619 illis
3498 1568 3684 1633 plateis
3714 1570 3799 1621 vel

2203 1634 2529 1699 vicis’plures
2573 1644 2784 1689 tortores
2834 1644 2882 1687 et
2916 1634 3227 1688 crudeliores
3264 1637 3461 1707 statuit,
3514 1638 3567 1689 in
3606 1639 3796 1707 quibus

2204 1707 2382 1779 legatis
2425 1707 2581 1760 moris
2607 1717 2699 1770 est,
2735 1708 3068 1779 ascendendo
3094 1705 3451 1779 adpalatium
3488 1719 3539 1779 et
3566 1705 3797 1779 descen-

2203 1776 2369 1851 dendo
2408 1779 2643 1843 transire,
2674 1777 2744 1830 ad
2770 1776 3100 1847 opprobrium
3139 1776 3370 1831 videlicet
3394 1778 3558 1847 ipsius
3591 1778 3790 1851 Reipu-

2203 1848 2366 1916 blicae,
2407 1857 2512 1902 etc.

2789 1934 3018 1993 CAPUT
3058 1935 3191 1991 Vlll.

2202 2030 2279 2084 De
2327 2040 2503 2086 sancto
2554 2030 2786 2101 Eugenio
2842 2032 3079 2101 episcopo
3109 2028 3532 2100 Carthaginensi,
3570 2032 3797 2101 aliisque

2272 2104 2531 2157 nonnullis
2560 2102 2934 2171 confessoribus
2960 2109 3008 2154 et
3038 2102 3346 2172 martyribus
3375 2102 3464 2172 qui
3490 2102 3583 2155 sub
3615 2103 3795 2158 Huneb

2268 2176 2363 2227 r'ci
2390 2176 2735 2244 persecutione
2761 2172 2927 2227 amati
2954 2175 3186 2239 fuerunt.

2277 2266 2323 2319 1.
2358 2263 2517 2317 Multa
2549 2263 2673 2317 licet
2698 2263 2749 2316 in
2780 2262 3003 2316 Victoris
3028 2261 3259 2317 Vitensis
3280 2262 3514 2319 Historia
3534 2263 3603 2319 de
3626 2273 3789 2318 beato

2198 2335 2438 2404 Eugenio
2478 2334 2882 2402 Carthagincusi
2933 2332 3184 2402 episcopo
3236 2333 3560 2399 habeantur,
3611 2334 3790 2390 visum

2198 2415 2281 2459 θη
2311 2416 2487 2460 tamen
2517 2421 2693 2471 opera:
2722 2405 2948 2474 pretium
2979 2404 3045 2458 de
3073 2419 3138 2458 eo
3169 2406 3394 2459 seorsim
3428 2419 3607 2472 agere,
3642 2408 3788 2475 quod

2198 2477 2361 2531 multa
2383 2518 2396 2539 ,
2424 2486 2477 2530 ct
2504 2475 2717 2545 quidem
2750 2490 2856 2528 non
2889 2475 3019 2529 levis
3049 2476 3340 2539 momenti,
3370 2477 3421 2529 in
3452 2476 3570 2529 aliis
3600 2486 3790 2531 aucto.

2196 2548 2346 2600 ribus
2372 2550 2437 2600 de
2478 2561 2596 2612 ejus
2627 2548 2790 2616 gestis
2821 2547 3032 2616 passim
3062 2556 3371 2611 occurrant,
3403 2561 3521 2616 quae
3552 2556 3788 2615 praeter-

2198 2619 2411 2672 mittere
2448 2633 2549 2671 non
2582 2617 2721 2671 licet.
2753 2615 2920 2669 Tanta
2953 2615 3095 2670 enim
3125 2616 3217 2671 fuit
3261 2617 3399 2686 apud
3424 2615 3614 2671 omnes
3655 2631 3784 2672 san-

2196 2689 2420 2741 ctissimi
2453 2687 2608 2756 hujus
2638 2686 2961 2741 confessoris
3001 2687 3168 2754 fama,
3209 2695 3268 2740 ut
3313 2702 3508 2756 paucos
3539 2691 3789 2757 reprrias

2197 2758 2350 2811 istius
2379 2760 2475 2810 aevi
2522 2768 2765 2811 ant-tores
2789 2760 2874 2824 qui
2910 2771 3031 2810 eutn
3071 2759 3286 2826 scriptis
3330 2758 3440 2812 suis
3490 2775 3594 2811 non
3642 2762 3791 2814 cele-

2196 2829 2486 2881 braverint.
2534 2828 2853 2881 Laudandus
2897 2836 2977 2880 est
3020 2827 3089 2880 ob
3138 2843 3257 2883 eam
3309 2844 3419 2883 rem
3468 2829 3607 2884 inter
3645 2832 3788 2885 alios

2198 2897 2483 2968 Gregorius
2536 2898 2873 2968 Turonensis
2912 2899 3163 2960 antistes.
3205 2900 3292 2967 qtti
3365 2900 3515 2953 initio
3563 2900 3683 2953 libri
3750 2915 3787 2955 It

2149 3005 2157 3016 .
2197 2967 2444 3023 llistorize
2475 2970 2796 3022 Francorum
2828 2967 3078 3042 observat
3114 2970 3221 3036 jatn
3249 2984 3342 3023 sua
3377 2978 3535 3042 tetate
3566 2979 3788 3042 marty—

2195 3054 2313 3093 rum
2341 3050 2429 3093 aut
2459 3044 2824 3093 conlessornm
2876 3038 3247 3094 Africanorum
3285 3046 3371 3109 qui
3406 3041 3457 3093 in
3492 3038 3787 3096 Vandalica

2195 3112 2569 3178 persecutione
2595 3111 2913 3181 claruerunt,
2944 3110 3203 3179 passiones
3232 3113 3561 3181 conscriptas
3592 3114 3782 3172 luisse,

510 3185 728 3252 fustibus
752 3183 897 3236 tundi
918 3184 1185 3252 jubentur.
1218 3183 1513 3252 orthodoxi
1543 3184 1719 3246 itaque
1748 3184 1877 3235 nihil
1902 3184 2084 3238 verbis
2109 3182 2157 3245 Ο
2188 3195 2413 3251 Quarum
2442 3180 2645 3247 aliquot
2679 3196 2738 3233 se
2781 3180 2971 3252 legisse
3017 3191 3263 3247 lestatur,
3294 3197 3357 3237 ex
3403 3180 3594 3249 quibus
3638 3198 3783 3235 nou-

509 3251 570 3307 ae
609 3258 842 3307 tacturos
877 3251 1233 3314 advertentes,
1271 3251 1390 3305 fidei
1438 3252 1695 3316 libellum,
1727 3267 1885 3319 quem
1926 3262 2080 3307 antea

507 3324 860 3391 scripserant,
902 3324 1257 3390 protulerunt,
1297 3325 1483 3390 sicque
1527 3322 1671 3383 finita
1724 3330 1807 3375 est
1844 3324 2076 3378 collatio.

507 3393 641 3446 Nam
673 3394 879 3457 Ariani,
908 3394 997 3461 qui
1040 3406 1187 3445 suam
1220 3392 1451 3445 vicissim
1496 3392 1658 3446 edere
1683 3392 1993 3447 debuissent
2023 3395 2083 3446 ll-

507 3464 594 3518 dei
621 3462 1022 3532 professionem,
1054 3476 1175 3515 cum
1204 3476 1263 3516 se
1294 3462 1463 3516 victos
1498 3461 1662 3516 fuisse
1693 3478 1786 3516 eos
1835 3465 2080 3531 puderet,

508 3540 806 3587 clamarunt
851 3534 1213 3595 omousianos,
1257 3536 1337 3586 sic
1382 3533 1675 3588 catholicos
1718 3535 2077 3602 appellaban:,

507 3604 796 3658 seditiosos
823 3618 944 3659 esse
970 3614 1024 3659 et
1063 3617 1337 3672 procaces,
1382 3603 1540 3669 idque
1577 3620 1676 3657 suo
1714 3604 1978 3659 Hnnerico
2010 3609 2078 3660 ita

507 3689 864 3743 pet-suasere,
914 3684 973 3727 ut
1022 3673 1113 3729 ille
1161 3674 1416 3743 deinceps
1475 3675 1809 3743 iniquissimo
1867 3692 2083 3744 semper

506 3747 685 3803 animo
715 3746 974 3817 adversus
1014 3745 1341 3799 ortliodosos
1373 3746 1551 3817 tuerit.
1598 3746 1759 3799 .lubet
1796 3748 1970 3816 itaque
2001 3756 2082 3817 ty-

500 3829 703 3869 rannus
727 3816 981 3869 ecclesias
1003 3817 1291 3871 catholicas
1315 3816 1492 3869 claudi
1516 3817 1568 3868 in
1599 3818 1847 3869 universa
1877 3816 2078 3883 Africa,

502 3897 663 3953 atque
684 3902 867 3941 earum
901 3888 1378 3954 episcoporumque
1412 3887 1546 3938 bona
1583 3887 1693 3938 suis
1737 3886 1951 3939 attribui
1986 3890 2082 3941 im-

502 3967 675 4025 perat,
718 3958 933 4010 ediceus
976 3956 1234 4010 adversus
1282 3956 1612 4009 orthodoxos
1660 3970 1991 4025 qumcunque
2052 3974 2080 4012 a

502 4027 786 4080 catholicis
833 4027 1269 4096 imperatoribus
1295 4026 1556 4096 adversus
1585 4025 1873 4096 haereticos
1903 4030 2079 4081 vario.

500 4112 620 4151 rum
657 4093 953 4166 temporum
1003 4093 1477 4166 statutaifuerant.
1520 4094 1766 4148 Edictum
1815 4098 2078 4166 integrum

499 4166 666 4221 refert
704 4165 1019 4237 VictorAlib.
1066 4181 1137 4222 iv.
1185 4165 1292 4219 Nec
1331 4165 1413 4217 his
1454 4176 1757 4228 contentus,
1798 4165 2079 4237 cpi~copos

500 4250 688 4290 omnes
737 4238 827 4303 qui
880 4235 1256 4305 Carthaginem
1316 4244 1680 4289 convenerant
1729 4238 1776 4288 in
1830 4235 2077 4295 exsilium

499 4307 627 4375 pelli
654 4306 823 4371 jubet,
853 4306 942 4375 qui
966 4309 1145 4360 statim
1179 4308 1232 4359 in
1259 4306 1524 4374 hospitiis,
1568 4306 1655 4359 ubi
1677 4306 1959 4376 degebant,
1989 4326 2080 4364 ex-

498 4377 711 4444 spoliari
736 4376 876 4429 foras
912 4391 1093 4439 muros
1128 4376 1513 4446 propelluntur,
1544 4391 1664 4430 cum
1708 4378 1927 4432 vetitum
1961 4380 2080 4435 fuis-

498 4456 581 4517 set
610 4448 710 4517 sub
741 4447 1071 4515 gravissimis
1116 4448 1287 4516 pinnis
1319 4462 1386 4501 ne
1416 4461 1511 4500 eos
1539 4447 1819 4517 quisquam
1863 4458 1954 4502 aut
1985 4454 2080 4505 ho-

497 4516 658 4585 spitio
679 4517 961 4587 reciperet,
1003 4526 1100 4571 aut
1144 4518 1300 4571 alicui
1331 4517 1508 4571 cibum
1538 4516 1824 4587 praeberet,
1869 4529 1925 4574 ut
1952 4537 2079 4576 nar-

494 4596 583 4639 rat
614 4587 751 4641 idem
778 4585 963 4653 Victor
988 4588 1079 4642 lib.
1106 4603 1178 4653 tv,
1209 4604 1354 4641 num.
1388 4589 1441 4644 3.

565 4655 654 4729 {2.
684 4659 754 4710 At
775 4658 1078 4729 generalem
1112 4663 1161 4712 in
1198 4658 1372 4712 Africa
1410 4660 1837 4729 persecutionem
1872 4661 1940 4713 ab
1964 4661 2074 4715 Hu-

396 4778 411 4783 -
494 4726 676 4800 nerico
706 4740 903 4800 motam
936 4728 1118 4790 fuisse,
1151 4731 1311 4783 etiam
1351 4726 1659 4798 priusquam
1688 4732 1925 4800 episcopi
1957 4733 2072 4799 pel-

492 4797 731 4851 lerentur
752 4838 764 4861 ,
792 4798 992 4853 diserte
1019 4801 1205 4854 scribit
1236 4800 1481 4853 laudatus
1511 4797 1696 4854 auctor
1723 4797 1925 4854 iibro'v
1945 4797 1966 4865 ;“
1987 4804 2075 4858 ubi

490 4882 642 4922 num.
676 4869 701 4921 1
729 4868 915 4938 refert,
938 4885 1029 4941 per
1058 4871 1315 4941 universas
1338 4869 1597 4938 Africanar
1618 4882 1764 4925 terra:
1790 4875 2075 4938 provincias

488 4954 589 4991 uno
620 4949 839 5007 tempore
883 4940 1098 4994 tortores
1124 4940 1499 4993 crudelissimos
1529 4941 1684 5006 fuisse
1721 4942 2068 4999 destinatos...

488 5017 540 5061 It
570 5009 705 5063 nulli
729 5011 889 5083 tutati,
919 5012 1049 5063 nulli
1078 5020 1368 5083 parceretur
1381 5011 1560 5083 sexui,
1606 5013 1706 5065 nisi
1735 5014 1839 5065 illis
1872 5018 1957 5083 qui
1988 5032 2075 5068 eo.

484 5094 600 5131 rum
638 5080 1017 5133 succumberent
1058 5081 1330 5133 voluntati.
1379 5080 1486 5133 llos
1522 5081 1769 5147 fustibus,
1827 5080 1944 5139 illos
1984 5102 2073 5140 su-

485 5150 734 5216 spendio,
779 5150 911 5203 alios
958 5150 1168 5219 ignibus
1209 5159 1383 5204 tortos
1430 5151 1594 5205 fuisse
1633 5166 2065 5209 cotnmemorat:

485 5229 596 5273 tum
627 5232 769 5271 varia
818 5223 870 5295 in
916 5221 1157 5295 diversis
1183 5220 1469 5295 provinciis
1521 5231 1824 5278 sanctorum
1869 5236 2069 5295 marty-

484 5305 599 5343 rum
626 5291 917 5362 certamina
963 5291 1243 5362 describit,
1273 5306 1392 5360 qua
1430 5306 1495 5346 ex
1521 5308 1585 5346 eo
1618 5296 1907 5362 repetenda
1946 5291 2068 5351 sunt

482 5374 510 5410 a
540 5375 685 5412 num.
715 5361 979 5416 scilicetﬁ
1018 5362 1085 5417 ad
1125 5361 1213 5417 15.
1247 5361 1441 5417 Multos
1479 5364 1640 5417 etiam
1684 5361 2062 5420 hereticorum

481 5430 794 5503 violentiam
814 5432 1167 5503 declinantes,
1201 5434 1254 5486 in
1289 5434 1517 5487 desertis
1542 5443 1597 5487 et
1626 5436 1893 5503 speluncis
1920 5435 2061 5493 fame

479 5511 572 5553 aut
601 5500 799 5569 frigore
832 5501 1021 5556 iisdem
1064 5500 1393 5569 temporibus
1436 5500 1668 5559 necatos“
1699 5507 1863 5559 fuisse
1893 5514 2059 5560 testa-

480 5577 587 5623 tur.
612 5562 717 5624 Sed
752 5573 908 5647 paulo
930 5582 1049 5641 post
1077 5562 1333 5647 tyrannus
1355 5575 1407 5627 iu
1449 5589 1546 5628 suo
1574 5587 1790 5647 peccato
1814 5588 2055 5633 mortuus

480 5650 580 5706 est,
615 5656 732 5715 cum
755 5643 835 5715 sol
869 5654 1067 5698 tantam
1098 5643 1489 5711 crudelitatem,
1527 5643 1582 5698 ui
1615 5644 1853 5715 Gregorii
1882 5650 2053 5701 ‘l'uro-

479 5712 659 5785 nensis
689 5711 866 5766 verbis
893 5724 1029 5782 utar,
1072 5717 1458 5771 exhorruisset.
1495 5717 1568 5770 De
1597 5717 1695 5769 hac
1725 5711 1885 5785 porro
1924 5722 2046 5773 ecli~

477 5784 558 5852 psi
582 5797 737 5854 quam
768 5793 891 5840 tunc
918 5788 1169 5855 temporis
1210 5788 1291 5843 sol
1325 5800 1515 5856 passus
1559 5796 1657 5854 est,
1686 5790 2049 5847 consulendus

2105 4558 2167 4623 D

2189 3251 2328 3304 nulla
2362 3252 2632 3312 excerpsit
2661 3266 2770 3304 suae
2804 3251 3049 3304 Historiae
3080 3251 3372 3307 inferenda.
3399 3256 3467 3305 At
3498 3266 3629 3307 sane
3654 3268 3776 3307 me-

2192 3320 2292 3374 lius
2337 3321 2434 3374 hac
2482 3322 2532 3373 in
2582 3335 2639 3375 re
2667 3321 3020 3376 consuluisset
3052 3324 3379 3390 posteritati,
3418 3322 3462 3376 si
3509 3328 3787 3392 excerptis

2189 3393 2408 3463 minime
2438 3401 2740 3455 contentus,
2774 3401 2880 3445 tatu
2912 3395 3139 3462 pretiosa
3175 3404 3521 3448 monumenta
3571 3396 3784 3463 inteng

2194 3462 2407 3531 srriptis
2456 3463 2901 3517 commendasset.
2958 3464 3165 3517 Etenim
3210 3466 3352 3519 aliud
3409 3479 3440 3518 a
3492 3479 3550 3518 se
3602 3462 3783 3519 visum

2189 3532 2352 3586 fuiSse
2388 3543 2579 3599 praeter
2607 3533 2836 3588 Victoris
2869 3535 3096 3589 Viteusis
3128 3535 3417 3589 Historiam
3443 3575 3456 3595 .
3488 3536 3568 3588 vel
3599 3550 3665 3590 ex
3713 3552 3784 3592 eo

2190 3604 2305 3655 solo
2329 3604 2504 3675 eviuci
2538 3614 2704 3671 potest
2726 3647 2743 3675 ,ν
2766 3605 2907 3674 quod
2947 3621 3009 3659 ex
3044 3608 3226 3670 pattcis
3259 3623 3377 3675 quae
3408 3621 3470 3660 ex
3510 3606 3625 3660 istis
3654 3621 3785 3675 pas-

2187 3674 2428 3727 sionibus
2468 3690 2497 3726 a
2544 3690 2602 3729 se
2628 3674 2857 3728 delibata
2897 3674 3318 3737 commemorat.
3360 3678 3634 3745 complura
3684 3693 3782 3730 oc-

2188 3755 2401 3798 currant
2447 3760 2564 3814 quce
2611 3745 2662 3798 in
2718 3748 2945 3798 Vit-toris
2991 3748 3138 3800 libris
3187 3748 3579 3802 desiderantur.
3615 3747 3777 3803 Unde

2187 3816 2394 3868 etiamsi
2438 3816 2723 3883 aliquando
2767 3816 2878 3870 hzec
2918 3816 2971 3869 in
3010 3816 3241 3872 Vicmris
3284 3819 3510 3871 Historia
3554 3822 3785 3873 exstite-

2187 3886 2323 3949 rint,
2355 3894 2411 3937 ut
2453 3886 2691 3938 nonnulli
2730 3890 3087 3955 suspicantur,
3119 3888 3207 3957 qui
3255 3889 3482 3943 Victoris
3525 3904 3657 3957 Opus
3707 3891 3779 3941 ad

2191 3969 2287 4006 nos
2328 3957 2591 4021 integrum
2623 3970 2725 4009 nou
2763 3959 3069 4023 pervenisse
3102 3968 3313 4023 votnnt;
3346 3974 3450 4012 nou
3481 3962 3659 4013 minus
3696 3970 3783 4013 ta-

2190 4040 2310 4098 nien
2343 4028 2495 4098 nobis
2528 4026 2673 4079 utilia
2719 4026 2892 4082 forent
2930 4028 2996 4081 ad
3038 4031 3363 4098 supplendos
3402 4031 3590 4084 saltem
3638 4031 3781 4086 istos

2192 4094 2476 4150 Victorinus
2507 4098 2751 4150 lli~torire
2783 4099 2982 4157 hiatus.
3012 4094 3208 4154 Verum
3253 4111 3307 4154 ut
3339 4110 3396 4155 ut
3426 4103 3493 4154 sit
3520 4100 3586 4154 de
3615 4103 3783 4155 rebus

2192 4168 2325 4241 istis,
2357 4166 2407 4218 id
2451 4183 2608 4220 unum
2644 4168 2795 4223 nobis
2838 4184 3146 4241 persuasum
3180 4181 3258 4224 est
3280 4213 3293 4236 ,
3325 4187 3386 4225 ca
3417 4172 3623 4226 scilicet
3652 4188 3782 4241 qua

2186 4251 2214 4289 a
2246 4236 2503 4312 Gregorio
2534 4249 2813 4312 narrantur
2836 4240 2905 4294 de
2941 4242 3041 4294 illis
3073 4244 3273 4296 sanotis
3302 4244 3451 4312 viris,
3485 4257 3581 4311 pro
3609 4236 3783 4298 certis

2186 4315 2239 4381 et
2271 4308 2578 4381 mr_lubitatis
2625 4310 2804 4363 haberi
2838 4326 3012 4376 posse.
3049 4322 3102 4365 at
3128 4322 3251 4380 pote
3286 4329 3403 4381 qua:
3439 4308 3510 4367 ab
3538 4315 3783 4367 auctori-

2188 4377 2285 4453 bus
2319 4378 2553 4453 Eugenio
2586 4383 2946 4453 comqnalihus
2986 4377 3177 4450 scripta
3211 4377 3374 4437 luis-st:
3405 4399 3563 4437 nemo
3596 4393 3785 4453 pozest

2187 4447 2430 4524 inficiart.
2459 4449 2591 4524 Cum
2640 4451 2781 4503 enim
2827 4447 3102 4522 Eugenius'
3134 4455 3248 4522 ipse
3282 4464 3438 4524 atque
3480 4447 3783 4524 Gregorius

2183 4522 2372 4572 eodem
2405 4522 2597 4574 sarculo
2630 4526 2965 4576 excesserint
2987 4540 3015 4576 e
3046 4528 3172 4587 vita,
3207 4526 3305 4578 iste
3334 4522 3540 4579 scilicet
3570 4522 3781 4580 sircnlo

2185 4600 2337 4643 sexto
2366 4589 2598 4651 labente,
2634 4593 2721 4645 hic
2763 4596 3014 4648 ineunte:
3051 4596 3162 4649 fieri
3201 4610 3305 4648 non
3342 4604 3515 4661 potest
3555 4605 3611 4649 ut
3652 4610 3784 4664 pas-

2183 4664 2359 4733 siones
2390 4673 2712 4732 martyrum,
2754 4680 2884 4730 quas
2912 4667 3019 4732 jam
3049 4666 3277 4733 scriptas
3319 4666 3595 4721 invenerat
3639 4666 3781 4721 Gre-

2179 4732 2360 4800 gorius
2392 4736 2697 4803 priusquam
2748 4734 3033 4788 llis-tortam
3080 4732 3229 4789 suam
3274 4737 3565 4801 scriberet,
3617 4737 3782 4792 initio

2180 4804 2369 4856 saltem
2401 4804 2483 4858 sui
2515 4806 2693 4857 smculi
2726 4804 2882 4859 editae
2913 4822 3016 4860 non
3050 4807 3264 4861 iuerint.
3294 4808 3430 4873 Quin
3455 4817 3531 4872 et,
3564 4808 3609 4862 si
3635 4822 3781 4863 con-

2174 4873 2397 4941 jecturis
2430 4874 2701 4946 indulgere
2744 4876 2927 4941 liceat,
2966 4877 3252 4932 verisimile
3278 4887 3360 4931 est
3392 4888 3495 4932 tam
3530 4880 3777 4946 pretiosa

2177 4959 2522 5017 monumenta
2550 4944 2617 4997 ab
2656 4948 2890 5013 Eugenio
2921 4949 3141 5017 ejusque
3176 4948 3336 5002 sociis
3376 4950 3427 5003 in
3456 4944 3657 5004 Gallias
3684 4952 3779 5004 al-

2178 5014 2283 5067 lata
2312 5015 2495 5077 fuisse,
2528 5027 2732 5083 patrum
2772 5018 2973 5073 scilicet
3013 5014 3230 5072 suorum
3264 5022 3360 5073 hac
3403 5020 3459 5074 in
3498 5034 3580 5086 re,
3624 5019 3777 5077 sicut

2177 5098 2230 5159 et
2264 5087 2314 5139 in
2363 5088 2792 5159 persecutionum
2842 5089 3121 5143 tolerantia
3162 5092 3462 5159 exemplum
3504 5092 3780 5148 imitanti-

2176 5157 2296 5217 bus.
2321 5159 2411 5233 qui
2443 5157 2645 5233 saeculo
2666 5160 2839 5233 tertio,
2864 5160 2915 5214 in
2950 5159 3199 5233 exsilium
3234 5157 3333 5233 pro
3377 5161 3478 5217 lide
3522 5162 3770 5233 detrusi,

2174 5227 2447 5295 praeclarte
2482 5230 2647 5281 sant-ti
2684 5227 2934 5298 Cypriani
2971 5227 3325 5285 confessionis
3361 5242 3476 5286 acta
3506 5248 3617 5298 pra:
3647 5227 3782 5288 uia-'-

2174 5298 2327 5377 nibus
2355 5311 2567 5377 semper
2596 5299 2891 5377 habebant,
2917 5312 2975 5377 ut
2998 5317 3181 5377 eorum
3214 5303 3439 5377 teetione
3460 5298 3529 5377 ad
3556 5314 3778 5377 marty-

2172 5367 2306 5442 rium
2338 5369 2697 5442 erudrentur,
2734 5372 2871 5441 quod
2919 5374 3030 5442 jam
3076 5373 3478 5428 observavimus
3521 5376 3570 5429 in
3613 5367 3777 5434 Aet'is

2171 5439 2459 5517 Martyrum
2491 5438 2716 5494 sinceris
2748 5438 2873 5517 pag.
2901 5438 3025 5517 1⁷95.
3051 5444 3111 5497 Et
3139 5443 3352 5513 quidem
3386 5445 3608 5513 Eugeuii
3640 5451 3772 5517 epi-

2168 5512 2359 5563 5tolam
2386 5510 2450 5583 ad
2482 5525 2629 5583 suos,
2659 5528 2776 5565 cum
2814 5510 2864 5567 in
2896 5510 3171 5569 exsilium'
3193 5510 3582 5583 depttrtareiur,
3622 5510 3775 5572 scii-

2170 5591 2311 5658 ptant
2344 5582 2559 5658 aliunde
2591 5599 2692 5635 noxi
2728 5585 2975 5639 habuisse
3002 5582 3388 5640 existimamus.
3438 5588 3568 5640 Hinc
3615 5597 3777 5658 patet

2166 5653 2294 5704 nihil
2344 5655 2600 5707 adversus
2646 5657 2833 5707 lmrum
2881 5670 3149 5723 gesmrutn
3192 5658 3473 5711 veritatem
3507 5653 3768 5713 conéludi

2165 5738 2350 5790 posse,
2396 5726 2535 5791 quod
2583 5724 2873 5793 Gri-gmius
2924 5728 2974 5779 in
3014 5728 3359 5782 recensendis
3395 5727 3773 5783 Vandalorum

2163 5809 2345 5862 rogum
2376 5795 2678 5849 nominibus
2708 5798 2887 5864 lapsus
2914 5797 3094 5853 fuerit.
3122 5797 3245 5853 Haec
3274 5799 3416 5854 enim
3443 5815 3508 5854 ex
3537 5802 3777 5868 proprio
