4082 6320
249 351 340 409 397
579 340 909 400 RUINARTI
943 344 1015 415 In
1053 345 1420 411 HISTORIAM
1459 335 1741 393 PERSEG.
1791 336 2084 397 VANDAL.
2124 343 2659 403 COMMENTARIUS
2700 338 3123 400 HISTORICUS.

3209 360 3254 395 tv"
3276 366 3295 375 “
3376 340 3487 401 398

246 460 414 535 itinde,
441 465 632 535 cetera
664 472 792 535 vero
820 472 940 535 qua:
969 457 1036 511 de
1069 473 1311 535 cogente
1339 459 1565 535 aliisque
1591 462 1803 514 conres-
1826 471 1885 533 Α
1908 465 2077 535 desire
2104 463 2542 535 conﬁrmationem
2568 464 2730 517 uiuere
2756 462 2965 535 asserit.
2998 461 3203 535 Locum
3223 468 3486 535 Integrum

245 533 435 588 soribus
481 528 746 584 Africanis
795 527 1035 600 profert,
1086 544 1149 600 ex
1205 530 1590 597 antiquioribus
1638 538 1799 600 atque

245 606 388 659 certis
411 601 767 654 monumentis
794 597 1063 653 hauserat.
1090 595 1352 670 Caeterum
1381 615 1441 654 ea
1472 600 1649 655 omnia
1678 595 1799 670 qua:

242 676 302 731 de
339 674 430 727 hac
466 672 836 740 persecutione
874 677 978 722 tam
1012 672 1063 721 in
1100 668 1260 740 25,0
1288 668 1523 725 Historia
1566 668 1799 727 Franco-

243 760 346 799 rum
378 757 529 812 quam
563 742 614 795 in
656 739 794 812 libro
815 740 895 812 ide
926 739 1106 795 Gloria
1135 739 1425 812 Martyrum
1464 741 1662 807 ret'ert,
1700 759 1798 796 suo

243 818 347 871 loco
375 811 591 867 inferius
618 811 1006 875 exhibebimus,
1039 826 1159 866 cum
1193 811 1442 865 nonnulla
1475 813 1798 879 praemiseri-

240 901 346 940 mus
374 898 488 953 qua:
524 884 590 936 de
634 882 737 936 illis
773 883 1120 937 sanctissimis
1148 880 1546 937 conlessoribus
1576 882 1664 938 alii
1708 900 1798 937 an-

239 967 398 1011 ctores
422 953 641 1008 habent.

298 1026 346 1079 2.
382 1026 450 1078 De
480 1023 698 1093 Eugenii
723 1020 1056 1093 ordinatione
1081 1023 1158 1077 sic
1184 1022 1419 1092 loquitur
1443 1022 1625 1078 Victor
1654 1023 1799 1078 Tun-

237 1096 471 1151 uouensis
512 1092 794 1163 episcopus
820 1094 882 1163 in
921 1092 1233 1148 Chronico:
1276 1093 1485 1147 Viviano
1537 1093 1603 1146 V.
1648 1093 1709 1150 C.
1747 1105 1797 1148 et

239 1167 415 1220 Basilio
459 1162 747 1219 consulibus
795 1162 1208 1233 Carthaginensis
1259 1164 1496 1218 Ecclesiae
1540 1174 1651 1232 post
1694 1166 1796 1220 Ca-

236 1236 446 1305 preolum
463 1278 477 1301 ,
513 1235 909 1307 Quodvultdeus,
937 1232 1196 1307 Eugenius
1221 1236 1484 1307 episcopus
1505 1236 1793 1291 ordinatur.

235 1310 401 1361 Aunus
431 1309 513 1360 his
542 1305 849 1361 consulibus
877 1305 1185 1373 designatus
1214 1305 1352 1374 apud
1388 1305 1652 1362 Victorem
1674 1322 1797 1363 aera)

234 1378 533 1432 Christiana:
572 1392 712 1430 anno
756 1375 862 1431 463
890 1377 1210 1443 respondet,
1249 1391 1355 1447 quo
1404 1391 1534 1431 sane
1574 1377 1795 1447 Eugenii

231 1449 483 1502 uriliuatio
512 1448 811 1515 consignari
850 1450 1050 1509 nequit.
1081 1447 1286 1502 Etenim
1329 1462 1395 1501 ex
1436 1448 1657 1502 alterius
1708 1448 1797 1502 Vi-

230 1520 410 1579 eloris,
456 1518 683 1573 Vitensis
723 1517 924 1573 scilicet
956 1515 1218 1582 llistoria,
1248 1530 1455 1573 certum
1494 1526 1578 1574 est
1627 1517 1796 1588 Euge-

230 1591 361 1643 nium
390 1590 516 1643 huic
554 1588 809 1643 Ecclesia:
842 1587 1147 1656 prmfectutn
1189 1587 1352 1643 fuisse
1392 1590 1491 1644 sub
1530 1587 1797 1645 Hunerico

229 1674 361 1730 rege,
392 1676 516 1713 cum
551 1660 799 1713 nimirum
841 1661 939 1713 iste
980 1659 1235 1730 barbarus
1266 1659 1331 1714 ad
1362 1658 1590 1714 Zenonis
1628 1660 1798 1729 impe-

228 1729 405 1784 ratoris
438 1730 787 1799 Placidia?un
814 1729 1016 1799 Olybrii
1049 1729 1249 1783 relicta:
1278 1745 1481 1798 preces,
1515 1730 1795 1787 catholicis

229 1798 730 1871 Carthaginensibus
752 1798 1080 1871 permisisset
1100 1800 1335 1869 episcOpi
1358 1800 1674 1856 electionem
1692 1843 1705 1863 ,
1739 1810 1797 1857 ut

228 1853 380 1925 iusius
410 1853 597 1926 ﬁsi-nu
635 1853 721 1925 ille
751 1853 935 1925 auctor
976 1853 1176 1924 Iibriv'n
1210 1853 1383 1925 ἰηίίίῖοξ
1410 1853 1492 1926 At
1519 1853 1671 1926 anno
1828 1853 1878 1915 Β

228 1941 543 1997 Gensericus
594 1940 845 1997 lluuerici
896 1951 1043 2007 pater
1088 1951 1139 1995 et
1187 1957 1481 2010 praecessor
1526 1943 1699 1997 adhuc
1745 1944 1796 1998 in

228 2014 353 2066 vivis
391 2014 615 2084 agebat,
650 2022 704 2066 et
731 2011 877 2067 Zeno
909 2011 989 2084 his
1032 2013 1358 2080 temporibus
1403 2012 1637 2067 nondum
1669 2030 1798 2068 con~

227 2084 506 2139 sceoderat
537 2085 863 2151 imperialem
916 2083 1193 2151 thronum,
1240 2085 1312 2138 uti
1350 2092 1555 2138 certum
1596 2094 1710 2149 est,
1744 2091 1801 2139 et

225 2170 284 2207 ex
315 2156 426 2222 ipso
469 2154 695 2208 ViCtut‘is
723 2153 1098 2224 Tunnouensis
1136 2150 1402 2208 Chronico
1434 2156 1644 2223 probari
1676 2171 1801 2224 pos-

224 2236 317 2278 set.
346 2226 494 2281 Sane
522 2240 587 2279 ex
614 2224 731 2279 aliis
763 2223 1125 2294 compluribus
1156 2223 1406 2279 Victorini
1440 2225 1596 2295 hujus
1619 2223 1795 2280 Chro-

224 2296 317 2353 nici
347 2296 489 2350 locis
516 2307 716 2351 certum
757 2303 839 2349 est
871 2295 1009 2348 hunc
1047 2306 1338 2358 auctorem,
1369 2311 1487 2350 cum
1515 2297 1797 2366 episeopos

224 2367 556 2421 diversarum
590 2366 793 2421 sedium
829 2377 1106 2431 recenset,
1139 2366 1296 2420 simul
1328 2369 1377 2421 in
1411 2383 1571 2421 unum
1602 2382 1797 2422 annum

224 2438 393 2503 plures
442 2438 781 2507 congessisse
820 2451 954 2507 quos
993 2446 1169 2507 tamen
1216 2438 1374 2491 Variis
1417 2447 1470 2491 et
1512 2438 1796 2506 plurimum

218 2507 412 2563 dissitis
440 2506 772 2574 temporibus
794 2507 1064 2561 ordinatOs
1087 2506 1249 2562 fuisse
1273 2523 1429 2562 nemo
1454 2509 1793 2564 inticiabitur.

219 2578 298 2633 Sic
326 2581 493 2647 paulo
529 2578 748 2633 inferius
788 2578 1072 2642 Hilarium,
1102 2577 1452 2647 Simplicitum
1480 2588 1532 2633 et
1559 2578 1795 2637 Felicem

219 2650 503 2713 pontiﬁces
532 2651 798 2705 ltomanos
824 2650 875 2704 in
909 2665 1070 2702 unum
1102 2651 1375 2717 congerit,
1402 2649 1541 2704 sicut
1575 2659 1629 2704 et
1656 2651 1799 2705 Gen-

219 2721 427 2775 nadium
453 2760 472 2786 ,
503 2720 806 2775 Anatolium
845 2731 898 2775 et
926 2722 1176 2774 Acacium
1217 2721 1497 2791 episcopos
1535 2718 1798 2775 Constan-

221 2792 627 2859 tinopolitauos,
659 2802 745 2859 et,
779 2802 833 2845 ut
877 2800 1103 2846 caeteros
1133 2799 1366 2855 taceam,
1410 2791 1792 2859 Alexandrum,

216 2860 608 2934 Martyriumet
635 2861 901 2934 lulianum
933 2861 1315 2934 Antiochenos.
1348 2862 1498 2916 Adde
1526 2861 1796 2917 Victorem

216 2950 277 2986 eo
310 2932 413 2988 laci
457 2933 659 2988 nullam
698 2933 1009 3002 Deogratias
1047 2932 1284 3001 episc0pi
1332 2933 1520 2989 fecisse
1564 2936 1796 2987 mentio-

216 3019 378 3075 nem:
423 3019 586 3075 quem
637 3014 816 3075 tamen
867 3003 1003 3057 inter
1051 3002 1507 3075 Quody‘ultdeutn,
1544 3006 1657 3075 qui
1700 3018 1798 3075 pro

216 3074 316 3127 ﬁde
357 3077 410 3128 in
443 3071 689 3129 exsulium
732 3074 915 3143 pulsus
952 3082 1064 3138 est,
1108 3084 1161 3128 et
1205 3071 1499 3143 Eugenium
1542 3073 1797 3128 Ecclesia:

213 3143 625 3214 Cirthagineusi
658 3143 931 3213 praefuisse
961 3153 1189 3198 constat.
1222 3145 1288 3199 At
1319 3143 1537 3214 Eugenii
1581 3145 1797 3199 ordina-

214 3216 622 3301 tionistempus
651 3231 714 3298 ex
745 3216 899 3301 longe
936 3216 1250 3271 certioribus
1281 3217 1606 3301 argumentis
1645 3217 1798 3301 colli:
1825 3233 1872 3301 ρ

207 3301 335 3409 ﬁere
364 3287 520 3354 licet,
557 3303 620 3342 ex
653 3286 717 3342 iis
742 3285 948 3341 seilicet
980 3302 1099 3356 qua:
1133 3301 1294 3356 supra
1324 3301 1442 3355 cap.
1471 3285 1524 3353 6,
1558 3303 1706 3341 num.
1735 3286 1796 3354 6,

244 3374 272 3409 e
321 3357 489 3409 beato
534 3357 842 3409 Deoaratias
883 3358 998 3409 eius
1043 3356 1327 3409 decessore
1374 3358 1795 3409 observavimus.

244 3374 272 3411 e
321 3357 489 3411 beato
534 3357 842 3427 Deogratias
883 3358 998 3426 ejus
1043 3356 1327 3413 decessore
1374 3358 1795 3414 observavimus.

205 3429 341 3482 (iuni
373 3431 521 3481 enim
548 3445 613 3482 ex
645 3429 726 3483 his
754 3436 928 3497 pateat
959 3429 1263 3497 Deogratias
1288 3444 1429 3483 anno
1454 3430 1666 3485 circiter
1688 3428 1795 3484 457

200 3500 270 3551 ad
296 3513 531 3567 superus
554 3498 768 3560 abiisse,
797 3500 1117 3566 aliundeque
1146 3514 1211 3553 ex
1235 3499 1448 3552 Victore
1467 3498 1669 3554 Vitensi
1699 3501 1792 3556 lib.

201 3584 270 3627 ιι,
308 3586 468 3622 ιιιιιιι.
514 3570 575 3634 i,
622 3580 825 3622 certum
874 3569 941 3622 sit
985 3568 1273 3622 Ecclesiam
1320 3568 1797 3637 Carthaginiensem

196 3640 366 3693 anuis
432 3638 501 3691 2t
555 3648 673 3706 post
724 3640 889 3705 ipsius
936 3638 1139 3691 obitum
1184 3638 1439 3703 episcOpo
1489 3638 1795 3693 destitutam

196 3709 520 3771 mansisse;
552 3717 695 3778 patet
723 3722 933 3777 quoque
964 3706 1184 3778 Eugenii
1215 3707 1607 3761 ordinationem
1628 3751 1642 3775 ,
1672 3709 1797 3775 qui,

198 3793 253 3832 nt
283 3795 353 3832 ex
391 3776 583 3833 eodem
612 3776 825 3831 auctare
855 3778 1131 3843 discimus,
1163 3776 1321 3832 beato
1351 3778 1653 3845 Deogratias
1680 3793 1801 3832 suc-

197 3850 415 3913 cessit,
448 3864 590 3902 anno
624 3848 837 3903 circiter
864 3846 962 3903 481
1002 3846 1199 3902 debere
1228 3847 1549 3916 eonsignari.
1593 3848 1655 3901 Et
1684 3848 1803 3918 qui-

200 3922 328 3975 dem
359 3920 468 3974 hoc
498 3932 640 3972 anno
670 3919 903 3973 nondum
930 3927 1110 3987 aperta
1140 3925 1255 3972 erat
1283 3924 1461 3985 gravis
1497 3918 1586 3972 illa
1619 3934 1800 3987 perse-

202 3993 355 4045 cutio
399 4006 502 4059 qua
537 3989 830 4044 llunericus
862 4001 1041 4057 postea
1083 3999 1185 4042 tam
1231 3991 1465 4059 graviter
1488 3989 1799 4059 Africanam

204 4057 454 4117 turbavit
494 4060 816 4127 Ecclesiam,
849 4071 907 4114 ut
936 4074 1097 4129 supra
1141 4057 1260 4128 cap.
1294 4057 1613 4128 preecedenti
1646 4076 1795 4117 num.

210 4131 274 4187 lt)
300 4141 357 4186 ct
388 4134 629 4201 sequenti
656 4133 1019 4200 exposuimus.
1044 4136 1049 4141 ’

273 4206 329 4260 5.
370 4199 545 4258 Porro
576 4202 755 4257 Victor
786 4200 1160 4256 Tuunouensis
1201 4200 1318 4256 loco
1353 4199 1567 4257 laudato
1604 4201 1796 4257 obser-

202 4287 290 4329 vat
316 4275 618 4343 Eugenium
659 4283 767 4343 post
791 4274 903 4326 dira
932 4273 1082 4326 eremi
1109 4273 1287 4326 exsilia
1316 4273 1547 4343 plurimis
1568 4273 1800 4342 aﬂlictio-

206 4346 359 4398 nibus
411 4341 673 4415 plenisque
702 4345 894 4397 clarum
940 4343 1079 4413 apud
1102 4358 1295 4415 iomnes
1324 4341 1517 4406 inisse,
1550 4341 1693 4410 quod
1730 4360 1798 4400 ex

202 4414 441 4471 aliorum
474 4417 633 4470 etiam
666 4414 902 4484 ejusdem
942 4416 1041 4468 aevi
1083 4414 1425 4468 illustriorum
1467 4416 1790 4482 scriptorum

205 4488 539 4542 testimoniis
561 4486 865 4540 conﬁrmari
897 4495 1090 4550 twicSl.
1120 4485 1193 4539 De
1222 4485 1301 4538 bis
1328 4499 1447 4553 quae
1472 4486 1539 4539 ab
1566 4488 1801 4541 Antonio

202 4558 632 4613 Tamallumensi
673 4558 987 4610 Arianorum
1034 4556 1286 4627 episcopo
1328 4557 1378 4609 in
1424 4556 1614 4627 essi‘io
1652 4556 1791 4627 apud

202 4644 323 4683 eum
349 4629 681 4685 constitutus
713 4627 957 4696 pertulit,
986 4642 1089 4682 non
1110 4626 1268 4680 alium
1291 4626 1579 4694 querimus
1603 4626 1792 4682 testem

204 4710 405 4767 prater
440 4699 710 4752 Victorem
740 4699 1029 4759 Vitcnsetu,
1055 4713 1210 4766 quem
1243 4699 1521 4751 consulere
1550 4698 1672 4751 licet
1698 4698 1788 4752 lib.

202 4784 254 4836 v,
294 4787 451 4825 nunt.
490 4770 573 4825 ll.
617 4769 795 4823 Animi
834 4782 963 4821 vero
1005 4768 1167 4836 ipsius
1216 4767 1631 4833 magnitudinem
1677 4771 1797 4836 plu-

203 4844 404 4896 ritnum
448 4843 791 4895 Commendat
833 4838 1075 4893 Gelasius
1107 4852 1237 4905 papa
1275 4838 1325 4890 iu
1353 4838 1575 4901 epistola
1623 4837 1685 4891 l3
1728 4840 1794 4892 ad

203 4912 496 4981 episcopos
531 4911 837 4973 Dardaniae,
870 4910 1060 4981 quibus
1104 4908 1323 4978 Eugeuii
1365 4908 1796 4977 collegarumque

202 4983 343 5037 illius
377 4979 685 5051 exemplum
727 4988 851 5035 ante
878 4979 1060 5033 oculos
1095 4990 1275 5046 ponit,
1309 4987 1420 5051 utne
1452 4993 1508 5031 re
1546 4983 1800 5051 sacerdo-

205 5063 314 5107 tum
357 5060 499 5108 esse'
533 5046 806 5113 ostendat.
858 5050 1151 5119 principum
1196 5046 1475 5103 conatibus
1507 5047 1792 5113 obsistere,

202 5139 325 5179 cum
364 5124 517 5192 regia
558 5125 875 5183 auctoritate
912 5122 1122 5192 lirtuare
1170 5122 1409 5174 nituntur
1435 5134 1496 5173 ea
1540 5134 1656 5187 quae
1691 5120 1797 5192 ad-

202 5210 395 5249 versus
425 5188 649 5264 iustitia:
680 5195 821 5261 leges
859 5195 1007 5245 linnt.
1051 5188 1203 5264 Ecce,
1247 5192 1441 5259 inquit,
1486 5206 1648 5259 nuper
1680 5189 1797 5244 Hu-

202 5268 376 5320 nerico
407 5263 519 5336 regi
557 5263 1121 5336 Vondalictenationis,
1152 5263 1463 5336 ttirrmagnus
1490 5273 1535 5315 et
1560 5264 1797 5336 egregius

202 5340 450 5392 sacerdos
471 5333 524 5391 et
562 5335 821 5406 Eugenius
853 5334 1267 5406 Cartltaginensis
1293 5334 1578 5406 episcopus,
1612 5333 1794 5387 multi-

201 5425 298 5470 que
327 5425 452 5461 cum
484 5403 664 5461 eodeni
713 5405 949 5459 catholici
989 5403 1273 5457 sacerdotes
1312 5403 1468 5475 241
1501 5412 1794 5459 constanter

204 5481 507 5532 restiterunt
567 5478 828 5541 stevienti,
887 5484 1166 5542 cunctaque
1211 5484 1437 5527 extrema
1484 5476 1788 5545 tolerantes,

203 5552 460 5618 hodieque
505 5548 905 5614 persecutoribus
932 5545 1165 5598 resistere
1201 5561 1300 5598 non
1342 5546 1595 5618 omittunt.
1630 5546 1794 5599 Eunt-

205 5624 325 5673 dcm
358 5616 756 5675 Sanctissimntn
785 5618 1072 5672 antistitem
1096 5616 1397 5684 Confessoris
1429 5616 1617 5683 publici
1642 5619 1796 5671 titu'o

206 5704 439 5745 exornat
475 5691 781 5746 Gennadius
814 5687 1157 5745 Massiliethis
1191 5690 1239 5738 in
1273 5686 1525 5755 Catalogo
1566 5688 1795 5757 scripto-

206 5779 322 5815 rum
361 5765 878 5823 ecelcsiasticorum,
906 5773 1064 5828 quem
1098 5760 1305 5811 vivente
1348 5757 1519 5810 adhuc
1558 5758 1796 5828 Eugenio

209 5834 484 5887 bCi'lbL‘bill
512 5852 521 5885 :
557 5834 625 5886 tbi
651 5827 950 5895 enim,t:ap.
981 5830 1068 5893 9'7,
1107 5830 1395 5891 Eugenium
1416 5829 1583 5881 adhuc
1600 5827 1667 5883 ad
1694 5827 1799 5881 Ec-

1820 4602 1877 4663 D

1904 528 2108 585 referre
2131 530 2199 585 ab
2225 545 2284 585 re
2306 544 2417 602 nou
2441 531 2541 602 erit
2562 547 2627 586 ex
2656 549 2761 602 quo
2790 533 3047 588 discimus
3078 534 3209 589 tanti
3243 528 3488 589 viri'elu-

1904 601 2244 656 cubrationes
2274 600 2465 670 quibus
2495 600 2787 658 Ecclesiam
2826 604 3141 660 catholicam
3174 605 3481 661 illustravit.

1903 671 1992 726 Sic.
2018 681 2194 726 autem
2228 671 2389 725 habet
2425 671 2478 725 in
2510 675 2870 729 vetustissimo
2911 685 3104 738 nostrae
3148 675 3487 731 bibliothecas

1901 742 2080 814 Sancti
2112 741 2363 814 Germani
2391 742 2577 797 codice
2604 746 2987 814 manuscripto,
3022 745 3211 801 litteris
3254 744 3484 799 Francu-

1901 813 2138 879 Gallicis,
2171 816 2285 868 sive
2315 813 2709 882 Merovinglcis,
2739 816 2804 870 ab
2837 813 2992 870 antiis
3019 816 3233 872 circiter
3262 826 3477 871 centum

1901 898 2060 957 supra
2090 884 2340 957 mille,ut
2361 882 2479 957 jam
2502 883 2753 951 diximus,
2782 896 3001 941 exarato
3026 902 3039 938 :
3073 885 3331 957 Eugenius
3356 886 3482 942 Cur-

1901 955 2126 1026 thaginis
2156 954 2369 1027 Αῖνίεαε⁸
2384 955 2601 1027 civitatis
2629 956 2919 1027 episwpus,
2948 962 2996 1011 et
3025 954 3283 1027 confessor
3314 958 3483 1027 publi-

1900 1023 2011 1097 cus,
2044 1026 2231 1093 petitus
2268 1040 2299 1077 a
2330 1023 2617 1079 Cltunerico
2654 1024 3005 1097 Valide/orum
3032 1023 3178 1097 rege,
3218 1023 3483 1082 catholica!

1903 1095 2022 1163 fidei
2051 1097 2413 1160 expositionem
2444 1106 2491 1149 et
2523 1096 2743 1150 maxime
2771 1095 2905 1150 vorbi
2943 1095 3159 1150 omousii
3199 1101 3477 1161 rationem,

1900 1181 2151 1237 congemit
2174 1168 2397 1219 omnium
2418 1168 2776 1237 Africanorum
2802 1177 2847 1220 et
2874 1164 3196 1233 Maurorum,
3222 1167 3481 1224 Sardinia!

1900 1244 1947 1308 et
1980 1234 2201 1290 Corsica:
2226 1234 2579 1308 episcOporum
2616 1246 2661 1290 et
2702 1238 3050 1304 confessorem
3086 1240 3172 1308 qui
3222 1239 3273 1291 in
3306 1244 3481 1293 catho-

1902 1306 2001 1359 lica
2041 1306 2439 1378 permanserunt
2468 1307 2591 1376 ﬁde,
2637 1311 2919 1374 composuit
2954 1306 3140 1378 librum
3186 1309 3336 1377 ﬁdei,
3380 1326 3481 1363 non

1899 1377 2069 1431 solum
2092 1389 2388 1432 sanctarum
2416 1377 2830 1445 Scripturarum,
2869 1380 2965 1433 sed
2998 1389 3045 1433 et
3075 1377 3293 1433 Patrum
3338 1381 3479 1435 testi-

1900 1449 2084 1502 moniis
2110 1448 2505 1521 communitum;
2537 1460 2583 1502 et
2611 1466 2699 1521 per
2728 1449 2958 1521 collegas
3002 1452 3332 1521 confessionis
3378 1466 3483 1521 sure

1898 1521 2128 1591 porrexit
2156 1521 2223 1591 ad
2265 1520 2600 1591 portandum.
2639 1519 2797 1591 [Εόὶιί
2838 1520 3077 1587 perrexit.
3101 1519 3228 1575 'Jam
3254 1520 3481 1575 vero'as-

1902 1588 2209 1662 portandus]
2242 1607 2332 1659 pro
2374 1590 2538 1658 ﬁdelis
2584 1588 2773 1661 lingua:
2810 1592 3213 1647 remuneratione
3251 1593 3305 1646 in
3348 1595 3482 1645 exsi-

1903 1659 2064 1723 lium,
2093 1659 2207 1713 vice'
2234 1663 2315 1714 sui
2362 1659 2751 1715 commonitoria
2789 1662 2938 1727 ﬁdei,
2979 1673 3028 1717 et
3064 1664 3213 1717 unius
3260 1665 3394 1718 sacri
3436 1671 3483 1716 et

1903 1731 2236 1783 conservandi
2268 1731 2584 1797 baptismatis
2614 1733 2786 1787 ovibus
2813 1734 2940 1797 suis,
2967 1736 3111 1801 quasi
3142 1744 3312 1797 pastor
3339 1735 3483 1788 solli.

1902 1802 2033 1853 citus
2063 1800 2346 1871 dereliquit.
2372 1801 2739 1874 Altercationes
2760 1820 2957 1874 quoque
2980 1800 3105 1870 ouas
3131 1815 3307 1858 contra
3336 1804 3484 1858 Aria-

1905 1886 1995 1945 nos
2030 1874 2273 1945 prwsules
2319 1888 2409 1942 per
2438 1873 3024 1945 internuntiae/tabuit.
3066 1878 3396 1945 conscripsit;
3435 1885 3484 1932 et

1905 1940 2142 2015 legendas
2170 1960 2259 2010 per
2286 1940 2532 2015 majorem
2562 1944 2740 2015 domus
2766 1943 3048 1999 Chunerico
3086 1940 3291 2001 direxit.
3326 1940 3486 2003 Simi-

1904 2010 2021 2088 liter
2042 2024 2088 2065 et
2111 2030 2282 2088 preces
2300 2010 2577 2088 proquiete
2598 2014 3009 2088 Christianorum
3029 2018 3188 2070 eidem
3207 2020 3340 2072 velut
3359 2036 3484 2088 apo-

1903 2081 2065 2152 logias
2098 2081 2308 2137 Obtulit;
2328 2083 2515 2154 Vivere
2540 2086 2708 2138 adhuc
2744 2087 2813 2141 ad
2839 2088 3274 2154 conﬁrmationem
3306 2081 3486 2143 Ecclec

1903 2153 1993 2206 sia:
2006 2155 2211 2226 dicitur.
2233 2155 2305 2208 Ex
2324 2153 2404 2209 his
2421 2156 2847 2226 autemAEugenii
2869 2153 3136 2226 opusculis
3157 2173 3185 2211 a
3210 2158 3484 2216 Gennadio

1906 2225 2204 2298 recensitis,
2232 2235 2423 2293 praeter
2449 2227 2565 2298 lidei
2590 2223 2955 2283 Conlession‘is
2983 2228 3197 2293 librum,
3226 2231 3313 2298 qui
3344 2239 3486 2286 totus

1908 2293 2134 2369 Victoris
2179 2298 2423 2369 liistorize
2454 2296 2691 2369 insertus
2726 2309 2839 2362 est,
2872 2306 2924 2352 et
2958 2293 3327 2369 suggerendam
3374 2301 3484 2356 llu-

1905 2366 2088 2419 nerieo
2118 2367 2229 2435 regi
2263 2366 2525 2429 oblatam,
2556 2367 2695 2436 apud
2726 2368 2971 2424 eumdem
3004 2366 3294 2433 auctorem,
3330 2374 3484 2430 unica

1904 2445 2149 2510 superest
2177 2439 2290 2506 ejus
2320 2437 2566 2510 epistola,
2595 2454 2752 2509 quam
2783 2441 2835 2494 in
2861 2440 3109 2494 exsilium
3139 2442 3484 2510 abripiendus

1904 2507 1969 2560 ad
2008 2509 2309 2579 suospcives
2337 2507 2784 2579 Carthaginenses
2825 2511 3176 2579 conscripsit,
3216 2507 3273 2566 ut
3307 2528 3400 2568 eos
3430 2515 3482 2571 in

1908 2579 2009 2650 Iide
2048 2577 2308 2633 catholica
2337 2577 2699 2636 conﬁrmaret.
2738 2581 2880 2635 Hanc
2918 2577 3080 2650 porro
3106 2577 3225 2636 cum
3264 2583 3381 2639 aliis
3414 2584 3484 2639 si-

1907 2648 2117 2723 milibus
2152 2653 2248 2723 hac
2273 2661 2403 2723 veie
2428 2653 2845 2723 commonitoria,
2870 2648 2993 2711 seu,
3026 2661 3083 2706 ttt
3109 2653 3235 2707 editi
3267 2654 3485 2723 habent,

1905 2718 2145 2788 epistolas
2173 2720 2284 2775 desi
2327 2725 2438 2775 nari
2484 2720 2704 2777 dubium
2749 2738 2855 2776 non
2901 2732 3003 2778 est.
3049 2723 3306 2779 Eamdem
3350 2718 3486 2779 infra

1906 2806 1969 2844 ex
1996 2789 2256 2846 Gregorio
2282 2737 2616 2846 ’i‘umneusi.
2647 2795 2735 2846 aui
2767 2793 2922 2846 nobis
2949 2795 3091 2846 illam
3123 2799 3479 2846 conservavit-

1906 2789 2256 2864 ex_Gre_g_orio
2282 2789 2616 2864 Turonensi,
2647 2795 2735 2864 qui
2767 2793 2922 2849 nobis
2949 2795 3091 2847 illam
3123 2799 3481 2864 conservavit,

1904 2859 2273 2917 exhibebimus
2302 2864 2367 2917 ad
2405 2863 2611 2930 aliquot
2654 2859 3043 2934 inanuscriptos
3082 2865 3293 2935 codices
3322 2859 3486 2922 colla-3

1908 2938 2034 2986 Ltm.

1976 3000 2029 3055 4.
2064 3002 2360 3059 Cardinalis
2401 3004 2682 3068 Baronius,
2716 3004 2781 3058 ad
2823 3020 3018 3059 annum
3050 3003 3175 3069 495.
3209 3008 3487 3064 contendit

1910 3072 2200 3142 Eugenium
2230 3090 2258 3128 a
2289 3075 2646 3129 Guntabundo
2686 3075 2934 3130 lluuerici
2979 3089 3293 3131 successore
3340 3080 3487 3135 vario

1904 3144 2249 3215 exagitatum.
2275 3155 2330 3202 et
2356 3147 2570 3200 tandem
2596 3158 2743 3202 extra
2770 3147 3000 3202 Africam
3024 3146 3252 3215 ejectum
3285 3147 3336 3201 in
3362 3148 3487 3203 Gal-

1903 3214 2009 3288 lias
2030 3217 2321 3286 appulisse,
2351 3228 2512 3285 atque
2541 3217 2611 3271 ibi
2644 3218 2782 3285 apud
2816 3214 3155 3287 Albigensem
3186 3217 3489 3288 Aquitania)

1908 3286 2176 3341 civitatem
2207 3288 2307 3344 hoc
2334 3289 2449 3356 ipso
2470 3304 2613 3342 anno
2633 3304 2789 3358 quem
2814 3286 2971 3343 etiam
2997 3292 3105 3358 regi
3130 3286 3488 3345 Guntabundo

1901 3369 2199 3413 extremum
2244 3359 2405 3413 fuisse
2446 3358 2596 3422 dicit,
2625 3375 2655 3415 e
2683 3362 2812 3413 vivis
2853 3362 3171 3414 excessisse.
3222 3360 3287 3413 At
3325 3361 3383 3415 V.
3416 3359 3479 3418 C.

1901 3429 2161 3500 Henricus
2200 3428 2464 3496 Norisius,
2519 3430 2609 3484 lib.
2639 3447 2673 3484 ιι
2717 3431 2962 3485 Historizu
3012 3430 3328 3500 Pelagianae,
3357 3446 3480 3499 cap.

1896 3499 1987 3563 21,
2019 3500 2236 3570 Eugenii
2269 3501 2473 3555 obitum
2510 3502 2719 3555 nonnisi
2750 3502 3010 3556 decenuio
3043 3510 3161 3566 post
3192 3503 3483 3572 contigisse

1899 3572 2186 3623 existimat.
2223 3572 2286 3625 Et
2317 3575 2509 3625 merito
2532 3573 2764 3639 quidem.
2792 3572 2920 3624 Na'n
2948 3572 3130 3625 Victor
3159 3572 3485 3627 Tunnunen-

1901 3640 1976 3709 sis
2006 3641 2228 3693 antistes
2261 3642 2309 3693 itt
2339 3641 2628 3706 Chronicn,
2652 3641 2739 3709 qui
2766 3642 2875 3707 jam
2922 3652 3099 3705 antea,
3136 3649 3191 3694 ut
3220 3642 3482 3708 diximus,

1904 3708 2199 3782 Eugenium
2251 3711 2591 3782 postdiversa
2628 3708 2782 3782 eremi
2832 3712 3032 3782 exsilia,
3077 3710 3311 3782 plurimis
3356 3713 3486 3782 afﬂi~

1903 3780 2148 3831 ctionibus
2175 3789 2219 3831 et
2247 3781 2407 3846 poenis
2437 3781 2633 3834 clarum
2661 3780 2822 3833 fuisse
2852 3781 3078 3841 dixerat,
3109 3780 3323 3834 disertis
3365 3780 3484 3835 ver-

1903 3848 1987 3903 bis
2003 3851 2193 3903 asserit
2215 3850 2460 3904 eumdem
2486 3861 2728 3905 sanctum
2754 3853 2923 3905 virum
2947 3852 3046 3904 sub
3061 3850 3327 3906 Theodori
3351 3868 3475 3906 con-

1902 3920 2101 3992 sulatu,
2126 3920 2175 3974 id
2200 3931 2280 3975 est
2300 3923 2529 3992 vulgaris
2547 3938 2667 3976 tera:
2690 3938 2830 3975 anno
2854 3921 2976 3992 .505,
3005 3930 3268 3976 mortuum
3297 3924 3480 3979 fuisse.

1904 3990 1983 4063 En
2014 3991 2130 4056 ejus
2176 3992 2335 4046 verba
2379 3990 2411 4047 ί
2440 3991 2700 4047 Theodoro
2738 3992 2803 4046 V.
2852 3990 2910 4047 C.
2968 3993 3172 4045 consule
3223 3992 3485 4063 Eugenius

1903 4060 2316 4132 Carthaginiensis
2366 4066 2629 4134 episc0pus
2669 4069 2930 4131 confessor
2966 4064 3199 4116 moritur.
3259 4060 3367 4119 Nec
3410 4065 3485 4121 ibi

1903 4146 1990 4185 res
2040 4134 2218 4199 plures
2262 4134 2311 4185 in
2357 4150 2519 4187 unum
2568 4136 2971 4189 commiscuisse
3012 4134 3193 4187 Victor
3240 4134 3482 4190 accusari

1901 4202 2096 4271 poteSt,
2129 4214 2185 4257 ut
2228 4219 2388 4271 supra
2416 4209 2482 4260 de
2522 4221 2587 4259 eo
2615 4206 2921 4260 dicebamus
2953 4224 2964 4257 :
2996 4220 3116 4258 cum
3152 4220 3343 4274 nempe
3396 4205 3484 4261 hic

1902 4274 1968 4327 de
1998 4274 2114 4328 solo
2157 4276 2375 4341 [ingenii
2416 4276 2566 4329 obitu
2601 4277 2759 4330 verba
2795 4276 2969 4338 iaciat,
3008 4278 3253 4344 superius
3302 4287 3482 4332 autem

1904 4360 1990 4415 res
2031 4346 2225 4399 multas
2259 4347 2417 4399 variis
2454 4349 2782 4414 temporibus
2816 4356 2994 4415 gestas
3047 4347 3099 4400 in
3140 4363 3302 4401 unum
3329 4350 3483 4415 quasi

1902 4414 2211 4470 fasciculum
2260 4422 2610 4487 ceugesserit.
2655 4414 2847 4472 Sedet
2894 4418 3120 4471 Victoris
3173 4414 3482 4472 testimonio

1902 4489 2120 4540 alterius
2151 4489 2312 4541 etiam
2346 4489 2548 4557 antiqui
2580 4489 2857 4556 scriptoris
2887 4488 3259 4543 auctoritatem
3292 4488 3483 4557 adjun-

1903 4557 1976 4623 git
2014 4559 2151 4611 idem
2201 4559 2464 4622 Norisius,
2522 4558 2804 4627 fragmeuti
2857 4559 3061 4611 scilicet
3110 4559 3479 4625 vetustissnui,

1898 4629 2039 4697 quod
2071 4630 2299 4696 'l‘yronts
2338 4629 2605 4683 Chronico
2634 4629 2975 4697 subjunctum
3016 4636 3098 4697 est
3141 4627 3279 4694 apud
3324 4630 3483 4680 (laui-

1899 4695 2036 4752 sium
2073 4712 2216 4750 tumo
2259 4699 2274 4751 ι
2315 4697 2583 4752 Lectionis
2617 4698 2884 4763 Antiquae,
2910 4696 2996 4750 ubi
3024 4695 3380 4760 Guntabundu
3413 4699 3482 4751 ita

1902 4768 2166 4836 Eugenius
2189 4777 2440 4835 acceptus
2470 4768 2629 4820 fuisse
2658 4767 2871 4836 dicitur.
2908 4778 2962 4819 ut
3011 4766 3080 4820 ab
3103 4779 3168 4819 eo
3204 4782 3327 4835 rege
3377 4784 3483 4823 non

1899 4834 2207 4904 solumipse
2238 4834 2524 4892 ab’exsilio
2567 4838 2722 4890 tuerit
2767 4834 2928 4907 242
2974 4834 3281 4907 revocatus,
3306 4839 3396 4891 sed
3431 4849 3485 4893 et

1900 4908 2112 4960 ctcteris
2139 4924 2351 4977 quoque
2390 4907 2715 4960 antistitibus
2746 4907 3061 4961 orthodoxi:
3105 4906 3325 4974 Eugenii
3359 4925 3482 4976 prec

1902 4978 2052 5031 cibus
2085 4976 2287 5046 integra
2320 4977 2535 5033 libertas
2569 4976 2729 5031 fuerit
2769 4977 3034 5032 restituta.
3065 4976 3483 5039 Guntamundus,

1906 5048 2078 5117 inquit
2120 5050 2207 5102 ille
2246 5059 2449 5109 auctor,
2504 5050 2649 5101 tertio
2686 5065 2821 5119 anno
2858 5047 3001 5119 regni
3030 5048 3109 5101 sui
3147 5050 3484 5119 cientem-ium

1904 5116 2065 5172 sancti
2095 5122 2330 5190 martyris
2356 5121 2516 5190 Agilei
2537 5121 2675 5189 apud
2699 5116 3059 5189 Carthaginem
3082 5116 3344 5190 catholicis
3364 5119 3483 5170 dare

1904 5191 2160 5261 praecepit,
2195 5189 2425 5261 Eugenio
2456 5189 2850 5261 Carthaginiensi
2876 5191 3135 5259 episc0po,
3155 5189 3271 5260 jam
3300 5189 3361 5241 de
3391 5205 3481 5243 εντα

1902 5260 2019 5316 sitio
2046 5260 2297 5315 revocato.
2328 5262 2461 5316 Tum
2485 5261 2784 5329 subiungit:
2818 5260 3028 5314 Decimo
3049 5269 3221 5313 autem
3244 5275 3376 5312 anno
3408 5277 3482 5312 re-

1903 5334 1992 5406 gni
2019 5335 2100 5387 sui
2144 5335 2380 5388 ecclesias
2410 5334 2779 5406 catholicorum
2816 5332 3040 5406 aperuit,
3079 5342 3125 5383 et
3169 5346 3341 5406 ontnes
3393 5329 3483 5406 ρβι

1904 5401 2211 5468 Sacerdotes,
2250 5415 2443 5473 petente
2478 5403 2865 5473 Carthaginensi
2911 5402 3171 5471 episcopo,
3204 5401 3266 5452 de
3308 5402 3483 5454 exsilio

1904 5477 2173 5531 revocavit.
2211 5478 2350 5530 Idem
2375 5491 2585 5544 qttoque
2619 5482 2880 5544 testantur
2912 5473 3358 5544 pOSterioris_awi
3393 5488 3482 5525 au-

1902 5560 2100 5610 ctores,
2130 5548 2270 5601 inter
2292 5542 2425 5614 quos
2452 5542 3116 5614 HermanuusCOutractus
3152 5543 3203 5595 in
3220 5542 3481 5597 Chronico

1905 5617 2100 5670 laudati
2134 5613 2411 5686 l‘ragmeuti
2443 5614 2599 5669 verba
2619 5613 2975 5681 exscripsiSse
2998 5614 3229 5677 videtur,
3263 5620 3483 5667 testatus

1903 5685 2313 5742 Gun‘ahundum
2347 5688 2555 5740 decimo
2586 5688 2730 5750 regni
2774 5688 2851 5736 sui
2884 5701 3023 5736 anno
3054 5685 3345 5737 (‘alltwlicos
3374 5700 3476 5736 om-

1906 5774 1999 5811 nes
2024 5761 2327 5826 episeopoi,
2359 5756 2714 5826 persuadente
2743 5756 2975 5822 Eugenio
3010 5756 3281 5823 episcopo,
3313 5760 3478 5826 abex-
3568 5761 3583 5775 ⁸

1908 5832 2026 5883 silio
2056 5824 2337 5883 revocasse
2352 5824 2367 5884 f
2387 5837 2439 5881 et
2464 5827 2552 5879 diu
2584 5827 2790 5879 clau~as
2817 5826 3072 5879 ecclesias
3146 5840 3240 5877 ace
3283 5824 3479 5875 reddita
