4140 6336
279 338 367 397 ιοι
584 330 940 389 ἩΠΙΝᾹΒΤΙ
978 332 1043 389 ΙΝ
1083 326 1456 407 HISTORIAM
1496 330 1780 390 PERSEC.
1826 328 2119 391 VANDAL.
2161 328 2698 398 COMMENTARIUS
2737 338 3158 399 HISTORICUS.
3415 344 3522 404 403

277 456 384 510 nius
409 451 711 526 postvarios
727 464 821 519 pro
843 449 1037 506 Christi
1062 452 1279 526 nomine
1303 461 1579 521 superatos
1604 451 1835 526 labores,
1867 453 1922 510 Α
1948 449 2338 526 la_ndiani,_die
2370 453 2677 526 Sgejusdem
2716 461 2937 526 mensis,
2987 460 3174 514 horum
3220 464 3516 523 antistitum

276 531 381 595 post
409 524 642 595 ingentes
671 537 961 595 aerumnas,
981 524 1145 595 semel
1169 530 1222 595 et
1251 523 1442 595 iterum
1470 538 1501 577 e
1524 523 1691 595 patria
1716 522 1836 595 pul-

275 592 356 650 sus
385 595 431 645 in
458 592 891 664 exsiliotandem
916 594 1079 647 vitam
1108 592 1323 658 ﬁnierit,
1353 592 1584 647 viderint
1606 594 1693 664 qui
1722 594 1837 648 hac

275 670 517 733 quaerunt,
544 677 612 716 an
642 663 676 717 ii
708 666 1074 721 tantummodo
1116 670 1379 734 martyres
1420 663 1676 733 appellari
1710 678 1837 733 pose

275 739 389 798 sint,
411 734 494 802 qui
514 734 653 789 inter
674 744 937 789 tormenta
960 750 1021 790 ac
1057 734 1319 803 supplicia
1341 735 1678 804 exspirantes
1697 751 1839 790 mar-

276 807 455 876 tyrium
497 806 940 860 consummarint.
982 807 1139 862 Certe
1177 806 1221 860 si
1274 804 1599 861 confessoris
1654 806 1837 861 titulus

278 874 495 943 Eugenio
520 876 705 947 solum
725 878 1071 939 concedatur,
1103 877 1202 946 ipsi
1240 886 1417 931 tamen
1457 877 1694 947 martyrii
1727 892 1837 932 me-

274 950 417 1002 ritum
440 956 493 999 et
524 946 803 1014 premium
836 963 941 1002 non
973 948 1206 1003 defuisse
1232 962 1389 1002 nemo
1419 962 1525 1002 non
1559 948 1836 1003 fatebitur.

273 1018 322 1089 In
349 1015 610 1089 veteribus
630 1017 846 1089 scriptis
867 1034 985 1089 qua:
1006 1032 1166 1088 supra
1194 1017 1545 1082 laudavimus.
1578 1022 1839 1088 confessor

273 1088 474 1150 dicitur;
509 1087 561 1140 in
593 1086 853 1143 hodierno
874 1086 1050 1144 autem
1072 1086 1343 1143 Albiensis
1363 1090 1607 1144 ecclesia:
1631 1086 1838 1144 mna-

273 1160 343 1213 rio
362 1157 655 1225 appellatur
676 1166 893 1229 martyr,
925 1161 1017 1215 sed
1041 1161 1199 1229 paulo
1222 1159 1400 1229 latiori
1423 1159 1834 1228 signiﬁcatione,

271 1230 449 1298 quippe
476 1242 600 1300 cum
641 1230 690 1283 ei
734 1228 1130 1297 res’ponsorium
1169 1228 1310 1284 istud
1353 1230 1651 1299 assignetur
1694 1234 1835 1300 quod

272 1294 366 1368 pro
381 1294 437 1353 iis
464 1294 557 1369 qui
580 1294 894 1371 sanguinem
921 1315 1076 1357 suum
1108 1315 1214 1357 non
1247 1294 1496 1356 fuderunt
1539 1302 1676 1357 solet
1704 1294 1838 1358 reci-

273 1383 380 1425 lal‘l.

334 1443 409 1495 Il.
440 1441 649 1496 Praeter
674 1441 990 1511 Eugenium,
1018 1451 1129 1497 tres
1158 1442 1291 1498 alios
1325 1441 1663 1498 conchSores
1686 1459 1837 1498 com-

264 1521 518 1583 memorat
542 1512 831 1582 Gregorius
851 1513 1197 1580 Turonensis,
1223 1513 1527 1583 Longinum
1553 1514 1761 1569 scilicet
1784 1524 1837 1569 ct

265 1582 646 1638 Vindemialem
676 1584 980 1654 episcopos,
1010 1594 1168 1654 atque
1196 1585 1550 1639 Octavianum
1580 1585 1838 1640 archidia-

265 1668 474 1719 conum,
505 1654 573 1708 de
600 1653 794 1722 quibus
825 1669 1013 1724 pauca,
1054 1653 1427 1711 deﬁcientibus
1458 1658 1693 1710 vetustis
1724 1672 1838 1710 mo-

261 1726 545 1787 numentis,
574 1723 658 1779 hic
686 1723 911 1780 dicenda
934 1736 1245 1780 occurrunt.
1269 1727 1325 1781 In
1347 1726 1543 1779 Notitia
1568 1726 1833 1791 Africana,

260 1809 401 1863 quam
414 1804 545 1877 post
558 1794 1091 1877 Victoris-Historiam
1113 1797 1312 1877 (Supra
1336 1798 1435 1877 col.
1451 1796 1580 1868 269)
1596 1798 1840 1877 exhibui-

260 1881 401 1937 mus,
418 1866 568 1921 inter
597 1866 730 1920 alios
763 1866 1092 1923 diversarum
1124 1866 1530 1937 pravinciarunt
1562 1866 1836 1924 antistites

256 1938 335 2004 qui
365 1936 622 1992 Iluncrici
652 1940 902 1992 mandato
923 1938 987 1991 ad
1012 1936 1338 1993 conventum
1362 1939 1835 2005 Carthagincuscm

257 2016 626 2080 occurrerunt,
678 2017 988 2080 recensetur
1022 2007 1292 2077 Longinus
1327 2007 1686 2080 Paruaricnsis
1728 2014 1840 2080 epi-

256 2090 437 2143 scopus
479 2095 544 2132 ex
581 2078 892 2133 Mauritania
913 2079 1254 2146 Caesariensi,
1286 2095 1434 2134 num.
1458 2079 1547 2143 45,
1572 2092 1624 2134 et
1648 2078 1839 2136 Vinde-

259 2148 421 2202 mialis
448 2148 747 2219 Capsensis
790 2150 1072 2220 episcopus
1111 2166 1176 2204 ex
1221 2151 1489 2220 provincia
1544 2152 1837 2220 Byzacena,

256 2233 391 2273 num.
422 2220 519 2274 60.
558 2220 698 2274 Idem
731 2220 1080 2275 Vindemialis
1126 2221 1178 2275 in
1224 2222 1477 2275 Passionc
1522 2232 1831 2276 sanctorum

254 2292 635 2345 monachorum
682 2307 829 2363 num.
873 2294 906 2344 5
950 2291 1151 2360 (Supra
1189 2294 1291 2346 col.
1317 2291 1448 2363 263)
1491 2293 1655 2363 sancti
1686 2294 1839 2348 titulo

254 2362 929 2434 donatur,appellaturque
956 2365 1190 2417 sacerdos
1231 2367 1458 2434 egregius
1491 2374 1537 2416 et
1570 2362 1754 2434 Christi
1779 2365 1840 2433 ﬁ-

254 2432 370 2503 delis
399 2433 640 2486 antistes.
688 2432 795 2487 llos
832 2447 963 2488 vero
1017 2435 1160 2502 ipsos
1199 2432 1319 2489 esse
1354 2432 1449 2503 qui
1508 2448 1534 2486 a
1582 2432 1838 2500 Gregorio

251 2502 555 2573 laudantur,
579 2503 681 2557 etsi
713 2506 932 2558 omnino
960 2503 1230 2559 affirmare
1252 2520 1355 2558 noti
1384 2502 1679 2560 audeamus
1694 2522 1721 2573 λ
1742 2521 1834 2558 ve-

252 2572 475 2629 risimile
508 2583 684 2627 tamen
711 2574 863 2629 nobis
888 2574 1119 2629 videtur.
1153 2574 1335 2644 Neque
1360 2574 1502 2629 enim
1535 2576 1622 2630 alii
1653 2572 1840 2631 occur-

250 2653 367 2697 runt
415 2647 615 2698 horum
648 2645 923 2700 nominum
966 2646 1235 2716 antistites
1275 2645 1328 2699 in
1369 2647 1603 2716 antiquis
1651 2663 1840 2702 monu-

250 2716 459 2785 mentis,
514 2716 605 2785 qui
656 2731 775 2769 cum
828 2716 1068 2785 Eugenio
1121 2715 1532 2785 Carthaginensi
1582 2719 1840 2773 adversus

249 2783 577 2857 Hunericum
632 2796 686 2840 et
733 2783 970 2857 Cyrilam
1022 2802 1119 2856 pro
1168 2786 1269 2842 ﬁde
1317 2783 1517 2842 Christi
1565 2788 1839 2844 decertare

248 2854 403 2928 255
456 2854 793 2928 potuissent;
834 2854 1064 2913 Eosdem
1119 2858 1169 2911 in
1220 2858 1445 2914 Galliam
1501 2873 1622 2913 cum
1668 2859 1840 2928 Euge-

246 2931 334 2999 nio
364 2929 586 2983 venisse
632 2937 822 2998 putant
852 2928 1189 2999 Albigenses,
1216 2929 1307 2999 qui
1337 2929 1483 2997 ipsos
1511 2930 1649 2998 apud
1680 2930 1842 2984 Vian-

246 2998 383 3052 cium
414 2999 661 3066 sepultos
689 2999 854 3054 luisse
880 2998 1327 3054 commemorant.
1358 3001 1605 3067 Legimus
1637 3001 1689 3055 in
1717 3001 1840 3055 bre-

248 3068 417 3123 viario
452 3069 693 3125 Albiensi
721 3069 788 3124 ad
816 3072 957 3125 dicm
987 3071 1023 3124 2
1048 3070 1296 3125 Octobris
1325 3112 1339 3135 ,
1369 3081 1674 3125 sanctorum
1714 3072 1841 3127 \‘in-

246 3137 497 3223 detnialis
536 3150 592 3195 et
635 3140 862 3223 βίοηείηῇ
911 3150 1205 3223 martyrum
1243 3155 1501 3223 corpora,
1533 3142 1692 3223 simul
1716 3158 1836 3197 cum

1869 1833 1918 1894 B

1944 522 2137 606 uitam,
2155 538 2185 576 a
2213 522 2506 606 Glodelrido
2538 528 2875 606 lelenscbenio
2903 522 2934 586 ὁ
2957 532 3320 602 manuscripto
3335 522 3518 592 codice

1940 591 2225 674 Christinge
2251 595 2456 674 Suesige
2504 599 2701 674 regina:
2742 611 2968 674 erutam,
3015 617 3079 674 ex
3118 591 3245 673 qua,
3284 619 3403 659 cum
3452 591 3520 663 ab

1942 663 2062 739 ipso
2091 663 2521 739 'Ifitianoscripta
2555 667 2720 739 fuisse
2758 663 2985 736 dicatur,
3020 663 3396 739 aliquid'forte
3426 696 3521 733 cs-

1981 734 2147 813 isca_ri_
2174 736 2390 813 licebit,_
2422 748 2530 813 tum
2567 738 2635 793 de
2670 750 2917 813 tempore
2954 734 3061 813 quo
3098 734 3241 800 idem
3280 747 3522 804 Titianus

1988 806 2233 884 arvisinai
2265 806 2522 884 Ecclesiae
2549 806 2923 884 praefuitftutn
2945 806 3014 868 de
3045 814 3285 884 Eugenio
3310 830 3360 873 et
3397 820 3522 874 Viu-

1942 875 2343 956 demiali,__quns
2375 879 2493 956 Itali
2522 875 2814 956 celebrant.
2842 884 2931 956 Sic
2960 898 3088 939 vero
3120 875 3304 956 incipit
3337 908 3349 941 :
3388 890 3520 942 Dum

1943 948 2243 1003 universalis
2263 951 2490 1019 synodus
2510 952 2650 1029 apud
2659 950 3024 1029 Carthaginem
3043 956 3108 1008 ab
3126 948 3385 1014 Honerico
3405 975 3524 1029 rege

1941 1029 2372 1097 congregarelttr,_
2409 1037 2473 1074 ex
2510 1022 2744 1076 omnibus
2781 1021 2950 1097 regnis
2988 1033 3139 1097 atque
3179 1029 3365 1083 ίησαίίε
3408 1021 3523 1097 illi"?

1943 1088 2037 1141 sub
2055 1091 2165 1163 eius
2195 1092 2438 1160 regimine
2458 1103 2577 1146 tunc
2600 1088 3114 1163 temporis'degeba'nt
3131 1136 3146 1161 ,
3178 1098 3262 1153 die
3285 1088 3522 1155 calenda-

1944 1175 2055 1212 rum
2093 1156 2495 1241 Februariarum
2522 1203 2536 1227 ,
2578 1156 2799 1241 sexcenti
2841 1156 3170 1241 septuaginta
3212 1171 3436 1241 episcopi
3468 1176 3522 1226 in

1943 1244 2101 1305 unum
2133 1242 2247 1305 s_unt
2271 1234 2463 1299 pariter
2488 1236 2801 1304 congregati,
2834 1252 2928 1304 pro
2956 1234 3062 1305 ﬁde
3081 1234 3273 1293 sancta:
3309 1249 3355 1293 et
3384 1234 3522 1297 indi-

1944 1301 2110 1355 vidua:
2140 1301 2404 1377 Trinitatis
2432 1301 2678 1359 certat—uri
2700 1321 2719 1368 ;
2745 1301 2868 1374 quos
2897 1301 3005 1377 ipse
3033 1307 3273 1376 deceptus
3305 1311 3522 1366 Ariano-

1941 1387 2054 1451 rum
2081 1374 2520 1451 perﬁdia,_omnes
2558 1377 2738 1451 exsilio
2779 1374 3240 1451 damnarejussit;
3278 1398 3306 1435 e
3341 1383 3521 1451 quibus

1942 1441 2359 1518 Carthaginettsis
2376 1447 2646 1516 episc0pus
2667 1444 2930 1518 Eugenius
2950 1457 2997 1503 et
3023 1441 3365 1504 Vinderriialis
3385 1470 3522 1507 sunt-

1943 1528 2037 1566 mie
2064 1516 2289 1569 scientiw
2318 1532 2624 1585 sumqune
2658 1516 2938 1573 sanctitatis
2975 1520 3107 1573 inter
3151 1522 3282 1574 alios
3307 1524 3522 1577 emicue-

1940 1594 2084 1648 runt,
2107 1593 2154 1638 et
2182 1587 2333 1651 fidem
2355 1597 2543 1640 saneta:
2575 1596 2623 1642 et
2649 1588 2929 1644 individua:
2959 1588 3231 1646 Trinitatis
3256 1594 3522 1647 inviolabi-

1942 1654 2059 1707 liter
2098 1658 2510 1711 constantissima
2563 1675 2684 1711 voce
2728 1661 3058 1715 edocuerunt.
3116 1662 3230 1725 Qua
3288 1664 3351 1714 de
3397 1681 3451 1717 re
3490 1682 3522 1718 a

1944 1727 2165 1801 propriis
2191 1728 2391 1781 sedibus
2415 1729 2634 1797 expulsi,
2661 1732 3079 1801 peregrinationis
3095 1749 3249 1788 causa
3271 1734 3338 1786 ad
3356 1744 3523 1789 trans-

1945 1798 2146 1873 marina
2181 1806 2531 1873 conrotarunt,
2563 1809 2704 1873 etc._
2728 1798 2851 1856 Hinc
2889 1804 2941 1856 in
2975 1802 3114 1857 Vita.
3168 1803 3225 1857 Iit
3263 1807 3523 1873 apuscula

1950 1881 2074 1919 vero
2098 1869 2163 1921 de
2192 1867 2540 1924 Vindemialis
2576 1882 2629 1925 et
2664 1869 2919 1927 Florentii
2952 1867 3314 1928 translatione
3334 1875 3399 1928 ab
3426 1892 3523 1929 en-

1945 1938 2067 1991 dem
2099 1946 2315 2012 attctore
2335 1943 2663 2009 conscripto,
2688 1942 2785 1995 ista
2812 1944 3061 2012 leguntur
3086 1962 3096 1995 :
3129 1941 3380 1998 Florentii
3408 1963 3525 2002 rera

1945 2018 2099 2083 atque
2132 2008 2490 2083 Viudentialis,
2524 2008 2637 2066 licet
2662 2024 2802 2067 ortus
2828 2008 3023 2077 eorum,
3049 2016 3149 2067 rita
3177 2025 3327 2083 atque
3350 2026 3525 2069 tram-

1941 2078 2045 2131 itus
2100 2082 2241 2151 apud
2300 2081 2416 2135 illos
2466 2084 2792 2151 ﬂoruissent,
2856 2085 3003 2139 nobis
3059 2078 3527 2143 tamen'Dontinus

1943 2150 2250 2226 venerabilia
2273 2150 2485 2221 corpora
2502 2163 2943 2226 Aeorum,tempore
2963 2173 3059 2225 quo
3087 2158 3244 2210 voluit
3269 2158 3523 2224 revelavit,

1942 2230 2043 2298 etc.
2075 2220 2435 2298 peFlorentﬁ
2464 2224 2566 2277 vita
2587 2225 2731 2298 nihil
2765 2220 2944 2293 habet,
2975 2220 3083 2281 'sed
3108 2226 3181 2298 de
3208 2226 3369 2298 2&6
3401 2220 3526 2282 Vin;

1946 2290 2161 2365 dentiali
2203 2301 2362 2365 atque
2397 2294 2634 2364 Eugenio
2673 2297 2751 2351 sic
2797 2290 3059 2351 resumit:
3094 2290 3263 2365 1ῃίιῦ
3284 2290 3527 2352 ’ὺῖαιίιςὶο

1943 2377 2056 2415 mus
2098 2361 2431 2437 Vindemialis
2468 2361 2713 2433 lfricano
2758 2366 2869 2437 solo
2912 2377 3076 2434 ortus,
3125 2361 3277 2437 atque
3304 2372 3527 2424 nutritus

1942 2441 2032 2508 est,
2065 2435 2154 2486 sed
2179 2451 2211 2487 a
2257 2434 2401 2508 beato
2440 2436 2731 2506 confessore
2775 2435 2966 2491 Christi
3012 2434 3250 2508 Appiano
3288 2439 3527 2507 episcopo

1941 2505 2169 2581 edoctus,
2199 2515 2245 2557 et
2270 2507 2904 2581 _aelesti_conversatione,
2937 2508 3041 2576 ﬁde
3067 2505 3126 2561 ac
3154 2510 3401 2581 religione
3429 2505 3526 2581 im-

1941 2573 2109 2649 butus,
2141 2576 2422 2649 presbyteri
2450 2577 2743 2646 dignitatem
2772 2573 3007 2646 adeptus,
3040 2582 3091 2632 in
3120 2595 3220 2648 quo
3243 2573 3395 2649 digne
3419 2580 3528 2634 Deo

1942 2645 2167 2699 militans
2196 2650 2267 2699 ad
2298 2645 2617 2716 episcopatus
2646 2664 2773 2702 onus
2814 2645 2970 2716 usque
2996 2645 3251 2718 pervenit;
3284 2645 3370 2703 an
3400 2660 3446 2703 et
3474 2654 3528 2704 in

1942 2717 2169 2791 partibus
2196 2718 2385 2791 Africi:
2404 2734 2508 2770 una
2530 2735 2642 2791 cum
2669 2717 2920 2791 Eugenio,
2946 2717 3107 2774 multa
3131 2737 3221 2791 per
3239 2722 3358 2775 illos
3378 2724 3527 2791 signa

1946 2788 2221 2859 magniﬁca
2251 2798 2297 2841 et
2338 2789 2732 2859 innumerabilia
2752 2788 3091 2859 omnipotens
3124 2788 3375 2844 Dominus
3406 2788 3527 2858 ope-

1944 2860 2049 2910 rari
2098 2857 2340 2927 dignatus
2386 2870 2481 2914 est.
2558 2858 2757 2914 Deinde
2796 2857 2923 2916 vero»
2956 2870 3057 2914 tam
3106 2857 3528 2931 peregrinatioms

1943 2944 2097 2982 causa
2122 2946 2272 2999 quam
2320 2940 2366 2982 et
2406 2931 2782 2999 pra'dicationis
2826 2932 2885 2984 ob
2932 2946 3157 2986 amorem
3202 2932 3411 2995 Christi,
3458 2935 3526 2984 ad

1944 2999 2163 3070 insulam
2188 2998 2448 3052 Corsicam
2475 3010 2825 3068 pervenerunt,
2859 3002 2945 3055 ubi
2988 3002 3111 3055 dum
3140 3003 3292 3070 ﬁdem
3317 3002 3526 3056 Domini

1946 3071 2108 3140 nostri
2126 3069 2251 3123 Jesu
2279 3069 2468 3124 Christi
2505 3072 2873 3140 praedicarent,
2902 3080 3121 3127 etc......
3142 3069 3377 3126 Sanctus
3407 3088 3526 3126 vero

1954 3137 2288 3212 Vindemialis
2303 3158 2365 3195 ea:
2392 3137 2623 3212 praefatis
2649 3144 2878 3208 partibus
2903 3144 3214 3212 regrediens,
3239 3144 3526 3197 maritima-

246 3211 414 3284 sancti
444 3211 669 3284 Eugenii
713 3208 881 3267 sacris
903 3208 1143 3284 reliquiis
1184 3228 1246 3268 ex
1275 3208 1393 3267 vico
1418 3211 1637 3267 Viam-io
1666 3216 1716 3267 in
1744 3230 1831 3267 ca-
1864 3208 1911 3273 C
1942 3226 2040 3284 quc
2065 3211 2241 3264 littora
2264 3208 2537 3278 circuieni,
2567 3212 2862 3284 procellosis
2883 3208 3122 3284 ﬂuctibus
3150 3215 3287 3267 ultra
3315 3230 3527 3284 progre-

248 3279 551 3337 thedralem
583 3284 865 3338 ecclesiam
896 3279 1204 3339 Albiensem
1238 3283 1491 3339 translata
1522 3284 1687 3339 fuisse
1727 3303 1738 3338 :
1782 3293 1838 3341 et

243 3352 465 3475 quidem
512 3354 563 3408 in
596 3354 797 3409 chartis
838 3355 1091 3409 comitum
1134 3353 1546 3420 Tolosanorum,
1594 3371 1727 3425 quas
1768 3370 1834 3411 ex

288 3424 461 3475 atello
491 3439 650 3475 sunra
697 3426 1025 3475 laudavimus
1052 3467 1067 3475 -
1106 3440 1210 3475 non
1256 3426 1429 3475 solum
1469 3426 1739 3475 Eiiuenins
1783 3436 1834 3475 at

288 3424 461 3478 atello
491 3439 650 3494 supra
697 3426 1025 3479 laudavimus
1052 3467 1067 3488 ,
1106 3440 1210 3479 non
1256 3426 1429 3480 solum
1469 3424 1739 3494 Eugenius
1783 3436 1837 3482 et

239 3493 611 3565 Amaranthus
632 3496 685 3549 in
716 3496 915 3549 Viancii
940 3498 1168 3551 ecclesia
1193 3498 1530 3565 requiescere
1558 3493 1833 3563 dicuntur,

237 3564 337 3634 sed
373 3576 429 3616 et
461 3564 551 3618 alii
576 3579 787 3634 quoque
804 3567 992 3631 sancti,
1015 3579 1244 3634 quorum
1272 3564 1491 3619 nomina
1522 3568 1835 3622 reticentur.

238 3633 644 3688 Vindemialem
677 3633 803 3689 item
831 3646 884 3689 et
922 3633 1222 3704 Eugenium
1250 3636 1531 3703 episcopos
1560 3636 1838 3691 celebrant

234 3705 360 3758 Itali
389 3704 1013 3773 scriptores,dequibus,
1036 3720 1157 3757 cum
1182 3704 1425 3759 nonnulli
1448 3706 1591 3773 ipsos
1620 3706 1837 3760 eosdem

234 3788 365 3829 esse
397 3774 832 3828 existimaverint
859 3790 979 3829 cum
1031 3775 1269 3844 Eugenio
1300 3774 1705 3844 Carthaginensi
1728 3816 1742 3840 ,
1787 3786 1842 3831 et

238 3844 572 3900 Vindemiali
617 3863 641 3897 τι
676 3845 936 3913 Gregorio
964 3845 1267 3901 'I‘uronensi
1299 3848 1632 3913 memoratis,
1680 3861 1840 3901 accu-

236 3918 414 3972 ratius
444 3915 533 3969 hic
562 3916 823 3984 agendum
854 3926 953 3971 Cal.

314 3986 408 4041 12.
456 3986 762 4058 ’I‘arvisium
789 3987 918 4041 urbs
944 3997 1023 4041 est
1053 3987 1104 4041 in
1130 3987 1273 4043 Italia
1296 3987 1551 4052 celebris,
1592 4003 1707 4058 qum
1742 3988 1839 4043 toti

240 4058 509 4113 marchize
530 4056 823 4111 'I‘arvisinae
854 4073 1045 4112 nomen
1077 4058 1283 4114 tribuit.
1317 4058 1443 4127 Ejus
1474 4056 1660 4114 incola:
1695 4074 1835 4128 prte-

241 4130 435 4197 cipuos
490 4132 675 4200 patriae
720 4144 829 4181 sua!
872 4138 1206 4198 protectores
1245 4146 1309 4186 ac
1354 4137 1609 4200 patronos
1652 4130 1835 4187 colunt

242 4209 469 4253 sanctos
504 4199 830 4253 Florentium
861 4210 914 4254 et
945 4200 1329 4255 Vindemialem
1359 4199 1664 4269 episcopos,
1703 4217 1836 4267 quo-

247 4286 368 4324 rum
417 4272 580 4324 istum
630 4272 836 4324 ratione
883 4269 1095 4341 Afrum,
1141 4274 1300 4341 atque
1352 4272 1596 4340 Eugenii,
1648 4271 1834 4327 itidem

244 4342 484 4394 Africani
523 4342 779 4408 CpiSt‘Opi,
808 4340 1008 4396 socium
1030 4342 1193 4396 fuisse
1216 4340 1672 4397 'comntetnorant.
1727 4342 1834 4397 Hos

246 4410 430 4483 laudat
468 4412 657 4483 I‘ctrus
687 4413 753 4466 de
776 4411 1066 4478 Natalihus,
1099 4414 1148 4466 itt
1171 4413 1358 4470 eadem
1400 4416 1633 4469 marcltia
1673 4414 1834 4483 Equi-

245 4481 384 4536 Iintts
410 4482 724 4554 episcopus,
757 4483 807 4536 in
837 4484 1095 4552 Catalogo
1123 4494 1429 4539 sanctorum
1459 4484 1553 4537 lib.
1594 4500 1665 4547 tv,
1709 4481 1828 4554 cap.

246 4554 367 4648 HS.
405 4553 497 4607 ubi
526 4553 835 4648 eorqindem
868 4568 1185 4648 corporarex
1210 4554 1377 4637 insula
1408 4555 1663 4648 Gut-sicas,
1710 4553 1832 4636 cum
1865 4588 1915 4648 ο

246 4637 273 4676 a
304 4624 599 4679 Saracenis
630 4625 1015 4689 devastaretur,
1067 4624 1367 4679 Tarrisium
1393 4643 1419 4678 a
1450 4626 1658 4679 Titiano
1691 4626 1832 4693 ejus-

246 4693 364 4746 dem
393 4694 548 4748 urlsis
573 4695 823 4764 episcopo
852 4696 1071 4751 adv'ecta
1103 4695 1265 4750 fuisse
1286 4696 1495 4750 scribit.
1521 4696 1685 4763 Hujus
1702 4711 1833 4751 vero

247 4765 618 4819 translationis
642 4766 885 4821 meminit
914 4781 1123 4835 quoque
1146 4766 1403 4834 Ughelius
1435 4777 1577 4821 tonio
1600 4767 1642 4820 V
1668 4767 1833 4820 Italia:

246 4848 417 4889 sacra:
450 4836 507 4889 in
538 4837 969 4891 'I‘arvisianorum
1016 4836 1387 4905 episcoporum
1427 4838 1689 4905 catalogo,
1741 4836 1831 4889 ubi

246 4905 523 4959 Titianum
555 4921 696 4961 anno
716 4910 929 4961 circiter
954 4906 1477 4975 quadringentesimo
1502 4907 1621 4960 huic
1649 4907 1831 4960 liccle-

247 4978 339 5031 sia:
372 4976 659 5047 prmluisse
701 4977 908 5033 scribit.
944 4978 1077 5044 ιδεά
1118 4988 1373 5046 quantum
1423 4978 1473 5031 in
1504 4977 1830 5045 designanda

247 5048 403 5116 hujus
464 5048 722 5104 antistitis
774 5057 930 5103 astate
963 5064 992 5101 a
1034 5063 1162 5101 vero
1209 5048 1507 5111 deﬁcxerit,
1548 5050 1627 5101 vel
1661 5063 1723 5101 es
1765 5062 1831 5101 eo

247 5120 499 5191 convinci
545 5127 720 5188 potest
773 5120 914 5191 quod
966 5119 1363 5191 Vindemialis,
1391 5121 1545 5191 cujus
1592 5118 1833 5173 Titianus

247 5189 407 5243 vitam
460 5194 747 5257 scripsisse
793 5189 1025 5253 dicitur,
1080 5190 1369 5245 conventui
1420 5189 1829 5255 Carthaginensi

246 5272 367 5314 cum
396 5262 639 5328 Arianis,
687 5262 902 5329 iubente
952 5262 1250 5327 Ilunerico,
1303 5263 1482 5315 habito
1528 5262 1832 5315 interfuisse

249 5340 605 5402 tnemnrelur.
647 5333 715 5387 Et
760 5334 973 5402 quidem
1005 5333 1127 5387 licet
1171 5332 1426 5402 Ughellus
1464 5331 1832 5387 Iluucricianze

250 5398 408 5465 huius
432 5402 742 5459 collationis
771 5398 975 5459 dlsertc
1002 5418 1109 5457 non
1135 5398 1434 5458 meminerit
1456 5445 1469 5468 ,
1504 5419 1619 5458 eam
1651 5414 1831 5458 tamen

247 5475 376 5526 satis
398 5473 714 5541 designasse
744 5476 968 5539 videtur,
996 5488 1114 5529 cum
1138 5473 1426 5541 Eugenium
1459 5484 1509 5527 et
1530 5473 1837 5528 Vindemia-

248 5541 352 5596 lem
400 5541 794 5615 Carthaginensi
838 5555 1018 5603 contra
1058 5545 1276 5599 Arianos
1317 5547 1531 5599 concilio
1576 5545 1833 5615 adfuisse,

248 5621 409 5687 atque
437 5612 660 5670 eosdem
684 5633 747 5672 ea:
767 5616 943 5687 Africa
966 5617 1377 5686 persequentibus
1411 5616 1616 5670 Arionis
1646 5616 1698 5669 in
1724 5612 1837 5669 Ita-

249 5684 371 5737 liam
401 5687 729 5741 descendisse
752 5684 958 5743 scribit.

318 5757 408 5811 15.
457 5756 654 5829 Verum
686 5760 753 5813 dc
790 5760 943 5815 istius
973 5759 1205 5814 auctoris
1241 5775 1398 5815 sensu
1444 5761 1612 5816 fusius
1650 5760 1833 5829 dispu-

247 5833 361 5882 tare
393 5828 532 5884 nihil
582 5831 823 5901 interest,
863 5846 984 5887 cum
1022 5832 1313 5887 habemuis
1345 5843 1487 5885 tonio
1519 5832 1532 5885 I
1565 5833 1683 5886 Maii
1716 5831 1836 5887 Bol-

1944 3281 2113 3357 diens,
2158 3298 2340 3357 usque_
2358 3285 2427 3336 ad
2462 3281 2687 3357 castrum
2721 3281 2987 3340 Sauvense
3022 3287 3250 3357 pervenit
3277 3281 3525 3357 nuarum

1940 3351 2263 3406 sanctissimo
2294 3351 2550 3426 Eugenio,
2598 3372 2843 3426 cumquo
2879 3365 2925 3411 et
2968 3351 3133 3410 multa
3178 3356 3428 3409 miracula
3470 3356 3526 3410 in

1941 3428 2171 3489 partibus
2203 3425 2389 3499 Africa?
2416 3435 2568 3496 atque
2589 3425 2897 3499 Carthagine
2924 3427 3044 3498 egit.
3071 3426 3302 3497 Indeque
3323 3428 3526 3481 venien-

1942 3504 2014 3568 tes
2044 3510 2202 3562 usque
2229 3495 2553 3568 addcastrum
2589 3495 2881 3565 Vandense,
2911 3495 2969 3553 in
3002 3499 3108 3553 illis
3139 3495 3367 3565 partibus
3405 3499 3524 3568 plu-

1940 3565 2124 3616 rimam
2153 3566 2334 3637 papuli
2348 3567 2737 3637 multitudinem
2775 3585 2868 3622 sua
2908 3570 3272 3637 praedicatione
3301 3565 3523 3622 Domino

1943 3644 2118 3708 nostro
2145 3632 2267 3708 Iesu
2295 3632 2497 3708 Christo
2533 3632 3060 3708 acquisierunthutn
3093 3649 3308 3694 sanctus
3344 3639 3527 3708 Euge—

1944 3704 2073 3775 nius,
2091 3704 2143 3755 in
2169 3704 2340 3756 insula
2389 3722 2546 3775 prope
2591 3706 2824 3762 Vadense
2871 3718 3128 3775 castrum,
3182 3710 3378 3761 duobus
3405 3704 3525 3763 inde

1945 3773 2247 3826 milliaribus
2288 3773 2547 3840 distante,
2588 3778 2692 3830 vita
2736 3778 2947 3831 functus
2990 3773 3218 3843 dicitur;
3268 3779 3336 3831 ad
3374 3781 3525 3838 cuius

1945 3845 2224 3909 tumulum,
2278 3846 2448 3914 inquit
2500 3846 2770 3913 Titianus,
2817 3850 2977 3903 multa
3038 3857 3084 3903 et
3132 3849 3525 3903 innumerabilia

1943 3916 2260 3989 amnipotens
2300 3915 2553 3989 Dominus
2601 3919 2842 3989 dignatus
2890 3929 2963 3974 est
2998 3921 3199 3989 aperari
3246 3921 3520 3974 miracula.

1944 3984 2169 4060 Sanctus
2211 4002 2326 4040 vero
2364 3984 2695 4043 Vindemialis
2739 4008 2770 4043 a
2806 3984 3042 4060 pratfato'
3065 4000 3231 4044 castro
3260 3991 3520 4052 recedens,

1944 4055 2203 4130 Corsicam
2233 4074 2540 4128 properans,
2574 4061 2644 4113 ibi
2676 4060 2727 4113 in
2764 4055 2937 4114 sancto
2976 4062 3238 4130 proposito
3275 4062 3521 4114 inconta-

1940 4129 2191 4181 minatum
2218 4130 2441 4185 reddidit
2472 4132 2729 4198 spiritum.
2764 4132 2898 4186 Tum
2929 4132 2996 4186 de
3027 4130 3375 4187 translatione
3404 4146 3432 4183 a
3461 4147 3521 4185 se

1941 4199 2077 4252 facta
2104 4199 2190 4272 psic
2223 4202 2581 4256 narrationem
2621 4203 2995 4272 prosequitur:
3040 4201 3319 4271 Postquam
3347 4218 3378 4255 a
3412 4202 3517 4258 Sa-

1938 4270 2139 4343 racenis
2171 4280 2376 4339 captant
2414 4267 2677 4326 Corsica'ni
2698 4314 2712 4337 ,
2766 4267 3053 4343 multasque
3089 4267 3323 4328 ecclesias
3358 4272 3451 4327 Dei
3488 4291 3520 4327 a

1939 4341 2284 4415 fundamentis
2298 4345 2579 4397 destructas
2596 4343 2760 4415 relatu
2779 4341 3057 4399 multorum
3078 4349 3516 4415 comperissemus,

1937 4428 2030 4479 ego
2079 4411 2318 4466 Titianus
2374 4424 2564 4468 sancte
2606 4414 2919 4469 Tarcisianm
2950 4411 3200 4470 Ecclesia!
3227 4416 3513 4484 episcopus,

1942 4493 2065 4535 nutu
2095 4484 2267 4537 divino
2296 4486 2362 4536 ad
2396 4488 2671 4555 praefatam
2707 4487 2910 4555 perveni
2942 4488 3184 4553 insulam,
3234 4488 3319 4539 ubi
3353 4497 3458 4540 tant
3488 4503 3521 4540 α

1942 4555 2111 4607 nantis
2141 4571 2292 4621 quam
2323 4573 2354 4607 a
2384 4558 2481 4610 loci
2510 4558 2649 4609 illius
2681 4557 2865 4611 incolis
2907 4557 3177 4609 didicimus
3225 4557 3308 4610 ubi
3336 4557 3520 4611 beatis-

1940 4625 2185 4676 simorum
2236 4627 2577 4694 confessorum
2633 4626 2821 4679 Christi
2867 4627 2920 4679 in
2972 4626 3298 4696 sarcophagis
3351 4629 3520 4692 posita

1942 4710 2157 4763 corpora
2196 4698 2419 4766 fuerant,
2476 4696 2806 4749 Vindemialis
2837 4696 3009 4764 utique
3037 4711 3098 4747 ac
3120 4695 3377 4766 Florentii
3410 4698 3522 4766 epi-

1940 4780 2327 4832 sc0pornm.....
2362 4765 2386 4817 1
2396 4766 2496 4818 mle
2522 4781 2738 4834 corpora
2762 4763 2940 4818 eorum
2969 4766 3210 4830 levantes,
3242 4767 3309 4819 ad
3336 4763 3519 4818 Tarni-

1940 4835 2326 4886 sianumsolutn
2354 4836 2759 4901 pervenimus....
2814 4836 3177 4891 collocavimus
3220 4838 3273 4890 in
3307 4837 3520 4890 ecclesia

1942 4904 2124 4974 Sancti
2152 4903 2371 4957 Joannis
2404 4903 2667 4974 Baptistae.

2012 4972 2100 5026 II.
2126 4974 2248 5026 llmc
2275 4983 2450 5029 autem
2480 4972 2638 5044 paulo
2670 4975 2838 5039 fusius
2860 4976 3161 5043 retulimus,
3194 4985 3251 5031 ut
3274 4984 3398 5046 pote
3427 4992 3516 5032 ne-

1940 5046 2168 5098 cessaria
2187 5046 2251 5099 ad
2276 5046 2640 5101 illustrandum
2655 5047 2877 5102 istorum
2895 5056 3202 5103 sanctorum
3221 5047 3516 5102 historiam.
3608 5064 3615 5071 ο

1942 5116 2014 5200 III:
2049 5116 2145 5200 hac
2175 5116 2374 5200 quippe
2405 5117 2596 5200 Titiani
2632 5118 2944 5200 uarratione
2969 5118 3247 5200 complura
3268 5118 3523 5200 colligere

1938 5186 2079 5241 licet.
2108 5186 2289 5241 Primo
2312 5186 2603 5257 ipsummet
2632 5188 2901 5244 Titianum
2930 5188 3116 5245 saeculi
3144 5187 3313 5257 quinti
3346 5186 3519 5255 initio,

1938 5268 1995 5311 ut
2028 5258 2282 5327 Ughellus
2305 5259 2649 5326 existimavit,
2684 5276 2789 5315 non
2828 5261 3065 5315 vixisse:
3092 5257 3354 5325 siquidem
3389 5257 3521 5313 Vitt-

1938 5330 2223 5384 dcntialem
2254 5341 2307 5384 et
2334 5331 2627 5400 Eugenium
2673 5332 2963 5387 conventui
2996 5329 3402 5399 Carthaginensi
3432 5332 3522 5399 qui

1938 5402 2038 5455 sub
2069 5401 2337 5457 IIunerico
2362 5417 2487 5472 rege
2516 5416 2660 5456 anno
2681 5401 2787 5455 484
2811 5409 3034 5456 coactus
3061 5410 3164 5468 est,
3216 5401 3522 5456 interfuisse

1940 5473 2121 5527 relert.
2154 5472 2259 5528 Sed
2284 5483 2339 5528 et
2366 5471 2607 5542 ejusdem
2653 5474 2731 5526 rei
2762 5472 2905 5543 aliud
2938 5472 3143 5543 prabet
3187 5471 3342 5527 nobis
3368 5487 3523 5543 argu-

1941 5552 2202 5609 mentum,
2225 5560 2345 5599 cum
2376 5559 2435 5598 se
2453 5554 2760 5599 sanctorum
2787 5542 3047 5598 Florentii
3086 5554 3141 5599 et
3170 5542 3522 5598 Vindemialis

1939 5628 2165 5683 corpora
2194 5629 2346 5669 suam
2378 5615 2429 5669 in
2474 5615 2657 5669 urbem
2706 5614 3041 5669 transtulisse
3084 5623 3268 5669 narrat
3296 5629 3361 5669 eo
3389 5623 3523 5668 tem-

1941 5700 2068 5754 pore
2094 5701 2199 5756 quo
2232 5694 2350 5755 post
2373 5693 2580 5753 captam
2610 5700 2640 5737 a
2669 5685 2952 5739 Saracenis
2967 5685 3239 5740 Corsicam
3268 5685 3521 5747 insulam,

1940 5756 2131 5811 diruta:
2151 5768 2302 5811 erant
2332 5757 2572 5810 etclesize
2601 5769 2613 5811 :
2649 5771 2765 5826 qua:
2796 5770 2926 5811 sane
2953 5756 3182 5826 septimo
3210 5767 3301 5809 aut
3329 5770 3520 5810 octavo

1938 5828 2158 5895 saeculo,
2183 5828 2376 5894 quibus
2400 5826 2653 5883 Saraceni
2685 5826 2916 5884 insulam
2960 5830 3116 5883 istam
3165 5826 3402 5897 aliasque
3431 5840 3515 5881 re-

3900 6290 4003 6299 i—
