4140 6336
286 368 380 428 405
617 359 938 418 RUINARTI
982 358 1045 415 IN
1089 358 1453 417 HISTORIAM
1493 357 1773 414 PERSEC.
1817 358 2114 419 VANDAL.
2155 361 2692 423 COMMENTARIUS
2734 368 3160 427 IIISTORICUS.
3200 438 3201 441 η

771 476 933 550 355
966 476 1191 533 carm
1239 476 1330 534 ix.

282 579 351 631 De
377 574 558 631 sanctis
593 570 963 639 confessoribus
987 571 1075 639 qui
1098 569 1189 621 sub
1220 567 1576 639 Vaudalorum
1603 580 1837 633 persecu-

341 648 567 709 tionibus,
623 636 951 707 recitantibus
999 636 1273 709 Censerico
1324 642 1413 690 aut
1464 636 1728 690 Huaerico
1772 652 1839 690 ea:

338 718 507 786 Africa
533 708 665 783 pulsi
687 711 763 765 vel
776 711 984 782 profugi
1012 710 1067 763 in
1093 708 1254 763 Italia
1271 711 1574 778 ﬂoruerunt.

3414 366 3524 431 100

1863 473 1918 541 Α
1941 476 2080 558 quod
2108 478 2160 531 in
2206 482 2534 558 monasterio
2570 498 2697 558 asc
2740 485 2875 554 apud
2910 484 3523 558 Neapolimctmstructo

1941 549 2105 629 vitam
2136 549 2750 630 colueriumonasticam
2774 549 2898 630 cum
2929 549 3278 630 Quodvuldeo
3308 562 3361 630 et
3405 556 3521 630 aliis

1940 621 2207 697 cpiscOpis
2233 621 2739 697 es__Ai'ricaAejectis.
2775 621 3053 697 Conseurit
3084 627 3518 697 Martyrologium

1940 686 2237 744 Romanum
2265 690 2353 747 die
2381 692 2455 751 28.
2478 686 2748 758 Octobris,
2782 696 2868 751 ubi
2907 697 3204 752 Gaudiosus
3225 686 3302 751 'in
3332 686 3520 751 mona-

1939 759 2104 837 sterio
2123 760 2263 830 apud
2296 762 2541 819 eamdem
2567 764 2755 821 urbem
2789 777 2979 822 sancto
3008 769 3114 823 line
3143 766 3411 837 quievisse
3440 769 3520 821 di.

342 829 387 882 ι.
444 825 757 890 Complures
802 821 924 877 fidei
970 822 1247 879 catholica:
1293 822 1604 877 defensores
1653 821 1838 877 laudat
1938 831 2095 886 citur.

274 900 454 968 passim
488 895 666 975 Victor
695 892 926 975 Viiensis
956 894 1043 975 qui
1073 892 1833 975 persecutionibus.Vandalo-

274 962 377 1023 iuta
406 964 653 1035 exagitati
702 964 934 1020 Africam
974 962 1347 1019 illuétrarunt:
1382 966 1448 1019 de
1474 962 1665 1031 quibus
1707 980 1830 1019 cum

271 1040 389 1093 nihil
420 1036 699 1092 dicendum
728 1044 978 1090 occurrat
1004 1046 1299 1106 praeterea
1338 1051 1458 1105 qua:
1486 1046 1577 1088 aut
1604 1035 1671 1106 ab
1719 1035 1835 1106 ipso

271 1111 467 1164 Victore
497 1119 885 1171 memorantur,
937 1104 1028 1160 aut
1074 1122 1193 1174 qua:
1225 1104 1276 1160 in
1306 1104 1455 1159 netis
1483 1106 1549 1159 ad
1587 1104 1831 1175 ejusdem

270 1179 482 1233 \ictoris
511 1176 755 1233 lli~toriae
785 1187 1008 1242 textum,
1028 1177 1108 1231 vel
1132 1189 1277 1231 certe
1304 1177 1479 1245 capite
1511 1178 1834 1243 prmcedenti

265 1256 322 1301 ita
346 1259 527 1329 sancto
548 1246 795 1329 Eugenio
818 1246 1281 1329 ejusquecollegis
1307 1264 1334 1299 a
1370 1246 1520 1329 nobis
1551 1248 1830 1329 observata

263 1332 377 1374 sunt
402 1339 414 1381 ;
444 1320 512 1374 de
545 1317 661 1374 illis
679 1317 1015 1387 potissimum
1041 1317 1125 1373 hic
1156 1320 1310 1372 nobis
1334 1318 1595 1387 agendum
1626 1317 1834 1373 incum-

264 1392 333 1445 bit
362 1392 445 1458 qui
475 1407 539 1443 ex
574 1391 750 1445 Africa
776 1389 933 1458 pulsi,
966 1388 1049 1444 vel
1080 1391 1291 1457 prepria
1325 1400 1515 1456 sponte
1561 1388 1833 1444 exsultano

264 1475 355 1524 tes,
390 1462 441 1513 in
470 1460 673 1514 Italiam
703 1462 908 1515 advecti
944 1460 1012 1512 ibi
1059 1461 1406 1520 claruerunt;
1433 1474 1565 1528 quos
1592 1460 1829 1527 quidem,

260 1536 352 1587 etsi
385 1547 551 1600 pauca
593 1531 661 1586 de
712 1532 841 1600 ipsis
870 1546 935 1585 ex
967 1531 1274 1600 auctoribus
1321 1530 1553 1598 antiquis
1607 1529 1831 1585 dicenda

259 1598 545 1671 supersint,
591 1598 837 1656 omittere
877 1615 983 1671 non
1012 1598 1177 1668 licuit,
1213 1602 1427 1668 nequis
1470 1613 1575 1654 tatu
1613 1601 1834 1668 praecla-

255 1669 337 1728 ro;
368 1677 532 1737 viros,
563 1673 631 1727 ob
656 1671 777 1727 fidei
804 1669 1197 1726 confessionem
1242 1670 1364 1724 vitae
1384 1672 1739 1734 sanctitatem,
1768 1688 1831 1726 ac

254 1746 405 1799 etiam
434 1741 694 1798 miracula
729 1743 1020 1812 frequentia
1047 1741 1452 1807 celeberrimos,
1492 1757 1522 1796 a
1548 1742 1706 1798 nobis
1744 1744 1830 1797 ἰῆς

253 1831 404 1883 super
431 1816 644 1869 habitos
666 1813 787 1883 jure
805 1822 1186 1879 conqueratur.

317 1881 368 1940 2.
403 1885 604 1939 Narrat
633 1881 812 1939 Victor
840 1884 1078 1938 Vitensis
1108 1883 1245 1937 libro
1280 1898 1321 1950 ι,
1353 1897 1499 1938 num.
1532 1881 1590 1947 ι,
1621 1883 1827 1941 Gense-

249 1956 411 2010 ricum
440 1970 563 2025 pou
595 1969 804 2024 captam
825 1954 1227 2023 Carthaginem.
1256 1953 1425 2009 divisa
1453 1954 1564 2009 suis
1584 1956 1832 2011 Vandalis

250 2024 449 2091 Africa,
482 2028 814 2095 praecepisse
840 2035 897 2079 ut
926 2024 1164 2094 episcOpi
1189 2025 1346 2080 simul
1374 2036 1424 2079 et
1458 2025 1579 2081 laici
1620 2028 1832 2082 nobiles

246 2112 273 2150 c
302 2097 537 2165 propriis
564 2097 695 2151 locis
716 2107 770 2152 et
792 2096 1035 2153 ecclesiis
1065 2095 1193 2167 nudi
1218 2096 1562 2164 pellerentur,
1603 2112 1759 2167 quos.
1786 2100 1830 2153 si

248 2183 431 2234 parere
458 2176 802 2232 recusarent,
849 2168 900 2222 in
939 2165 1251 2221 servitutem
1305 2167 1470 2235 redigi
1526 2165 1828 2234 imperavit.

245 2238 382 2294 Idem
405 2240 593 2309 colligi
623 2249 796 2306 potest
818 2253 882 2292 ex
918 2237 1034 2292 Vita
1055 2238 1226 2309 sancti
1251 2235 1516 2309 Fulgentii
1543 2256 1663 2307 cap.
1695 2241 1745 2294 1.
1764 2243 1833 2296 At

245 2310 396 2371 longe
426 2308 713 2366 acerbima
751 2320 936 2364 contra
975 2308 1400 2375 Quodvultdeum
1442 2308 1833 2379 Carthaginen-

244 2396 351 2434 scin
380 2384 700 2448 episcOpum
741 2380 855 2436 fieri
902 2380 1189 2449 praecepit,
1232 2388 1288 2433 ut
1326 2381 1464 2434 forte
1504 2384 1685 2436 caueri
1738 2383 1830 2438 tali

242 2453 489 2521 exemplo
517 2470 546 2505 a
565 2466 691 2507 vera
715 2452 973 2519 religione
995 2452 1413 2506 deterrerentur.
1440 2449 1591 2506 Illum
1614 2466 1826 2521 nempe,

242 2532 298 2576 ut
323 2534 513 2578 narrat
551 2522 694 2577 idem
729 2532 917 2577 auctor
944 2521 1079 2576 libro
1108 2521 1345 2587 laudato,
1397 2537 1545 2576 num.
1585 2522 1639 2587 5,
1671 2526 1829 2579 simul

243 2603 288 2645 et
316 2595 603 2657 maximam
629 2592 831 2647 turbam
859 2593 1160 2648 clericorum
1184 2593 1389 2646 navibus
1413 2595 1592 2659 fractis
1616 2596 1829 2658 imposi-

239 2671 333 2729 tos,
360 2665 537 2720 nudos
575 2675 726 2735 atque
756 2665 1065 2733 exspoliatos
1084 2663 1245 2732 jussit
1272 2664 1467 2730 expelli
1493 2681 1507 2719 ς
1538 2680 1665 2734 quos
1696 2666 1831 2720 Deus

239 2736 576 2805 miseratione
599 2734 834 2789 benitatis
856 2751 963 2789 sua:
988 2751 1233 2804 prospera
1277 2734 1602 2802 nauigatione
1623 2735 1831 2805 Neapo-

239 2806 327 2877 lim
354 2804 662 2877 Campania!
682 2806 959 2876 perducere
1000 2806 1235 2875 dignatus
1264 2815 1336 2859 est
1381 2807 1651 2859 ciuitatem.
1708 2804 1832 2861 Hmc

242 2876 450 2940 Victor,
484 2876 578 2947 qui
611 2876 835 2933 ulterius
865 2892 969 2931 nou
1004 2878 1238 2945 loquitur
1259 2877 1327 2930 de
1362 2878 1465 2930 isto
1492 2878 1833 2931 sanctissimo

234 2949 506 3018 antistite,
528 2964 589 3003 ea
606 2950 793 3018 procul
818 2948 982 3003 dubio
1005 2950 1213 3001 ratione
1240 2947 1453 3014 quodea
1480 2955 1684 3001 tantum
1714 2963 1832 3017 quin

234 3017 380 3073 intra
437 3017 679 3075 Africum
732 3021 1066 3088 contigerant
1118 3018 1425 3088 describere
1478 3019 1724 3084 voluerit,
1778 3028 1835 3071 ut

230 3091 369 3143 alias
392 3101 594 3160 aperte
620 3087 1486 3155 dcclsrat.EtenimQuodvultdei
1518 3093 1831 3144 memoriam

230 3163 375 3229 apud
407 3162 869 3231 Carthaginenses
890 3175 996 3215 non
1019 3160 1284 3214 excidisse
1315 3168 1461 3231 patet
1487 3174 1554 3231 ex
1587 3164 1835 3231 vetustis-

2006 904 2062 959 4.
2094 902 2283 977 Exstat
2309 906 2469 962 etiam
2498 921 2640 961 nunc
2659 906 2879 977 Neapoli
2905 909 3313 977 celeberrimum
3343 924 3520 964 sacra-

1937 987 2054 1028 rum
2088 974 2351 1044 virginum
2381 977 2684 1032 coenobium
2711 974 2831 1032 cum
2864 974 3087 1033 ecclesia
3109 980 3213 1033 sibi
3245 980 3517 1046 adjuncta,

1936 1058 2057 1112 qua:
2080 1046 2181 1100 sub
2210 1047 2347 1103 beati
2395 1047 2648 1103 Gaudiosi
2688 1050 2904 1103 nomine
2937 1048 3046 1102 Deo
3073 1059 3278 1103 sacrata
3318 1061 3420 1103 est.
3452 1051 3520 1102 At

1937 1114 2066 1171 illud
2096 1119 2478 1174 monasterium
2500 1120 2569 1174 ab
2588 1133 2656 1173 eo
2684 1120 2825 1187 quod
2847 1118 3148 1174 Gaudiosus
3177 1120 3417 1173 condidit
3446 1121 3520 1171 di-

1936 1199 2146 1241 versum
2172 1192 2394 1245 omnino
2410 1205 2530 1245 esse
2552 1190 2828 1244 contendit
2850 1189 3188 1243 Caracciolus
3208 1188 3261 1242 in
3290 1189 3520 1243 Ilistoria

1932 1254 2311 1326 Neapolitana,
2340 1258 2431 1315 ubi
2476 1259 2731 1314 Gaudiosi
2774 1260 3157 1314 monasterium
3203 1258 3303 1312 sub
3348 1260 3520 1314 sancti

1934 1328 2144 1396 Agnelli
2169 1330 2386 1385 nomine
2411 1345 2551 1385 nunc
2573 1341 2756 1385 notum
2782 1346 2903 1387 esse
2922 1331 3229 1384 arbitratur.
3255 1329 3520 1384 Observat

1937 1408 2120 1453 uoster
2150 1400 2484 1455 Mabillonius
2515 1402 2567 1454 in
2597 1401 2747 1457 Actis
2784 1412 3094 1456 sanctorum
3121 1399 3327 1454 ordinis
3367 1399 3423 1453 S.
3456 1400 3512 1455 P.

1934 1466 1998 1521 N.
2034 1469 2305 1525 Benedicti
2337 1472 2403 1527 ad
2437 1486 2635 1527 annum
2662 1473 2787 1536 596,
2813 1472 2899 1526 ubi
2940 1472 3007 1526 de
3044 1479 3229 1525 sancto
3273 1471 3517 1538 Aguello,

1935 1538 2079 1595 beati
2127 1540 2382 1597 Gaudiosi
2430 1542 2814 1597 monasterium
2845 1557 2911 1596 eo
2951 1544 3003 1596 in
3036 1542 3155 1595 loco
3196 1540 3323 1594 olim
3351 1543 3520 1596 exsti-

1936 1609 2067 1682 _ti~se
2095 1612 2181 1665 tibi
2216 1612 2547 1668 Dominicani
2577 1622 2758 1682 postea
2797 1614 3078 1668 ecclesiam
3118 1613 3431 1666 semirutam
3462 1612 3518 1667 in

1937 1678 2194 1736 honorem
2221 1683 2391 1737 beata:
2413 1678 2591 1739 Marii
2609 1686 2673 1737 de
2701 1684 2932 1740 Sauitate
2957 1685 3112 1751 vulgo
3134 1689 3517 1751 nuncupatam,

1935 1762 2223 1807 erexerunt
2270 1773 2284 1805 :
2341 1753 2481 1823 quod
2510 1769 2573 1808 ex
2615 1753 2780 1811 Paulo
2826 1754 2993 1823 Regio
3041 1755 3091 1807 in
3139 1752 3315 1806 Italica
3344 1754 3520 1823 sancti

1860 1852 1911 1913 ι
1938 1823 2301 1913 ἒςέξξθηξῖίξὲ
2315 1822 3093 1913 ξέειεῖεεξρξεξεε,ξῖι-..βνφεξξειιξῐ
3115 1822 3518 1913 ¹9Ξ³Ε¹Ϊ¹ἘΕΡΡῘ⁶

1940 1890 1980 1944 Τ
1980 1893 2047 1945 rii
2075 1895 2201 1947 olim
2223 1896 2422 1949 dictum
2447 1890 2610 1949 fuisse
2632 1894 2887 1964 Ughellus
2910 1895 3115 1950 scribit.
3144 1890 3405 1948 Craterum
3425 1908 3519 1947 an-

1938 1964 2098 2031 tiquae
2128 1964 2268 2019 beati
2301 1966 2556 2020 Gaudiosi
2588 1967 2832 2020 ecclesia:
2859 1966 3021 2019 situm
3050 1965 3367 2033 dignoscere
3394 1979 3517 2032 pos-

1935 2046 2121 2088 sumus
2157 2052 2222 2089 es
2269 2035 2477 2091 Joanne
2514 2036 2764 2101 diacono,
2815 2037 2903 2098 qui
2948 2036 3086 2104 apud
3131 2034 3409 2104 Ugbellutn
3450 2036 3520 2089 de

1936 2114 2123 2159 uncto
2168 2106 2455 2161 Nostriano
2507 2108 2761 2175 episcopo
2806 2106 3177 2171 Neapolitano,
3230 2104 3319 2172 qui
3362 2106 3519 2172 paulo

1938 2184 2057 2242 post
2086 2178 2256 2230 sancti
2288 2177 2539 2231 Gaudiosi
2564 2177 2852 2232 adventum
2884 2179 3036 2243 vixit,
3068 2190 3252 2245 agens.
3283 2190 3406 2245 eum
3433 2189 3521 2228 se-

1935 2245 2139 2313 pultum
2182 2248 2348 2301 fuisse
2380 2247 2545 2302 refert
2573 2251 2626 2301 in
2650 2249 2861 2302 ecclesia
2893 2248 3021 2300 beati
3049 2245 3299 2300 Gaudiosi
3329 2244 3520 2299 Christi

1935 2319 2256 2384 confessoris.
2286 2319 2409 2382 {aris
2435 2320 2605 2370 urbem
2626 2317 2861 2371 euntibus
2882 2318 2950 2370 ad
2965 2325 3193 2370 sanctum
3212 2315 3519 2368 Januarium

1935 2398 2229 2456 martyrem,
2262 2391 2316 2440 in
2350 2390 2547 2455 porticu
2574 2390 2696 2442 sita.
2743 2389 2816 2442 De
2841 2392 2939 2441 bac
2969 2388 3136 2440 sancti
3168 2386 3406 2441 Januarii
3428 2400 3517 2440 ec—

1935 2460 2097 2513 clesia
2130 2460 2250 2513 vide
2277 2459 2565 2513 Mabillonil
2602 2459 2704 2513 Iter
2731 2458 2987 2519 Italicum,
3023 2472 3139 2525 pag.
3175 2457 3295 2511 IN.

2007 2529 2060 2582 5.
2098 2528 2421 2585 GaudiOsum
2456 2530 2718 2599 Bythinia:
2750 2530 2897 2584 urbis
2936 2529 3249 2598 episcopum
3280 2526 3518 2599 appellat

1936 2597 2193 2667 Ugbellus
2215 2613 2360 2654 temo
2384 2600 2448 2654 VI
2468 2596 2631 2655 Italiae
2655 2614 2843 2665 sacrae,
2860 2596 3015 2668 quem
3041 2599 3111 2651 ibi
3139 2598 3357 2651 Tintasit
3382 2596 3517 2651 Nea-

1936 2672 2158 2735 politani
2181 2671 2417 2738 episcopi
2441 2670 2771 2737 temporibus
2797 2672 2850 2723 in
2877 2671 3074 2723 Italiam
3096 2669 3367 2737 appulisse
3382 2670 3516 2720 scri-

1937 2738 2033 2794 bit.
2055 2740 2215 2795 Certu
2226 2740 2488 2795 Bitltinam
2510 2742 2649 2795 inter
2661 2744 2795 2794 alias
2812 2740 2881 2794 Af
2882 2744 3003 2793 ricta
3015 2740 3177 2811 256
3198 2739 3358 2792 urbes
3368 2753 3518 2811 com-

1936 2821 2203 2866 tnemorat
2230 2826 2533 2881 anonymus
2566 2812 2953 2873 Raveuucnsis,
2987 2808 3101 2877 quo
3120 2808 3334 2881 nomine
3361 2808 3517 2881 facile

1935 2882 2256 2937 crediderim
2294 2878 2634 2935 Abitinensem
2680 2891 2857 2936 notam
2900 2884 3083 2935 urbem
3130 2880 3419 2948 designari.
3453 2878 3519 2932 Et

1937 2952 2150 3020 quidem
2194 2953 2518 3007 Gaudiosunt
2548 2954 2738 3006 vicina:
2770 2951 3285 3015 Cartlmgtinensibus
3310 2949 3518 3002 civitati

1938 3021 2217 3090 prmfuisse
2249 3022 2543 3078 verisimile
2569 3032 2670 3077 est.
2705 3022 2916 3078 Abitina
2948 3032 3126 3074 autem
3160 3022 3288 3074 urbs
3314 3027 3430 3072 erat
3452 3034 3521 3074 ex

1937 3093 2328 3161 proconsulari,
2360 3103 2415 3149 et
2442 3092 2658 3162 quidem
2704 3093 2834 3146 satis
2875 3093 3125 3153 celebris,
3171 3100 3230 3145 ut
3258 3090 3424 3162 liquet
3452 3105 3517 3162 es

1936 3160 2175 3232 ejusdem
2222 3160 2513 3232 provincias
2556 3164 2853 3217 antistitum
2894 3163 3121 3232 epistola
3162 3160 3413 3231 synodica
3452 3160 3521 3232 ad

226 3223 374 3286 sime
413 3223 730 3287 calendario
768 3230 1198 3301 Cartltagineusi,
1240 3230 1329 3285 ubi
1366 3245 1416 3284 vi
1447 3229 1563 3285 idus
1590 3229 1833 3286 Januarii
1860 3223 1908 3286 C
1939 3223 2161 3289 Paulum
2192 3223 2556 3289 P'atriarcham
2595 3223 3269 3298 Constantinépolitanuin,
3314 3243 3435 3297 quae
3464 3230 3519 3301 in

226 3304 505 3369 depositio
524 3302 909 3369 Quodvultdeus
929 3304 1151 3370 episcopi
1166 3311 1511 3357 memoratur.
1540 3304 1682 3357 Idem
1704 3303 1833 3358 Nea-

228 3376 340 3441 poli
377 3376 436 3427 in
493 3375 683 3428 exsilio
721 3375 926 3441 positus
959 3374 1240 3428 confessor
1283 3372 1599 3428 occubuisse
1638 3374 1834 3429 dicitur

221 3444 399 3515 255
430 3446 490 3498 in
521 3445 900 3514 Martyrol0gio
929 3444 1172 3515 lioutauo
1199 3443 1287 3497 die
1310 3444 1385 3515 26
1413 3443 1682 3509 Octobris,
1728 3462 1835 3514 quo

220 3514 375 3569 itetn’
397 3516 499 3568 die
523 3517 825 3569 celebratur
854 3531 880 3565 a
913 3514 1162 3569 Ferrario
1214 3516 1267 3567 in
1313 3514 1571 3584 Catalogo
1598 3519 1834 3581 generali

1937 3306 2167 3360 concilio
2217 3304 2561 3361 Lateranensi
2590 3305 2690 3359 sub
2716 3313 2901 3359 sancto
2944 3304 3191 3369 Martiuo,
3227 3301 3438 3356 actione
3460 3300 3516 3365 2,

1938 3377 2075 3432 lecta
2100 3377 2216 3431 luit.
2247 3378 2349 3445 Ipsi
2371 3378 2570 3446 quippe
2598 3377 2738 3431 inter
2761 3377 2897 3431 alios
2922 3374 3521 3446 subscripsgtdugusta-

1936 3449 1998 3502 fis
2045 3449 2215 3515 gratia
2256 3443 2350 3502 Dei
2390 3443 2657 3519 epionpus
2698 3458 2887 3501 sancta:
2916 3445 3160 3499 Ecclesia:
3194 3443 3519 3519 Abitiuensis.

1937 3513 2333 3572 Abitinenslum
2378 3513 2696 3588 martyrum,
2736 3519 2827 3587 qui
2872 3526 3029 3570 antea
3071 3516 3326 3588 mendose
3357 3513 3523 3588 diuti-

217 3597 563 3640 sanctorum
592 3584 772 3637 Italiae.
799 3585 967 3653 Ipsius
993 3599 1121 3638 vero
1150 3598 1316 3637 sacra:
1341 3584 1581 3650 reliquiae
1611 3587 1662 3637 iu
1694 3587 1835 3653 ejus-

214 3657 365 3710 dem
395 3654 559 3708 urbis
588 3654 835 3716 ecclesia,
865 3655 964 3706 sub
990 3654 1159 3707 sancti
1208 3653 1462 3708 Gaudiod
1493 3654 1709 3708 nomine
1751 3655 1837 3709 di-

212 3734 374 3789 cata,
415 3723 677 3792 religiose
709 3734 1076 3779 asservantur.

298 3798 363 3851 5.
416 3794 757 3849 Gaudiosum
796 3795 939 3848 inter
979 3794 1114 3848 alios
1151 3792 1506 3861 Quodvultdei
1545 3795 1840 3849 exsulantis

217 3868 422 3923 socios
453 3876 744 3920 recensent
774 3876 952 3919 vetera
982 3866 1227 3919 ecclesiae
1255 3864 1618 3933 Neapolitana:
1654 3881 1841 3919 monu-

221 3949 452 3999 menta,
487 3936 710 4004 ejusque
732 3937 990 3991 memoria
1024 3938 1075 3989 in
1104 3952 1163 3991 ea
1191 3936 1325 3990 urbe
1346 3936 1552 3989 czeteris
1575 3936 1842 3991 celebrior

220 4010 353 4074 fuit,
381 4007 469 4063 ob
501 4008 887 4063 monasterium
910 4007 1051 4076 quod
1078 4008 1147 4061 ab
1175 4022 1243 4062 eo
1268 4014 1637 4061 constructum
1677 4008 1841 4063 fuisse

220 4082 443 4144 ferunt,
496 4079 546 4131 in
586 4094 694 4147 quo
743 4087 925 4147 postea
966 4078 1225 4147 Aguellus
1266 4077 1431 4130 abbas
1469 4078 1840 4133 sanctissimus

1939 3604 2117 3642 riemes
2147 3597 2398 3658 martyres
2426 3585 2833 3658 appellabantur
2874 3600 2993 3658 acta
3024 3586 3341 3658 protulimus
3382 3585 3523 3658 inter

1939 3658 2043 3710 alia
2064 3658 2272 3711 sincera
2284 3652 2362 3711 'ad
2384 3652 2580 3711 annum
2597 3656 2725 3720 504,
2748 3672 2870 3726 pag.
2896 3654 3001 3710 409
3016 3652 3035 3720 ;⁷
3055 3670 3122 3707 ex
3146 3653 3338 3726 quibus
3356 3652 3520 3726 etiam

1941 3736 2087 3794 patet
2120 3726 2256 3780 hanc
2279 3727 2465 3780 urbem
2490 3728 2555 3780 ad
2581 3724 3018 3793 proconsularem
3049 3724 3385 3794 pertinuisse.
3411 3724 3521 3794 Au:

1944 3791 2142 3861 liquam
2173 3810 2293 3850 esse
2318 3797 2555 3864 episcopi
2579 3791 2759 3850 sedem
2778 3811 2842 3851 es
2865 3795 3097 3852 concilio
3109 3791 3522 3864 Cartbaginettsi

1942 3860 2044 3921 sub
2079 3876 2266 3921 sancto
2294 3860 2565 3937 Cvpriano
2593 3867 2881 3936 colligitur,
2910 3867 2994 3921 cui
3038 3867 3182 3920 inter
3209 3860 3344 3937 alios
3372 3860 3524 3937 reba-

1943 3940 2203 4007 ptizantes
2256 3930 2494 3993 interfuit
2536 3930 2949 3993 Saturn-inusti!)
2989 3937 3223 3990 Avitinis.
3266 3930 3524 4007 Eamdem

1943 4006 2131 4064 urbem
2173 4020 2436 4064 memorat
2482 4010 2811 4077 Augustinus
2842 4009 2977 4063 libro
3012 4023 3069 4062 Ill
3099 4013 3286 4061 contra
3317 4006 3524 4077 episto-

1943 4081 2047 4135 Iam
2074 4080 2432 4147 Parmeniani,
2464 4090 2517 4135 et
2549 4074 2678 4133 alias
2704 4097 2807 4133 non
2838 4082 3026 4134 semel.
3072 4074 3524 4147 DeuiqueiVictor

223 4152 447 4205 floruit.
487 4148 544 4203 Id
569 4158 792 4203 testatur
815 4160 967 4203 vetus
990 4158 1175 4203 auctor
1204 4148 1445 4217 ejusdem
1462 4149 1668 4215 Agnelli
1690 4149 1835 4214 vitae,

221 4222 390 4290 cujus
428 4220 792 4287 fragmentum
828 4221 1086 4275 Baronius
1134 4219 1429 4290 Annalibus
1458 4219 1839 4274 ecclesiasticis

223 4289 495 4351 inseruit.
544 4291 597 4344 in
634 4306 740 4359 quo
785 4291 900 4345 tmte
940 4291 1008 4345 de
1039 4299 1223 4345 nostro
1251 4289 1521 4345 Gaudioso
1549 4291 1837 4359 leguntur:

224 4362 498 4435 Agnellus
529 4362 684 4415 abbas
707 4365 893 4435 electas
914 4361 965 4415 in
997 4362 1304 4435 monasterio
1338 4364 1472 4430 quod
1496 4359 1669 4435 beatus
1697 4359 1840 4435 Gali-

224 4430 417 4488 diosus
444 4442 782 4503 cognomento
805 4433 1067 4502 Septimus
1090 4432 1298 4497 Cwlius‘,
1329 4443 1523 4503 sanata
1561 4430 1839 4487 Bitiuenais

225 4503 499 4558 Ecclesia
545 4505 779 4573 pontifex
814 4504 869 4557 in
914 4504 1112 4573 Africa,
1150 4503 1366 4557 condere
1407 4502 1600 4555 studuit
1647 4505 1698 4557 in
1726 4503 1838 4557 ‘hac

1941 4152 2181 4221 ejusdem
2208 4152 2485 4205 .Ecclesite
2526 4152 2813 4220 episcopus
2848 4150 3185 4221 catholicus,
3211 4146 3279 4221 es
3325 4146 3390 4221 iis
3420 4146 3524 4221 qui

1943 4217 2096 4275 initio
2122 4223 2371 4276 absentes
2396 4217 2626 4285 fuerant,
2657 4223 2870 4276 tandem
2897 4219 3215 4289 subscripsit
3244 4217 3524 4289 Collationi

1941 4293 2350 4358 Carthagineusi
2397 4309 2516 4362 cap.
2562 4292 2690 4357 9I5,
2736 4308 2857 4347 cum
2896 4293 3003 4362 jam
3045 4288 3200 4362 antea
3234 4288 3383 4362 Felts
3410 4288 3526 4355 ejus

1942 4365 2282 4417 adversarius
2313 4358 2789 4419 iuter'lionatistas
2817 4358 2937 4430 cap.
2976 4360 3077 4416 201
3112 4358 3525 4430 comparuisset.

2014 4437 2068 4489 6.
2116 4434 2370 4489 (ἱευάἰοδί
2420 4436 2622 4489 obitum
2673 4448 2813 4489 anno
2864 4429 2971 4489 453
3025 4432 3314 4501 contigisse
3364 4429 3527 4501 tradit

1948 4504 2199 4573 Ugbellus
2230 4515 2350 4574 post
2376 4504 2663 4571 Capacium
2690 4522 2703 4557 :
2737 4505 2831 4558 sed
2876 4518 2985 4570 quo
3015 4500 3522 4574 funtlamento?_Ba-

226 4570 617 4648 Parthenopen
648 4570 874 4637 ciuitate,
907 4570 1217 4648 eotempore
1246 4586 1346 4648 quo
1376 4588 1439 4627 es
1465 4575 1654 4648 Africae
1682 4576 1841 4643 parti-
1866 4588 1921 4648 ι)
1945 4570 2127 4630 ινίῐηίυε
2164 4570 2415 4648 θιῂηᾶμῐη
2461 4570 2603 4629 anno
2647 4574 2862 4648 circiter
2886 4576 2985 4627 411
3035 4573 3288 4648 floruisse,
3318 4570 3528 4648 dicit-iu

224 4647 321 4699 bus
350 4646 575 4700 aduenit
612 4661 727 4698 cum
753 4655 932 4698 sancto
964 4644 1320 4710 Quodvultdso
1346 4652 1391 4698 et
1425 4646 1618 4697 steteris
1648 4661 1841 4711 prwsu-

228 4717 393 4782 libus,
432 4717 640 4788 fugiens
669 4718 1067 4786 persecutionem
1098 4714 1474 4788 Vaudaforum.
1507 4715 1615 4769 Nec
1645 4716 1837 4770 mirum

226 4798 315 4842 est
338 4786 689 4841 Gaudiorum
719 4788 771 4840 in
803 4796 945 4841 terra
975 4788 1256 4855 peregrina
1287 4786 1622 4838 exsulantem
1656 4800 1841 4839 mona-

226 4860 476 4913 sterium
509 4856 839 4913 condidisse.
870 4856 960 4912 Sic
1000 4859 1143 4910 enim
1185 4864 1344 4910 erant
1375 4858 1497 4908 vitae
1528 4865 1838 4911 monasticae

230 4928 420 4983 affecti
456 4928 784 4983 sanctissimi
808 4929 883 4980 illi
902 4927 1263 4990 confessores,
1294 4936 1353 4980 ut
1370 4927 1762 4994 quamprimum
1788 4930 1838 4980 in

226 5002 418 5055 exsilii
464 5002 641 5054 locum
673 4998 1038 5063 advenissent;
1066 4999 1135 5051 ibi
1162 4998 1484 5051 monasteria
1509 5006 1834 5051 statuerent:

226 5073 381 5139 quod
418 5070 798 5140 compluribus
837 5070 1101 5138 exemplis
1128 5068 1467 5140 comprobari
1500 5077 1698 5140 posset.
1727 5068 1837 5131 Sic,

228 5151 289 5195 ut
329 5142 605 5196 Faustum
650 5140 1145 5210 praetermittamus,
1184 5141 1276 5210 qui
1319 5139 1457 5192 baud
1497 5139 1655 5209 longe
1686 5154 1711 5189 τι
1745 5152 1840 5195 sua

226 5212 511 5267 cathedra
537 5212 817 5282 ablegatus
845 5212 1226 5265 monasterium
1255 5219 1647 5282 construxerat,
1673 5210 1842 5278 Euge-

228 5284 386 5347 nius,
422 5292 486 5336 ut
515 5280 691 5352 capite
711 5283 1039 5351 praecedenti
1060 5283 1312 5341 diximus,
1340 5295 1505 5349 prope
1529 5280 1837 5352 Albiensem

227 5353 281 5407 in
318 5352 507 5408 Gallia
535 5351 832 5417 civitatem,
867 5356 1250 5407 monasterium
1278 5353 1419 5420 apud
1454 5351 1730 5405 Viancium
1766 5356 1842 5407 vi.

229 5440 365 5477 cum
400 5425 723 5490 mdiflcavit;
747 5424 887 5479 idem
912 5424 1087 5477 fecere
1112 5423 1429 5491 Fulgentius
1455 5423 1652 5491 aliique
1669 5427 1839 5479 sancti

228 5496 539 5565 antistites,
569 5497 659 5565 qui
702 5496 804 5550 sub
847 5495 1218 5549 Trasamundo
1267 5494 1319 5546 in
1364 5492 1667 5565 Sardiniam
1705 5496 1839 5559 pulsi

226 5563 489 5621 fuerunt.
540 5563 883 5621 Ruﬁnianum
925 5565 1052 5619 item
1086 5566 1390 5619 Africanum
1422 5564 1755 5630 episcopum,
1788 5565 1839 5618 in

228 5636 424 5691 insula
461 5637 658 5693 Siciliae
688 5637 860 5691 vicina
890 5637 1049 5690 vitam
1079 5636 1431 5689 monasticam
1462 5642 1730 5703 agentem,
1764 5635 1839 5687 iu-

228 5708 369 5760 vlsit
409 5709 554 5763 idem
583 5709 895 5778 Fulgentius
923 5721 1044 5762 cum
1075 5707 1140 5760 ad
1184 5707 1298 5759 loca
1344 5705 1647 5778 sacra__iter
1690 5707 1838 5759 insti-

229 5784 457 5849 t_ueret.
497 5779 628 5834 tare
658 5773 852 5834 merito
883 5781 1062 5849 itaque
1093 5778 1342 5849 laudatur
1369 5773 1671 5849 Gaudiosus
1697 5778 1839 5845 apud

232 5846 567 5907 Fel-ratium
605 5851 659 5905 iu
699 5846 1242 5921 Catalogo'generali
1290 5858 1601 5903 sanctorum
1650 5846 1835 5915 Italus,

1945 4658 2088 4701 notts
2116 4647 2179 4699 ad
2210 4647 2648 4716 Martyrologium
2680 4644 3005 4716 Romanum,
3033 4643 3126 4716 die
3159 4643 3230 4695 28
3253 4638 3524 4716 Octobris,

1945 4718 2050 4779 cui,
2101 4725 2157 4769 tit
2201 4715 2311 4783 jam
2351 4712 2607 4777 diximus,
2662 4714 2828 4783 ipsius
2873 4712 3132 4765 festivitas
3159 4713 3524 4778 consignatur.

1942 4787 2103 4841 Certe
2123 4781 2264 4838 anno
2278 4785 2385 4839 459
2403 4783 2724 4837 Genscricus
2738 4781 3111 4847 Carthaginem
3130 4782 3320 4834 invasit
3342 4792 3529 4832 mense

1946 4856 2184 4917 Octobri,
2219 4865 2380 4923 atque
2423 4855 2580 4923 paulo
2612 4862 2732 4920 pust
2767 4851 3217 4919 Quodvultdeum,
3253 4851 3529 4923 cujusex-

1946 4927 2051 4982 silii
2076 4926 2253 4981 sotius
2276 4920 2576 4979 Gautliosus
2604 4924 2769 4979 fuisse
2789 4923 3245 4991 dicitur,expulit.
3272 4920 3525 4990 Ejusdem

1946 4999 2115 5051 sancti
2148 4998 2242 5050 viri
2271 5010 2467 5065 corpus
2497 4996 2548 5049 in
2591 4996 2733 5061 ipsa,
2768 5010 2927 5063 quam
2970 5008 3127 5065 supra
3150 4992 3525 5065 laudavimus,

1947 5063 2433 5123 sanctimonialium
2450 5068 2677 5121 ecclesia
2701 5063 3101 5133 religiosissime
3120 5063 3334 5127 Neapoli
3353 5074 3530 5133 asser-

1947 5153 2122 5195 vatur.
2154 5140 2288 5194 Hinc
2323 5140 2437 5208 ipse
2462 5132 2868 5207 distinguendus
2888 5145 2992 5199 est,
3042 5142 3103 5208 ut
3126 5144 3308 5208 monet
3350 5132 3527 5184 cordi-

1948 5213 2083 5266 nalis
2122 5203 2398 5275 Batonius,
2439 5210 2504 5264 ab
2547 5203 2916 5273 alioejusiiem
2964 5203 3193 5261 nominis
3225 5213 3410 5257 sancto
3437 5216 3530 5253 au-

1947 5282 2115 5337 tistitu
2143 5282 2295 5351 cujus
2314 5282 2554 5349 reliquiae
2590 5281 2727 5349 apud
2770 5278 3050 5351 Salernum
3095 5279 3146 5329 in
3180 5289 3362 5343 crypta
3396 5276 3530 5326 infe-

1948 5355 2075 5408 riori
2117 5348 2442 5408 cathedraris
2482 5348 2726 5405 ecclesia:
2766 5348 3056 5403 reconditas
3096 5357 3239 5409 sunt,
3287 5359 3529 5412 quamvis

1947 5435 2063 5478 acta
2097 5426 2374 5491 utriusque
2404 5438 2432 5475 a
2460 5423 2729 5476 nonnullis
2759 5419 3065 5491 auctoribus
3092 5417 3249 5491 simul
3277 5417 3527 5491 permista

1950 5494 2166 5548 fuerint.
2212 5488 2465 5547 Ga‘udiosi
2510 5491 2831 5548 Salernitani
2882 5488 3144 5543 festivitas
3190 5490 3242 5540 in
3290 5488 3529 5539 Romano

1950 5566 2324 5637 martyrologio
2345 5564 2432 5618 die
2451 5562 2787 5637 96_Qctobris
2814 5557 3333 5637 memoratu.r._llaud
3353 5567 3526 5637 tamen

1949 5628 2269 5690 arbitramur
2291 5644 2435 5690 recte
2460 5634 2633 5701 colligi
2655 5634 2811 5702 posse
2832 5631 3075 5685 diversos
3098 5629 3263 5684 fuisse
3288 5628 3528 5702 ejusdem

1946 5708 2180 5761 numinis
2226 5716 2461 5769 sanctos,
2509 5700 2874 5772 quod'eorutn
2920 5703 3159 5770 reliquiis
3208 5702 3436 5753 diversis
3473 5700 3529 5772 in

1948 5777 2078 5829 locis
2124 5778 2386 5831 asservari
2429 5770 2695 5836 dicantur,
2739 5787 2858 5827 cum
2899 5774 3095 5843 sacpius
3134 5773 3409 5843 contingat
3435 5770 3530 5843 ali-

1947 5849 2098 5917 cujus
2130 5851 2299 5904 sancti
2328 5846 2570 5917 corporis
2600 5853 2783 5916 partes
2814 5844 2869 5901 in
2898 5837 3129 5900 diversis
3156 5840 3404 5898 ecclesds
3436 5837 3527 5893 ιιι·
