4140 6336
597 401 702 458 407

1600 391 1943 450 APPENDIX
1985 395 2075 450 AD
2122 389 2463 450 VICTOREM
2510 396 2862 453 VITENSEM.

3754 397 3853 452 ‘08

597 517 866 586 beri,quse
891 523 1064 586 tamen
1091 511 1376 586 utrobique
1393 513 1621 586 corporis
1646 511 2172 586 nominedonantur.
2201 511 2255 572 Α
2280 524 2403 586 t_nen
2427 512 2472 565 ei
2503 513 2680 586 omnis
2721 525 2941 586 prorsus
2971 509 3278 586 deneganda
3311 511 3460 564 Iides.
3496 516 3702 586 r.te‘_nim
3734 525 3853 581 cap.

597 580 750 642 Hunc
768 580 1011 654 loquendi
1033 582 1246 638 modum
1269 580 1577 654 inEcclesia
1599 581 2032 654 antiquissimum
2049 595 2170 636 esse

597 673 661 712 ex
694 651 1014 710 Theodorito
1057 662 1225 722 patet,
1254 652 1344 722 qui
1373 651 1443 722 in
1485 651 1709 720 epistola
1742 651 1866 715 150,
1896 652 1962 706 ad
1992 651 2173 706 Timo-

598 729 780 782 theum
813 721 1117 794 episcopum
1155 721 1299 786 data,
1340 721 1509 794 sicea
1537 722 1602 794 de
1629 737 1708 794 re,
1739 722 1901 776 veluti
1928 722 2173 794 derece-

596 791 1132 866 ptissimo'loquendi
1175 808 1273 866 usu
1313 791 1536 846 scribit:
1566 791 1678 860 Ipsi
1716 809 1915 866 quoque
1945 791 2174 866 adhunc

595 862 728 919 diem
749 881 864 918 cum
883 862 1304 933 triumphantium
1326 872 1607 934 martyrum
1631 865 1816 934 templa
1837 862 2170 934 ingredimur,

594 937 843 990 sciscitari
881 937 1102 989 solemus
1139 934 1253 1004 quis
1291 942 1492 986 vocetur
1520 933 1622 1004 qui
1656 933 1709 986 in
1754 933 1900 1004 tlteca
1941 933 2172 986 conditus

594 1016 706 1060 est:
738 1017 782 1059 et
812 1007 989 1074 quibus
1025 1021 1105 1059 res
1135 1001 1365 1074 nota_est
1405 1001 1729 1071 respbndent,
1772 1001 2036 1074 Iulianum
2067 1011 2174 1074 f0:-

595 1089 725 1130 tasse
764 1071 1055 1147 martyrem,
1105 1084 1190 1128 aut
1241 1072 1688 1147 Damnum,_aut
1738 1073 2074 1147 Timotheum.
2108 1071 2174 1124 Et

594 1147 819 1214 quamvis
848 1143 914 1198 ne
947 1147 1144 1215 integra
1178 1145 1384 1215 quidem
1422 1143 1491 1195 ibi
1532 1143 1631 1196 sint
1669 1159 1906 1215 corpora,
1936 1144 2024 1196 sed
2054 1159 2171 1210 per-

595 1213 790 1286 exigua:
815 1213 1066 1282 reliquite,
1088 1214 1344 1267 communi
1384 1224 1550 1286 tamen
1582 1213 1781 1286 nomine
1807 1215 1958 1266 etiam
1987 1229 2174 1286 corpus

596 1282 935 1356 appellamus.
959 1290 1136 1340 Καίτοι
1169 1286 1402 1344 πολλάκις
1429 1282 1550 1356 9136i
1566 1284 1762 1356 τελείων
1788 1291 1887 1356 τῶν
1925 1285 2173 1356 ᾳωμὰτων

595 1353 850 1425 κειμένων,
896 1358 1019 1410 ἀλλὰ
1059 1357 1412 1428 σμικροτάτων
1450 1353 1714 1422 λειψάνων,
1761 1353 2059 1428 ἁλλ’-ὅμως
2076 1362 2172 1428 -τῷ

596 1423 736 1496 κοινῷ
765 1428 970 1498 ὀνόματι
989 1423 1342 1498 ,καὶ-ῖὸ-ᾀῶμα
1366 1427 1829 1498 προσᾳαγορερρομεν.
1875 1423 2042 1498 Porro
2076 1423 2174 1498 Ba:

596 1493 776 1551 ronius
808 1493 860 1549 in
892 1497 1032 1550 notis
1064 1496 1131 1549 ad
1170 1493 1607 1564 Martyrologium
1650 1493 1949 1547 Remanqu
1981 1493 2066 1564 die
2101 1493 2172 1548 26

595 1568 840 1622 Octobris
866 1574 1090 1620 testatur
1119 1581 1177 1620 se
1208 1566 1257 1617 in
1287 1563 1649 1620 vetustissimo
1674 1563 2007 1631 Neapolitani
2038 1564 2168 1617 sub-

597 1639 730 1691 urbii
761 1637 1068 1691 coemeterio
1097 1635 1298 1690 vidisse
1328 1637 1467 1689 inter
1494 1634 1596 1686 alia
1627 1633 1851 1701 insignia
1881 1648 2047 1686 sacrm
2075 1649 2171 1686 an-

597 1709 851 1777 tiquitatis
877 1716 1245 1770 monumenta,
1282 1704 1681 1777 inscriptionem
1721 1705 1887 1758 sancti
1914 1703 2168 1777 Gaudiosi

596 1773 798 1832 tumulo
841 1777 970 1831 olim
1014 1777 1338 1846 impositam,
1380 1789 1538 1846 quam
1581 1775 1650 1828 ob
1689 1783 2006 1828 vetustatem
2044 1773 2168 1828 licet

595 1851 697 1917 jam
723 1864 857 1917 pene
884 1845 1197 1901 diminutam
1220 1845 1530 1917 descripsit,
1543 1859 1615 1917 ert
1637 1859 1862 1917 quantis
1883 1859 2011 1917 eam
2026 1858 2162 1917 quo-

593 1913 696 1988 que
724 1913 810 1973 hic
830 1917 1139 1988 exhibemus
1166 1935 1177 1968 ε
1201 1917 1340 1988 me.
1373 1913 2172 1988 neoylrtscrr‘sﬁsuoto-

594 1983 738 2044 SUS.
775 1988 906 2055 QUI.
935 1987 1119 2042 VIXI'I‘
1150 1986 1400 2041 ANN.....
1438 1985 1567 2039 DIE.
1592 1983 1748 2037 KAL.
1772 1984 2165 2055 NOVEMB.....

596 2054 836 2113 INDICT.
869 2058 953 2112 Vl.
984 2059 1139 2128 257
1188 2056 1263 2128 De
1294 2056 1481 2128 eadem
1511 2055 1793 2128 sepulcrali
1817 2054 2170 2128 inscriptione

592 2139 755 2198 agunt
799 2125 1072 2196 Capacius’
1099 2125 1158 2182 et
1207 2127 1481 2195 Ughellus.
1527 2125 1633 2182 Sed
1683 2141 1753 2198 an
1801 2125 1980 2198 statim
2047 2134 2170 2194 post

593 2196 844 2254 Gaudiosi
868 2200 1068 2252 obitum
1095 2199 1343 2260 sepulcro
1370 2198 1534 2266 ipsius
1567 2196 1811 2263 imposita
1844 2197 2025 2258 fuerit,
2047 2211 2171 2264 pro-

593 2271 838 2324 nuntiare
860 2284 964 2322 non
995 2269 1136 2322 licet.
1156 2267 1296 2322 Sane
1318 2276 1670 2336 praeterquam
1701 2267 1841 2333 quod
1869 2266 2169 2322 Gaudiosus

593 2341 664 2392 ibi
696 2348 899 2393 sanctus
925 2340 1141 2403 dicitur,
1172 2339 1256 2392 cui
1284 2337 1587 2405 confessoris
1615 2336 1800 2389 titulus
1829 2336 2019 2391 melius
2040 2352 2167 2390 con-

594 2412 846 2478 gruisset,
881 2409 1076 2462 mirum
1116 2408 1342 2478 fortasse
1372 2406 1646 2478 videbitur
1691 2406 1981 2478 nonnullis,
2027 2407 2167 2478 quod

593 2475 756 2600 pullat
787 2480 949 2546 ipsius
992 2477 1308 2547 episcopalis
1355 2475 1626 2545 dignitatis
1663 2476 1862 2531 mentio
1904 2477 1975 2531 ibi
2026 2475 2165 2534 facta

619 2564 729 2600 ueri
763 2588 773 2600 .

619 2550 773 2604 uerit.

666 2623 718 2673 7.
764 2620 1051 2687 Antiquam
1109 2617 1361 2673 Ecclesim
1413 2615 1776 2685 Neapolitanus
1827 2617 2165 2674 traditionem

597 2692 879 2745 occasione
919 2691 1155 2759 ejusdem
1210 2687 1377 2742 sancti
1428 2688 1527 2741 viri
1577 2696 1875 2743 memorant
1923 2698 2167 2746 auctores

595 2761 732 2824 Itali,
756 2776 913 2831 quam
946 2761 1029 2814 hic
1059 2760 1464 2831 praetermittere
1492 2773 1596 2812 non
1630 2760 1795 2814 licuit.
1825 2760 1989 2814 Aiunt
2015 2775 2167 2815 nem-

594 2847 660 2900 pe
691 2829 1010 2886 Gaudiosum
1051 2829 1115 2885 ex
1160 2829 1335 2884 Africa
1383 2837 1654 2900 extorrem
1703 2831 1934 2895 factum,
1981 2845 2165 2886 secum

594 2899 735 2956 inter
781 2902 912 2955 alias
964 2911 1267 2955 sanctorum
1318 2900 1568 2969 reliquias
1601 2899 1876 2968 Neapolim
1919 2902 2165 2956 attulisse

593 2973 878 3042 ampullam
919 2973 1176 3036 vitream,
1219 2981 1473 3026 concreto
1519 2971 1776 3040 sanguine
1806 2972 1945 3026 beati
1976 2982 2160 3038 proto-

593 3044 841 3114 martyris
878 3042 1132 3112 Stephani
1165 3043 1452 3109 repletam,
1491 3057 1610 3114 qute
1655 3042 1912 3114 hactenus
1943 3043 1993 3096 in
2023 3043 2167 3112 ejus-

593 3117 713 3167 dem
735 3112 904 3167 sancti
936 3114 1159 3168 ecclesia
1191 3123 1513 3174 asservatur,
1545 3112 1663 3179 ubi,
1698 3112 1868 3182 inquit
1904 3114 2165 3169 Baronius

594 3186 645 3237 in
679 3186 816 3237 uotis
844 3185 908 3237 ad
939 3183 1368 3252 Martyrologium
1414 3184 1710 3237 Romanum
1741 3184 1828 3237 die
1849 3185 1881 3237 5
1903 3185 2161 3252 Augusti,

594 3256 894 3306 miraculum
918 3257 1158 3306 hactenus
1188 3262 1489 3319 perseverat,
1510 3261 1564 3305 ut
1582 3270 1732 3320 super
1754 3255 1915 3307 altare
1934 3255 2165 3319 ampulla

595 3324 760 3390 posita
780 3366 794 3388 ,
837 3326 958 3375 dum
988 3339 1134 3376 sacra
1175 3326 1442 3376 missarum
1470 3323 1714 3376 solemnia
1740 3335 2068 3392 peraguntur,
2099 3325 2164 3378 li-

595 3409 848 3466 quescere_
855 3395 987 3446 velut
1025 3409 1193 3466 recens
1215 3393 1403 3466 e/[usus
1428 3395 1633 3466 sanguis
1657 3393 1933 3461 aliquando
1960 3397 2163 3466 conspi-

595 3463 774 3516 ciatur.
809 3463 1055 3517 Testatur
1084 3464 1220 3516 idem
1254 3463 1512 3517 Baronius
1551 3478 1694 3518 anno
1720 3479 1824 3532 quo
1852 3463 2165 3520 auctoritate

595 3533 834 3601 Gregorii
853 3533 966 3588 XIII
987 3535 1180 3587 summi
1204 3534 1465 3602 pontificis
1481 3535 1842 3589 calendarium
1867 3535 2162 3591 Romanum

595 3604 934 3676 emendatum
985 3604 1116 3676 fuit,
1171 3604 1322 3676 istud
1356 3605 1665 3676 miraculum
1695 3620 1760 3659 eo
1800 3606 1914 3673 ipso
1943 3607 2028 3660 die
2054 3622 2163 3676 quo

595 3674 730 3729 beati
769 3674 1042 3748 Gaudiosi
1078 3674 1268 3748 festum
1301 3673 1397 3728 fuit
1440 3675 1806 3748 celebratum,
1839 3673 2161 3748 contigisse,

594 3759 712 3798 cum
743 3754 895 3799 antea
928 3744 1140 3799 decimo
1165 3745 1502 3800 solummodo
1532 3745 1619 3798 die
1648 3756 1766 3813 post
1793 3748 1950 3814 hujus
1992 3744 2163 3803 sancti

593 3814 934 3869 festivitatem
967 3816 1132 3869 videri
1162 3816 1362 3871 soleret
1397 3835 1408 3868 :
1444 3815 1704 3885 hujusque
1734 3819 1809 3870 rei
1845 3827 2032 3872 testem
2082 3818 2164 3874 af-

593 3885 698 3938 fert
742 3886 1080 3940 Frauciscum
1124 3886 1340 3939 Mariam
1372 3885 1646 3939 Tarasium
1677 3887 2033 3953 cardinalem,
2079 3891 2164 3945 cui

595 3966 719 4009 tunc
739 3956 990 4023 temporis
1009 3957 1147 4024 apud
1173 3956 1446 4022 Neapolim
1474 3959 1846 4025 commoranti,
1871 3968 1923 4012 et
1949 3975 2162 4015 sacrum

595 4025 646 4076 in
679 4026 916 4097 ejusdem
950 4027 1119 4097 sancti
1152 4027 1350 4081 sacello
1386 4027 1712 4087 celebranti,
1763 4031 1977 4097 sanguis
2021 4030 2165 4086 visus

595 4105 674 4147 est
722 4096 1002 4163 liquefieri.
1036 4096 1193 4150 Certe
1243 4099 1294 4149 in
1344 4097 1479 4150 libro
1522 4112 1536 4150 ι
1572 4097 1639 4150 de
1689 4096 1952 4153 Miraculis
1996 4103 2164 4156 sancti

597 4165 876 4240 Stephani,
907 4166 1126 4240 quisub
1156 4166 1341 4220 Evodii
1373 4169 1588 4240 nomine
1620 4170 1760 4240 inter
1786 4171 1956 4240 sancti
1988 4172 2167 4240 Augu-

596 4235 908 4310 stiuiopera
935 4237 1306 4310 vulgatusest,
1337 4251 1453 4310 cap.
1487 4239 1538 4310 I_,
1563 4237 1761 4291 mentio
1788 4239 2009 4310 habetur
2023 4235 2165 4310 ejus-

597 4304 738 4380 modi
771 4305 1015 4380 ampulla:
1037 4304 1155 4380 quze
1187 4307 1240 4359 in
1264 4305 1509 4362 Uzalensi
1534 4309 1926 4375 proconsularis
1953 4304 2164 4380 provin-

595 4379 690 4427 cia:
721 4375 848 4428 urbe
869 4377 1263 4431 asservabatur.

861 4445 1072 4522 ‘eodem
1120 4446 1289 4522 sancti
1328 4446 1682 4522 Quodvultdei
1729 4449 2164 4522 Carthaginensis

596 4516 842 4568 sodalitio
860 4515 1098 4570 Priscum
1123 4517 1360 4585 aliosque
1381 4518 1714 4573 confessores
1730 4515 1975 4577 undecim
1999 4523 2162 4580 fuisse

596 4595 740 4653 putat
771 4587 1034 4667 Antonius
1059 4587 1396 4675 Caracciﬂolus
1426 4587 1477 4640 in
1504 4603 1652 4642 sacra
1684 4589 1900 4675 Neapoli
1925 4608 2042 4662 cap.
2066 4594 2156 4659 26,
2190 4615 2244 4675 D

591 4671 790 4724 eosque
812 4657 1091 4725 episcopos
1131 4673 1235 4712 non
1265 4657 1426 4712 fuisse
1455 4670 1668 4725 censet,
1703 4657 2159 4720 sed—diversorum

591 4727 837 4798 ordinum
870 4729 1116 4792 clericos,
1159 4744 1252 4782 eos
1282 4729 1482 4784 scilicet
1509 4745 1643 4798 quos
1681 4731 1858 4788 Victor
1881 4733 2111 4790 Vitensis
2132 4751 2163 4790 e

591 4794 1021 4876 Carthaginensis
1046 4799 1304 4876 Ecclesia;
1316 4794 1629 4876 _clero_s_iinul
1653 4817 1772 4876 cum
1797 4819 1892 4858 suo
1909 4806 2161 4876 episcopo

591 4877 810 4940 vetustte
837 4869 952 4921 navi
986 4869 1260 4940 impositos
1285 4870 1557 4938 Neapolim
1584 4875 1850 4940 appulisse
1877 4869 2155 4930 trietnorat.

591 4939 658 4990 At
687 4939 816 5013 huic
831 4939 1091 5013 sententia
1137 4941 1269 5013 aliis
1291 4956 1394 5013 rion
1436 4939 1628 5013 placet.
1655 4939 1738 4995 ’Et
1777 4946 1990 5013 quidem
2024 4949 2064 5000 si
2095 4946 2160 5000 iis

589 5023 706 5074 qua:
733 5009 885 5061 nobis
926 5017 1214 5074 supersunt
1240 5008 1306 5062 de
1338 5010 1416 5062 his
1450 5011 1606 5064 rebus
1634 5008 1996 5070 monumentis
2025 5017 2160 5072 lides

591 5077 762 5147 aliqua
797 5078 963 5142 possit
1003 5075 1274 5139 adhiberi,
1307 5087 1448 5131 stare
1492 5095 1598 5135 non
1647 5087 1841 5147 poterit
1869 5087 2160 5142 Caraccioli

589 5145 770 5224 opinio
792 5186 804 5209 ,
833 5159 951 5224 qua:
981 5159 1152 5224 neque
1177 5147 1532 5224 recentiorum
1561 5145 2045 5224 suffragiiSLneque
2068 5172 2160 5212 ve-

590 5223 778 5284 terumi
809 5213 1121 5268 auctoritate
1161 5215 1381 5269 stabiliri
1414 5226 1607 5284 potest.
1645 5221 1704 5275 ν.
1727 5213 1800 5274 ἶῖ.
1836 5213 2161 5281 Codefridus

591 5281 954 5356 lienscheuius
987 5292 1132 5339 tomo
1180 5285 1221 5338 ll
1263 5281 1534 5356 Februarii
1580 5289 1908 5346 Bollandiani
1935 5334 1947 5356 ,
1976 5296 2062 5350 die
2094 5298 2157 5349 11

589 5353 826 5433 ejusdem
872 5357 1090 5434 mensis.
1119 5356 1285 5410 edidit
1318 5355 1486 5434 )’itam
1515 5353 2022 5434 sancti_Castrensis
2051 5367 2161 5434 epi-

588 5423 768 5490 scopi,
797 5425 951 5478 unius
975 5425 1183 5480 scilicet
1219 5441 1284 5480 ex
1317 5425 1536 5482 istorum
1579 5430 1944 5486 confessorum
1975 5423 2163 5489 nutrie-

589 5510 676 5572 ro,
709 5507 773 5546 ex
795 5508 898 5572 qua
929 5498 1065 5572 forte
1097 5498 1247 5551 nobis
1268 5497 1443 5572 aliqua
1475 5501 1559 5552 lux
1591 5498 1843 5570 atl'ulgere
1869 5507 2066 5572 poterit
2092 5507 2158 5560 ad

588 5564 898 5617 illustranda
929 5565 1160 5632 ipsorum
1209 5564 1381 5637 gesta.
1411 5570 1662 5635 Quamvis
1690 5564 1830 5627 enim
1858 5564 2022 5630 naevis
2051 5591 2157 5629 non

586 5641 799 5698 careat,
842 5643 1000 5701 atque
1041 5639 1234 5705 scripta
1283 5638 1439 5692 fuerit
1467 5643 1533 5695 ab
1563 5652 1780 5696 auctore
1821 5659 1998 5699 rerum
2032 5655 2158 5701 ante

585 5721 677 5780 sua
711 5715 945 5772 tempora
969 5715 1236 5780 gestarum
1285 5724 1501 5776 prorsus
1541 5713 1725 5780 ignaro
1746 5755 1758 5775 ,
1792 5723 1881 5768 aut
1912 5726 2058 5772 certe
2089 5719 2158 5772 ab

585 5776 759 5855 aliquo
781 5775 1062 5855 posteriori
1093 5775 1295 5844 vitiata,
1322 5782 1408 5855 qui
1445 5775 1678 5855 valentis
1708 5784 1890 5838 Ariani
1927 5787 2159 5855 impera-

586 5849 715 5910 toris
738 5851 1161 5926 persecutionem
1190 5861 1309 5909 cum
1346 5851 1624 5928 Vandalica
1648 5857 1908 5920 confudit,
1943 5849 2046 5915 non
2078 5867 2160 5913 ta-

2279 581 2348 646 ‘5,
2381 597 2526 636 num.
2573 582 2660 647 16,
2694 581 2945 637 nonnulta
2974 595 3092 651 qua:
3136 581 3332 643 refert,
3361 595 3420 635 se
3444 595 3507 632 ex
3529 583 3690 634 relatu
3731 599 3857 651 quo-

2276 654 2515 704 rumdam
2545 653 2894 716 sacerdotum,
2942 652 3032 720 qui
3080 651 3352 705 Castrensi
3402 652 3557 704 morti
3609 652 3858 719 proximo

2278 723 2580 788 adfuerant,
2610 737 2668 777 se
2688 723 2957 790 accepisse
2987 729 3209 776 testatur
3240 735 3255 775 :
3287 735 3408 790 qua:
3438 721 3600 775 verba
3623 737 3688 777 ex
3719 726 3860 776 anti-

2277 807 2383 860 quo
2412 793 2536 847 vitae
2565 794 2831 861 scriptore
2864 792 3027 846 fuisse
3064 791 3384 847 crediderim
3409 831 3424 856 ,
3471 807 3588 857 qure
3614 807 3743 847 vero
3774 809 3859 848 se-

2276 874 2510 930 quuntur
2550 879 2616 916 ex
2664 862 3044 929 interpolatore
3078 879 3090 915 :
3129 861 3254 916 Hac
3301 877 3448 927 vero,
3494 861 3697 930 inquit,
3743 879 3858 930 qua!

2276 934 2460 985 nostris
2487 933 2712 987 sensibus
2742 933 2901 1001 pietas
2927 933 3160 998 perennis
3183 932 3280 985 Dei
3308 948 3396 998 per
3424 941 3718 985 sanctorum
3751 932 3858 986 Pa-

2276 1009 2409 1054 trum
2431 1003 2567 1055 dicta
2589 1003 2818 1067 tradidit,
2842 1003 3031 1056 idcirco
3052 1013 3299 1057 annotare
3317 1003 3627 1067 studuimus,
3656 1012 3710 1055 ut
3731 1004 3858 1056 dum

2275 1073 2458 1140 aliquis
2484 1073 2715 1142 ﬁdelium
2745 1072 2964 1142 alicujus
2991 1077 3153 1126 sancti
3172 1115 3187 1138 ,
3234 1088 3300 1128 ex
3328 1071 3630 1127 Castrensis
3651 1074 3860 1128 scilicet

2273 1143 2467 1206 sociis,
2503 1141 2884 1196 solemnitatem
2921 1143 3163 1210 celebrat,
3211 1144 3401 1212 pariter
3445 1143 3509 1194 de
3556 1153 3859 1196 cunctorum

2276 1212 2534 1282 triumpho
2581 1213 2794 1268 lwtetur.
2842 1213 2917 1267 lbi
2965 1213 3104 1267 enim
3150 1214 3412 1267 rationem
3459 1213 3632 1266 reddit
3657 1228 3754 1266 cur
3801 1218 3856 1267 in

2275 1280 2576 1337 Castrensis
2623 1281 2761 1348 Vita,
2814 1283 3038 1338 aliorum
3069 1283 3227 1337 etiam
3257 1292 3403 1352 gesta
3446 1283 3851 1348 interseruerit,

2273 1354 2360 1419 qui
2392 1352 2546 1406 simul
2595 1366 2715 1406 cum
2743 1367 2810 1407 eo
2846 1369 2912 1406 ex
2956 1353 3133 1406 Africa
3184 1354 3353 1421 pulsi,
3397 1352 3572 1405 varias
3603 1353 3655 1406 in
3688 1353 3854 1407 Italia:

2276 1422 2436 1477 urbes
2459 1422 2622 1494 258
2641 1431 2696 1478 et
2721 1423 2968 1492 regiones
2993 1423 3256 1492 dispersi,
3291 1422 3470 1492 ibique
3496 1421 3735 1478 defuncti
3763 1438 3854 1478 ce-

2274 1491 2639 1546 lebrahantur.

2293 1502 2639 1547 ebrabantur.

2343 1563 2397 1616 9.
2439 1563 2762 1617 Eorumdem
2791 1562 3159 1618 confessorum
3199 1563 3414 1618 nomina
3445 1571 3689 1617 recenset
3711 1564 3855 1618 idem

2274 1640 2482 1698 auctor,
2510 1648 2626 1701 cap.
2657 1634 2725 1698 2,
2756 1647 2901 1687 num.
2931 1634 2987 1696 8,
3019 1649 3083 1688 eo
3105 1634 3310 1687 scilicet
3329 1635 3514 1687 ordine
3540 1647 3645 1701 quo
3675 1636 3853 1688 navim

2272 1703 2500 1772 ingressi
2533 1705 2766 1757 fuerunt.
2793 1703 3004 1758 Primus
3025 1704 3222 1759 dicitur
3254 1704 3475 1767 Rosius;
3507 1711 3616 1757 tum
3651 1704 3854 1758 Secun-

2272 1772 2462 1836 dinus,
2492 1774 2582 1842 qui
2621 1774 2852 1843 fecunda:
2882 1775 3067 1843 sobolis
3094 1775 3261 1840 proles
3291 1774 3628 1842 appellatur:
3654 1775 3853 1829 deinde

2274 1843 2549 1897 Heraclius
2570 1883 2585 1907 ,
2623 1842 2720 1914 qui
2758 1848 2884 1914 jura
2913 1842 3103 1914 Christi
3139 1845 3192 1896 in
3216 1844 3416 1914 populis
3444 1846 3685 1896 audacter
3729 1861 3854 1897 con-

2274 1915 2488 1980 sparsit.
2516 1913 2706 1968 Postea
2740 1913 3026 1983 Benignus,
3063 1913 3297 1980 Priscus,
3330 1913 3588 1981 Elpidius,
3617 1914 3850 1981 Marcus,

2273 1984 2621 2051 Augustinus,
2655 1985 2889 2050 Canion,
2922 1983 3253 2048 Vindonius;
3297 1985 3415 2039 loco
3454 1984 3734 2038 undecimo
3764 1986 3854 2039 Sa”-

2273 2055 2440 2123 gnifer
2461 2065 2739 2124 prteceptor
2764 2053 3086 2125 Castrensis,
3112 2055 3199 2109 cui
3219 2055 3402 2125 puppis
3425 2071 3521 2107 arx
3542 2055 3851 2122 possidenda

2275 2125 2614 2196 traditur,qab
2644 2125 2816 2178 indole
2844 2126 2932 2193 qui
2952 2124 3155 2193 ﬂatibus
3184 2124 3684 2196 imperavitiniquis;
3716 2127 3853 2178 ulti-

2272 2210 2391 2249 mus
2421 2194 2650 2264 denique
2681 2196 3017 2257 'fammarus,
3045 2196 3129 2249 cui
3160 2194 3312 2264 prora
3342 2195 3491 2248 navis
3518 2197 3853 2263 gubernanda

2273 2266 2641 2318 committitur.
2689 2264 2853 2320 Iidem
2895 2265 3158 2320 habentur
3185 2267 3238 2320 in
3262 2265 3504 2319 Romano
3533 2267 3853 2334 Martyrolo-

2309 2337 2360 2390 io
2389 2335 2476 2390 die
2503 2336 2528 2388 1
2573 2335 2939 2405 Septembris,
2989 2344 3044 2390 et
3091 2336 3228 2405 apud
3269 2336 3549 2405 Ughellum
3590 2345 3734 2390 tomo
3778 2336 3851 2390 VI

2298 2405 2435 2458 taliae
2477 2419 2675 2472 sacras,
2715 2406 2802 2458 ubi
2845 2407 2913 2460 de
2938 2405 3206 2474 Capuanis
3243 2406 3690 2474 archiepiscOpis;
3743 2408 3853 2461 nisi

2271 2477 2410 2543 quod
2443 2477 2494 2530 In
2528 2485 2754 2545 utroque
2775 2485 2992 2532 auctore
3014 2491 3109 2545 pro
3133 2477 3368 2546 Benigno
3394 2477 3633 2546 Adjutor,
3666 2487 3718 2532 et
3747 2491 3851 2544 pro

2272 2547 2567 2616 Augustino
2596 2547 2854 2616 Augustus
2877 2557 3274 2601 recenseantur.
3312 2547 3595 2616 Plerosque
3621 2562 3749 2601 vero
3777 2563 3847 2600 ex

2272 2615 2401 2684 ipsis
2431 2615 2718 2686 episcopali
2743 2617 2999 2686 dignitate
3040 2617 3275 2672 illustres
3304 2617 3467 2673 fuisse
3487 2615 3728 2686 {praeter
3750 2632 3849 2670 va-

2271 2689 2471 2740 riarum
2517 2686 2680 2740 Italiie
2714 2688 3070 2742 Ecclesiarum
3103 2687 3442 2743 traditionem
3463 2731 3477 2754 ,
3516 2687 3685 2742 innuit
3711 2702 3851 2756 quo-

2271 2772 2374 2826 que
2416 2758 2658 2812 laudatus
2693 2756 2824 2812 Vitas
2864 2767 3068 2821 auctor,
3099 2758 3185 2813 ubi
3223 2773 3338 2827 cap.
3381 2761 3436 2824 2,
3475 2774 3617 2812 num.
3654 2758 3706 2819 6,
3741 2758 3850 2811 Ca-

2270 2829 2493 2899 strensis
2518 2845 2785 2899 conversus
2817 2831 2885 2881 ad
2924 2831 3204 2899 conp-utres
3240 2838 3286 2881 et
3323 2831 3640 2898 coepiscopos
3666 2830 3734 2881 ita
3767 2838 3850 2881 est

2269 2897 2522 2952 allocutus
2548 2915 2564 2951 :
2590 2895 2806 2952 Fratres
2839 2901 2934 2952 mei
2975 2895 3031 2952 et
3063 2900 3282 2965 domini,
3325 2895 3429 2953 etc.
3472 2895 3609 2966 Quin
3651 2907 3703 2952 et
3729 2899 3847 2967 jam

2273 2983 2389 3037 cap.
2429 2968 2480 3034 1,
2512 2983 2658 3023 num.
2693 2970 2746 3034 5,
2780 2970 2988 3023 dixerat
3016 2985 3045 3040 a
3073 2970 3850 3040 tyrannoiprasceptumfuisse

2268 3047 2327 3092 ut
2368 3055 2432 3094 ex
2463 3053 2784 3108 unaquaque
2815 3039 3274 3108 provincia’sancti
3298 3039 3391 3094 Dei
3421 3042 3581 3094 vincti
3613 3039 3850 3094 adduce—

2269 3119 2473 3164 rentur.
2521 3110 2850 3179 Congregata
2887 3125 3016 3166 vero
3061 3110 3258 3175 ingenti
3291 3111 3647 3174 multitudine,
3689 3112 3846 3163 etiam

2272 3190 2318 3233 et
2358 3182 2526 3234 sancti
2557 3182 2718 3235 viri...
2759 3183 2940 3235 summi
2971 3181 3238 3236 sacerdotii
3265 3182 3456 3235 honore
3485 3182 3683 3252 prttdili
3711 3182 3852 3233 inter

2191 3239 2236 3301 C
2270 3261 2447 3331 erant“
2487 3254 2574 3319 qui
2613 3260 2872 3322 gratantes
2914 3269 3028 3306 cum
3067 3252 3350 3331 commissis
3380 3239 3609 3331 gregibus
3636 3252 3850 3320 gradie-

2273 3321 2473 3382 bantur,
2504 3321 2739 3389 putantes
2775 3338 2828 3376 se
2853 3339 2968 3376 cum
3000 3323 3230 3392 martyrii
3259 3321 3514 3391 triumpho
3541 3325 3690 3374 vitam
3716 3337 3851 3392 con-

2269 3393 2410 3461 sequi
2432 3391 2786 3462 sempitcrnam
2807 3409 2824 3456 ;
2847 3409 2908 3446 ea:
2924 3392 3105 3462 quibus
3128 3391 3379 3462 praecipue
3401 3393 3671 3445 rutilabant
3706 3391 3851 3444 Ros-

2270 3460 2408 3522 sins,
2444 3460 2689 3525 Priscus,
2726 3473 2772 3517 et
2804 3460 3159 3528 Tammarius,
3211 3460 3302 3517 seu
3328 3506 3342 3530 ,
3388 3471 3446 3517 ut
3489 3463 3625 3516 alius
3665 3462 3849 3517 codex

2275 3531 2467 3598 habet,
2504 3531 2752 3586 Zamorus
2781 3543 2827 3588 et
2852 3532 3152 3588 Castrensis.

2343 3603 2426 3658 10.
2471 3602 2584 3675 Non
2617 3603 2789 3657 solum
2820 3606 2995 3673 itaque
3031 3613 3296 3673 pastores,
3327 3605 3419 3659 sed
3451 3604 3595 3675 ipsos
3629 3620 3848 3675 quoque

2270 3689 2460 3744 greges
2481 3673 2595 3728 haec
2627 3683 2916 3743 tempestas
2965 3675 3217 3740 involvit,
3262 3686 3318 3728 ut
3344 3673 3486 3730 idem
3508 3677 3629 3730 vita
3651 3673 3849 3731 auctor

2273 3745 2389 3799 fnse
2417 3753 2615 3798 narrat.
2646 3744 2846 3800 Pueros
2869 3761 2931 3800 ac
2957 3760 3136 3810 senes,
3174 3746 3530 3814 mulieresque
3547 3748 3699 3800 simul
3718 3762 3844 3800 cum

2271 3818 2398 3869 viris
2415 3817 2480 3868 ad
2496 3823 2765 3870 certamen
2793 3817 3091 3870 accurrisse
3112 3816 3433 3885 scribitcap.
3459 3817 3509 3871 1.
3538 3817 3603 3870 Ει
3623 3817 3846 3886 quidem

2273 3885 2385 3940 haec
2423 3886 2575 3938 initio
2607 3888 2989 3952 persecutionis
3021 3902 3034 3939 :
3063 3900 3182 3954 quae
3207 3900 3328 3940 cum
3359 3895 3538 3955 postea
3568 3885 3737 3955 magis
3765 3890 3848 3941 in-

2271 3957 2557 4028 valuisset,
2606 3958 2895 4028 catervatim
2931 3973 2992 4011 es
3030 3972 3328 4026 unaquaque
3370 3959 3633 4028 provincia
3679 3960 3848 4011 sancti

2273 4025 2367 4080 Dei
2419 4027 2568 4079 vincti
2617 4027 2828 4080 adducti
2877 4037 3035 4093 sunt,
3080 4028 3172 4096 qui
3214 4025 3378 4081 variis
3404 4029 3578 4096 pomis
3618 4030 3847 4083 cruciati

2271 4097 2486 4164 fuerunt
2531 4097 2834 4166 priusquam
2864 4099 2996 4152 mari
3026 4097 3516 4166 committerentur,
3551 4108 3606 4154 ut
3644 4098 3852 4154 dicitur

2271 4183 2418 4220 num.
2460 4167 2512 4221 5.
2557 4167 2738 4222 Primo
2780 4169 2958 4238 itaque
2987 4169 3124 4224 alter
3151 4168 3219 4222 ab
3244 4169 3412 4224 altero
3451 4169 3739 4238 separatim
3790 4170 3851 4224 in

2269 4252 2540 4293 carcerem
2581 4239 2770 4292 retrusi
2803 4238 3039 4307 fuerunt,
3061 4249 3171 4292 tum
3194 4239 3353 4293 simul
3385 4241 3435 4293 in
3467 4255 3628 4294 unum
3663 4240 3853 4296 locum

2269 4308 2609 4380 congregati,
2639 4308 2727 4362 alii
2758 4309 2940 4380 virgis,
2973 4311 3060 4363 alii
3088 4308 3274 4377 alapis,
3308 4309 3569 4378 lapidibus
3597 4310 3684 4364 alii
3713 4313 3851 4364 cassi

2269 4378 2444 4443 fuere;
2475 4393 2704 4448 cumque
2744 4378 2907 4435 variis
2943 4380 3116 4435 modis
3147 4383 3331 4434 tentati
3375 4381 3628 4445 fuissent,
3656 4389 3709 4436 et
3739 4395 3852 4436 nec

2273 4449 2436 4522 minis
2488 4449 2939 4522 aut_verberibus
2985 4464 3172 4506 eorum
3229 4452 3529 4522 constantia
3582 4450 3854 4522 potuisset

2272 4519 2460 4588 frangi,
2492 4519 2702 4574 tandem
2725 4522 2951 4576 consilio
2974 4522 3155 4576 nescio
3177 4521 3327 4589 cujus
3349 4519 3690 4589 Aristodemi,
3716 4523 3854 4579 navi

2269 4590 2618 4645 vetustissimi
2651 4591 2884 4658 impositi
2933 4592 3172 4658 fuerunt,
3227 4601 3284 4645 ut
3322 4592 3373 4646 in
3422 4607 3568 4648 mare
3605 4591 3854 4648 demersi

2269 4660 2397 4714 nihil
2451 4675 2636 4731 eorum
2686 4661 3026 4731 reliquiarum
3070 4660 3340 4718 residuum
3387 4671 3565 4727 esset;
3615 4662 3709 4716 sed
3749 4663 3854 4717 Dei

2273 4740 2402 4804 nutu
2431 4731 2482 4785 in
2514 4729 2856 4804 Campaniam
2888 4732 3120 4804 Italicam
3164 4731 3388 4786 feliciter
3433 4733 3668 4804 appulsi,
3719 4748 3853 4801 pro~

2268 4802 2494 4856 vinciam
2523 4801 2676 4855 istam
2715 4803 2982 4857 miraculis
3017 4811 3070 4856 et
3105 4804 3389 4858 sanctitate
3430 4801 3553 4858 vitae
3598 4803 3853 4857 illustra-

2272 4881 2414 4926 runt.
2450 4873 2539 4925 llis
2567 4872 2833 4926 consentit
2864 4873 3298 4943 Martyrologium
3349 4873 3650 4928 Romanum
3689 4873 3781 4927 die
3821 4876 3849 4928 1

2271 4943 2631 5011 Septembris,
2666 4943 2755 4997 ubi
2784 4943 3063 4998 duodecim
3092 4943 3166 4997 illi
3197 4944 3296 4997 viri
3327 4945 3532 5007 sancti,
3559 4944 3649 5013 qui
3676 4953 3856 4997 ciete-

2270 5029 2452 5067 rorum
2482 5022 2635 5068 erant
2659 5013 2817 5067 veluti
2841 5013 3004 5068 duces
3030 5022 3085 5068 et
3105 5013 3376 5080 magistri,
3403 5015 3456 5068 in
3480 5013 3856 5069 Vandalorum

2270 5083 2646 5151 persecutione
2675 5084 2744 5139 ob
2771 5080 2929 5140 fidem
2951 5085 3269 5139 catholicam
3299 5085 3434 5137 varie
3460 5085 3628 5153 amicti
3654 5085 3856 5138 dicun-

2272 5163 2379 5222 tur,
2425 5163 2480 5208 et
2509 5163 2734 5209 vetustae
2784 5155 2903 5207 navi
2944 5155 3173 5222 impositi
3205 5169 3268 5208 ex
3302 5153 3480 5208 Africa
3521 5154 3587 5207 ad
3614 5153 3856 5222 Campa-

2271 5225 2373 5277 niae
2403 5225 2576 5278 littora
2619 5225 2956 5293 pervenisse,
3006 5224 3091 5278 ubi
3136 5224 3494 5280 Christianam
3525 5224 3860 5292 religionem

2272 5294 2324 5348 in
2375 5294 2439 5348 iis
2487 5295 2620 5349 locis
2668 5294 2933 5363 dispersi,
2977 5294 3306 5364 diversisque
3334 5295 3577 5350 ecclesiis
3605 5293 3860 5364 prtelccti

2273 5364 2498 5420 mirifice
2528 5365 2955 5434 propagaverint.
2992 5365 3190 5420 Eorum
3232 5379 3389 5434 porro
3421 5365 3472 5418 in
3514 5365 3710 5421 Italiam
3740 5365 3860 5417 ad-

2273 5445 2487 5489 ventum
2515 5449 2655 5490 anuo
2680 5445 2867 5502 quarto
2903 5435 3200 5490 Vandalicze
3240 5436 3627 5504 persecutionis
3656 5435 3862 5488 consi-

2271 5514 2396 5574 gnat
2425 5520 2567 5573 saepe
2608 5507 2850 5560 laudatus
2887 5507 3055 5560 sancti
3094 5504 3398 5560 Castrensis
3446 5504 3582 5559 Vita:
3621 5513 3861 5567 auctor;

2268 5577 2361 5630 sed
2410 5591 2530 5629 cum
2578 5577 2708 5630 alias
2755 5586 2993 5645 tempora
3027 5591 3246 5644 prorsus
3297 5576 3644 5644 permisceat,
3695 5575 3864 5630 nulla

2271 5655 2383 5700 tuto
2427 5645 2556 5700 fides
2597 5646 2713 5712 ejus
2757 5648 2964 5701 calculo
3013 5647 3256 5701 adhiberi
3306 5655 3497 5715 potest.
3548 5645 3604 5715 Si
3659 5653 3866 5703 autem

2270 5717 2591 5784 conjecturis
2636 5718 2908 5784 indulgere
2958 5713 3320 5781 voluerimus,
3365 5715 3539 5770 nullus
3582 5713 3691 5768 fere
3735 5717 3865 5774 erit

2269 5801 2439 5840 annus
2471 5787 2569 5840 sub
2604 5787 2885 5841 Vandalica
2916 5788 3278 5843 dominatione
3299 5786 3364 5840 ad
3393 5801 3549 5854 quem
3577 5784 3690 5840 hzec
3717 5798 3866 5852 per.

2269 5858 2472 5916 secutio
2503 5861 2741 5913 revocari
2770 5876 2871 5912 non
2904 5862 3091 5927 possit.
3122 5859 3223 5917 Eos
3253 5869 3425 5916 tamen
3449 5871 3514 5912 ex
3541 5854 3866 5921 Quodvult-
