4140 6336
343 391 436 446 tua

677 383 999 441 RUINARTI
1040 384 1104 439 IN
1147 382 1506 439 HISTORIAM
1549 380 1830 438 PERSEC.
1876 381 2169 436 VANDAL.
2213 380 2752 441 COMMENTARIUS
2794 380 3214 439 IIISTORICUS.

3468 378 3571 436 410

345 507 420 558 ,ιρι
461 499 701 573 soilalitio
729 500 888 573 fuisse
918 513 1023 573 non
1052 499 1394 562 arbitramur,
1430 497 1579 573 quod
1598 497 1748 549 istius
1781 506 1891 573 tur:
1926 499 1977 558 Λ
2009 509 2303 573 temporum
2335 518 2454 567 usu,
2480 505 2656 572 ignem
2680 503 2932 573 proiectae
2963 503 3259 557 nullatenus
3284 507 3570 573 potuerunt

345 590 435 629 uiae
478 571 773 624 Castrensis
817 569 1034 637 signifer
1085 579 1137 622 et
1186 577 1483 638 praeceptor
1530 568 1755 632 dicatur,
1803 566 1892 634 qui

346 645 510 698 titulus
525 638 893 705 Quodvultdeo
920 641 1108 694 melius
1130 640 1212 693 vel
1230 639 1300 692 ob
1318 638 1461 693 sedis
1483 640 1890 706 prierogativam

343 713 677 781 congruisset,
710 710 862 781 cujus
885 720 1060 781 tamen
1095 725 1160 781 ne
1191 708 1406 777 quidem
1439 709 1640 781 mentio
1671 708 1778 762 ulla
1807 708 1891 764 hic

345 778 574 838 babétur.
609 781 713 836 Sed
745 780 813 834 de
844 780 973 849 ipsis
998 779 1303 848 singillatim
1325 778 1610 848 agendum.

406 851 658 923 25911.
676 851 915 914 Rossius.
940 864 1054 923 seu,
1078 860 1137 904 ut
1166 849 1252 903 alii
1272 850 1535 923 scribunt,
1554 849 1758 923 Rosius,
1790 850 1895 923 pris

341 920 449 979 mus
467 920 600 976 inter
618 929 841 975 caeteros
851 921 1185 974 confessores
1203 929 1506 974 recensetur
1520 920 1573 974 in
1594 920 1708 973 Vita
1725 922 1894 976 sancti

339 993 622 1049 Castrensis
645 1007 767 1058 cap.
791 993 839 1056 1,
869 1005 1014 1043 num.
1041 991 1104 1055 3;
1135 990 1222 1044 ubi
1253 1005 1357 1044 non
1388 991 1560 1044 solum
1587 993 1780 1044 summi
1810 1006 1895 1045 sa-

337 1064 546 1118 cerdotii
578 1063 835 1131 dignitate
875 1060 1217 1131 prafulsisse,
1259 1075 1443 1131 verum
1476 1063 1634 1114 etiam
1680 1063 1891 1129 nieritis,

337 1145 377 1187 et
405 1130 652 1199 moribus,
681 1143 725 1186 et
754 1147 931 1185 sensus
952 1130 1133 1184 decore
1151 1130 1391 1184 rutilasse
1415 1141 1760 1185 memoratur.
1791 1133 1898 1188 Cur

337 1205 556 1272 priorem
589 1204 762 1257 locum
792 1200 1080 1272 obtinuerit
1107 1201 1241 1254 ratio
1260 1201 1501 1256 redditur
1517 1215 1636 1269 cap.
1663 1201 1718 1265 2,
1747 1218 1893 1258 num.

336 1271 381 1328 8.
415 1273 740 1342 Ingrediatur
783 1273 958 1340 prius,
1004 1271 1274 1342 inquiunt
1304 1272 1579 1336 satellites,
1629 1276 1898 1342 reverenda

333 1341 509 1396 canitie
525 1355 570 1397 et
584 1346 851 1398 sanctitate
872 1341 1114 1408 prteditus
1129 1341 1360 1395 Rossius.
1381 1342 1510 1410 Qum
1531 1341 1693 1396 verba
1715 1345 1838 1397 licet
1868 1362 1896 1398 a

334 1414 755 1482 persecutoribus
782 1413 986 1479 prolata
1017 1411 1233 1477 fuerint,
1268 1413 1501 1465 indicant
1532 1421 1706 1466 tamen
1739 1415 1896 1467 talem

332 1488 393 1537 ab
417 1486 726 1538 orthodoxis
771 1484 1015 1537 Rossrum
1060 1482 1295 1536 habitum
1325 1483 1508 1536 fuisse.
1551 1482 1656 1536 Res
1699 1484 1813 1550 ejus
1845 1485 1895 1538 in

333 1555 466 1609 Italia
489 1565 655 1622 gestae
677 1554 826 1608 nobis
851 1554 1041 1622 ignota:
1067 1563 1220 1616 sunt;
1243 1553 1338 1606 sed
1371 1554 1535 1620 ipsius
1557 1552 1897 1608 festivitatem

330 1626 522 1692 aliquot
551 1625 924 1694 martyrologia
951 1623 1088 1690 apud
1121 1624 1496 1679 Bollandianos
1537 1623 1622 1676 die
1655 1623 1716 1677 16
1748 1640 1897 1678 men-

330 1696 397 1748 sis
422 1696 539 1748 Maii
571 1693 859 1749 celebrant.
888 1693 1093 1747 Colitur
1124 1695 1457 1760 potissimum
1491 1694 1799 1754 Beneventi.
1826 1696 1895 1747 ob

328 1765 486 1832 ipsius
517 1767 654 1820 sacri
680 1764 919 1836 corporis
938 1763 1337 1836 translationem
1356 1765 1406 1817 in
1439 1765 1648 1818 Sancta:
1678 1765 1893 1836 SOphiae

327 1836 624 1899 ecclesiam,
661 1834 817 1904 quam
845 1849 904 1888 ea
936 1834 987 1887 in
1019 1834 1151 1887 urbe
1189 1835 1430 1895 Arechis.
1466 1850 1600 1888 unus
1631 1850 1662 1889 e
1686 1834 1893 1902 Longo-

326 1905 608 1960 bardorum
653 1906 893 1968 ducibus,
935 1904 1460 1971 magnificentissime
1507 1916 1898 1959 construxerat.

322 1973 563 2031 Celebris
593 1984 675 2030 est
702 1977 862 2029 etiam
885 1975 934 2028 in
965 1974 1228 2028 Suessana
1257 1976 1473 2029 dimcesi
1494 1975 1898 2030 Rossiimemo—

323 2049 416 2113 ria,
469 2047 527 2100 in
558 2062 660 2116 qua
699 2048 831 2100 urbe
859 2045 987 2099 olim
1035 2045 1314 2098 ecclesiam
1354 2046 1453 2115 ipsi
1483 2046 1708 2116 dicatam
1738 2047 1899 2102 fuisse

321 2115 623 2186 colligimus
673 2132 739 2171 ex
787 2116 969 2170 charta
994 2116 1294 2186 __Athenulfi
1337 2117 1576 2186 Capuani
1629 2115 1894 2185 episcopi,

319 2183 766 2258 apud'Ughellum
811 2197 954 2240 tomo
994 2183 1056 2258 Vl
1091 2186 1252 2240 Italia:
1287 2183 1475 2254 sacrie,
1516 2187 1621 2242 col.
1653 2187 1778 2251 675,
1810 2183 1895 2241 ubi

320 2255 385 2311 de
405 2255 794 2313 Sues'sensibus
820 2256 1106 2326 episcopis.

384 2328 476 2383 12.
508 2328 843 2384 Secundinus
874 2326 1088 2381 aliunde
1113 2326 1266 2381 nobis
1299 2328 1462 2397 probe
1492 2337 1648 2382 notus
1677 2345 1780 2383 non
1816 2339 1898 2384 est

314 2415 478 2470 quam
511 2416 576 2456 ex
603 2401 665 2454 iis
689 2414 806 2469 qua:
843 2413 932 2470 ex,
956 2399 1135 2470 sancti
1168 2397 1469 2470 Castrensis
1519 2399 1627 2452 vita
1669 2401 1894 2468 protuli-

310 2469 445 2527 mus.
511 2471 689 2528 Sancti
727 2469 1014 2524 Secundini
1055 2469 1290 2537 episcopi
1344 2485 1545 2537 corpus
1594 2481 1897 2526 asservatur

310 2541 360 2596 in
411 2543 611 2612 majori
661 2541 885 2597 ecclesia
937 2540 1077 2609 apud
1138 2539 1350 2612 'l‘r_0tam
1413 2541 1615 2612 Apulia:
1669 2543 1895 2610 opulen-

312 2609 581 2667 tissimam
623 2612 930 2676 civitatem,
988 2612 1141 2680 cujus
1186 2609 1377 2665 festum
1422 2611 1491 2664 ibi
1536 2612 1621 2666 die
1676 2609 1735 2666 11
1801 2613 1894 2668 Fc-

312 2683 523 2738 bruarii
578 2683 899 2747 celebratur,
965 2681 1209 2750 huncque
1248 2682 1488 2735 nonnulli
1535 2685 1600 2735 ab
1641 2699 1707 2737 eo
1737 2700 1895 2752 quem

315 2753 399 2807 hic
431 2754 736 2816 laudamus,
786 2754 942 2805 alium
976 2768 1079 2808 non
1110 2766 1229 2806 esse
1251 2761 1473 2806 censent
1513 2770 1524 2804 :
1564 2753 1656 2807 sed
1689 2769 1774 2807 res
1815 2767 1897 2810 est

315 2824 543 2880 incerta.
581 2827 736 2879 Plura
781 2824 848 2877 de
875 2823 1163 2878 Secundini
1209 2823 1422 2892 Trojani
1474 2823 1779 2877 inventione
1806 2827 1897 2880 ha-

315 2896 515 2950 bentur
559 2896 697 2965 apud
739 2895 1112 2948 Bollandianos
1133 2895 1220 2947 die
1251 2909 1409 2962 supra
1443 2903 1756 2948 memorato.
1801 2897 1897 2951 Sc-

316 2967 536 3020 cundini
579 2970 764 3022 festum
800 2967 831 3018 8
863 2965 1170 3020 Decembris
1191 2967 1328 3030 apud
1362 2965 1629 3017 Mantuam
1658 2965 1897 3020 celebra-

319 3039 362 3090 ri
395 3039 552 3092 testis
577 3045 658 3092 est
685 3035 906 3090 Michael
939 3036 1230 3088 monachus
1257 3033 1309 3086 in
1338 3034 1658 3088 Sanctuario
1693 3039 1893 3104 Capua-

317 3122 408 3173 no,
438 3107 528 3161 ubi
554 3107 730 3160 laudat
763 3107 1180 3160 vetustissimum
1204 3104 1591 3171 calendarium,
1618 3107 1668 3159 in
1695 3121 1803 3173 quo
1823 3107 1890 3160 ‘37

319 3179 523 3232 mensis
567 3178 686 3232 Maii
725 3176 983 3232 festivitas
1022 3176 1190 3230 sancti
1241 3176 1528 3230 Secundini
1588 3178 1892 3244 consignata

2009 571 2218 644 violari.
2251 573 2477 644 Inst-alar
2507 571 2728 644 undique
2755 576 2992 640 ﬂatibus.
3031 575 3081 642 ﬁt
3108 575 3160 627 iu
3187 571 3296 626 illis
3315 572 3458 644 color
3487 587 3570 644 ru-

2003 643 2267 715 bicundus.
2299 642 2501 697 Saltum
2529 642 2732 698 tandem
2770 661 2830 698 ea:
2852 647 2966 715 igne
2986 646 3214 714 faciunt;
3240 643 3448 696 nulloin
3467 643 3570 695 illis

2003 713 2362 784 combustionie
2388 722 2509 766 nota
2525 715 2794 781 invenitur,
2825 713 2972 768 sicuti
2987 713 3085 784 qui
3111 723 3298 784 praesto
3327 723 3468 766 erant
3492 728 3571 784 ref

2003 783 2250 838 tulerunt.
2278 784 2494 852 Aliquot
2524 785 2648 839 item
2678 786 2929 852 opuscula
2975 782 3028 840 in
3059 782 3227 840 sancti
3279 782 3568 839 Secundini

2003 853 2258 908 honorem
2290 871 2317 906 a
2347 853 2616 908 Guaiferio
2656 855 2799 908 edita
2842 854 3021 909 laudat
3065 855 3255 910 Petrus
3288 855 3568 920 diaconus,

2000 924 2089 991 qui
2132 923 2458 980 Guai‘lerium
2502 925 2831 994 temporibus
2876 924 3047 979 Alexii
3069 933 3130 980 et
3157 926 3369 980 Henrici
3403 927 3569 992 impe-

2001 1002 2239 1048 ratorum
2270 1010 2331 1049 ac
2385 995 2643 1051 Desideril
2693 994 2900 1048 abbatis
2946 995 3141 1049 vixisse
3189 1004 3434 1051 testatur.
3467 995 3572 1050 Sed

2002 1063 2116 1131 ipse
2143 1064 2444 1121 Guaiferius
2470 1081 2618 1120 suam
2645 1074 2853 1120 aetatem
2893 1066 3069 1133 prodit
3103 1067 3153 1118 in
3187 1066 3320 1119 Vitre
3347 1065 3573 1120 laudata:

2004 1136 2247 1203 prologo,
2274 1151 2431 1204 quam
2463 1152 2654 1205 nempe
2674 1152 2732 1190 se
2763 1135 3017 1189 Desideril
3041 1134 3247 1189 abbatis
3266 1136 3417 1205 jussu
3438 1136 3571 1190 scri-

2004 1205 2174 1274 psisse
2193 1204 2600 1261 commemorat.
2622 1207 2930 1260 Desiderius
2946 1220 3072 1260 vero
3092 1219 3233 1258 anno
3252 1204 3413 1269 1086,
3437 1205 3573 1260 Gre-

2002 1275 2154 1346 gorio
2209 1276 2292 1330 Vll
2340 1293 2549 1332 summo
2582 1276 2816 1346 pontifici
2848 1275 3101 1331 defuncto
3123 1274 3438 1346 substitutus
3468 1286 3570 1338 est,

2004 1343 2104 1398 Sub
2131 1346 2360 1401 Victoris
2382 1347 2445 1401 ΙΙΙ
2479 1343 2715 1411 nomine,
2748 1363 2866 1402 cum
2889 1362 3028 1400 anno
3059 1346 3194 1400 1059
3223 1359 3251 1397 a
3284 1343 3503 1399 Nieolao
3534 1347 3572 1400 ll

2003 1417 2289 1472 cardinalis
2332 1417 2520 1472 fuisset
2567 1427 2802 1472 creatus.
2845 1415 2998 1471 Plura
3023 1417 3090 1471 de
3119 1413 3393 1470 Guaiferio
3416 1415 3575 1469 habet

2004 1485 2291 1541 Bollandus
2336 1489 2454 1542 loco
2481 1488 2713 1542 laudato.
2761 1489 2978 1542 Beatum
3011 1485 3336 1540 Guaiferium
3386 1500 3573 1538 mona-

2003 1556 2162 1609 chum
2199 1558 2525 1613 Cassinatem
2569 1560 2706 1613 inter
2736 1568 2950 1612 sanctos
2978 1572 3202 1624 quorum
3233 1555 3349 1610 dies
3385 1556 3575 1609 natalis

2005 1626 2298 1694 ignoratur,
2315 1631 2586 1684 celebrant
2607 1629 2876 1682 Arnoldus
2896 1628 3028 1682 Vion
3049 1637 3102 1682 et
3125 1627 3272 1696 llugo
3294 1626 3574 1681 Menardus

2006 1697 2058 1750 in
2090 1699 2397 1770 Appendice
2415 1699 2777 1770 martyrologii
2807 1699 3154 1770 Benedictini.

2077 1766 2274 1824 l5.'De
2299 1766 2999 1824 Heraclio'nihil’dicendum
3026 1768 3279 1832 occurrit,
3303 1766 3403 1820 nisi
3433 1766 3572 1834 quod

2006 1839 2228 1893 ecclesia
2261 1840 2424 1908 ipsius
2455 1842 2654 1894 nomini
2677 1839 2848 1894 dicata
2878 1839 2929 1892 in
2952 1838 3134 1892 charta
3159 1836 3427 1908 Athenulfi
3458 1838 3573 1891 lau-

2005 1912 2125 1962 data
2160 1907 2502 1966 memoretur.
2529 1910 2856 1977 lleraclium,
2884 1909 3196 1976 Maurumjet
3215 1907 3418 1962 Justum
3434 1922 3573 1961 mar-

2005 1988 2150 2051 tyres
2199 1981 2383 2036 colunt
2437 1981 2745 2049 Fulginates
2773 1979 3006 2051 Umbrite
3041 1979 3240 2051 populi,
3275 1977 3412 2051 apud
3443 1993 3576 2051 quos

2004 2049 2315 2105 corumdem
2347 2061 2641 2122 martyrum
2669 2050 2983 2122 corporain
3021 2049 3246 2122 ecclesia
3285 2049 3575 2122 cathedrali

2004 2132 2378 2186 asservantur;
2430 2118 2521 2177 sed
2568 2118 2783 2191 quinam
2842 2121 2917 2175 illi
2962 2118 3178 2191 fuerint,
3234 2119 3576 2191 quove_loco

2003 2201 2092 2245 aut
2125 2202 2363 2259 tempore
2392 2188 2647 2262 martyrio
2692 2191 2929 2246 coronati
2977 2190 3192 2254 fuerint,
3228 2191 3385 2258 plane
3428 2188 3576 2255 igno-

2002 2274 2143 2317 rant.

2075 2333 2161 2387 M.
2191 2333 2408 2400 Benigni
2439 2348 2502 2388 ex
2529 2332 2699 2385 Africa
2727 2331 2925 2386 exsulis
2949 2345 3140 2384 nomen
3172 2330 3222 2383 in
3265 2329 3375 2382 sola
3403 2326 3574 2400 sancti

2004 2405 2301 2459 Castrensis
2325 2397 2443 2457 Vita
2494 2403 2704 2468 legitur.
2735 2402 2802 2456 At
2827 2403 2915 2470 qui
2943 2401 3011 2454 ibi
3042 2400 3330 2470 Benignus,
3361 2399 3430 2452 ab
3459 2397 3576 2451 aliis

2001 2474 2225 2542 Adjutor
2264 2490 2359 2528 seu
2390 2473 2722 2541 Adjutorius,
2755 2481 2812 2525 ut
2848 2469 2966 2539 jam
3003 2486 3032 2523 a
3059 2470 3212 2542 nobis
3236 2469 3574 2542 observatum

2004 2539 2106 2608 est,
2134 2546 2450 2615 appellatur.
2469 2539 2654 2598 Ῥοιίνο
2683 2542 2954 2615 Adjutoris
2972 2541 3226 2615 memoria
3246 2539 3386 2615 apud
3397 2539 3576 2615 Bene-

2002 2609 2218 2672 ventum
2246 2625 2300 2671 et
2322 2615 2536 2676 flavam,
2557 2615 2642 2667 ubi
2662 2609 2827 2666 sacra:
2856 2611 2994 2665 illius
3023 2612 3285 2665 habentur
3315 2609 3573 2677 reliquie,

2000 2687 2228 2741 celebris
2281 2697 2382 2741 est.
2433 2686 2571 2752 Quin
2624 2696 2677 2736 et
2723 2697 2886 2752 prope
2939 2682 3170 2751 amplum
3207 2691 3289 2734 est
3315 2679 3568 2748 oppidum

2001 2758 2141 2825 quod
2189 2757 2286 2812 sub
2332 2751 2501 2812 sancti
2556 2751 2827 2825 Adjutoris
2867 2751 3447 2825 nominenotissimum
3470 2757 3570 2825 est.

2001 2819 2252 2895 Ejusdem
2299 2828 2466 2881 sancti
2511 2825 2608 2879 viri
2634 2819 2918 2895 'festivitas
2956 2823 3044 2895 die
3074 2820 3477 2895 l9_bto\'einb_t'is
3521 2819 3576 2873 in

2001 2889 2254 2967 catalogo
2280 2897 2513 2966 generali
2544 2906 2847 2967 sanctorum
2877 2893 3082 2967 Italizea
3111 2892 3356 2967 Philippo
3380 2889 3575 2967 Ferra-

2002 2971 2082 3022 rio
2124 2960 2471 3032 mEmdratur,
2513 2966 2602 3021 ubi
2631 2966 2698 3019 de
2738 2967 2838 3017 isto
2881 2960 3577 3032 sanctissimoﬂ’confessore

2001 3041 2128 3106 agit.
2158 3041 2228 3093 At
2256 3039 2406 3106 plura
2433 3029 2499 3092 de
2524 3052 2589 3090 eo
2619 3036 2775 3106 habet
2830 3034 2928 3088 hac
2953 3034 3065 3106 ipsa
3095 3034 3184 3086 die
3204 3031 3453 3106 Tamajus
3481 3029 3575 3083 Sa—

2002 3101 2144 3163 la'zar
2161 3109 2211 3163 in
2230 3101 2608 3180 martyrologio
2633 3105 2956 3180 Hispanico,
2969 3101 3057 3170 qui
3073 3101 3319 3180 eumdem
3335 3107 3573 3180 sanctum

2000 3181 2174 3234 virum
2205 3194 2269 3234 ex
2305 3173 2552 3247 Hispania
2582 3191 2704 3231 cum
2737 3173 3048 3238 Genserico,
3076 3173 3570 3247 i_n_cuj_us_exerci_t_u

319 3248 567 3302 habetur.
597 3248 842 3317 Ejusdet'n
868 3248 1035 3302 sancti
1064 3250 1374 3301 memoriam
1411 3248 1549 3314 apud
1582 3241 1896 3303 Mantuanos
1922 3250 1970 3311 C
2001 3250 2282 3314 militabat,
2308 3250 2359 3303 in
2377 3241 2606 3303 Africam
2617 3256 2978 3314 transmeasse
2997 3244 3199 3317 scribit.
3226 3243 3330 3317 Sed
3357 3256 3480 3296 cum
3502 3241 3572 3293 ibi

318 3320 451 3372 olim
480 3319 742 3373 celebrem
778 3319 938 3373 fuisse
967 3319 1169 3385 colligit
1201 3318 1336 3371 idem
1357 3328 1541 3371 auctor
1566 3335 1631 3372 es
1654 3321 1893 3388 complu-

319 3389 468 3442 ribus
515 3392 776 3453 ecclesiis,
829 3405 947 3456 quae
976 3389 1077 3442 sub
1106 3389 1343 3457 ejusdem
1375 3390 1544 3442 sancti
1567 3391 1782 3443 nomine
1810 3391 1893 3444 di-

318 3469 457 3512 catae
489 3462 680 3529 passim
718 3463 768 3512 in
801 3460 1079 3513 Mantuana
1106 3459 1324 3512 dimcesi
1352 3470 1656 3512 occurrunt.
1684 3460 1819 3526 Quin
1843 3471 1897 3516 et

317 3530 502 3584 Sancu
546 3532 667 3583 item
698 3531 988 3585 Secundini
1033 3529 1255 3581 ecclesia
1299 3530 1349 3582 in
1381 3529 1598 3582 dimcesi
1629 3530 1895 3585 Suessana

315 3610 654 3652 memoratur
684 3603 734 3651 in
764 3600 944 3651 charta
969 3599 1259 3659 Athenulli,
1287 3614 1445 3665 quam
1470 3613 1614 3652 num.
1633 3601 1895 3666 superiori

319 3668 677 3721 laudavimus.
713 3669 953 3736 Denique
986 3667 1261 3721 Ferrarius
1298 3669 1348 3720 in
1375 3668 1633 3735 Catalogo
1660 3671 1897 3736 generali

319 3750 638 3792 sanctorum
688 3738 848 3791 Italia:
877 3738 1250 3808 Secundinum
1279 3746 1333 3789 et
1357 3736 1572 3808 Castam
1617 3741 1899 3808 episcopos

317 3809 602 3861 Sinite-sm
627 3820 1030 3871 commemorat,
1060 3807 1147 3859 die
1176 3807 1343 3873 prima
1375 3805 1528 3872 Julii;
1561 3824 1693 3876 quos
1720 3805 1897 3864 tamen

319 3879 469 3947 apud
495 3879 743 3933 Suessam
773 3877 1015 3932 celebres
1035 3892 1152 3931 esse
1171 3879 1382 3941 latetur,
1403 3879 1487 3932 vel
1514 3878 1653 3946 quod
1681 3879 1899 3933 Sinues-

318 3966 395 4003 ste
451 3965 642 4003 nomen
696 3965 789 4015 pro
832 3950 1025 4003 Suessa
1057 3947 1376 4015 obrepserit,
1413 3949 1496 4001 vel
1543 3950 1680 4017 quod
1713 3963 1896 4003 eversa

316 4022 574 4075 Sinuessa
630 4034 796 4074 sacrm
839 4035 1023 4073 eorum
1074 4018 1311 4086 reliquite
1355 4021 1606 4074 Suessam
1630 4024 1898 4076 translatae

318 4095 541 4155 luerint,
604 4091 687 4145 ubi
736 4091 893 4145 etiam
945 4105 1104 4153 nunc,
1153 4091 1268 4157 ipso
1311 4090 1559 4145 Ferrario
1587 4099 1894 4158 attestante,

318 4163 604 4234 quiescunt
632 4181 642 4214 :
678 4161 817 4214 hunc
868 4176 994 4234 vero
1033 4159 1413 4234 Secundinum,
1440 4161 1712 4234 a'l‘rojano
1734 4163 1894 4217 alium

319 4229 446 4286 esse
461 4235 731 4287 contendit
753 4246 908 4304 quem
925 4233 1055 4285 alias
1073 4230 1157 4304 die
1180 4229 1234 4283 11
1251 4229 1540 4304 ΔΕἐδιπυειιιίᾶ
1567 4234 1891 4304 laudaverat.

319 4305 506 4357 Sancti
530 4300 814 4358 Secundini
843 4302 1015 4356 Vitam
1039 4316 1068 4355 a
1088 4300 1397 4367 BenediCto,
1415 4305 1503 4370 qui
1533 4313 1578 4355 et
1600 4302 1896 4372 Guaiferius

320 4375 622 4437 dicebatur,
647 4374 908 4428 monacho
934 4372 1210 4428 Casinensi
1241 4372 1492 4440 scriptam
1510 4374 1688 4426 laudat
1709 4377 1896 4430 l’elrus

321 4447 579 4499 diaconus
619 4449 670 4498 in
713 4445 847 4499 libro
888 4444 953 4497 de
987 4442 1124 4497 Viris
1176 4443 1470 4497 illustribus
1491 4445 1890 4512 Casinensibus,

321 4532 442 4584 cap.
477 4519 574 4580 29;
607 4530 764 4584 quam
787 4514 998 4583 quidem
1025 4514 1196 4567 Vitam
1228 4515 1460 4569 ecodice
1483 4529 1582 4569 ms.
1618 4517 1894 4570 Casinensi

321 4598 512 4678 noster;
543 4587 877 4678 Mabilltmitois
903 4585 1388 4678 aptatiqulocannnis
1411 4585 1703 4678 Italiam
1723 4588 1895 4678 prqfe—
1921 4617 1976 4678 Β

318 4670 442 4710 ctus
482 4657 783 4725 descripsit.
813 4656 916 4710 Sed
946 4656 1075 4709 nihil
1107 4654 1248 4708 aliud
1300 4664 1381 4709 est
1410 4672 1566 4723 quam
1608 4659 1769 4725 ipsius
1799 4657 1895 4712 Se-

321 4729 542 4781 cundini
595 4727 913 4780 Inventionis
951 4726 1190 4791 historia,
1242 4741 1395 4794 quinm
1428 4741 1492 4778 ex
1534 4730 1895 4796 manuscripto

322 4797 612 4851 cartlinalis
641 4797 848 4851 Baronii
871 4796 1038 4851 edidit
1065 4796 1349 4849 Bollandus
1375 4796 1458 4848 die
1497 4797 1548 4848 ll
1595 4796 1892 4862 Februarii,

322 4884 443 4921 cum
475 4871 576 4921 alia
597 4882 752 4936 quam
782 4868 1125 4922 vetustiorem
1144 4876 1292 4934 putat
1319 4867 1398 4918 vir
1423 4867 1681 4919 eruditus.
1713 4866 1789 4920 Ex
1815 4869 1895 4921 his

322 4949 504 4991 autem
525 4940 797 5001 discimus,
840 4954 958 4991 cum
990 4937 1147 5004 'l‘roja
1175 4938 1362 4988 civitas
1399 4937 1603 5003 Apulia:
1624 4951 1785 5004 super
1811 4953 1898 4990 ve-

325 5012 455 5061 teris
477 5009 640 5073 urbis,
661 5006 836 5060 Ecana
860 5009 1034 5068 dictae,
1061 5007 1240 5059 ruinas
1268 5014 1689 5072 cetistruerctur,
1721 5008 1773 5060 in
1790 5023 1899 5062 cm-

325 5079 555 5133 nictcrio
597 5080 778 5134 Sancti
835 5079 993 5132 Marci
1048 5080 1320 5131 inventum
1380 5076 1540 5129 fuisse
1595 5078 1897 5145 sepulcrum

325 5165 690 5204 marmoreum
713 5164 833 5202 cum
863 5152 960 5202 hac
982 5148 1347 5217 inscriptione,
1377 5148 1551 5201 exesis
1573 5149 1787 5216 quidem
1821 5150 1900 5202 iu-

325 5221 614 5274 fcrionbus
645 5220 830 5287 lapidis
861 5219 1117 5287 partibus,
1149 5217 1239 5272 sed
1269 5233 1385 5287 qua!
1409 5226 1582 5272 tamen
1611 5217 1764 5272 facile
1794 5220 1896 5289 legi

326 5301 560 5358 poterat.
617 5290 716 5341 llic
746 5292 1004 5358 requiescit
1036 5290 1095 5343 S.
1130 5306 1188 5340 ac
1225 5289 1521 5342 venerabilis
1569 5290 1895 5343 Secundinus

325 5364 617 5429 episcopus,
665 5362 764 5429 qui
795 5370 1082 5429 sanctorum
1130 5360 1345 5428 fabricas
1401 5361 1674 5424 renovavit,
1719 5369 1892 5429 raptus

325 5427 379 5484 in
408 5427 630 5498 requiem
660 5427 713 5483 tu
744 5428 828 5482 ld.
865 5427 1015 5483 Febr.
1039 5427 1207 5482 Porro
1233 5444 1353 5482 cum
1386 5431 1584 5483 inventi
1613 5433 1748 5484 sacri
1777 5427 1893 5484 coro

328 5502 475 5569 poris
524 5502 661 5553 fatua
712 5516 806 5568 per
852 5510 1012 5554 totam
1063 5501 1333 5553 civitatem
1378 5501 1642 5553 celebrata
1687 5503 1893 5565 fuisset,

328 5584 675 5624 accurrerunt
701 5573 878 5624 statim
900 5584 1086 5623 omnes
1106 5572 1269 5623 ferme
1293 5569 1439 5622 urbis
1463 5572 1667 5631 incola),
1694 5570 1782 5637 qui
1811 5589 1897 5637 pu-

329 5651 524 5703 tantes,
558 5642 718 5711 260
753 5653 808 5695 ut
851 5644 921 5694 ait
972 5639 1293 5703 Guaiferius,
1337 5644 1414 5711 fas
1460 5642 1728 5711 essequod
1758 5643 1896 5708 pium

328 5722 425 5776 est,
461 5710 674 5778 cmpere
720 5713 936 5764 osculari
965 5712 1220 5776 reliquias,
1251 5720 1354 5764 etc.
1388 5710 1455 5762 At
1483 5710 1580 5762 loci
1622 5711 1901 5780 episcopus

332 5791 392 5835 ut
419 5798 510 5838 eas
539 5784 640 5837 coli
688 5785 887 5837 sineret
932 5782 1140 5835 nonnisi
1189 5792 1466 5849 postquam
1520 5781 1769 5836 divinitus
1806 5785 1902 5836 fuit

330 5856 572 5928 punitus,
604 5851 793 5909 adduci
825 5855 1011 5923 potuit.
1047 5851 1302 5922 lleliquige
1339 5849 1515 5924 igitur,
1547 5867 1638 5920 pra
1671 5852 1894 5910 istorum

2002 3321 2249 3388 Adjutor,
2297 3321 2369 3374 uti
2412 3320 2592 3393 refert.
2633 3317 2961 3393 orthodosos
2986 3314 3344 3393 variispmnis
3375 3325 3575 3393 arege

2002 3385 2160 3461 affligi
2191 3401 2455 3455 cerneret,
2484 3391 2665 3444 relicta
2691 3388 2878 3442 militia
2899 3385 3039 3461 apud
3069 3385 3364 3461 llabensem
3392 3385 3574 3461 civita—

2001 3455 2195 3518 tem'se
2224 3463 2422 3533 recepit
2448 3502 2461 3523 ,
2494 3461 2664 3533 cujus_
2686 3469 2864 3526 postea
2912 3457 3056 3533 urbis
3081 3457 3392 3533 episcopus”
3412 3455 3579 3505 lactus

2002 3543 2112 3596 est;
2155 3523 2460 3586 ac'tandem
2489 3523 2588 3583 sub
2624 3523 2988 3582 Trasamundo
3013 3523 3138 3594 rege
3151 3540 3281 3596 cum
3309 3523 3425 3596 aliis
3447 3536 3576 3574 con-

2005 3594 2300 3656 fessoribus
2331 3609 2556 3654 vetustte
2584 3598 2700 3654 navi
2729 3599 3030 3666 impositus,
3051 3597 3101 3649 in
3123 3594 3464 3666 Campaniam
3483 3606 3577 3658 ap-

2005 3673 2158 3738 pulit,
2182 3687 2282 3738 qua
2309 3673 2360 3725 in
2385 3670 2656 3737 provincia
2687 3664 2824 3734 apud
2845 3668 3053 3738 Cavam
3077 3664 3361 3738 episcopali
3394 3675 3578 3715 mune-

2003 3733 2061 3793 re
2085 3733 2329 3808 fungens,
2363 3733 2592 3793 excessit
2622 3754 2650 3790 e
2672 3733 2798 3789 vita.
2842 3736 2964 3790 lltec
3003 3735 3091 3788 ille
3116 3749 3178 3788 ex
3209 3733 3580 3808 variisauctof

2005 3809 2152 3864 ribus
2180 3802 2316 3878 quos
2338 3807 2536 3880 laudat,
2569 3822 2664 3876 pro
2683 3820 2832 3880 more
2859 3821 2956 3860 suo
2982 3814 3209 3880 sanctos
3215 3802 3479 3880 quoslibet
3508 3802 3574 3853 ad

2006 3873 2316 3948 Hispaniam
2349 3896 2441 3948 per
2467 3873 2545 3931 fas
2570 3873 2622 3932 et
2644 3877 2793 3931 nefas
2825 3875 3156 3945 pertrahens.
3177 3873 3280 3929 Sed
3308 3873 3579 3948 antiquum

2003 3947 2230 4022 aliquem
2259 3947 2528 4022 auctorem
2553 3951 2741 4022 harum
2762 3961 2937 4000 rerum
2967 3956 3152 4022 testem
3182 3947 3576 4022 exspectamus.

2001 4009 2161 4075 Certe
2191 4021 2327 4090 apud
2369 4020 2638 4074 Victorem
2685 4018 2950 4090 Vitensem
2984 4017 3075 4090 lib.
3100 4031 3138 4082 ι,
3160 4009 3316 4090 num.
3352 4012 3448 4090 12,
3481 4009 3581 4090 Va-

2003 4081 2242 4146 lerianus
2264 4092 2653 4155 Abbenzensis,
2682 4098 2773 4142 aut
2798 4088 3048 4153 Abensis,
3078 4081 3209 4141 utin
3236 4083 3450 4155 nota“
3486 4081 3582 4135 obi-

2001 4163 2353 4227 servavimus,
2404 4153 2648 4215 laudatur
2681 4158 2750 4212 ob
2797 4159 3104 4227 prmelaram
3153 4153 3579 4227 confessionem;

2000 4238 2093 4287 sed
2130 4234 2180 4287 in
2204 4222 2396 4287 Notit'ia
2434 4231 2626 4304 Africa:
2654 4244 2751 4285 nec
2774 4222 2908 4304 ipse,
2934 4227 3040 4304 jam
3071 4232 3268 4304 quippe
3301 4222 3581 4304 defunctus

2005 4315 2144 4368 erat,
2178 4320 2277 4358 nec
2324 4304 2458 4376 alius
2505 4299 3062 4376 quisquamuejusdem
3107 4297 3583 4376 sedistepiseOpus

1999 4364 2350 4430 memoratur.
2384 4364 2550 4427 Nemo
2572 4364 2733 4425 etiam
2751 4364 2868 4426 sibi'
2885 4369 3037 4424 facile
3058 4365 3397 4436 persuadebit
3413 4364 3582 4436 Adju-

1999 4454 2190 4506 torem,
2239 4461 2399 4514 quem
2438 4445 2488 4498 in
2513 4441 2773 4514 Hispania
2804 4441 2974 4514 primo
3002 4434 3315 4514 militantem
3337 4477 3350 4498 ,
3393 4434 3584 4514 deinde

1999 4530 2137 4569 anno
2153 4506 2319 4570 427in
2343 4514 2572 4570 Africam
2596 4506 2716 4567 cum
2735 4506 2982 4565 Vandalis
3007 4510 3364 4564 transmisisse
3381 4506 3581 4567 volunt,

2001 4587 2332 4652 postmodum
2348 4587 2446 4640 sub
2457 4582 2844 4645 Trasamundo,
2857 4581 2942 4652 qui
2953 4595 3100 4652 anno
3112 4578 3214 4632 496
3229 4575 3583 4652 Vandalorum

2002 4645 2280 4725 imperium
2298 4654 2549 4722 suscepit,
2562 4645 2938 4725 episcopum'in
2953 4650 3152 4725 Italiam
3171 4648 3372 4725 pulsum
3400 4645 3580 4725 fuisse,

2002 4728 2056 4780 in
2081 4713 2182 4793 qua
2199 4731 2358 4780 etiam
2383 4713 2977 4793 regione-episcopatum
2995 4713 3459 4793 administraverit.
3486 4713 3585 4792 De-

2003 4788 2164 4862 nique
2177 4797 2324 4849 Abba
2339 4802 2432 4847 aut
2445 4788 2564 4845 'Aba
2591 4788 2721 4862 urbs
2739 4797 2853 4843 erat
2879 4789 2943 4841 ad
2967 4788 3394 4862 proconsularem
3419 4788 3584 4862 p‘erti:

2007 4853 2158 4929 nens,
2181 4876 2310 4919 utex
2329 4862 2532 4932 Polybii
2548 4861 2639 4915 lib.
2659 4877 2687 4914 ι
2705 4869 2911 4933 certum
2931 4853 3030 4924 est,
3046 4857 3201 4927 261
3215 4855 3302 4933 qui
3320 4853 3582 4933 eam'batud

2012 4923 2199 5003 procul
2221 4951 2247 4988 a
2276 4923 2600 5002 Carthagine
2629 4931 2901 4986 exstitisse
2929 4923 3210 5003 menitr'ai.
3230 4923 3294 4980 At
3317 4940 3382 4979 ex
3412 4923 3568 4976 Victo

2009 4999 2067 5061 re
2094 5005 2296 5061 Vitensi
2328 5005 2420 5059 lib.
2455 4999 2502 5078 ις
2519 5019 2664 5078 num.
2698 5003 2751 5078 9_,
2776 5007 2988 5078 constat
3013 4999 3214 5077 nullum
3246 5009 3343 5078 suo
3371 5003 3580 5073 tempo-

2010 5092 2069 5132 re
2097 5092 2160 5130 ex
2200 5075 2600 5145 proconsularis
2624 5081 2677 5128 et
2715 5073 3021 5146 Zeugitante
3051 5073 3335 5138 provincia:
3369 5079 3579 5146 episcof

2011 5149 2090 5216 pis
2145 5136 2679 5219 residunmtprorsus
2731 5136 2917 5206 fuisse,
2966 5136 3161 5219 praeter
3197 5148 3306 5219 tres
3333 5149 3470 5219 quos
3509 5136 3580 5219 ibi

2011 5212 2276 5273 recenset.
2311 5216 2590 5272 Scribebat
2617 5224 2797 5270 autem
2823 5229 2965 5268 anno
2993 5212 3122 5276 487,
3155 5220 3210 5263 ut
3251 5212 3475 5276 ipsemet
3503 5213 3583 5260 at-

2005 5297 2250 5353 testatur,
2267 5289 2316 5342 id
2344 5297 2445 5349 est,
2475 5287 2630 5340 annis
2661 5285 2905 5340 undecim
2934 5283 3236 5350 priusquam
3257 5283 3581 5332 'l‘rasamun-

2004 5360 2104 5412 dus
2136 5375 2354 5430 regnum
2383 5359 2604 5426 adeptus
2633 5356 2836 5432 fuisset.
2880 5423 2892 5432 _
2929 5424 2944 5432 _
2995 5422 3007 5432 _
3082 5422 3100 5432 _
3135 5421 3167 5432 Ἀ
3230 5420 3267 5432 __
3440 5419 3452 5430 ,

2076 5433 2160 5485 15.
2195 5419 2406 5484 priscos
2426 5419 2536 5496 prie
2581 5425 2792 5481 caeteris
2815 5422 3040 5496 celebris
3065 5421 3194 5496 _f_uit.
3227 5420 3383 5496 Hunc
3412 5419 3570 5473 simul

2006 5517 2127 5555 cum
2156 5491 2451 5565 Castrensi,
2471 5507 2526 5552 ut
2547 5503 2795 5550 narratur
2817 5496 2867 5548 in
2893 5495 3042 5547 istius
3065 5491 3204 5556 Vita,
3222 5506 3343 5560 cap.
3365 5491 3414 5552 1.
3433 5505 3579 5543 num.

2007 5573 2060 5636 5,
2090 5571 2302 5628 barbari
2330 5587 2359 5623 a
2391 5567 2601 5624 cat-teris
2625 5567 2989 5636 sejunxerant,
3031 5573 3088 5618 ut
3116 5577 3310 5636 eorum
3328 5571 3579 5636 constan-

2010 5631 2136 5696 tiam
2163 5648 2449 5704 tentarent,
2477 5637 2618 5706 quod
2651 5631 2718 5690 iis
2743 5635 2987 5702 devictis,
3031 5644 3260 5706 exteros
3288 5631 3442 5685 facile
3467 5645 3584 5706 ces-

2010 5727 2162 5766 suros
2185 5702 2593 5764 arbitraréniur.
2620 5706 2870 5775 Ejusdem
2903 5705 3069 5761 Prisci
3091 5703 3348 5775 festivitas
3375 5702 3585 5775 potissi—

2010 5798 2154 5836 mum
2180 5782 2233 5835 in
2263 5780 2505 5833 Romano
2527 5773 3014 5850 Martyrologio,_et
3042 5773 3583 5850 apudfcrt‘ariutnoin

2010 5853 2262 5922 Catalogo
2283 5859 2588 5906 sanctorum
2609 5841 2772 5905 Italiae
2797 5841 3049 5905 rocolitur
3074 5841 3160 5903 die
3183 5847 3205 5900 t
3233 5841 3584 5912 Septembris,
