4140 6336
476 302 568 362 111

1477 294 1817 357 APPENDIX
1857 297 1949 353 AD
1990 295 2334 353 VICTOREM
2382 295 2741 353 VITENSEM.
2820 298 2823 303 ’

3641 296 3747 354 419

477 424 627 493 cujus
650 410 989 493 solummodo
1015 418 1298 474 occasione
1325 424 1642 493 ceterorum
1688 416 1853 493 ipsius
1882 414 2059 493 socio-
2088 416 2138 475 Α
2166 412 2288 467 bern
2324 415 2599 493 exstitisse
2668 414 2889 493 collegit
2933 414 3189 493 Ughellus
3234 432 3301 472 ex
3346 420 3530 493 charta
3576 403 3748 493 vcter'l

478 486 591 548 ruin
624 494 841 549 nomina
880 489 1126 544 videntur
1154 487 1442 543 recenseri.
1488 487 1709 541 Michael
1765 504 1883 545 mon
1908 486 2057 540 .chus

477 565 529 619 in
555 562 867 620 Sanctuario
893 560 1145 629 Capuano
1168 567 1391 613 testatur
1432 557 1601 613 Prisci
1633 558 1944 613 memoriam
1991 573 2059 611 ex

478 635 646 690 veteri
702 632 985 687 traditione
1034 630 1230 698 Capua:
1284 630 1574 693 celebrari,
1615 645 1775 698 quem
1834 629 2059 682 Mantua:

478 709 786 772 episcopum
816 702 979 757 fuisse
1007 701 1247 772 scribit,
1278 715 1443 770 quare
1466 702 1631 772 hunc
1671 708 1943 772 auctorem
1975 713 2061 754 se-

479 771 633 830 cutus
679 772 959 843 Ugliellus,
1014 772 1188 827 eidem
1234 771 1421 843 Prisco
1463 771 1637 827 locum
1682 771 2057 843 duodecimum

478 847 617 900 inter
642 846 955 900 Mantuanos
985 844 1270 912 episcopos
1293 842 1462 905 dedit,
1499 852 1645 897 tome
1668 842 1734 896 VI
1777 842 1941 896 Italiae
1974 858 2063 897 sa-

480 932 604 979 erae,
637 916 720 970 ubi
750 916 898 983 plura
925 916 991 969 de
1011 929 1078 969 eo
1108 914 1288 976 habet,
1316 914 1409 968 sed
1443 928 1664 981 prorsus
1692 914 1916 968 incerta.

554 989 640 1041 16.
672 987 746 1041 De
772 986 982 1053 Elpidio
1011 1000 1175 1054 pauca
1200 992 1508 1047 occurrunt,
1540 984 1668 1038 nihil
1700 987 2056 1052 exploratum.

484 1058 705 1113 Michael
760 1057 1053 1111 monachus
1084 1057 1135 1109 in
1167 1069 1312 1122 saepe
1359 1055 1572 1109 laudato
1605 1056 1918 1111 Sanctuario
1962 1057 2063 1108 Ca-

481 1142 657 1198 puano
707 1127 864 1196 hujus
901 1127 1071 1181 sancti
1116 1127 1213 1180 viri
1246 1128 1438 1198 festum
1472 1127 1522 1178 in
1564 1127 1775 1198 ecclesia
1796 1126 2064 1198 Casapulli

483 1197 568 1253 die
594 1198 670 1253 26
700 1198 817 1252 Maii
848 1198 1013 1253 recoli
1056 1198 1259 1252 scribit.
1290 1197 1357 1251 At
1386 1198 1473 1250 alii
1503 1197 1662 1250 alium
1691 1197 1758 1251 ibi
1794 1197 2060 1263 Elpidium

484 1284 513 1323 a
544 1279 728 1323 nostra
777 1269 1031 1323 Africano
1082 1269 1348 1322 diversum
1401 1268 1662 1322 celebrari
1724 1277 1929 1333 putant,
1972 1267 2063 1335 qui

486 1340 743 1395 Atellensi
789 1340 1047 1395 Ecclesiae
1088 1339 1285 1393 saeculo
1313 1338 1498 1407 quinto
1545 1337 1822 1407 praefuisse
1848 1339 2060 1391 dicitur.

488 1411 644 1465 Istius
674 1410 933 1465 festivitas
959 1418 1073 1464 tum
1103 1411 1152 1463 in
1182 1410 1416 1464 Ecclesia
1447 1410 1844 1471 Beneventana,
1872 1417 1981 1461 tum
2014 1411 2063 1461 in

486 1480 685 1550 oppido
708 1483 877 1535 sancti
927 1481 1115 1551 Elp‘dii
1163 1480 1307 1534 dicto
1345 1495 1511 1547 prope
1561 1480 1837 1551 Avers:im,
1885 1478 2065 1551 dicit

488 1549 725 1621 ejusdem
751 1554 949 1607 mensis
977 1549 1299 1606 celebratur.
1341 1551 1445 1605 Sed
1476 1551 1557 1603 lite
1577 1549 1919 1604 difficultates
1946 1550 2069 1603 abs.

489 1620 594 1692 que
619 1623 937 1677 certioribus
966 1623 1325 1692 monumentis
1357 1622 1534 1692 dirimi
1565 1638 1666 1675 non
1699 1630 1940 1689 possunt.
1978 1620 2067 1673 El-

488 1691 619 1763 pidii
639 1693 868 1749 Atellani
902 1691 1497 1763 reliquiasinAEcclesia
1527 1692 1860 1745 Salernitana
1890 1706 2069 1743 ass-r-

2165 487 2650 557 sanctimonialium
2674 487 2845 540 sancti
2862 486 3105 554 Joannis,
3129 487 3182 541 in
3198 504 3354 554 quam
3372 488 3629 542 Miudonii
3655 503 3749 557 pro

2164 555 2417 609 Vindunii
2451 573 2647 612 nomen
2680 558 2961 624 irrepsisse
2996 560 3320 626 suspicatur.

2233 626 2323 680 21.
2355 627 2655 682 Castrensis
2683 630 2822 683 inter
2856 638 3081 683 creteros
3109 639 3297 684 turma:
3326 628 3591 683 duodenm
3617 643 3752 684 con-

2165 697 2399 751 fessores
2448 699 2715 753 celebrior
2744 708 2849 762 est,
2901 699 3010 753 imo
3062 701 3243 755 caueri
3291 703 3402 755 tere
3447 713 3639 754 omnes
3684 716 3752 757 ex

2166 768 2333 840 ipsius
2355 771 2490 822 actis
2516 770 2855 823 solummodo
2892 772 3002 825 noti
3053 784 3208 831 sunt,
3243 780 3300 825 ut
3345 787 3409 825 ex
3446 771 3529 825 his
3555 785 3677 840 qua:
3700 774 3751 827 in

2167 839 2268 893 hoc
2300 839 2411 893 fere
2442 850 2553 892 toto
2580 842 2754 907 capite
2779 842 3014 896 diximus
3043 843 3263 897 evidens
3291 851 3392 896 est.
3424 839 3748 909 Episcbpum

2166 910 2317 963 illum
2364 912 2526 964 fuisse
2587 914 2892 981 priusquam
2947 913 2999 966 in
3062 913 3267 967 Italiam
3329 914 3749 972 transferretur.

2166 990 2354 1049 aperte
2382 982 2618 1035 declarnl
2646 983 2762 1049 ejus
2797 982 2928 1036 Vita!
2956 993 3175 1038 auctor:
3202 983 3295 1039 sed
3323 984 3537 1038 cuinam
3571 984 3755 1038 Eccle-

2166 1066 2262 1104 sue
2294 1053 2565 1117 prze'uerit
2591 1053 2760 1107 altum
2802 1052 2998 1122 ubique
3026 1056 3321 1109 silentium.
3369 1056 3480 1122 Ego
3508 1068 3643 1108 vero
3669 1068 3757 1111 su-

2166 1124 2404 1188 spicatus
2424 1138 2541 1176 sum
2568 1140 2671 1176 non
2695 1125 2883 1189 semel,
2911 1126 3216 1180 Castrensis
3242 1127 3500 1179 vocabqu
3521 1140 3630 1179 non
3658 1126 3754 1178 viri

2166 1192 2412 1265 alicujus,
2443 1193 2537 1248 sed
2563 1195 2712 1249 urbis
2734 1195 3056 1264 episcOpaIis
3084 1213 3277 1250 nomen
3300 1196 3592 1264 designari,
3615 1197 3757 1265 quod

2168 1264 2233 1337 ad
2264 1264 2436 1332 ip-llm
2467 1266 2776 1333 episcopum
2808 1267 3009 1320 amisso
3050 1268 3270 1337 proprio
3300 1271 3540 1333 nomine,
3580 1277 3755 1319 trans-

2172 1334 2337 1405 latum
2375 1338 2581 1390 luisset.
2620 1338 2671 1389 Id
2705 1339 3030 1405 persuadere
3052 1334 3269 1393 videtur
3308 1340 3477 1405 ipsius
3507 1336 3755 1391 vocabuli

2164 1404 2373 1471 forma,
2403 1422 2504 1474 qua
2558 1404 2731 1460 locum
2780 1409 2958 1473 potius
3003 1423 3161 1477 quam
3215 1404 3483 1463 hominem
3531 1407 3756 1462 indicari

2170 1477 2341 1544 prima
2367 1478 2540 1531 lronte
2565 1493 2723 1530 nemo
2754 1494 2859 1533 non
2884 1480 3172 1534 existimat.
3209 1480 3411 1534 Deinde
3447 1480 3609 1533 castri
3663 1493 3757 1532 tio-

2170 1562 2289 1599 men
2324 1548 2543 1601 urbibus
2564 1550 2874 1603 attributum
2901 1548 3211 1619 frequenter
3233 1552 3285 1605 in
3312 1550 3582 1605 veteribus
3614 1548 3757 1603 Afri-

2170 1631 2247 1668 cui
2276 1618 2637 1671 rn-unmontis
2681 1620 2894 1685 legitur,
2927 1618 3225 1690 etquidem
3260 1622 3399 1676 inter
3429 1623 3612 1675 Patres
3651 1619 3756 1688 By-

2173 1703 2385 1760 zziccnrc
2415 1690 2702 1756 provincias
2730 1690 2877 1745 Felix
2907 1692 3194 1760 episcopus
3230 1690 3534 1747 Castrensis
3566 1694 3616 1744 in
3647 1690 3754 1744 No-

489 1758 2065 1855 variamrmatFerrariusiurgataingo‘g‘eoeralisanctorum
2102 1796 2148 1855 Β
2178 1758 2290 1810 titia
2348 1759 2596 1855 Africana
2642 1761 2894 1842 editionis
2946 1758 3216 1845 Sirmondi
3260 1764 3511 1817 occurrit.
3557 1760 3759 1855 Ycrutn

490 1834 673 1900 Italiae,
700 1849 879 1905 quem
908 1834 1066 1889 etiam
1102 1836 1170 1887 ab
1216 1833 1424 1905 Elpidio
1476 1833 1732 1887 Africano
1765 1833 2062 1905 distinguit.

489 1905 648 1959 Plura
679 1903 750 1959 de
777 1905 877 1961 hac
908 1920 965 1961 re
1011 1905 1211 1959 habent
1238 1903 1570 1959 Bollandiani
1613 1912 1756 1959 tonio
1788 1904 1849 1969 V,
1880 1903 1966 1956 die
1995 1903 2067 1958 21

492 1976 636 2032 Maii.

561 2047 647 2100 17.
685 2048 894 2101 Marcus
921 2046 1133 2101 nomine
1158 2054 1312 2100 tenus
1339 2046 1491 2099 nobis
1526 2045 1772 2113 cognitus
1799 2052 1900 2097 est.
1932 2045 2070 2097 Mar-

489 2133 585 2172 cus
617 2118 798 2171 Bovini
826 2118 877 2171 in
903 2119 1094 2186 Apulia
1116 2117 1402 2185 episcopus
1429 2116 1659 2170 celebris
1686 2127 1767 2170 est
1798 2116 1849 2168 in
1881 2115 2068 2186 eadem

489 2189 620 2243 urbe
650 2198 704 2242 et
724 2189 864 2257 apud
900 2184 1291 2251 Beneventum,
1317 2187 1403 2238 ubi
1435 2186 1877 2257 festivitasipsius
1900 2184 2069 2239 die“

489 2260 630 2314 Junii
673 2260 946 2313 recolitur.
1002 2259 1241 2312 Habctur
1268 2265 1321 2309 ct
1368 2257 1506 2310 alius
1552 2256 1791 2324 ejusdem
1839 2256 2071 2309 nominis

489 2332 773 2399 episcopus
797 2329 1009 2394 Ecante,
1036 2330 1192 2399 cujus
1214 2328 1405 2382 festum
1436 2328 1523 2381 die
1547 2329 1615 2382 15
1640 2327 1889 2399 Octobris
1924 2327 2069 2380 cele-

491 2397 694 2463 bratur,
728 2410 784 2454 ut
808 2400 1061 2465 observat
1107 2398 1360 2466 Ugbellus
1391 2406 1534 2451 tomo
1576 2399 1641 2452 VI
1668 2397 1831 2452 Italiae
1858 2411 2026 2451 sacra:
2051 2437 2068 2463 ,

492 2471 677 2526 tibide
719 2472 984 2541 episcopis
1022 2468 1309 2539 Capuiinis.
1351 2469 1455 2524 Sed
1501 2468 1716 2540 quinam
1766 2469 1844 2523 illi
1874 2468 2074 2523 fuerint

493 2544 755 2599 incertum
787 2549 888 2595 est.

556 2613 648 2666 18.
674 2612 773 2679 Qui
806 2612 1133 2680 Augustinus
1154 2611 1349 2669 dicitur
1380 2615 1430 2667 in
1476 2612 1595 2666 Vita
1623 2611 1791 2666 sancti
1819 2611 2070 2665 Castren-

495 2679 591 2750 sis,
621 2682 761 2737 idetn
790 2679 1093 2751 appellatur
1113 2684 1369 2754 Augustus
1395 2687 1445 2738 in
1477 2683 1863 2754 Martyrologio
1878 2682 2074 2735 Roma-

492 2765 584 2817 no,
615 2754 1071 2809 consentientibus
1104 2752 1332 2821 Ughello
1363 2756 1414 2810 in
1438 2755 1581 2809 Italia
1608 2752 1783 2818 Sacra,
1825 2752 2072 2807 Ferrario

492 2821 545 2877 in
571 2823 826 2894 Catalogo
853 2829 1087 2893 generali
1137 2826 1239 2881 SS.
1271 2826 1455 2894 Italiae,
1503 2826 1728 2894 aliisque
1762 2822 2074 2879 auctoribus

491 2896 736 2966 vulgatis.
766 2899 838 2950 De
872 2904 1071 2949 cuitero
1100 2895 1428 2966 Augustinus
1468 2898 1585 2951 sive
1616 2898 1886 2965 Augustus
1916 2896 2073 2966 plane

490 2964 705 3035 ignotus
730 2978 832 3034 εει,
867 2966 967 3021 nisi
1010 2966 1150 3033 quod
1178 2964 1458 3023 ecclesiam
1491 2968 1658 3037 ipsius
1697 2964 1900 3020 nomini
1929 2965 2074 3019 dica-

492 3044 600 3090 tam
648 3046 910 3091 memorat
952 3037 1176 3093 Michael
1221 3040 1517 3094 monachus
1549 3042 1601 3091 in
1630 3037 1950 3091 Sanctuario
1973 3037 2073 3090 Ca-

491 3120 690 3176 puano.
724 3108 1046 3162 Fortunatus
1076 3109 1167 3163 lib.
1190 3125 1247 3164 tv
1277 3111 1344 3164 de
1377 3109 1494 3165 Vita
1528 3110 1695 3163 sancti
1725 3108 1938 3161 Martini
1966 3110 2073 3160 Au-

2174 1844 2294 1881 cum
2316 1840 2568 1883 auctores
2590 1832 2805 1900 quique,
2834 1848 2953 1886 cum
2978 1834 3331 1896 recentiores,
3366 1843 3476 1886 tum
3510 1832 3715 1902 antiqui
3741 1874 3759 1897 ,

2175 1910 2416 1973 sanctum
2467 1903 2806 1973 Castrensem
2855 1912 3165 1958 constanter
3218 1905 3645 1973 appellaverint,
3692 1903 3763 1958 ab

2175 1972 2274 2030 eis,
2301 1972 2416 2024 sine
2439 1972 2546 2024 ulla
2574 1982 2768 2037 praster
2790 1975 3112 2041 conjecturis
3136 1972 3475 2039 auctoritate,
3503 1973 3764 2029 recedere

2176 2056 2283 2094 non
2330 2040 2494 2094 licuit.
2537 2042 2705 2097 Porro
2734 2040 3032 2100 Castrensis
3078 2046 3128 2099 in
3166 2045 3511 2114 Campaniam
3568 2045 3758 2114 appul-

2176 2126 2268 2163 sns
2289 2115 2539 2185 Suessam
2571 2116 2758 2167 urbem
2794 2116 2962 2183 petiit,
2987 2117 3073 2170 ubi
3105 2118 3156 2171 in
3188 2116 3495 2170 suburbano
3528 2117 3764 2185 quodam

2177 2183 2441 2250 tuguriolo
2467 2186 2627 2236 vitam
2659 2186 2953 2254 angelicam
2990 2188 3214 2253 ducens,
3249 2186 3517 2241 miraculis
3544 2183 3722 2241 clarus
3745 2227 3762 2249 ,

2178 2265 2233 2306 ut
2259 2263 2441 2326 narrat
2469 2254 2588 2326 citis
2613 2255 2746 2310 Vitze
2774 2267 2960 2311 auctor
3000 2273 3121 2326 cap.
3153 2258 3206 2325 '5,
3237 2259 3464 2313 esces~it
3494 2272 3522 2310 e
3547 2261 3652 2312 vita
3673 2255 3765 2312 die

2178 2324 2455 2397 undecima
2506 2323 2802 2397 Februarii,
2847 2344 2949 2396 qua
3002 2323 3408 2397 ipsius’festttm
3438 2329 3490 2382 in
3519 2327 3766 2383 Romano

2178 2393 2556 2469 Martyrologio
2584 2393 2907 2469 celebratur.
2942 2393 3197 2469 Sepultus
3221 2408 3303 2454 est
3329 2401 3380 2454 in
3408 2398 3766 2453 Castra-Vul-

2176 2468 2341 2539 turni,
2373 2466 2514 2534 quod
2546 2478 2669 2521 tunc
2696 2468 2760 2520 ad
2790 2466 3071 2537 Capuanos
3113 2471 3392 2539 episcopos
3418 2469 3758 2537 pertinebat,

2182 2537 2366 2610 ibique
2391 2551 2602 2591 sacrum
2626 2540 2745 2606 ejus
2770 2553 2966 2610 corpus
2993 2537 3191 2597 saeculo
3214 2537 3355 2595 nono
3381 2540 3554 2594 adhuc
3576 2554 3766 2595 serva-

2177 2607 2355 2682 batur,
2378 2619 2434 2661 ut
2457 2624 2520 2661 ex
2542 2609 2848 2682 Itadalperti
2869 2607 3115 2682 episcopi
3143 2611 3378 2679 Capuani
3406 2612 3570 2666 veteri
3596 2613 3766 2681 epita-

2180 2676 2305 2747 phio
2331 2689 2497 2746 patet,
2539 2680 2679 2747 quod
2710 2696 2775 2736 ex
2807 2676 3360 2739 Michaele'mmiacbo
3389 2676 3761 2737 chsche'nius

2178 2749 2361 2803 retulit
2387 2750 2441 2802 in
2465 2752 2758 2819 praemissis
2788 2754 2853 2805 ad
2884 2754 3123 2822 ejusdem
3150 2753 3320 2808 sancti
3346 2754 3651 2807 Castrensis
3672 2752 3767 2807 Vi-

2180 2828 2308 2882 tam,
2345 2835 2557 2890 paragr.
2592 2825 2645 2889 2,
2676 2838 2823 2876 num.
2854 2823 2908 2878 6.
2952 2827 3138 2879 Postea
3168 2826 3365 2880 stet-qu
3395 2824 3715 2879 duodecimo
3746 2866 3762 2891 ,

2177 2902 2403 2960 excepto
2433 2893 2626 2960 capite,
2662 2897 2975 2950 translatum
3006 2907 3088 2951 est
3109 2910 3139 2950 a
3161 2896 3446 2952 Guillclmo
3478 2896 3518 2949 II
3547 2909 3752 2962 cogno—

2180 2971 2361 3033 mento
2421 2962 2600 3029 Bono,
2655 2965 2850 3019 Siciliae
2906 2982 3059 3033 rege,
3120 2968 3171 3021 iu
3224 2966 3509 3022 ecclesiam
3570 2965 3767 3022 Montis

2182 3032 2906 3107 Ijegalismetropolitanam,
2928 3032 3085 3107 quam
3115 3040 3350 3093 evocatis
3377 3054 3407 3093 e
3434 3039 3765 3092 monasterio

2181 3104 2409 3157 Cavensi
2460 3106 2736 3160 monachis
2782 3104 3139 3164 Bcnedictinis
3164 3108 3568 3165 Caloniacensis
3598 3107 3763 3161 fami-

491 3173 759 3246 gustinum
789 3178 1104 3233 Concordiae
1136 3181 1186 3234 in
1232 3180 1380 3234 Italia
1424 3181 1693 3235 celebrem
1748 3180 1943 3240 laudat,
1979 3177 2072 3231 sed
2099 3174 2149 3237 α
2182 3173 2298 3248 lite,
2328 3178 2452 3248 pius
2489 3176 2590 3230 iste
2613 3180 2861 3248 princeps
2900 3180 3275 3236 mdilicaverat.
3318 3180 3583 3235 Caeterum
3623 3180 3765 3234 beati

492 3263 652 3319 quem
676 3249 831 3319 longe
851 3251 1013 3303 alium
1036 3263 1064 3301 a
1085 3261 1272 3305 nostro
1288 3264 1408 3305 esse
1428 3260 1692 3319 putamus.
1723 3248 1873 3302 Hunc
1902 3249 2074 3319 ipsum

491 3316 806 3373 Concordia:
846 3320 1156 3389 episcopum
1188 3316 1439 3390 appellat
1458 3320 1732 3387 Ugbellus.
1757 3319 1862 3390 Sed
1896 3316 2080 3372 mirari

492 3390 638 3443 subit
667 3390 807 3455 quod
841 3404 941 3444 nec
967 3390 1105 3458 apud
1138 3388 1444 3446 Ferrarium
1474 3393 1524 3445 in
1548 3400 1777 3460 utroque
1797 3388 2072 3458 Catalogo,

493 3473 596 3514 nec
638 3461 960 3531 aptidalios
1006 3470 1314 3516 sanctorum
1356 3461 1517 3516 Italize
1547 3462 1898 3527 collectores,
1945 3475 2080 3531 quos

492 3531 706 3603 quidem
727 3530 908 3603 videre
939 3531 1104 3595 licuit,
1132 3533 1300 3603 ipsius
1322 3534 1581 3587 memoria
1600 3541 1867 3599 occurrat,
1891 3546 2083 3601 quani-

493 3600 575 3655 vis
608 3602 718 3671 jam
748 3600 1024 3657 Fortunati
1061 3600 1303 3673 tempore
1343 3605 1656 3658 notissimus
1691 3603 1885 3670 fuerit,
1912 3600 2079 3673 quem

494 3687 686 3743 nempe
715 3675 853 3728 inter
882 3674 1207 3729 illustriores
1237 3676 1448 3729 urbium
1476 3675 1643 3729 Italia:
1684 3686 1939 3745 patronos
1968 3676 2081 3728 lau-

494 3745 646 3798 datus
675 3757 862 3799 auctor
891 3754 1136 3801 recenset
1160 3746 1241 3800 his
1268 3747 1543 3802 versibus:

638 3831 701 3909 S_i
732 3836 857 3909 petis
886 3836 1017 3890 illud
1038 3837 1180 3909 iter,
1212 3854 1311 3905 qua
1346 3854 1399 3891 se
1430 3835 1717 3909 Concordia
1753 3838 1935 3909 cingit,

633 3906 948 3977 Augustinus
978 3908 1120 3961 adest
1138 3910 1411 3978 pretiosus,
1451 3907 1796 3977 Basiliasque.

494 4019 670 4091 Estet
695 4020 829 4074 alius
875 4022 1203 4090 Augustinus
1246 4022 1602 4091 Aquileiensis
1632 4022 1941 4091 episcopus,
1987 4018 2077 4089 qui

494 4090 652 4157 paulo
672 4100 793 4159 post
820 4105 1066 4162 eversam
1096 4107 1124 4143 a
1147 4090 1338 4146 Gothis
1373 4093 1594 4146 Romam
1641 4090 1845 4154 ﬂoruit,
1874 4107 1940 4146 eo
1967 4094 2083 4162 ipso

495 4169 740 4231 tempore
770 4176 877 4229 quo
902 4161 1041 4215 alter
1085 4164 1416 4231 Augustinus
1445 4163 1738 4217 Ecclesiam
1772 4161 2079 4217 Africanam

496 4230 823 4304 illustrabat,
857 4239 924 4304 ut
961 4247 1025 4285 ex
1073 4230 1308 4304 Henrico
1340 4234 1580 4287 Palladio
1625 4235 1784 4304 262
1833 4236 2084 4290 observat

496 4300 740 4373 liorisins
788 4302 840 4355 in
888 4302 1129 4357 Censura
1161 4303 1427 4368 Carnerii,
1459 4300 1815 4373 quam—Vi—C.
1850 4307 2081 4360 Antonio

500 4372 829 4454 Magliabeco
851 4373 1023 4443 Magni
1055 4374 1282 4429 Etruria:
1306 4374 1459 4430 ducis
1478 4372 1908 4432 ibibliotliecario
1941 4392 2077 4433 nuu-

496 4454 731 4510 cupavtt.

567 4513 653 4568 I9.
685 4513 892 4590 Canion
924 4515 1155 4590 celebris
1203 4527 1286 4571 est
1330 4518 1469 4587 apud
1526 4518 1919 4575 Acherontinos
1942 4560 1956 4585 ,
1985 4520 2075 4590 qui

493 4598 688 4656 corpus
723 4586 890 4652 ipsius
926 4588 977 4640 in
1006 4586 1414 4660 metropolitana
1446 4591 1671 4646 ecclesia
1711 4592 1958 4660 religiose
1992 4586 2080 4644 as-

494 4667 761 4710 servatum
781 4671 969 4727 magna
992 4658 1279 4714 devotione
1300 4675 1645 4717 venerantur.
1664 4665 1731 4716 At
1752 4666 1793 4716 si
1814 4658 2077 4718 Tabulosis

495 4740 619 4803 qua)
637 4728 713 4803 illi
740 4729 997 4803 exhibent
1019 4729 1150 4785 actis
1175 4732 1351 4801 aliqua
1375 4732 1506 4787 fides
1534 4733 1850 4803 praebeatur,
1873 4734 2073 4789 Canion

502 4797 605 4873 iste
653 4799 810 4873 longe
834 4800 994 4873 _alius
1040 4806 1125 4873 cst
1163 4803 1232 4856 ab
1256 4797 1319 4857 eo
1348 4804 1415 4857 de
1444 4797 1549 4872 quo
1598 4804 1681 4858 hic
1716 4807 1939 4873 agimus.
1972 4805 2075 4861 Iste

492 4871 688 4937 quippe
707 4870 806 4947 sub
832 4870 1161 4927 Diocletiano
1175 4886 1225 4927 et
1251 4870 1589 4947 Masinii‘anoi
1602 4870 1918 4947 niartvrium
1946 4889 2078 4930 cm.-

492 4943 800 5015 summavit,
832 4951 1028 5015 noster
1046 4956 1176 5015 vero
1206 4944 1415 4999 nonnisi
1446 4947 1546 5000 sub
1576 4943 1860 4999 Vandalica
1889 4962 2075 5015 perse-

491 5012 709 5084 cutione
734 5012 1062 5084 confessoris
1092 5013 1303 5069 titulum
1337 5014 1563 5084 adeptus
1592 5025 1695 5070 est.
1723 5016 1856 5071 Cum
1891 5012 2074 5073 'tamen

492 5078 838 5157 acherontini
886 5084 937 5137 in
985 5084 1104 5157 istis
1130 5088 1262 5157 actis
1290 5078 1771 5142 stium—Carrionem
1817 5089 1988 5157 primo
2023 5092 2072 5143 in

494 5152 673 5207 Africa
706 5156 1012 5227 episcopum
1068 5152 1235 5227 fuisse
1277 5157 1456 5210 dicant
1505 5157 1733 5227 indeque
1770 5152 1829 5211 in'
1868 5158 2073 5214 Italiam

494 5223 869 5299 transmissum
892 5267 907 5289 ,
940 5225 1012 5280 ibi
1044 5226 1115 5299 ab
1153 5227 1366 5297 Elpidio
1410 5223 1665 5283 Atellensi
1705 5232 1959 5299 episcopo
1987 5244 2075 5284 se-

464 5360 468 5365 ,
494 5293 697 5370 pultum
729 5294 914 5361 fuisse,
944 5293 1239 5370 conjiciunt
1280 5300 1474 5353 merito
1514 5293 1848 5354 Bollandiani
1878 5293 2071 5370 aliique

493 5368 745 5440 auctores
786 5375 906 5440 post
951 5365 1265 5440 Michaelem
1313 5371 1633 5425 monachum
1664 5381 1715 5426 et
1747 5365 2027 5440 Uglicllui'n
2053 5414 2067 5439 ,

494 5448 659 5511 unum
681 5435 749 5511 ab
768 5435 941 5489 altero
965 5436 1395 5511 distinguendum
1425 5456 1531 5495 non
1551 5456 1690 5497 esse.
1720 5435 1897 5496 De'bis
1920 5435 2069 5511 plura

492 5500 659 5575 leges,
688 5506 733 5575 si
758 5514 932 5572 vacat,
977 5509 1115 5571 apud
1130 5500 1531 5567 'Bollandianos
1567 5520 1712 5567 tomo
1735 5512 1799 5565 VI
1827 5500 1970 5575 Maii,
2003 5514 2068 5567 ad

495 5572 638 5652 dicm
668 5574 739 5629 25
767 5575 1009 5652 ejusdem
1038 5582 1258 5652 mensis,
1290 5598 1395 5652 quo
1418 5583 1555 5637 beati
1582 5584 1838 5643 Canionis
1876 5572 2066 5639 festum

496 5646 836 5717 Acheruntia:
875 5648 1210 5717 petissimum
1238 5646 1512 5710 recolitur.

520 5784 532 5799 .
682 5714 1156 5799 Vin-doniipullam
1192 5737 1419 5799 prorsus
1467 5726 1778 5799 memoriam
1829 5726 2067 5797 reperire

496 5785 668 5848 licuit.
720 5788 979 5848 Mindonii
1012 5785 1297 5850 ecclesiam
1335 5797 1464 5853 olim
1518 5785 1927 5858 toris.Cauu;u'n
1970 5814 2063 5855 ur.

2183 3244 2484 3319 Castrensis
2515 3244 2829 3303 memoriam
2861 3265 2956 3318 per
3005 3253 3309 3306 universam
3338 3250 3646 3319 Campaniae
3679 3266 3763 3306 re-

2185 3316 2395 3391 gionem
2419 3320 2685 3372 celebrem
2711 3316 2872 3374 fuisse
2888 3323 3117 3391 probant
3138 3337 3240 3377 non
3261 3323 3435 3377 solum
3457 3316 3765 3390 complures

2185 3389 2615 3461 ecr-Iesize,_quas
2655 3393 2754 3446 sub
2780 3389 2906 3461 ejus
2944 3395 3162 3448 nomine
3192 3395 3300 3450 Deo
3348 3394 3550 3449 dicatas
3588 3389 3767 3447 fuisse

2186 3465 2448 3512 testantur
2470 3459 2686 3536 Michael
2719 3459 3030 3528 monachus,
3065 3464 3337 3536 Ughcllus,
3362 3473 3418 3520 et
3444 3464 3533 3517 alii
3562 3462 3766 3536 passim

2184 3540 2461 3594 auctores;
2518 3533 2611 3606 sed
2665 3536 2824 3606 etiam
2877 3543 3054 3589 vetera
3092 3533 3318 3606 «(tiaeque
3356 3533 3760 3606 martyrologia,

2186 3615 2307 3678 quae
2335 3603 2644 3678 memoriam
2697 3602 2864 3673 ipsius
2894 3602 3189 3678 celebrant.
3228 3602 3302 3661 Ex
3334 3602 3509 3678 263'
3539 3605 3605 3659 iis
3635 3602 3767 3678 vero

2184 3671 2388 3746 aliquot
2413 3671 2752 3728 Castrensem
2783 3677 3021 3745 martyris
3052 3678 3204 3731 titulo
3234 3671 3585 3743 exoﬁtar'unt,
3618 3675 3761 3746 quod

2184 3744 2387 3819 scilicet
2412 3746 2576 3819 multa
2608 3761 2703 3819 pro
2725 3744 2931 3801 Christi
2951 3749 3249 3803 divinitatis
3274 3748 3614 3802 confessione
3638 3744 3759 3819 per:

2186 3814 2386 3868 tulerit.
2406 3815 2563 3869 Certe
2586 3817 2785 3871 cultum
2816 3819 2979 3887 ipsius
3003 3819 3421 3873 vetustissimum
3444 3833 3563 3873 esse
3586 3817 3764 3872 evinci

2186 3895 2457 3961 potestcx
2480 3959 2485 3961 Α
2506 3888 2812 3942 calendario
2838 3899 2961 3943 ante
2991 3905 3211 3956 annum,
3246 3891 3417 3961 inquit
3444 3887 3766 3961 Godefridus

2188 3955 2574 4020 Ileusrbenius,
2605 3961 3137 4031 septingentesimum
3165 3955 3631 4031 quadragesimum
3665 3959 3761 4029 pri-

2187 4042 2330 4079 mum
2357 4040 2595 4091 excurato,
2638 4032 2689 4082 in
2725 4047 2828 4098 quo
2858 4032 2996 4085 beati
3026 4030 3329 4087 Castrensis
3379 4030 3637 4086 memoria
3678 4045 3764 4084 re-

2186 4099 2399 4173 colilur.
2440 4099 2643 4173 Nomen
2677 4102 2843 4169 ipsius
2876 4103 3069 4169 legitur
3094 4103 3256 4157 etiam
3298 4104 3350 4157 in
3380 4100 3763 4173 Martyrologio

2185 4167 2428 4242 Romano
2469 4170 2659 4234 veteri,
2690 4167 2829 4240 quod
2868 4167 2967 4227 sub
3006 4175 3171 4228 sancti
3205 4167 3765 4242 Hieronymi'nomi'ne

2185 4240 2459 4307 vulgatum
2502 4251 2602 4306 est,
2652 4258 2951 4313 quanquam
2987 4247 3255 4299 recentius
3295 4240 3503 4298 censeri
3548 4243 3761 4307 debeat,

2185 4321 2277 4363 aut
2304 4313 2492 4365 saltem
2523 4313 2704 4366 multis
2728 4326 3031 4369 sanctorum
3066 4316 3370 4371 nominibus
3390 4326 3629 4369 auctum.
3651 4313 3762 4368 Ca2-

2186 4389 2430 4455 t_e_ra_non
2466 4385 2776 4449 recensebo,
2803 4401 2920 4455 qua:
2948 4387 3083 4455 apud
3115 4387 3488 4441 Bollandianos
3531 4386 3596 4439 ad
3619 4384 3762 4439 diem

2186 4452 2247 4504 11
2284 4451 2559 4508 Februarii
2587 4455 2767 4510 videre
2793 4451 2934 4511 licet.
2966 4451 3168 4512 Latith
3202 4457 3390 4512 Petrus
3425 4457 3683 4511 diaconus
3711 4456 3762 4509 in

2105 4558 2161 4619 Β
2187 4520 2325 4607 libro
2356 4526 2423 4577 de
2458 4525 2593 4578 Viris
2624 4526 2916 4619 illustribus
2965 4527 3367 4619 Czisiqemilius,
3398 4543 3515 4610 cap.
3541 4527 3602 4610 β,
3626 4525 3763 4619 Lalu-

2187 4595 2415 4649 rentinm
2465 4597 2769 4663 quemdam,
2804 4616 2869 4652 ex
2915 4600 3178 4653 monacho
3226 4595 3507 4655 CasinenSi
3540 4598 3763 4652 incertas

2186 4666 2328 4720 sedis
2353 4667 2685 4735 episcopum,
2711 4671 2797 4736 qui
2830 4669 3028 4724 sarculo
3049 4670 3263 4724 circiter
3292 4670 3501 4724 decimo
3524 4668 3764 4723 Castren-

2184 4738 2253 4808 sis
2297 4739 2521 4806 episcopi
2572 4741 2860 4808 passionem
2912 4741 3132 4794 versibus
3186 4741 3473 4795 adornavit.
3525 4738 3765 4807 Denique

2184 4807 2421 4873 ejusdem
2453 4807 2620 4863 sancti
2654 4814 2827 4866 cultus
2859 4828 2925 4865 ex
2961 4812 3109 4865 Italia
3137 4815 3188 4866 in
3228 4812 3470 4869 Siciliam
3507 4825 3763 4880 propaga-

2186 4888 2394 4952 tuscst,
2420 4896 2538 4933 cum
2562 4896 2727 4934 sacrm
2752 4884 2919 4946 ipsius
2942 4882 3201 4952 reliquiae,
3227 4886 3303 4937 uti
3326 4896 3487 4951 supra
3509 4882 3760 4943 diximus.

2184 4947 2237 5001 in
2271 4950 2463 5004 Montis
2511 4953 2719 5017 lic-salis
2757 4956 3039 5008 ecclesiam
3063 4947 3354 5008 translata:
3396 4947 3630 5017 luerunt,
3676 4953 3765 5005 ubi

2182 5021 2512 5093 etiamnunc
2546 5023 2793 5093 religiose
2834 5035 3228 5079 assenvantura
3256 5026 3455 5079 nostris
3490 5023 3765 5079 monachis

2183 5090 2565 5158 Ilenedictinis,
2598 5090 2684 5163 qui
2714 5095 2765 5148 in
2804 5095 2903 5151 hac
2934 5096 3346 5166 metropolitana
3378 5096 3606 5151 ecclesia
3640 5108 3763 5163 pcr-

2177 5174 2361 5215 severa
2372 5173 2445 5216 IIl.

2248 5231 2336 5286 22.
2378 5233 2605 5287 Ultimus
2646 5249 2709 5288 ex
2753 5234 3082 5295 duodenario
3122 5235 3489 5294 confessorum
3538 5248 3764 5290 nurnero

2176 5314 2489 5377 recensetur
2514 5305 2844 5361 .Tammarns
2868 5349 2883 5374 ,
2925 5325 3019 5365 seu
3044 5352 3059 5377 ,
3102 5319 3157 5365 tit
3197 5309 3333 5365 alius
3371 5309 3539 5362 codex
3582 5305 3758 5366 habet,

2176 5374 2486 5449 Zammarus
2514 5418 2527 5441 ,
2554 5385 2612 5449 et
2642 5379 2789 5449 apud
2824 5374 3127 5436 Ferrarium
3161 5382 3212 5435 in
3256 5378 3762 5449 Catalogoiiisatteldr

2175 5460 2291 5499 rum
2337 5446 2499 5501 Italia:
2544 5448 2599 5500 II
2640 5446 2909 5504 Fibrnarii
2937 5493 2951 5517 ,
2995 5451 3276 5507 Tomasus.
3332 5446 3483 5505 Hunc
3513 5447 3763 5519 Ugliellus

2178 5525 2323 5591 tomo
2347 5519 2450 5572 VIII
2471 5519 2633 5573 Italiae
2659 5535 2849 5588 SilCI‘lB,
2879 5522 3124 5591 Viperam
3148 5532 3384 5589 secutus,
3406 5524 3542 5575 inter
3563 5520 3761 5591 episco-

2179 5603 2272 5656 pos
2300 5589 2704 5645 Beneventanos
2740 5588 3005 5648 recenset.
3044 5594 3145 5648 Alii
3173 5604 3345 5648 tamen
3368 5588 3383 5657 ,
3407 5592 3598 5661 quibus
3620 5588 3763 5661 vide:

2175 5669 2262 5733 tur
2307 5662 2563 5714 accedere
2612 5662 2891 5717 Ferrarius
2923 5664 2973 5718 in
3013 5663 3269 5733 Catalogo
3322 5656 3534 5718 laudato
3572 5663 3656 5733 die
3696 5656 3760 5710 l5

2175 5732 2442 5797 Octobris,
2473 5733 2851 5787 'l'hatntnarutn
2878 5732 3307 5789 lictieveittautttn
3333 5750 3360 5786 τι
3390 5745 3571 5787 nostro
3592 5732 3761 5784 diver~

2174 5816 2293 5858 sum
2318 5818 2435 5859 esse
2462 5805 2717 5860 sentiunt.
2744 5804 2942 5861 Prioris
2974 5805 3167 5864 festum
3199 5806 3284 5863 die
3319 5804 3383 5861 I5
3406 5802 3645 5862 Octobris
3674 5810 3773 5856 cet
