4140 6336
526 308 629 366 “5

1538 302 1875 361 APPENDIX
1913 304 2005 361 AD
2046 300 2394 360 VICTOREM
2435 302 2793 360 VlTENSEM.

3687 300 3791 365 4M

528 423 700 492 major
727 431 889 479 esset.
931 423 1250 478 Gensericus
1297 422 1513 488 quippe,
1567 419 1716 488 regni
1745 419 2015 492 Vandali‘ei
2046 421 2101 492 in
2132 420 2184 480 Α
2280 417 2333 492 4,
2366 419 2631 492 (Steterunt
2668 415 2766 492 etsi
2795 415 2973 492 _varite
3014 422 3289 492 auctorum
3336 416 3618 492 sententiae
3657 433 3788 492 quas

530 490 707 550 Africa
734 495 996 556 conditor,
1032 499 1352 547 testamento
1380 505 1501 554 suo,
1552 498 1613 544 ut
1634 494 1744 557 jam
1774 505 1803 543 a
1832 491 1987 546 nobis
2007 490 2107 546 ob-

528 574 798 635 servatum
825 572 927 631 est,
954 570 1280 635 praeceperat
1299 571 1356 615 ut
1378 576 1598 635 regnum
1624 560 1694 635 ad
1716 561 1863 616 illum
1888 576 2106 631 semper

528 633 881 690 deveheretur
908 635 999 704 qui
1030 649 1097 690 ex
1123 632 1218 690 sua
1244 632 1528 704 agnatione
1553 632 1790 687 omnium
1813 640 1957 689 esset
1978 643 2105 689 natu

529 720 814 759 maxumus.

596 780 651 829 2.
681 775 847 830 Porro
879 776 942 831 lis
969 784 1053 831 est
1094 775 1231 831 inter
1269 782 1517 829 auctores
1559 783 1733 828 utrum
1775 773 1876 830 iste
1897 773 2105 829 Gunta-

529 845 740 902 bundtts
770 846 909 902 inter
943 848 1363 902 orthodoxorum
1391 854 1760 914 persecutores
1793 844 1988 901 debeat
2020 860 2107 900 re-

531 918 762 985 censeri,
789 932 912 973 cum
947 932 1053 971 non
1086 932 1188 972 una
1211 918 1282 971 sit
1308 932 1371 971 ea
1397 916 1466 971 de
1494 931 1551 970 re
1572 915 1915 985 scriptorum,
1944 917 2105 971 etiam

528 988 888 1054 antiquorum,
918 989 1217 1043 sententia:
1245 987 1533 1056 Procopius
1559 986 1652 1040 lib.
1681 1001 1696 1039 ι
1718 984 1785 1040 de
1801 986 1949 1040 Bello
1969 987 2109 1041 Van-

529 1059 707 1113 dalieo
736 1056 949 1113 disertis
979 1059 1158 1113 verbis
1187 1056 1417 1118 afﬁrmat
1436 1070 1502 1111 eo
1531 1065 1785 1126 regnante
1812 1057 2107 1113 catholicos

531 1129 827 1199 exagitatos
848 1129 1030 1183 fuisse.
1052 1128 1172 1196 Hic,
1199 1129 1389 1197 inquit,
1421 1125 1839 1199 Gundemundu_s
1853 1128 2026 1183 multis
2053 1130 2107 1182 in

534 1196 747 1254 Mauros
768 1199 958 1269 prreliis
985 1200 1154 1269 factis,
1200 1196 1526 1266 tractatisque
1549 1199 1763 1267 pessime
1777 1196 2103 1265 Christianis,

527 1279 665 1339 iegro
712 1285 924 1337 corpore
964 1271 1190 1334 interiit;
1250 1285 1313 1324 ex
1360 1269 1552 1338 quibus
1606 1269 1785 1324 verbis
1847 1269 2107 1325 Baronius

530 1338 943 1395 Guntabundum
973 1357 1005 1394 a
1030 1340 1141 1395 Deo
1171 1358 1196 1394 e
1219 1342 1318 1393 vita
1347 1340 1607 1393 hominum
1646 1339 1910 1409 abreptum
1941 1340 2108 1395 fuisse

529 1411 762 1479 collegit,
806 1410 945 1481 quod
982 1412 1378 1479 persecutionem
1412 1410 1713 1479 aliquandiu
1762 1412 2106 1465 intermissam

531 1482 708 1535 denuo
732 1480 1043 1545 excitasset,
1073 1482 1125 1535 in
1153 1496 1277 1551 qua,
1305 1490 1362 1535 ut
1383 1480 1495 1548 ipse
1511 1490 1680 1551 putat,
1700 1481 2107 1550 EugeniusCar-

530 1552 1177 1621 thaginensis,episc0pus
1200 1552 1438 1608 secundo
1467 1567 1498 1606 e
1526 1553 1654 1606 sede
1678 1553 1886 1620 pulsus,
1911 1552 1963 1605 in
1981 1552 2107 1607 Gal-

533 1622 629 1675 lias
658 1623 820 1693 266
846 1624 1162 1693 amandatus
1200 1633 1301 1687 ρει,
1345 1622 1431 1676 tibi
1466 1622 1672 1677 vivendi
1708 1622 1866 1677 ﬁnem
1900 1622 2102 1679 habuit.

534 1692 715 1747 Eidem
738 1692 1020 1748 sententia:
1057 1692 1364 1762 suﬂ'ragrari
1396 1693 1605 1747 videtur
1647 1693 1870 1761 epistola
1908 1692 2103 1747 Gelasii

532 1778 682 1859 p|apa3
706 1764 770 1818 ad
799 1764 1083 1859 Dardania;
1125 1765 1428 1859 episcopos,
1484 1763 1637 1817 initio
1684 1764 2102 1859 annihuti‘jam
2134 1798 2183 1859 Β

529 1834 956 1903 observavimus,
981 1835 1107 1901 495,
1135 1835 1462 1905 proindeque
1493 1843 1750 1904 regnante
1771 1834 1945 1889 adhuc
1969 1834 2107 1888 Gun-

531 1905 784 1971 tabundo,
817 1905 960 1960 data.
984 1906 1038 1960 ln
1067 1904 1350 1974 eaquippe
1376 1906 1563 1960 beatus
1595 1906 1831 1975 pontifex
1864 1915 2103 1960 sanctum

528 1975 824 2045 Eugenium
853 1976 1050 2041 laudat,
1083 1975 1225 2044 quod
1253 1990 1373 2031 cum
1406 1976 1527 2030 aliis
1558 1975 1829 2044 dignitatis
1853 1990 1965 2030 suae
1990 1977 2103 2031 col-

530 2045 664 2115 legis
696 2047 1053 2102 Vandalorum
1099 2047 1264 2101 furori
1302 2061 1399 2116 pro
1426 2046 1700 2101 catholica:
1753 2045 1873 2101 fidei
1921 2046 2107 2101 defen-

527 2117 679 2172 sione
702 2118 967 2173 constanti
997 2117 1176 2173 animo
1205 2118 1509 2181 restitisset,
1554 2125 1609 2172 et
1635 2131 1699 2171 eo
1724 2116 1842 2185 ipso
1866 2124 2107 2185 tempore

526 2202 631 2257 quo
681 2188 818 2243 hanc
863 2188 1135 2244 scribebat
1181 2188 1500 2256 epistolam,
1549 2189 1859 2251 resisteret;
1915 2190 2107 2255 quibus

526 2258 702 2314 verbis
732 2258 996 2323 Gelasius,
1046 2266 1103 2313 ut
1140 2258 1360 2313 evidens
1406 2266 1587 2323 est,et
1631 2272 1693 2312 ea
1741 2273 1859 2326 qua:
1907 2257 2108 2313 fecerat

527 2328 796 2399 Eugenius
832 2344 954 2384 cum
989 2330 1197 2384 caeteris
1232 2328 1499 2383 Africanis
1536 2329 1802 2397 episcopis
1837 2329 1888 2382 in
1928 2327 2105 2384 Colla-

530 2398 675 2453 tione
698 2398 1124 2470 Carthaginensi,
1154 2411 1208 2454 et
1238 2414 1299 2454 ea
1327 2414 1448 2469 qua:
1476 2408 1599 2470 tunc
1630 2407 1885 2469 regnante
1906 2399 2108 2456 Gunta-

528 2470 710 2525 bundo
734 2468 1053 2539 patiebatur,
1077 2470 1247 2526 voluit
1277 2468 1536 2524 indicare.
1558 2468 1894 2526 Contrariam
1927 2482 2103 2528 tamen

529 2542 749 2595 omnino
792 2541 1111 2596 sententiam
1160 2540 1439 2610 amplexus
1482 2549 1565 2595 est
1610 2550 1827 2595 sanctus
1869 2541 2106 2599 Isidorus

534 2611 864 2679 llispalensis
898 2612 1202 2681 episcopus,
1231 2612 1320 2681 qui
1353 2614 1405 2666 in
1437 2610 1585 2666 brevi
1618 2612 1978 2667 Vandalorum
2015 2614 2104 2668 lli-

530 2686 692 2736 storia
721 2691 888 2737 totum
911 2682 1250 2740 Guntabundi
1280 2696 1504 2750 regnum
1531 2697 1637 2736 tera
1676 2683 1778 2737 5H
1814 2682 1893 2738 his
1924 2685 2105 2740 verbis

529 2751 800 2826 concludit
834 2772 854 2826 _:
905 2753 1123 2826 Unerico
1165 2753 1386 2807 succedit
1420 2751 1837 2826 Gunt_amundus,
1889 2772 2105 2826 regnans

532 2824 676 2895 annis
704 2824 990 2879 duodecim.
1013 2824 1113 2887 Qui
1134 2826 1306 2879 statim
1335 2839 1510 2893 pacem
1531 2823 1772 2879 Ecclesia:
1798 2823 2103 2895 reforntans,

532 2893 807 2948 catholicos
835 2895 898 2948 ab
940 2895 1119 2949 exsilio
1152 2895 1421 2949 revocavit.
1463 2895 1662 2950 Eodem
1693 2897 1807 2951 fere
1835 2893 1995 2951 modo
2022 2899 2103 2953 lo-

531 2964 913 3038 qttitur‘Vietor
938 2965 1311 3038 Tunnonensis
1350 2965 1404 3038 in
1438 2966 1550 3038 ipsa
1591 2964 1769 3038 Africa
1799 2968 2099 3038 episcopus,

529 3047 585 3106 et
633 3035 835 3090 Isidoro
881 3037 1178 3103 antiquior,
1224 3036 1316 3106 qui
1364 3036 1479 3091 hanc
1518 3037 1570 3091 in
1599 3035 1867 3093 Chronico
1903 3035 2098 3095 habet:

534 3105 793 3160 llunerico
822 3107 1040 3163 succedit
1061 3105 1478 3169 Guntamundus,
1515 3117 1693 3178 regnat
1728 3110 1874 3163 annis
1915 3110 2105 3164 duode-

531 3178 651 3240 cint,
677 3178 766 3247 qui
792 3188 990 3232 nostros
1020 3179 1251 3247 protinus
1278 3180 1340 3232 de
1360 3178 1540 3247 exsilio
1568 3180 1834 3233 revocavit.

600 3248 653 3301 5.
685 3246 796 3320 Huc
816 3246 1244 3320 etiamrrevoeari
1274 3257 1450 3320 potest.
1470 3246 1661 3320 Felicis
1683 3264 1833 3318 papae
1852 3251 2101 3320 epistola,

532 3332 688 3386 quam
722 3319 948 3385 ipsemet
981 3318 1241 3373 Baronius
1286 3318 1495 3389 laudat,
1543 3319 1609 3372 ad
1650 3318 1931 3389 episc0pos
1959 3320 2103 3377 Afri-

531 3402 694 3459 canos
728 3390 870 3454 data,
915 3391 1171 3459 Dynamio
1213 3388 1511 3459 etSufidio
1538 3388 1865 3456 consulibus,
1912 3392 1961 3445 id
2002 3405 2102 3457 est,

531 3458 849 3513 Christianae
886 3458 1009 3514 tera:
1052 3473 1194 3514 anno
1235 3458 1357 3514 488.
1415 3459 1471 3513 In
1516 3459 1616 3514 hac
1657 3470 1834 3515 autem
1876 3462 2104 3529 [epistola

532 3532 791 3602 pontifex,
814 3532 1287 3602 postdeploratam
1311 3530 1564 3585 Ecclesiae
1587 3531 1849 3586 Africaine
1873 3533 2101 3602 cladem,

530 3601 583 3654 in
614 3616 715 3671 qua
744 3617 850 3655 non
877 3601 1049 3656 solum
1079 3603 1272 3672 vulgus
1317 3603 1700 3670 promiscuum,
1749 3614 1838 3657 aut
1879 3601 2103 3659 inferio;

530 3686 648 3726 rum
680 3673 927 3727 ordinum
954 3673 1158 3737 clerici,
1185 3671 1280 3727 Sed
1303 3687 1367 3727 ex
1391 3672 1636 3739 ipsismet
1658 3674 1816 3728 etiam
1840 3675 2099 3743 diac0nis,

528 3743 876 3815 presbyteris,
908 3753 963 3798 et
988 3744 1253 3814 episcopis
1286 3744 1525 3798 nonnulli
1562 3745 1695 3813 lapsi
1728 3746 1955 3806 fuerant,
1989 3762 2103 3801 mo-

529 3813 652 3867 dum
675 3813 728 3869 et
754 3813 1089 3869 conditiones
1122 3813 1418 3884 praescribit
1447 3815 1640 3883 quibus
1662 3816 1718 3879 ii,
1751 3818 1838 3884 qui
1866 3819 2104 3871 secundo

528 3885 794 3952 baptismo
820 3886 890 3939 ab
920 3886 1133 3940 Arianis
1164 3885 1348 3953 polluti
1376 3886 1603 3950 fuerant,
1640 3886 1705 3940 ad
1738 3888 2101 3954 paenitentiam

528 3957 915 4025 reciperentur.
950 3955 1148 4010 Eadem
1172 3970 1303 4010 vero
1323 3956 1543 4022 epistola
1566 3957 1676 4023 jam
1706 3966 1857 4010 antea
1897 3958 1946 4011 in
1973 3972 2103 4012 con-

528 4026 651 4079 cilio
688 4027 928 4080 Romano
970 4041 1111 4080 anno
1157 4026 1493 4095 praecedente
1539 4028 1673 4080 lecta
1713 4026 1917 4091 fuerat;
1964 4029 2103 4083 unde

529 4110 647 4150 cum
674 4097 937 4165 ejusmodi
965 4097 1200 4151 remedia
1242 4096 1571 4152 fervescentc
1618 4097 1984 4165 persecutione
2013 4114 2101 4154 rc-

529 4167 666 4235 quiri
689 4183 803 4238 non
817 4167 1042 4232 soleant,
1067 4166 1362 4238 verisimile
1384 4174 1469 4221 est
1495 4176 1620 4221 tunc
1643 4169 1897 4238 temporis
1919 4169 2103 4225 Eccle-

526 4239 659 4290 siam
689 4236 994 4292 Africanam
1024 4237 1201 4305 aliqua
1229 4251 1381 4306 pace,
1426 4236 1766 4294 concedente
1793 4248 1884 4293 aut
1912 4239 2099 4295 saltem

531 4307 904 4380 dissimulante
933 4307 1312 4380 Guntabundo,
1365 4307 1575 4362 fruitam
1604 4324 1743 4365 esse.
1791 4310 1859 4365 Et
1886 4311 2098 4380 quidem

527 4376 771 4453 [inmane
821 4378 956 4453 huic
986 4378 1486 4453 concilioquatuor
1525 4380 1819 4453 intererant
1862 4376 2100 4453 episcopi

527 4447 781 4514 Afticani,
815 4450 902 4516 qui
934 4450 1070 4504 forte
1105 4466 1133 4503 a
1160 4447 1520 4522 suis‘collegis
1547 4451 1768 4505 Romam
1800 4447 1956 4522 legin
1987 4447 2100 4509 fue-

526 4529 666 4582 rant,
700 4530 778 4585 ut,
803 4522 941 4574 sicut
966 4522 1093 4574 olim
1120 4522 1338 4590 Magnus
1356 4520 1652 4646 C{prianus
1692 4520 1915 4587 fecerat,
1956 4525 2099 4580 sedis
2120 4553 2180 4617 Β

526 4592 831 4646 apostolica:
863 4594 1183 4646 sententiam
1230 4594 1369 4646 circa
1422 4607 1672 4646 ausorum
1705 4594 2097 4646 restitutionem

525 4592 831 4657 apostolica:
863 4594 1183 4648 sententiam
1230 4594 1369 4647 circa
1403 4592 1672 4661 lapsorum
1705 4594 2097 4650 restitutionem

525 4661 943 4735 sciscitarentur.
975 4663 1088 4735 Non
1117 4663 1260 4719 enim
1295 4664 1511 4719 fortuito
1551 4664 1655 4719 huc
1690 4664 1972 4735 advenisse
1995 4681 2096 4735 pu-

525 4732 667 4786 tandi
701 4740 845 4787 sunt.
877 4733 1153 4804 Siquidem
1183 4735 1235 4790 in
1263 4750 1325 4789 ea
1355 4737 1562 4805 synodo
1591 4736 1723 4789 nihil
1760 4734 1872 4790 fere
1898 4737 1967 4791 de
1990 4732 2094 4792 alia

524 4805 768 4870 quapiam
821 4819 876 4859 re
917 4816 1093 4860 actum
1137 4815 1220 4860 est
1246 4821 1404 4875 quam
1435 4806 1503 4860 de
1547 4806 1810 4861 Africana:
1842 4807 2095 4865 Ecclesiae

522 4875 947 4945 necessitatibus.
990 4880 1228 4943 Quatuor
1269 4891 1429 4945 porro
1450 4877 1537 4931 isti
1566 4878 1832 4933 antistites
1859 4879 2093 4935 Africani

523 4943 574 5016 in
603 4946 1084 5016 subscriptionibus
1114 4943 1451 5016 appellantur
1479 4948 1775 5013 Pardalius,
1822 4950 2089 5016 Rusticus,

522 5013 758 5090 bonatus
784 5013 839 5072 et
866 5018 1073 5082 Victor;
1124 5013 1200 5090 at:
1221 5018 1292 5072 ibi
1317 5018 1635 5090 quibusnam
1672 5018 1927 5074 Ecclesiis
1960 5013 2096 5090 prte-

520 5086 732 5158 fuerint,
782 5090 862 5143 vel
914 5106 978 5144 ex
1024 5104 1127 5157 qua
1173 5088 1369 5142 fuerint
1409 5088 1601 5143 Africa:
1641 5086 2092 5158 provinciafnon

520 5155 804 5213 iudicatur.
852 5161 908 5214 Si
937 5155 1113 5213 tamen
1152 5159 1461 5226 conjectura
1505 5162 1579 5213 ttti
1612 5155 1787 5227 liceat,
1832 5155 1953 5216 cum
1999 5177 2092 5217 eos

519 5230 803 5299 conventtti
831 5229 1236 5299 Carthaginensi
1266 5230 1366 5283 sub
1390 5228 1657 5286 Hunerico
1683 5233 1983 5286 interfuisse
2004 5247 2092 5286 ve-

519 5298 740 5352 risimile
782 5300 870 5364 sit,
920 5298 1075 5354 sedes
1120 5316 1306 5355 eorum
1354 5316 1417 5354 ex
1458 5302 1650 5356 Notitia
1685 5302 1930 5356 Africana
1977 5302 2092 5357 erui

519 5378 786 5437 poterunt.
838 5371 891 5422 ln
938 5386 999 5425 ea
1031 5381 1209 5426 autem
1250 5373 1436 5425 unicus
1462 5371 1766 5439 Pardalius,
1799 5374 1885 5439 qui
1916 5372 2095 5427 Maeo—

518 5440 806 5514 madiensis
832 5441 1088 5497 Ecclesiae
1111 5444 1161 5497 in
1192 5442 1435 5497 Numidia
1458 5442 1743 5514 epise0pns
1765 5443 1880 5508 fuit,
1907 5458 2092 5497 recen-

517 5520 682 5584 setur.
718 5512 952 5584 Rusticus
984 5530 1109 5568 vero
1137 5514 1333 5581 duplex
1370 5512 1878 5584 occurrit,’primus
1918 5515 2093 5584 Typa-

516 5583 692 5636 censis
720 5583 770 5636 in
802 5583 1064 5655 Numidia,
1111 5586 1248 5639 alter
1273 5585 1581 5639 Tetcitantts
1610 5583 1987 5655 inByzacena.
2020 5586 2090 5640 At

516 5668 644 5707 vero
678 5668 796 5708 cum
840 5654 1029 5709 Donati
1080 5655 1278 5710 ibidem
1324 5654 1808 5720 novemdeeim,’et
1848 5654 2091 5711 Victores

514 5724 698 5796 viginti
728 5726 833 5779 duo
863 5735 1269 5793 recenseantur,
1321 5728 1537 5796 quinam
1585 5741 1651 5782 ex
1698 5726 1815 5781 istis
1859 5727 2090 5782 concilio

514 5794 756 5855 Romano
778 5797 1066 5864 adfuerint,
1096 5797 1312 5854 nonnisi
1338 5794 1543 5857 temere
1572 5798 1798 5855 divinari
1818 5805 2011 5868 potest.

2210 489 2371 544 modo
2390 488 2457 544 de
2489 485 2833 542 Guntabundi
2865 487 3235 554 persecutione
3275 490 3612 558 protulimus,
3663 485 3731 543 ita
3758 506 3787 545 a

2207 576 2267 615 se
2311 559 2539 614 invicem
2581 558 2784 613 dissita:
2830 559 3126 621 videantur,
3171 568 3230 613 ut
3257 558 3472 615 difficile
3512 560 3675 615 fuerit
3697 576 3786 616 eas

2208 645 2564 699 componere;
2594 644 2686 683 eas
2717 639 2892 683 tamen
2923 637 3189 699 utcunque
3223 631 3439 687 tolerari
3463 645 3621 700 posse
3648 633 3785 687 arbi-

2211 711 2343 763 tror,
2388 702 2432 756 si
2455 700 2522 754 atl
2545 714 2605 755 ea
2637 700 2972 754 attendamus
2995 714 3119 771 quae
3146 701 3301 771 267
3332 700 3400 758 de
3420 718 3545 770 rege
3575 703 3781 757 Gunta-

2209 772 2390 826 bundo
2419 771 2724 842 referuntur
2753 772 2803 825 in
2840 771 3069 842 Tyronis
3094 770 3341 839 Presperi
3367 772 3659 837 Chronico.
3691 790 3783 830 seu

2283 843 2406 908 tius,
2458 851 2513 895 ut
2559 841 2731 910 ipsum
2773 841 3004 910 appellat
3052 841 3313 896 llenrieus
3358 842 3601 898 Norisius
3650 845 3786 901 lib.t

2232 912 2457 985 listoria:
2487 912 2691 985 Pelag!
2728 928 2777 967 c.
2810 912 2900 979 21,
2943 911 2997 967 in
3054 911 3215 985 nobili
3246 913 3541 985 fragmento
3581 930 3783 985 appen-

2209 983 2346 1039 dicis
2373 982 2621 1038 Chroniei
2661 982 2934 1053 Prosperi.
2973 984 3136 1047 quod,
3183 993 3238 1037 ut
3277 983 3380 1052 jam
3430 982 3686 1049 diximus,
3722 1002 3785 1041 ex

2210 1069 2313 1109 ms.
2346 1053 2533 1108 codice
2549 1055 2857 1121 Augustano
2878 1054 3042 1109 edidit
3068 1053 3327 1108 Henricus
3338 1055 3587 1110 Canisius
3612 1058 3786 1112 tomol

2210 1125 2479 1179 Lectionis
2516 1126 2771 1195 antiquae.
2822 1125 3085 1194 lntegrutn
3135 1139 3299 1195 porro
3347 1126 3504 1195 hujus
3552 1130 3787 1182 auctoris

2210 1197 2385 1251 locum
2416 1194 2671 1250 exhibere
2698 1209 2878 1263 Operae
2908 1194 3269 1265 pretium’est,
3314 1194 3435 1249 cum
3477 1197 3787 1265 aptissimus

2210 1266 2281 1321 sit
2326 1266 2391 1338 ad
2436 1280 2497 1320 ea
2546 1264 2919 1338 componenda
2960 1280 3080 1335 qua:
3129 1266 3197 1321 de
3235 1264 3575 1338 Guntabundi
3623 1284 3789 1338 regno

2209 1337 2348 1406 apud
2374 1345 2620 1407 auctores
2649 1336 2897 1407 antiquos
2926 1338 3192 1407 contraria
3242 1337 3505 1393 videntur.
3539 1338 3631 1394 Sic
3659 1336 3789 1393 vero

2209 1420 2269 1477 se
2319 1407 2515 1461 habet:
2550 1406 2677 1462 Post
2728 1424 2865 1476 eum,
2923 1406 3245 1477 Hunericum
3289 1408 3514 1472 scilicet,
3562 1411 3790 1477 regnavit

2210 1476 2625 1550 Guntamundus,
2657 1477 2903 1531 Gentunis
2923 1478 3149 1549 ejusdem
3182 1476 3431 1532 Hunerici
3454 1481 3586 1550 regis
3614 1481 3790 1547 fratris

2210 1548 2371 1615 ﬁlius,
2404 1565 2565 1602 annos
2584 1549 2818 1602 undecim
2852 1548 3042 1603 menses
3064 1564 3241 1603 novent
3268 1550 3374 1602 dies
3402 1548 3635 1603 undecim
3660 1566 3679 1605 :
3704 1553 3790 1618 qui

2210 1619 2359 1692 tertio
2386 1636 2531 1692 anno,
2545 1620 2686 1692 regni
2709 1620 2791 1673 sui
2807 1621 3140 1692 cremeterium
3169 1621 3334 1673 sancti
3366 1622 3602 1692 martyris
3624 1620 3790 1692 Agilei

2209 1690 2352 1762 apud
2390 1689 2750 1762 carthaginem
2790 1691 3053 1744 catholicis
3098 1690 3219 1743 dare
3257 1689 3513 1760 prazcepit,
3560 1689 3790 1762 Eugenio

2212 1758 2596 1845 Carthaginensi
2627 1761 2882 1845 episcOpo,
2912 1762 2975 1815 ab
3004 1762 3179 1844 eodem
3201 1758 3314 1845 iam
3337 1758 3617 1845 ideexsilio
3644 1758 3792 1845 revo-

2212 1840 2345 1885 cato.
2373 1831 2583 1883 Decimo
2604 1842 2771 1885 autem
2792 1849 2927 1886 anno
2963 1832 3105 1901 regni
3132 1831 3215 1886 sui
3242 1832 3477 1887 ecclesias
3509 1832 3791 1888 catholico-

2210 1917 2323 1974 rum
2350 1902 2570 1974 aperuit,
2610 1911 2656 1955 et
2681 1918 2853 1957 omnes
2880 1903 2976 1956 Dei
3018 1904 3305 1974 sacerdotes
3341 1911 3537 1974 petente
3560 1902 3791 1974 Eugenio

2212 1970 2603 2043 Carthaginensi
2629 1974 2882 2043 episcOpo,
2908 1975 2970 2027 de
2991 1972 3171 2043 exsilio
3186 1975 3453 2028 revocavit.
3480 1973 3607 2043 Qut:
3627 1970 3791 2030 Eccle-

2212 2044 2301 2096 sia:
2326 2042 2533 2111 fuerunt
2554 2045 2745 2097 clausa:
2777 2060 2939 2097 annos
2978 2043 3032 2098 11
3066 2042 3203 2114 [lege
3234 2044 3300 2099 10
3327 2054 3381 2097 ιιι
3411 2042 3566 2114 infra]
3597 2062 3792 2100 menses

2211 2114 2264 2178 6,
2291 2114 2397 2167 dies
2419 2114 2475 2176 5,
2500 2113 2594 2167 hoc
2619 2123 2691 2167 est
2710 2114 2771 2167 ab
2793 2124 2967 2168 octavo
2986 2113 3121 2169 anno
3145 2113 3413 2179 Ilunerici,
3433 2114 3488 2167 id
3511 2113 3605 2179 est,
3626 2131 3689 2169 ea:
3706 2118 3792 2169 die

2211 2199 2278 2237 vn
2310 2185 2426 2238 idus
2445 2182 2717 2238 Februarii
2736 2201 2891 2253 usque
2918 2187 2969 2239 in
2996 2186 3245 2238 decimum
3264 2201 3456 2239 annum
3484 2188 3617 2254 regis
3647 2186 3789 2240 Gun-

2210 2254 2467 2319 tamundi,
2493 2257 2544 2308 in
2574 2256 2704 2308 diem
2736 2271 2785 2309 tv
2819 2257 2939 2310 idus
2960 2257 3193 2326 Augusti,
3219 2256 3272 2310 in
3295 2272 3395 2326 quo
3416 2258 3654 2324 completi
3669 2269 3792 2311 sunt

2209 2326 2496 2395 supradicti
2532 2326 2655 2378 anni
2691 2327 2759 2381 10
2798 2343 2993 2381 menses
3032 2328 3065 2381 ϐ
3096 2327 3203 2380 dies
3246 2328 3307 2392 5;
3357 2328 3444 2395 qui
3479 2339 3789 2382 memoratus

2212 2394 2605 2450 (iuntamundus
2626 2413 2716 2450 rex
2743 2398 3065 2467 postmodum
3086 2398 3206 2452 vixit
3226 2414 3390 2453 annos
3412 2397 3540 2451 duos
3564 2414 3793 2451 mensem

2210 2482 2389 2520 unum.
2438 2467 2564 2520 llrec
2606 2467 2925 2522 inficiabitttr
2953 2483 3130 2534 nemo,
3178 2468 3374 2537 scripta
3405 2468 3569 2524 fuisse
3593 2471 3661 2521 ab
3692 2471 3792 2522 ho-

2210 2538 2355 2609 mine
2400 2545 2652 2609 accurato
2694 2544 2749 2593 et
2796 2538 3054 2607 diligenti,
3102 2539 3189 2609 qui
3238 2548 3384 2595 certe
3423 2541 3582 2593 rebus
3623 2541 3793 2607 gestis

2212 2606 2422 2679 videtur
2462 2607 2789 2673 interfuisse,
2839 2606 3139 2665 ut’tneases
3167 2619 3221 2664 et
3254 2611 3369 2665 dies
3400 2611 3543 2679 ipsos
3572 2606 3645 2663 ita
3673 2620 3790 2664 stu-

2211 2677 2360 2732 diose
2381 2678 2665 2746 designare
2704 2682 2954 2748 potuerit.
3002 2680 3077 2734 Ex
3132 2680 3234 2736 hoc
3279 2677 3455 2736 autem
3488 2680 3791 2748 fragmento

2210 2749 2473 2821 colligitur
2497 2749 2909 2805 Guntabttndum
2944 2751 3100 2806 tertio
3129 2752 3318 2806 saltem
3350 2752 3498 2821 regni
3529 2752 3612 2805 sui
3640 2767 3786 2806 anno

2210 2820 2487 2874 catholicis
2510 2820 2723 2887 favisse,
2752 2822 2942 2891 quibus
2971 2823 3103 2876 alias
3133 2820 3491 2877 ecclesiam’in
3522 2823 3632 2890 ipsa
3654 2825 3791 2876 urbe

2211 2892 2355 2963 regia
2382 2891 2579 2963 habere
2606 2907 2710 2963 non
2744 2893 3107 2961 permisisset;
3154 2893 3261 2947 imo
3291 2902 3344 2949 et
3369 2894 3653 2963 ipsummet
3677 2893 3790 2947 Eu—

2209 2962 2439 3033 genium,
2464 2960 2514 3016 ei
2558 2962 2723 3018 fuisse
2746 2960 3180 3032 acceptissimum
3211 2979 3275 3019 ex
3323 2960 3403 3019 eo'
3436 2973 3600 3033 patet,
3644 2966 3790 3033 quod

2212 3035 2383 3100 ipsum
2429 3031 2586 3101 longe
2614 3044 2739 3088 ante
2768 3031 2993 3089 eteteros
3034 3034 3364 3090 orthodoxos
3410 3031 3677 3089 antistites
3720 3035 3791 3088 ab

2210 3104 2398 3175 exsilio
2429 3106 2785 3168 revocaverit;
2834 3118 2897 3159 ac
2934 3105 3274 3175 postmodum
3314 3105 3478 3174 ipsius
3509 3104 3781 3175 precibus,

2133 3177 2180 3240 ρ
2218 3174 2428 3247 caeteris
2448 3189 2657 3244 quoque
2682 3174 2965 3247 episcopis,
2999 3185 3119 3247 post
3147 3177 3422 3232 restitutas
3444 3174 3590 3247 ipsis
3614 3176 3790 3230 eccle-

2211 3245 2340 3308 sias,
2389 3247 2565 3300 redire
2615 3245 2911 3313 permiserit
2954 3245 3014 3301 in
3052 3261 3178 3302 suas
3216 3247 3391 3302 sedes.
3437 3246 3570 3300 Hinc
3610 3258 3790 3301 tamen

2211 3312 2412 3369 inferre
2442 3332 2546 3369 non
2592 3312 2713 3371 licet
2757 3317 3020 3387 prioribus
3050 3317 3390 3373 Guntabundi
3439 3318 3586 3387 regni
3630 3319 3791 3372 annis

2211 3387 2631 3458 persecutionem
2663 3389 2714 3441 in
2747 3386 2927 3442 Africa
2951 3402 3225 3454 cessasse,
3275 3403 3436 3458 quam
3482 3386 3787 3442 inchoatam

2207 3456 2398 3528 saltem
2412 3458 2721 3528 permisisse
2738 3458 2905 3512 multo
2922 3460 3269 3514 verisimilius
3282 3456 3385 3524 est,
3402 3459 3555 3528 idque
3574 3460 3792 3512 Ariauis

2207 3526 2506 3589 furentibus
2533 3529 2610 3589 πυ,
2631 3530 2794 3583 multa
2828 3529 3131 3584 audendum
3163 3526 3497 3584 sufficiebat:
3533 3530 3642 3583 imo
3666 3544 3792 3584 cum

2215 3595 2374 3663 plane
2398 3582 2644 3653 revocala
2678 3582 2782 3654 non
2814 3582 3133 3656 fueritiante
3159 3582 3618 3669 decimum—ipsius
3639 3582 3793 3668 regni

2206 3683 2425 3734 annum,
2453 3681 2509 3724 ttt
2538 3686 2601 3724 ex
2638 3671 2850 3724 laudato
2878 3671 3174 3741 fragmento
3214 3671 3504 3741 colligitur,
3553 3678 3665 3725 toto
3692 3672 3794 3727 hoc

2209 3741 2771 3811 temporis-intervallo
2792 3742 3082 3797 catholicos
3108 3743 3175 3796 ab
3189 3744 3398 3796 Arianis
3428 3742 3661 3811 pessime
3692 3742 3792 3795 ha-

2207 3806 2369 3873 bitos,
2420 3826 2483 3865 ac
2533 3811 2693 3866 multa
2737 3821 2792 3866 et
2830 3813 3009 3880 gravia
3051 3813 3331 3882 pertulisse
3371 3806 3528 3867 nemo
3574 3813 3794 3867 diffiteri

2207 3888 2384 3951 potest
2409 3883 2501 3951 qui
2531 3882 2668 3950 apttd
2703 3882 2966 3937 Victorem
3003 3883 3269 3938 Vitensem
3304 3883 3494 3951 legisse
3527 3884 3790 3937 memine-

2206 3950 2275 4021 rit
2301 3951 2443 4021 ipsos
2484 3967 2610 4021 rege
2639 3954 2799 4007 etiam
2827 3953 3057 4017 crudeli,
3090 3953 3296 4008 scilicet
3324 3950 3615 4018 Hunerico,
3669 3970 3793 4007 cru-

2207 4018 2439 4095 deliores
2467 4018 2650 4089 fuisse,
2675 4022 2966 4092 Crudelius,
3005 4025 3177 4095 inquit
3205 4026 3295 4080 ille
3324 4025 3460 4079 libro
3482 4040 3533 4090 v,
3568 4038 3796 4078 numero

2212 4091 2644 4166 ll,_Arianot~unt_
2672 4097 2917 4166 episwpi,
2942 4091 3217 4166 presbyteri
3236 4106 3285 4150 et
3311 4095 3504 4161 clerici,
3527 4111 3681 4165 quam
3706 4110 3795 4149 rex

2204 4170 2253 4215 et
2284 4161 2503 4216 Vandali
2525 4161 2814 4219 sa'viebartt.
2844 4161 2854 4165 ⁷
2904 4161 2910 4163 ⁷
2943 4161 2953 4166 ⁷
3089 4161 3108 4166 ⁷
3539 4161 3550 4165 ⁷
3760 4178 3786 4197 ο

2276 4232 2326 4285 5.
2379 4235 2535 4289 Certe
2586 4250 2656 4290 ex
2704 4236 2967 4306 Fulgentil
3020 4235 3140 4291 Vita
3191 4234 3336 4306 patet
3383 4233 3796 4306 persecutiones

2207 4304 2524 4359 Arianorum
2550 4319 2654 4360 non
2688 4304 2853 4376 semel
2884 4307 3003 4362 istis
3048 4304 3399 4376 temporibus
3414 4305 3786 4362 recruduisse.

2204 4376 2335 4432 Cum
2361 4376 2502 4430 enim
2542 4377 2654 4445 ipse
2695 4375 3003 4446 Fulgentius
3043 4375 3225 4447 capni
3251 4392 3372 4434 sese
3412 4377 3710 4446 recepisset
3739 4377 3797 4432 in

2205 4447 2760 4516 mouasteriumquod
2807 4464 2835 4502 a
2886 4449 3042 4504 beato
3092 4449 3289 4503 Fausto
3333 4450 3626 4517 episeopo,
3683 4462 3792 4503 non

2208 4518 2363 4586 longe
2391 4533 2420 4569 a
2452 4532 2552 4590 sua
2578 4518 2831 4575 cathedra
2876 4521 3129 4590 relegata,
3174 4520 3347 4575 fuerat
3373 4519 3697 4575 aedificatum
3735 4519 3791 4573 in

2203 4590 2321 4658 ipso
2349 4588 2523 4643 exsilii
2561 4592 2641 4644 sui
2684 4590 2837 4655 loco;
2891 4588 3014 4646 inde
3057 4590 3205 4645 abire
3237 4600 3451 4646 coactus
3481 4597 3597 4651 est.
3647 4590 3796 4657 quod

2203 4669 2322 4715 nata
2352 4676 2529 4713 rursus
2580 4660 2694 4716 talis
2741 4663 3024 4729 persecutio
3064 4660 3185 4729 ﬁdei
3224 4660 3413 4729 fuerit,
3452 4661 3625 4731 inquit
3654 4659 3795 4714 Vita:

2201 4742 2388 4814 auctor
2415 4733 2591 4801 capite
2620 4742 2831 4798 octavo,
2865 4749 2985 4816 qua:
3012 4742 3207 4816 sancite.
3245 4732 3505 4814 memoria;
3529 4729 3794 4785 Faustum

2200 4804 2491 4873 episcOpum
2509 4812 2709 4874 cogeret
2729 4820 2818 4873 per
2844 4802 3062 4858 diversas
3086 4803 3303 4857 latebras
3318 4802 3670 4874 commigrare,
3701 4817 3795 4855 nec

2198 4876 2251 4928 in
2266 4876 2376 4944 ipso
2392 4876 2697 4946 monasterio
2702 4877 2820 4946 jugi
2827 4884 2900 4928 ter
2910 4875 3094 4929 sineret
3106 4873 3594 4946 requiescerellanc
3614 4882 3793 4927 tamen

2202 4945 2626 5015 persecutionem
2668 4944 2921 5000 adversus
2950 4947 3228 5015 episcopos
3260 4944 3599 5013 potissimum
3639 4958 3791 4998 com-

2198 5022 2394 5071 motam
2423 5014 2589 5071 fuisse
2613 5024 2756 5084 patet
2789 5031 2858 5070 ex
2890 5031 2955 5071 eo
2975 5014 3114 5086 quod
3138 5014 3455 5086 Fulgentius
3484 5016 3640 5086 paulo
3669 5023 3797 5086 post

2197 5086 2393 5141 sesein
2425 5087 2644 5140 vicinum
2672 5084 3055 5142 monasterium
3095 5086 3182 5141 cui
3226 5084 3379 5141 Felix
3413 5089 3581 5156 abbas
3620 5084 3793 5156 ipsius

2199 5159 2400 5212 amicus
2433 5167 2675 5225 prteerat,
2713 5160 2979 5225 recepisse
3004 5158 3215 5221 dicitur,
3256 5158 3306 5211 in

2200 5243 2317 5282 runt
2361 5227 2644 5281 insultibus
2688 5228 2843 5294 plane
2890 5244 3112 5283 securus
3162 5229 3276 5282 fuit.
3326 5225 3477 5282 Unde
3525 5225 3790 5281 cardinali

2200 5297 2428 5353 Baronio
2450 5296 2603 5352 facile
2628 5300 3014 5355 subscribimus
3044 5300 3304 5355 asserenti
3328 5297 3466 5352 banc
3490 5304 3793 5367 tempesta:

2201 5375 2307 5423 tem
2352 5368 2405 5424 in
2434 5366 2743 5424 sacerdotes
2773 5370 3049 5439 speciatim
3105 5370 3268 5424 fuisse
3297 5366 3613 5439 excitatam,
3645 5366 3795 5435 quod

2201 5439 2505 5518 complures
2547 5441 2711 5512 268
2735 5441 3051 5518 catholicos,
3078 5441 3189 5518 qui,
3224 5449 3447 5518 urgente
3491 5438 3795 5518 saevissima

2201 5509 2451 5588 [Itineriei
2484 5509 2876 5588 perécittione,
2899 5509 3107 5588 iterato
3139 5509 3464 5588 baptismate
3476 5512 3548 5588 ab
3561 5509 3796 5588 Anienis

2199 5581 2384 5653 polluti
2408 5580 2637 5650 fuerant,
2668 5586 2734 5637 ad
2768 5584 3136 5653 paenitentiam
3155 5584 3299 5652 juxta
3320 5582 3531 5637 concilii
3561 5580 3793 5634 Romani

2201 5654 2477 5723 decretum
2526 5665 2582 5711 et
2642 5653 2838 5709 Felicis
2892 5668 3041 5723 papte
3093 5655 3372 5723 epistolam
3428 5653 3789 5720 recepissent.

2200 5724 2334 5795 Hinc
2360 5722 2510 5779 Felix
2550 5726 2777 5783 Arianus
2826 5722 3395 5795 presbyter’Felieem
3444 5724 3686 5795 abbatem
3714 5729 3794 5795 _et

2198 5794 2534 5867 Fulgentium
2562 5797 2736 5854 acrius
2765 5789 3078 5870 persecutus
3105 5805 3209 5868 est,
3241 5797 3383 5871 quod
3410 5808 3521 5866 eos,
3562 5792 3638 5849 uti
3679 5789 3785 5848 ob-

3338 5170 3444 5226 quo
3468 5157 3535 5211 ab
3558 5154 3795 5226 Ariano-
