4140 6336
562 298 587 350 4
600 298 661 351 ’25

1542 285 1882 345 APPENDIX
1920 286 2011 344 AD
2050 286 2400 344 VICTOREM
2439 287 2802 346 VITENSEM.

3716 293 3821 351 ηι

555 412 769 487 quidem
799 409 1110 481 Feticianus.
1141 402 1401 487 Fulgentii
1426 409 1607 472 postea
1634 402 1686 455 in
1709 400 2128 484 sedeltuspensi
2157 405 2202 463 Α
2233 401 2461 484 legaius.
2492 400 2560 483 iit
2588 401 2801 525 quidem
2841 400 2886 455 is
2926 401 3039 470 ipse
3081 410 3164 460 est
3203 402 3517 469 Diacianus,
3549 403 3604 460 ni
3639 404 3815 476 fallor,

558 498 857 525 αηιιιιρεεην,
892 479 1029 525 amid
1060 477 1359 525 Sardiniam
1382 488 1501 525 cum
1534 474 1691 525 beato
1713 473 1963 525 pontiﬁce
1986 489 2129 525 nres-
2232 488 2319 525 aut
2350 489 2404 525 In
2436 480 2605 525 emsto
2633 488 2677 525 IS
2712 472 3099 525 monachorum
3141 473 3458 525 Scytharum
3490 489 3623 525 uuas
3658 478 3815 525 tinnitu

557 473 860 547 successor,
890 473 1029 547 apud
1060 473 1359 532 Sardiniam
1382 474 1691 547 cum_iieato
1713 473 1963 547 pontifice
1986 489 2129 542 pres-

461 582 465 586 ·
557 558 695 627 byter
734 543 882 627 exsul
916 543 1259 627 nobitaunat,
1300 555 1357 599 ut
1400 561 1466 601 ex
1488 543 1641 627 "Vitio
1680 545 1905 627 prologo
1951 553 2125 623 patet,

461 632 473 646 "
555 614 681 698 quin
704 634 755 698 ct
777 626 887 698 ipse
916 622 1044 698 Vita:
1065 614 1782 698 auctur,_quent"Chiflletiurs
1807 614 2005 698 aliique
2026 615 2126 668 viri

556 684 749 751 eruditi
780 684 1131 755 Ferrandum,
1158 684 1427 744 celebrem
1460 687 1715 742 Ecclesia:
1740 684 2127 751 Carthaginien-

472 776 479 798 ⁵
555 768 631 821 sis
653 766 966 827 diaconum,
993 776 1115 817 esse
1139 760 1479 823 existimant,
1509 773 1616 812 non
1644 757 1812 811 semel
1842 754 2042 827 indicat
2070 770 2128 811 se

553 852 619 893 ex
670 836 855 891 eodem
910 824 1278 890 confessorum
1325 829 1571 884 sodalitio
1627 824 2127 883 fuisse.'C:e'terum

555 909 709 973 longe
739 906 920 974 plures
958 903 1238 975 episcopos
1278 914 1435 975 quam
1472 898 1577 975 iste
1606 906 1812 975 auctor,
1845 912 1910 975 ex_
1948 896 2128 975 Africa

555 979 606 1031 in
637 967 934 1033 Saidiuiam
965 967 1088 1030 tunc
1119 967 1373 1039 temporis
1399 969 1583 1040 pulsos
1606 968 1770 1040 fuisse
1796 967 2014 1040 tradunt
2039 968 2129 1023 alii

553 1050 843 1118 scriptorcs
870 1038 1443 1119 etiam_antiquissimi.
1464 1040 1633 1119 _S_olos
1663 1038 1803 1093 enim
1840 1038 2130 1119 Bysacenie

556 1108 844 1187 provincia:
872 1116 1150 1187 antistites
1173 1108 1439 1187 memorati
1451 1112 1604 1187 idem
1642 1119 1855 1187 auctor;
1885 1108 1974 1164 alii
2006 1124 2131 1164 vero

552 1178 644 1244 eos
671 1190 829 1243 etiam
861 1188 949 1256 qui
978 1202 1043 1241 ex
1066 1185 1183 1256 aliis
1208 1181 1495 1256 provinciis
1522 1181 1680 1256 ejeeti
1706 1178 1917 1256 fuerant
1939 1195 2131 1236 recen-

553 1269 693 1315 sent.
716 1250 892 1331 Certe
915 1250 1504 1331 Victor_Tunnonensis
1610 1251 1785 1331 Africa
1809 1250 2091 1331 episcopus
2110 1291 2126 1318 ,

553 1332 641 1399 qui
676 1330 888 1386 vivente
924 1326 1225 1383 Justiniano
1267 1324 1475 1399 ﬂoruit,
1522 1321 1740 1378 disertis
1767 1322 1945 1399 verbis
1975 1321 2132 1399 _al'lir-

554 1392 664 1456 mat
694 1402 744 1455 in
775 1400 1060 1466 Chronico,
1092 1413 1158 1452 ex
1186 1395 1330 1451 omni
1358 1394 1538 1449 Africa
1566 1405 1780 1466 cenium
1804 1392 2132 1466 vigin_ti_epi-

554 1486 749 1542 scopos
778 1487 808 1525 a
852 1462 1311 1542 Trasamundoin
1360 1466 1605 1542 exsilium
1652 1462 1899 1542 detrusus
1935 1462 2129 1542 luisse.

554 1534 681 1597 llazc
710 1550 833 1597 sunt
858 1542 975 1609 ejus
1002 1539 1163 1596 verba
1189 1555 1201 1591 :
1236 1536 1671 1609 Trasamundus,
1698 1535 1890 1589 Ariona
1928 1534 2132 1609 insania

556 1614 770 1682 plenus,
814 1604 1093 1682 catholicos
1139 1609 1433 1682 insectatur,
1481 1604 2131 1682 catholicoruntiecclesias

556 1673 780 1747 claudit,
812 1693 857 1736 et
881 1684 934 1736 in
956 1681 1259 1737 Sardiniam
1283 1678 1466 1733 exsilio
1488 1692 1551 1730 ca:
1588 1676 1740 1747 enini
1759 1675 2005 1747 Africana
2031 1673 2133 1729 Ec-

553 1755 705 1836 clesia
732 1744 932 1836 centum
946 1751 1132 1836 piqinti
1149 1747 1605 1836 episcoposntittit.
1633 1744 2131 1836 Eadegi'h's‘betjlsi-
2162 1774 2209 1836 Β

554 1824 717 1880 dorus
740 1827 791 1879 in
812 1823 961 1880 brevi
984 1815 1341 1877 Vandalorum
1365 1818 1592 1874 Historia
1614 1831 1726 1872 aera
1746 1815 1870 1872 526.
1887 1815 2131 1873 Totidem

555 1904 803 1951 recenset
832 1902 1017 1950 auctor
1049 1890 1297 1948 Historiae
1328 1888 1582 1945 miscella‘.
1602 1929 1617 1954 ,
1648 1901 1767 1959 quae
1795 1887 1953 1959 vulgo
1968 1887 2131 1959 Pauli

556 1966 768 2022 diaconi
799 1965 1016 2020 nomine
1058 1961 1383 2018 inscribitur.
1416 1958 1673 2029 Quinque
1708 1958 2135 2028 superadjiciunt

553 2037 868 2107 Sigebertus
894 2046 951 2107 et
978 2035 1245 2107 Marianus
1279 2035 1488 2107 Scotus_.
1523 2032 1592 2085 At
1620 2029 1958 2107 Herm_annus
1986 2029 2129 2107 Con-

556 2099 757 2164 tractus
787 2106 998 2177 triginta
1028 2115 1084 2161 et
1110 2104 1368 2177 ducentos
1397 2100 1681 2177 episcopos
1706 2114 1740 2177 ξι
1760 2099 2134 2177 _Trasamundo

555 2180 607 2234 in
636 2169 883 2235 Sardinia
912 2176 1180 2247 variisque
1208 2169 1660 2247 insulisualliict’os
1701 2169 1863 2247 fuisse
1898 2185 2135 2247 comme-

556 2258 749 2305 morat.
792 2248 936 2304 ldem
982 2240 1109 2302 fere'
1136 2245 1335 2299 habent
1372 2244 1461 2299 alii
1502 2242 1656 2296 istius
1686 2240 1784 2296 aevi
1814 2241 2132 2311 scriptorcs,

555 2335 691 2387 quos
717 2318 1025 2387 singillatim
1054 2329 1337 2372 recensere
1363 2313 1493 2387 nihil
1518 2312 1700 2381 juvat;
1733 2319 1790 2387 at
1812 2312 1900 2367 vel
1923 2310 1988 2367 ex
2009 2310 2134 2387 solo

558 2335 691 2387 quos
717 2334 801 2375 ειη
839 2334 1025 2373 Illaum
1054 2334 1337 2372 recensere
1363 2334 1493 2369 mult
1518 2334 1700 2381 juvat;
1733 2334 1790 2365 at
1814 2334 1900 2367 vel
1923 2334 1988 2367 ex
2017 2334 2132 2367 δυιυ

558 2334 1242 2467 Ευεθιιίἰξῖθηιιθείηεοείε
1262 2385 1508 2467 exemplo
1538 2382 1929 2466 patet_aliarum
1951 2384 2132 2465 etiam,

555 2455 751 2532 praéter
791 2455 1155 2532 Bysacenam,
1178 2455 1587 2532 provinciarum
1618 2455 1901 2524 episcopos
1939 2469 1970 2509 e
2023 2455 2135 2509 suis

555 2525 772 2586 sedibus
799 2525 1228 2585 a'Trasamundo
1257 2527 1457 2597 ejectos
1486 2525 1670 2581 fuisse.

627 2602 681 2657 9.
725 2601 779 2657 ld
802 2609 982 2656 autem
1006 2594 1342 2665 potissimum
1364 2611 1462 2652 nos
1488 2602 1685 2661 movet,
1707 2594 1848 2665 quod
1869 2604 2134 2651 tantorum

556 2673 787 2727 virorum
818 2671 983 2743 278
1008 2666 1175 2743 ferme
1200 2666 1439 2724 omnium
1470 2681 1577 2743 non
1614 2666 1803 2743 solum
1818 2680 1907 2743 res
1935 2676 2133 2743 gesite,

556 2743 650 2798 sed
680 2743 793 2813 ipsa
819 2736 1218 2813 {tuumnomina
1240 2753 1457 2813 prorsus
1481 2740 1656 2813 ignota
1676 2736 1834 2813 nobis
1854 2736 1985 2813 sini:
2008 2736 2135 2813 Quae

557 2828 683 2869 vero
701 2806 776 2869 'de
795 2813 861 2869 iis
885 2810 1135 2881 colligere
1150 2806 1298 2864 licuit
1326 2810 1645 2881 exiantiquis
1662 2807 1923 2881 A__iricauae
1944 2806 2132 2881 Eccle-

555 2887 651 2939 sia:
680 2877 1061 2945 monumentis,
1088 2880 1205 2938 haec
1224 2888 1367 2935 sunt.
1392 2879 1572 2934 Primo
1593 2893 1661 2933 ex
1683 2877 1799 2931 Vita
1819 2880 1990 2933 sancti
2012 2878 2138 2933 Ful-

555 2956 718 3025 gentii
746 2970 864 3023 cap.
895 2953 963 3009 l6
992 2961 1197 3008 certum
1228 2960 1328 3015 est,
1358 2951 1625 3025 Victorem
1657 2948 1817 3025 totius
1850 2946 2136 3025 Byzacenae

556 3019 849 3096 provinciae
875 3024 1154 3096 primatem
1177 3066 1201 3096 ,ί
1240 3025 1476 3096 omnium
1510 3020 1737 3096 primum
1786 3019 1838 3073 in
1887 3019 2134 3075 exsilium

556 3090 761 3152 irusum
784 3090 969 3152 fuisse.
990 3093 1166 3165 Regis,
1180 3090 1361 3163 inquit
1379 3102 1572 3165 auctor
1598 3090 1861 3165 laudatus,
1886 3100 2137 3165 commota

2232 474 2319 545 qui
2341 472 2404 545 in
2429 471 2677 545 epistolis
2712 472 3099 545 monachorum
3141 473 3458 545 Scytharum
3490 489 3623 545 quas
3658 471 3821 535 modo

2232 541 2593 604 laudabimus,
2627 543 2766 614 inter
2792 542 3097 614 Byzacenos
3135 541 3319 600 Patres
3346 541 3552 614 primus
3577 547 3814 604 omnium

2229 624 2563 670 recensetur.
2596 612 2764 682 Major
2791 612 2876 668 est
2910 614 2979 670 de
3021 614 3312 669 Ponticam
3348 612 3672 681 difﬁcultas,
3712 619 3818 675 nisi

2230 683 2363 738 beati
2388 692 2445 740 et
2463 685 2751 757 sanctitatis
2774 683 2931 757 tituli,
2955 700 3088 757 quos
3110 684 3499 757 huicantistiti,
3521 690 3662 757 quod
3682 689 3818 747 alias

2230 770 2338 808 non
2371 756 2545 818 solet,
2582 755 2766 810 tribuit
2808 754 2941 809 Vita:
2982 754 3250 826 Fulgentii
3294 768 3502 823 auctor,
3532 754 3816 816 vidcantur

2232 826 2459 894 probare
2513 826 2653 883 hunc
2703 826 3013 895 episcopum
3062 840 3093 880 e
3145 826 3530 882 Confessorum
3589 845 3817 887 numero

2231 895 2427 962 fuisse,
2458 897 2748 966 etquidem
2780 911 2847 951 ex
2876 897 2941 951 iis
2969 897 3058 964 qui
3088 897 3278 966 majori
3306 898 3589 954 sanctitate
3610 902 3818 957 emine-

2233 966 2379 1038 bant,
2408 977 2545 1038 utex
2570 969 2864 1038 vittetextu
2885 968 3171 1038 colligitur.
3200 967 3407 1035 Recole,
3434 967 3606 1038 inquit
3625 980 3818 1027 auctor

2230 1037 2298 1111 ad
2326 1036 2659 1111 Felieianum
2690 1035 2952 1111 lfulgentii
2985 1035 3389 1111 successorem,
3421 1035 3663 1111 uisionem
3688 1043 3818 1111 ﬁde-

2231 1106 2651 1178 lissimamﬂbeati
2685 1107 2953 1162 Ponticani
2983 1107 3255 1164 Tltenitani
3284 1109 3539 1178 episcopi,
3570 1106 3699 1175 etc.,
3729 1115 3817 1168 cui

2232 1178 2437 1252 aeatiss.
2469 1177 2777 1252 ulgentius
2799 1196 2887 1248 per
2917 1189 3111 1251 tempus
3137 1177 3321 1252 quietis
3348 1177 3620 1250 apparuit,
3652 1193 3698 1235 et
3727 1188 3819 1252 af-

2233 1250 2409 1320 fabili,
2456 1249 2591 1304 sicut
2628 1249 2858 1315 solebat,
2905 1249 3114 1319 aspectu
3155 1249 3389 1305 salutans
3422 1249 3772 1307 amicabilitcr'
3799 1271 3818 1308 :

2234 1320 2385 1446 gae,
2426 1322 2626 1391 inquit,
2678 1337 2812 1375 nunc
2861 1322 3103 1376 sanctitas
3146 1330 3233 1375 tua
3274 1320 3509 1377 uelociter
3549 1324 3820 1379 ambulat?

2279 1408 2351 1446 ut.
2381 1401 2485 1446 etc.
2720 1417 2751 1432 οι

2279 1393 2351 1457 ui,
2381 1401 2485 1447 etc.
2720 1417 2751 1432 οι

2308 1463 2394 1517 l0.
2438 1460 2757 1534 Pontianum
2788 1462 2914 1534 item
2945 1478 2977 1518 e
3004 1463 3275 1534 Byzacena
3307 1463 3579 1534 provincia
3608 1465 3819 1533 episco-

2308 1477 2394 1517 tu.
2438 1477 2757 1517 Pontianum
2788 1477 2914 1518 item
2945 1478 2977 1518 e
3006 1477 3275 1534 nyzacena
3289 1477 3579 1587 ίΡιιογιηίιιει
3608 1479 3819 1533 episco-

2236 1549 2363 1621 Pu'"_
2375 1533 2649 1621 Ᾱξθδξῗωξῗ
2662 1549 2685 1621 ἦ
2826 1612 2837 1621 .
2851 1534 3034 1621 gilii“
3052 1543 3200 1621 ιΡρῗί.
3216 1548 3283 1621 Ῐῗ
3298 1534 3478 1621 ,ῘΨηλ
3497 1549 3539 1621 .e,
3571 1535 3819 1621 ξῗτάίηίθ

2234 1602 2463 1659 concilio
2485 1602 3029 1677 Juncensiinterfuit.
3052 1602 3156 1660 Sed
3178 1618 3246 1658 an
3270 1602 3410 1677 idem
3435 1605 3549 1677 ipse
3568 1605 3636 1659 sit
3654 1622 3820 1677 quem

2235 1690 2388 1730 num.
2413 1674 2734 1743 praecedenti
2755 1673 3104 1739 laudavimus,
3130 1689 3236 1729 non
3257 1675 3390 1728 satis
3404 1674 3566 1737 nobis
3583 1673 3820 1737 constat.

2235 1746 2376 1801 Sane
2402 1754 2457 1800 et
2494 1746 2609 1815 ipse
2638 1742 2955 1799 Ponticanus
2984 1760 3365 1815 nonnunquam
3408 1747 3727 1815 appellatur,
3763 1755 3820 1803 ut

2239 1826 2384 1884 patet
2411 1831 2477 1870 ex
2499 1813 2725 1885 epistola
2756 1815 3014 1870 Bonifacii
3035 1813 3271 1886 episcopi
3291 1813 3728 1886 Carthaginiensis
3749 1817 3823 1874 ad

2236 1886 2542 1942 Liheratum
2568 1886 2845 1957 primatem
2871 1896 3202 1957 caeterosque
3221 1887 3510 1957 Byzacena:
3531 1886 3824 1957 provincia

2238 1959 2524 2030 antistites.
2557 1956 2817 2030 Baronius
2845 1956 3008 2030 279
3033 1958 3098 2030 ad
3134 1955 3466 2030 auuumﬁdii
3497 1955 3676 2030 laudat
3701 1959 3824 2030 epi-

2239 2028 2430 2083 stolam
2455 2026 2698 2082 Pontiani
2724 2025 3222 2097 episEopi'Africani
3245 2028 3309 2082 ad
3330 2025 3686 2083 Iustinianum
3709 2025 3822 2088 ἆυ-

2236 2108 2446 2167 gustum
2478 2098 2545 2153 de
2570 2098 2767 2153 celebri
2802 2096 2960 2152 trium
2996 2096 3360 2168 Capitulorum
3392 2100 3704 2167 quaestione.
3742 2101 3821 2157 Ex

2239 2184 2338 2239 qua
2368 2169 2581 2237 quidem
2610 2169 2835 2239 epistola
2856 2210 2869 2234 ,
2902 2168 3044 2238 quod
3075 2186 3101 2222 a
3134 2168 3397 2224 Pontiano
3426 2171 3643 2239 nomine
3671 2185 3825 2226 com-

2238 2238 2468 2312 plurium
2530 2240 2903 2312 episcoporum
2981 2240 3282 2309 conscripta
3346 2238 3541 2312 fuerit,
3615 2242 3826 2312 colligit

2238 2310 2573 2379 Chilﬂetius,
2604 2310 2778 2378 ipsum
2808 2310 2924 2381 ejus
2953 2314 3271 2380 scriptorem
3303 2311 3596 2379 provinciae
3624 2310 3828 2381 prinis-

2240 2390 2347 2452 iem
2373 2381 2556 2447 fuisse,
2581 2389 2636 2436 et
2662 2381 2800 2436 forte
2822 2380 2965 2437 hunc
2996 2381 3166 2452 ipsum
3197 2381 3538 2446 Pontianum,
3564 2380 3720 2452 quem
3753 2396 3826 2439 ex

2239 2451 2504 2522 Fulgentii
2534 2453 2637 2507 vita
2660 2460 2715 2507 et
2736 2466 2805 2505 ex
2830 2451 3037 2522 synodo
3056 2451 3310 2509 Juncensi
3335 2451 3688 2507 laudavimus.
3711 2452 3829 2510 Sed

2240 2525 2339 2578 etsi
2370 2524 2422 2578 id
2454 2540 2559 2578 non
2589 2522 2724 2578 adeo
2746 2531 2983 2587 constet,
3013 2531 3221 2579 certum
3249 2533 3333 2577 est
3357 2522 3697 2590 Pontianum,
3722 2539 3827 2581 seu

2240 2592 2624 2664 Ponticanum,
2655 2593 2745 2664 qui
2783 2594 3009 2664 concilio
3046 2593 3298 2649 Juncensi
3332 2594 3601 2657 interluit,
3631 2610 3662 2649 e
3691 2609 3827 2649 con-
3922 2640 3931 2661 ε

2238 2663 2502 2720 lessorum
2533 2662 2757 2720 numero
2776 2662 2964 2731 fuisse,
2986 2666 3126 2720 sicut
3149 2673 3204 2718 et
3226 2665 3546 2720 Restitutum
3572 2665 3688 2733 ejus
3708 2666 3829 2721 col-

2240 2734 2434 2805 legam,
2463 2737 2553 2805 qui
2584 2734 2743 2806 ambio
2771 2750 2804 2789 e
2832 2736 3045 2792 laudata
3075 2735 3283 2806 synodo
3309 2735 3376 2789 ad
3398 2734 3829 2805 Carthaginem

2240 2804 2551 2887 concilium,
2578 2804 2719 2887 quod
2748 2807 2925 2862 statim
2950 2814 3070 2887 post
3093 2804 3484 2887 ordinationem
3512 2804 3829 2887 suam_con-

2242 2878 2452 2932 vocavit
2480 2876 2820 2941 Bonifacius,
2863 2877 3079 2931 nomine
3110 2877 3271 2947 totius
3311 2878 3601 2946 provinciae
3648 2877 3826 2947 Byza-

2240 2962 2387 3004 cen'e
2413 2949 2708 3004 antistitum
2752 2947 2913 3017 legati
2950 2947 3182 3003 fuerunt.
3224 2946 3315 3002 His
3345 2948 3575 3018 denique
3609 2946 3830 3005 confes-

2241 3020 2453 3074 soribus
2481 3027 2631 3075 certo
2672 3020 2873 3074 certius
2909 3018 3274 3074 accensendus
3302 3034 3515 3089 quoque
3543 3028 3626 3074 est
3663 3019 3828 3076 Libe-

2242 3097 2418 3157 ratus,
2460 3090 2701 3160 ejusdem
2758 3090 3047 3161 provincia:
3094 3089 3384 3161 Byzaccnaa
3430 3089 3664 3159 primas,
3713 3105 3831 3161 quo

556 3151 981 3221 swvitiaicunctos
998 3151 1111 3237 jam
1139 3151 1625 3237 decréverateasilio
1654 3151 2136 3237 mancipandos,_in
2165 3151 2212 3216 C
2242 3151 2460 3237 nomine
2487 3151 2666 3237 statim
2698 3151 2819 3237 post
2847 3160 3075 3237 reditum
3106 3151 3396 3237 abexsilio
3425 3151 3567 3229 sepe
3586 3151 3831 3237 laudata

556 3238 721 3307 ipsum
756 3233 1478 3307 primitus'ordinatorem,id
1512 3233 1910 3307 estiprimatem,
1938 3234 2139 3307 nomine

560 3255 570 3290 t
609 3255 721 3291 sum
756 3255 991 3307 primitus
1017 3255 1393 3300 oramatorem,
1424 3255 1477 3287 ια
1512 3255 1585 3288 est
1613 3255 1910 3300 primatem,
1938 3255 2139 3289 normae

560 3255 815 3361 {iictorem
832 3348 846 3370 ,
878 3308 1179 3376 procedente
1206 3305 1494 3376 sententia,
1516 3304 1604 3376 qui
1625 3305 1741 3376 jam
1766 3318 1797 3354 a
1821 3302 2139 3376 servis_i_'egis

558 3379 847 3433 exeuntibus
868 3370 1048 3445 captus
1070 3374 1350 3428 ducebatur
1368 3374 1436 3427 ad
1457 3370 1838 3445 Carthngineni,
1860 3380 1964 3425 etc.
1990 3370 2142 3445 ilu'nc

559 3449 829 3503 Victorem
858 3440 980 3501 eum
1019 3447 1192 3516 ipsum
1222 3460 1342 3499 esse
1383 3451 1568 3516 censet
1594 3440 1891 3497 Cliiflletius
1915 3442 2014 3516 qui
2040 3445 2140 3498 sub

559 3519 787 3573 Victoris
820 3513 1054 3574 Vitensis
1099 3516 1315 3571 nomine
1357 3515 1695 3580 notissimus,
1754 3513 2141 3581 persecutionis

558 3590 825 3646 Africanae
870 3587 1149 3643 historiam
1187 3584 1492 3655 descripsit.
1539 3585 1657 3651 Quo
1696 3581 2139 3655 idlundamento

560 3661 807 3729 conjiciat
830 3659 912 3714 vir
932 3658 1193 3725 eruditus,
1220 3653 1453 3729 diximus
1476 3655 1529 3711 in
1544 3653 1925 3729 admonitione
1947 3657 2140 3729 praevia

557 3732 623 3787 ad
653 3724 893 3786 eamdem
925 3724 1208 3786 Historiam
1239 3743 1384 3783 num.
1418 3728 1472 3796 6,
1506 3727 1594 3782 ubi
1622 3726 1784 3781 etiam
1825 3724 2136 3781 observavi-

559 3816 679 3872 mus
718 3801 980 3857 Victorem
1020 3802 1299 3872 primatem
1342 3798 1429 3853 hic
1472 3805 1858 3872 memoratum,
1897 3798 2139 3872 quisquis

557 3871 646 3929 ille
678 3875 887 3928 tandem
916 3874 982 3926 sit
1001 3867 1105 3935 {in
1147 3869 1337 3925 exsilio
1365 3870 1662 3924 excessisse
1691 3884 1722 3922 e
1750 3867 1903 3923 vivis.
1945 3867 2139 3924 Victori

560 3945 873 4014 exterisque
897 3942 1183 4014 Byzacenat
1209 3938 1620 4014 antistitibus_in_
1648 3938 1891 4014 exsilium
1924 3938 2139 4014 truden-

559 4013 643 4068 dis
673 4009 828 4083 paulo
848 4009 967 4081 post
986 4009 1267 4083 adjunctus
1287 4020 1371 4066 est
1391 4013 1502 4080 ipse
1525 4009 1858 4083 Fuigentius,
1882 4023 2053 4083 eaque
2073 4009 2142 4066 de

560 4079 719 4138 causa
739 4124 753 4147 ,
787 4079 863 4137 ut
881 4079 1064 4136 narrat
1088 4080 1222 4135 Vitae
1248 4079 1435 4135 auctor
1462 4094 1581 4149 cap.
1609 4081 1699 4142 20.
1725 4093 1755 4132 a
1783 4079 2036 4134 ministris
2062 4096 2142 4135 re-

560 4154 692 4236 galis
710 4149 1972 4236 furoris_detentus-Carthaginem.adduciusest.
1998 4150 2141 4206 Duos

561 4219 687 4279 item
710 4219 784 4278 'ex
822 4223 1009 4278 iisdem
1044 4222 1243 4275 sanctis
1284 4219 1685 4275 confessoribus
1719 4219 2001 4288 episcopos
2030 4237 2142 4275 me-

562 4306 735 4349 morat
776 4293 914 4348 idem
942 4302 1127 4347 auctor
1164 4291 1335 4359 capite
1363 4291 1608 4355 laudato,
1649 4291 1911 4345 lllustrem
1937 4291 2144 4346 scilicet

564 4376 613 4419 et
647 4365 976 4427 Ianuarium,
1005 4364 1094 4430 qui
1121 4361 1294 4416 Calari
1319 4404 1331 4425 ,
1363 4372 1419 4415 ut
1446 4362 1692 4430 superius
1717 4376 1746 4415 a
1780 4359 1934 4415 nobis
1958 4364 2144 4417 obser-

564 4445 742 4490 vatum
764 4443 867 4501 est,
886 4448 1222 4488 communem
1238 4432 1400 4485 vitam
1422 4446 1541 4486 cum
1563 4431 1841 4502 Fulgentio
1858 4432 2142 4488 ducebant.

564 4506 658 4560 llis
688 4505 850 4559 dubio
880 4504 1063 4575 procul
1104 4503 1469 4575 accenseudus
1502 4518 1711 4575 quoque
1740 4511 1825 4575 est
1850 4502 2145 4575 Quodvult-

563 4577 694 4633 deus
718 4572 1031 4646 episcopus,
1065 4576 1153 4644 qui
1198 4575 1249 4627 in
1293 4574 1497 4645 synodo
1525 4572 1775 4646 .qucensi
1806 4573 1908 4643 (sic
1951 4574 2145 4644 quippe

563 4644 901 4703 scribendum
927 4661 1045 4701 esse
1073 4662 1136 4700 ex
1170 4644 1439 4700 veteribus
1462 4644 1732 4698 codicibus
1756 4658 1884 4699 mss.
1912 4654 2140 4711 constat,

562 4728 613 4774 et
642 4734 705 4771 ex
743 4733 807 4772 eo
833 4716 973 4788 quod
1004 4716 1453 4788 Juncensisnun
1471 4730 1610 4788 vero
1640 4714 1923 4788 Vincensis
1951 4713 2143 4770 civitas

564 4794 615 4843 in
645 4785 916 4859 Byzaceiia
942 4789 1209 4855 occurrat)
1242 4785 1520 4859 Fulgentio
1552 4787 1780 4853 priorem
1804 4787 1980 4841 locum
2008 4801 2145 4859 prae-

565 4858 740 4929 ripere
773 4872 998 4929 conatus
1037 4866 1159 4929 est,
1188 4872 1347 4927 quem
1390 4858 1439 4929 ei
1480 4860 1561 4929 vir
1602 4867 1821 4929 sancjus
1861 4867 2067 4929 postea
2090 4858 2142 4911 in

563 4926 791 4985 concilio
814 4928 1082 4985 Sufetcnsi
1114 4926 1252 4982 ultro
1279 4927 1458 4982 cessit.
1485 4926 1719 4995 Denique
1745 4927 1983 4996 ejusdem
2006 4926 2143 4983 Vita:

565 5003 739 5071 capite
767 5001 954 5055 ultimo
980 4999 1085 5071 duo
1115 4998 1243 5052 item
1271 4998 1896 5071 episcopirecensentur,
1924 5012 1990 5052 ex
2017 5013 2144 5071 con-

566 5068 851 5139 fessorum,
878 5071 951 5125 uti
981 5069 1209 5141 videtur,
1240 5083 1487 5141 numero.
1513 5068 1575 5120 lli
1604 5079 1726 5122 sunt
1758 5068 2017 5141 Dacianus
2043 5069 2145 5141 By-

566 5159 775 5199 zicena:
806 5143 1035 5211 primas,
1066 5149 1121 5195 et
1156 5139 1504 5211 Ponticanus,
1538 5152 1660 5204 seu,
1704 5147 1761 5193 ut
1797 5139 1882 5193 alii
1914 5139 2140 5211 habent,

565 5208 857 5269 Pontianus
884 5213 1167 5281 episcopus
1188 5209 1549 5281 'l‘henitanus;
1585 5213 1667 5262 cui
1691 5249 1707 5274 ,
1751 5224 1871 5263 cum
1912 5210 1977 5262 ad
2021 5208 2146 5264 Ful-

568 5286 731 5351 gentii
776 5280 1144 5337 successorem
1189 5281 1488 5350 eligendum
1536 5280 1742 5347 ltuspas
1797 5289 2142 5350 properaret,

567 5350 709 5408 idem
737 5355 818 5406 vir
853 5364 1070 5408 sanctus
1099 5355 1419 5421 conspicuus
1456 5351 1597 5404 visus
1640 5360 1758 5416 est,
1805 5350 1961 5421 eique
1989 5366 2142 5405 suum

567 5437 930 5479 successorem
954 5424 1064 5492 jam
1088 5420 1385 5477 ordinatum
1415 5435 1532 5476 esse
1558 5421 1871 5476 declaravit.
1901 5420 2057 5476 Certe
2076 5422 2145 5476 de

570 5493 803 5548 Daciano
829 5494 972 5547 nulla
994 5494 1203 5549 videtur
1232 5508 1351 5548 esse
1376 5492 1696 5557 dilficultas;
1729 5506 1849 5547 cunt
1871 5493 2011 5547 enim
2039 5493 2146 5561 pri-

571 5565 729 5618 matis
754 5565 982 5634 dignitas
1012 5565 1063 5618 in
1100 5564 1279 5618 Africa
1310 5563 1543 5634 omnium
1579 5564 2145 5634 ordinatione__seniori

570 5632 829 5705 episcopo
851 5634 1145 5705 provinciae
1168 5634 1363 5690 del’erri
1386 5633 1608 5699 soleret,
1638 5634 1897 5689 Dacianus
1920 5632 2147 5704 Fulgen-

572 5710 668 5769 ιιι»,
696 5709 785 5775 qui
814 5719 1082 5773 nunquam
1115 5705 1311 5773 primas
1334 5705 1463 5769 fuit,
1496 5705 1834 5761 ordinatione
1862 5706 2004 5774 prior
2027 5721 2146 5762 esse

572 5779 857 5847 debuerat,
888 5776 1213 5849 proindeque
1240 5791 1360 5832 cum
1402 5779 1608 5833 caeteris
1640 5777 1694 5833 in
1726 5776 2024 5833 Sardiniam
2056 5792 2145 5834 re-

2243 3232 2449 3313 synodo
2480 3231 2738 3313 iuncepsi
2762 3232 3002 3313 praefuit.
3039 3231 3113 3313 De
3143 3231 3391 3313 bis_vide
3425 3239 3557 3286 tom.
3677 3230 3830 3287 Con-

2243 3300 2333 3357 cil.
2363 3302 2618 3358 editionis
2646 3300 2975 3367 Labbeanae,
3004 3302 3109 3357 col.
3135 3300 3269 3357 1627
3298 3311 3353 3357 et
3379 3302 3749 3371 sequentibus.

2313 3372 2400 3427 ll.
2438 3373 2627 3428 Plures
2671 3372 2796 3429 item
2846 3389 2912 3429 ex
2941 3373 3131 3429 iisdem
3167 3374 3371 3428 sanctis
3420 3371 3832 3430 confessoribus

2246 3443 2358 3497 noti
2400 3452 2524 3500 sunt
2558 3443 2712 3500 nobis
2751 3445 3033 3500 occasione
3062 3444 3444 3499 monachorum
3483 3443 3828 3513 Scytharum,

2244 3515 2333 3584 qui
2364 3513 2434 3569 ob
2460 3515 2744 3571 nonnullas
2762 3516 3087 3584 quaestiones
3112 3515 3167 3569 in
3195 3514 3414 3571 Oriente
3433 3515 3694 3569 excitatas
3713 3515 3832 3570 Ro-

2244 3532 2333 3584 qui
2364 3532 2434 3569 on
2460 3532 2744 3571 nonnullas
2800 3532 3087 3571 uaesuones
3112 3532 3167 3569 in
3195 3532 3414 3571 uriente
3433 3532 3694 3569 curtatas
3713 3532 3830 3570 rso-

2243 3599 2384 3639 mam
2415 3585 2584 3652 missi,
2614 3586 2681 3641 ad
2702 3532 3040 3712 Ftﬁﬁentium
3062 3596 3395 3655 ceterosque
3422 3584 3589 3654 ipsius
3611 3588 3666 3639 in
3693 3585 3830 3640 Sar-

2243 3655 2387 3710 dinia
2409 3656 2714 3712 exsulantes
2744 3673 2811 3712 co
2835 3658 2979 3712 lenas
3010 3656 3213 3712 litteras
3240 3656 3460 3712 dedere.
3496 3664 3554 3710 ut
3583 3656 3830 3712 ipsorum

2242 3655 2387 3725 diuia
2409 3656 2714 3712 exsulantes
2744 3655 2979 3724 collegas
3010 3656 3213 3713 litteras
3240 3656 3460 3721 dedere,
3496 3664 3554 3710 ut
3583 3656 3831 3725 ipsorum

2243 3724 2311 3798 de
2357 3726 2568 3796 agitatis
2610 3728 3357 3798 qurestionibusisententiam
3398 3724 3826 3798 sciscitarentur.

2242 3797 2429 3868 Exstat
2454 3798 2595 3868 inter
2617 3797 2782 3867 Opera
2805 3800 2976 3854 sancti
2998 3797 3268 3868 Fulgentii
3289 3797 3534 3867 epistola,
3558 3812 3651 3851 seu
3684 3797 3831 3853 liber

2245 3866 2387 3922 Petri
2412 3867 2618 3924 diaconi
2641 3870 2978 3938 aliorumque
3008 3866 3174 3938 ipsius
3193 3866 3415 3924 fratrum
3453 3882 3515 3923 ea
3536 3868 3831 3923 occasione

2246 3939 2468 4009 scripta,
2500 3939 2553 3994 in
2574 3940 2725 4008 cujus
2761 3938 3113 4009 inscriptione
3148 3948 3350 4008 septem
3381 3938 3667 4009 exiiisdem
3694 3954 3834 3993 con-

2244 4008 2543 4066 fossoribus
2587 4008 2952 4067 recensentur.
2998 4011 3088 4065 Sic
3117 4025 3178 4065 se
3203 4009 3401 4065 habet:
3437 4008 3667 4063 Dominis
3700 4026 3837 4064 san-

2243 4080 2506 4145 ctissimis,
2546 4091 2591 4135 et
2633 4098 2747 4134 cum
2794 4082 2934 4136 omni
2973 4082 3290 4137 veneratione
3334 4079 3681 4145 nominandis,
3714 4079 3837 4134 Da-

2251 4151 2410 4216 tiano,
2460 4152 2666 4222 aliquot
2690 4152 2817 4222 editi
2861 4150 3059 4222 habent
3100 4151 3353 4222 Diacono,
3392 4148 3700 4222 Fortunato,
3733 4150 3837 4222 Al-

2248 4222 2401 4288 bano,
2432 4219 2678 4287 Orontio,
2726 4221 2917 4288 Boeto,
2966 4220 3282 4293 Fulgentio,
3314 4220 3566 4293 Januario
3622 4233 3670 4276 et
3719 4219 3837 4293 se.

2250 4293 2368 4346 teris
2425 4293 2679 4364 episcopis
2741 4301 2787 4347 et
2847 4294 2901 4347 in
2949 4291 3137 4364 Christi
3176 4291 3492 4364 confessione
3541 4291 3833 4364 decoqutisl,

2250 4311 2368 4346 reris
2425 4311 2452 4347 e
2496 4311 2679 4363 iscopts
2741 4311 2787 4347 et
2847 4311 2901 4347 in
2949 4311 3137 4347 umsu
3176 4311 3492 4364 conjessioue
3541 4311 3833 4361 αεεοταυιι,

2249 4364 2420 4435 exigui
2442 4311 2628 4418 βαίνω
2647 4365 2916 4434 diaconus,
2937 4360 3186 4433 Joannes,
3212 4363 3475 4430 Leontius,
3503 4363 3636 4416 alius
3660 4360 3838 4435 Joan-

2249 4432 2358 4501 nes,
2390 4444 2436 4488 et
2464 4435 2630 4489 σαπεῑί
2661 4435 2844 4503 fratres
2883 4432 2938 4489 in
2967 4451 3124 4489 causa
3152 4432 3275 4503 ﬁdei
3306 4435 3522 4489 Romam
3558 4434 3720 4487 missi.
3756 4432 3839 4491 lis

2177 4523 2226 4584 υ
2251 4505 2647 4584 responderunt
2675 4504 2908 4561 Africani
2930 4505 3119 4584 Patres
3156 4520 3383 4584 numero
3416 4503 3745 4584 quindecim,
3774 4504 3838 4559 id

2249 4584 2355 4646 est,
2389 4576 2597 4645 praeteri
2613 4588 2938 4631 memoratos
2982 4576 3036 4630 in
3064 4578 3326 4646 superiori
3356 4575 3579 4645 epistola
3606 4588 3837 4629 novem.

2246 4645 2379 4699 Nam
2420 4645 2659 4701 Albanus
2703 4646 2755 4700 in
2798 4647 2958 4715 priori
2992 4645 3309 4711 recensitos,
3356 4650 3406 4700 in
3457 4648 3558 4700 ista
3596 4660 3843 4715 respon-

2248 4716 2401 4771 sione
2442 4731 2549 4789 non
2590 4716 3022 4789 habeturgquod
3053 4717 3280 4779 fortasse
3312 4717 3421 4789 jam
3467 4716 3585 4789 fato_
3613 4715 3843 4789 functus

2248 4796 2412 4858 (Esset.
2445 4787 2481 4842 Ii
2509 4797 2687 4858 autem
2718 4789 2818 4843 hoc
2841 4785 3030 4844 ordine
3067 4785 3326 4858 descripti
3363 4799 3486 4845 sunt
3510 4805 3521 4840 :
3548 4785 3842 4853 Datianus,

2250 4855 2591 4921 Fortunatus,
2624 4857 2868 4926 Boethus,
2922 4859 3114 4925 Victor,
3152 4855 3525 4925 Sclt'olasticus,
3557 4859 3843 4924 Orontius,

2258 4926 2619 4997 Vindicianus,
2647 4928 2866 4997 θνῆσκον,
2907 4931 3210 4997 Januarius,
3261 4930 3604 4991 Victorianus,
3650 4926 3844 4983 Photi-

2252 5017 2369 5066 nus,
2414 5000 2824 5068 Quodvultdeus,
2874 5000 3196 5070 Fulgentius,
3244 5001 3395 5054 Felix
3442 5011 3496 5055 et
3519 4999 3847 5070 Januarius.

2250 5072 2350 5135 Qui
2381 5086 2587 5138 omnes,
2619 5072 2857 5139 exceptis
2901 5069 3199 5139 Fulgentio,
3251 5069 3428 5126 Felice
3469 5079 3524 5125 et
3546 5069 3849 5134 Januario,

2251 5140 2411 5194 aliam
2446 5142 2776 5211 scripserunt
2815 5142 3093 5211 epistolam
3126 5142 3193 5195 ad
3224 5142 3484 5197 Joannem
3526 5141 3849 5211 archiman-

2252 5211 2447 5264 dritam
2478 5221 2540 5282 et
2569 5210 2861 5267 Venerium
2886 5212 3169 5266 diaconum
3211 5213 3277 5267 de
3314 5211 3485 5282 gratia
3526 5210 3618 5282 Dei
3650 5220 3705 5265 et
3735 5212 3850 5265 hu-

2251 5294 2417 5351 manu
2432 5281 2677 5347 arbitrio,
2709 5297 3008 5351 quanquam
3037 5284 3230 5338 mirum
3253 5281 3605 5351 sit’Fulgentii
3629 5296 3850 5337 nomen

2251 5351 2302 5422 in
2335 5349 2488 5406 istius
2516 5349 2759 5417 epistula:
2800 5349 3147 5421 inscriptione
3183 5349 3502 5420 desiderari,
3534 5369 3673 5422 quae,
3704 5351 3852 5419 quia

2251 5421 2367 5487 ejus
2397 5436 2517 5477 esse
2548 5422 2685 5477 fetus
2717 5431 2947 5491 putatur.
2981 5433 3117 5479 inter
3142 5434 3335 5487 cetera
3360 5421 3621 5493 Fulgentii
3663 5436 3851 5491 opera

2251 5494 2391 5547 edita
2415 5503 2518 5548 est.
2549 5494 2815 5548 llactenus
2840 5509 2959 5563 qua:
2987 5510 3050 5549 ex
3081 5497 3401 5552 certioribus
3432 5495 3684 5551 Ecclesia:
3712 5506 3852 5547 mo-

2252 5563 2523 5639 numentis
2569 5563 2637 5639 de
2665 5565 2901 5639 istorum
2934 5580 2998 5639 ex
3050 5567 3325 5639 provincia
3363 5568 3640 5639 Byzacena
3685 5564 3854 5620 anti-

2256 5638 2458 5709 sutum
2470 5636 2721 5709 exsulum
2761 5637 3066 5691 nominibus
3093 5638 3344 5709 colligere
3371 5636 3538 5695 licuit.

2326 5707 2409 5762 12.
2442 5705 2634 5762 Iisdem
2658 5722 2787 5762 vero
2813 5708 3142 5776 temporibus
3168 5705 3397 5766 cs'lehris
3420 5710 3518 5765 fuit
3540 5708 3853 5763 Possessor

2255 5778 2535 5835 Africanus
2555 5779 2859 5846 episcopus,
2886 5779 2979 5836 sed
3000 5780 3219 5838 incertat
3239 5781 3546 5849 provinciae,
3571 5779 3662 5848 qui
3687 5776 3857 5834 Con-
