4140 6336
302 316 398 379 ηδ

623 314 953 375 RUINARTI
992 315 1058 373 IN
1100 308 1465 373 HISTORIAM
1507 306 1791 371 PERSEC.
1833 306 2131 371 VANDAL.
2173 312 2714 374 COMMENTARIUS
2753 306 3182 373 HISTORICUS.

3432 312 3540 373 426

300 427 620 502 stantinopoii
657 429 919 502 adversus
947 429 1284 485 Anastasium
1316 430 1720 502 imperatorem,
1752 427 1846 482 Ti~
1876 431 1929 490 Α
1958 426 2080 502 l_ogo
2096 428 2329 502 generali
2347 430 2534 502 eadem
2555 430 2641 486 die
2653 430 2823 500 prima
2851 429 3201 502 Septembris,
3222 427 3537 502 quachnii

296 504 545 559 motlteum
574 500 815 569 ejusdem
854 501 1003 555 urbis
1031 503 1363 570 episcopum,
1405 498 1850 570 aliosqueiEuty—

294 573 478 628 cbianre
502 570 771 626 haereseos
800 570 1032 626 fautores
1052 572 1263 640 egregie
1288 570 1601 625 decertavit.
1641 569 1756 637 Qua
1779 569 1850 625 de

293 659 347 701 re
369 650 528 698 exstat
554 642 619 695 ad
650 642 897 697 eumdem
939 642 1309 696 Possessorem
1335 640 1636 695 Hormisdze
1669 641 1850 711 ponti-

293 713 396 770 ficis
440 712 661 766 Romani
704 713 947 781 epistola,
975 712 1025 766 in
1075 727 1176 781 qua
1217 711 1374 766 fidem
1408 712 1576 780 ipsius
1610 718 1665 765 et
1711 726 1846 766 con-

291 784 521 853 stantiam
545 783 761 853 egregie
790 783 991 847 laudat,
1033 797 1263 851 eumque
1289 791 1343 835 ut
1367 782 1420 836 in
1444 782 1637 851 emptis
1664 797 1848 849 perse-

291 863 422 908 reret
450 852 777 908 adhortatur.
832 853 1106 921 Optimam,
1153 853 1350 922 inquit,
1391 862 1568 906 vestra:
1618 854 1848 908 caritatis

290 925 530 977 audientes
558 925 873 983 instantiam.
901 936 946 979 et
976 936 1333 995 cognoscentes
1352 934 1501 976 recta:
1526 924 1641 976 vita:
1669 925 1848 977 trami-

290 1005 395 1057 tem,
426 1010 570 1064 quem
599 996 708 1047 sine
734 997 946 1063 strepitu
969 992 1267 1061 vindicatis,
1296 992 1403 1048 Deo
1443 1002 1620 1046 nostro
1647 996 1845 1064 gratias

287 1067 384 1118 sine
409 1065 683 1119 cessatione
708 1066 1061 1134 persolvimus,
1090 1074 1145 1117 ut
1166 1065 1217 1117 in
1244 1082 1305 1119 ea
1333 1065 1661 1136 dispositione
1685 1066 1848 1136 280

285 1135 528 1203 persistas,
554 1144 597 1187 et
628 1137 821 1189 caeteris
844 1135 980 1205 quod
1007 1144 1282 1202 sequantur
1310 1135 1502 1189 tribuas
1538 1135 1844 1205 exemplum.

284 1205 388 1258 lsta
421 1213 537 1256 sunt
577 1206 713 1258 dona
735 1206 974 1271 caelestia,
1013 1206 1110 1259 ista
1137 1215 1257 1260 sunt
1284 1206 1468 1259 divina:
1496 1205 1846 1260 retributionis

281 1275 478 1337 indicia,
507 1275 605 1347 ista
622 1286 740 1329 sunt
769 1275 862 1330 Dei
875 1275 1098 1347 judicia,
1125 1291 1240 1344 qnte
1266 1284 1313 1329 te
1335 1276 1645 1347 uicatbolico
1677 1292 1847 1329 sacer-

282 1346 445 1417 dotum
474 1345 745 1401 noluerunt
788 1345 1022 1417 separari
1060 1347 1336 1401 consortio.
1372 1346 1539 1411 Unde,
1568 1347 1729 1415 frater
1757 1363 1845 1400 ca-

278 1416 481 1479 rissime,
514 1416 851 1483 prwsentibus
882 1418 1147 1471 hortamur
1183 1417 1424 1487 alloquiis
1455 1427 1511 1469 ut
1548 1418 1601 1469 in
1630 1433 1689 1470 ea
1720 1434 1845 1471 con-

277 1488 455 1558 stantia
476 1502 583 1555 qua
614 1503 825 1558 exorsus
856 1504 909 1541 es
945 1503 1247 1557 perseveres,
1278 1496 1324 1542 et
1353 1499 1626 1557 augmenta
1661 1489 1845 1558 proba-

280 1557 453 1610 bilibus
490 1557 667 1628 initiis
690 1557 1037 1611 subministres
1063 1572 1081 1611 :
1104 1560 1222 1628 quia
1250 1558 1435 1612 bonum
1475 1574 1623 1626 Opus,
1663 1557 1845 1628 prieci-

280 1577 453 1610 omous
490 1577 653 1611 muns
690 1577 1037 1611 suommtstres
1063 1577 1081 1611 :
1140 1577 1222 1612 uta
1250 1577 1435 1612 bonum
1475 1577 1623 1626 opus,
1663 1577 1845 1628 prices-

276 1644 367 1692 pne
411 1627 550 1700 quod
584 1626 669 1700 ad
708 1628 991 1700 doctrinam
1017 1699 1020 1700 ν
1047 1577 1170 1700 [irati
1216 1631 1451 1700 pertinet,
1507 1631 1606 1683 nisi
1650 1646 1847 1700 semper

273 1698 501 1757 creverit,
548 1698 745 1752 videtur
792 1698 1046 1753 imminui.
1091 1698 1159 1752 Et
1202 1698 1245 1753 si
1284 1698 1545 1752 tribulatio
1585 1698 1844 1755 mundana

272 1769 551 1871 contigelrit,
583 1778 698 1821 ante
725 1769 1112 1871 geulos'vestros
1142 1770 1321 1871 [utisra
1342 1771 1553 1871 prmitytia
1578 1780 1840 1838 ponentes,
1874 1811 1923 1871 Β

273 1855 393 1871 IIan
418 1855 445 1871 Λ
474 1855 557 1871 orn
582 1855 667 1871 uno
692 1855 720 1871 n
761 1854 894 1871 manu
923 1856 1038 1871 anan
1065 1856 1217 1871 Annon
1245 1855 1374 1871 ansas:
1405 1856 1417 1869 ο
1496 1857 1557 1871 nn
1582 1851 1700 1871 nassa.
1726 1858 1816 1871 ΛΑ..

272 1837 558 1906 apostolica
582 1855 667 1893 vos
690 1839 1038 1894 admonitione
1063 1837 1375 1893 consulimus
1398 1856 1417 1893 :
1437 1839 1559 1893 Non
1579 1851 1700 1894 sunt
1723 1858 1847 1896 con-

268 1908 435 1978 aV’gme
485 1909 757 1982 passiones
792 1910 947 1982 hujus
985 1912 1226 1982 temporis
1263 1911 1331 1963 ad
1362 1913 1591 1982 futuram
1630 1912 1850 1982 gloriam

268 1995 378 2052 quin
402 1980 712 2052 revelabitur
732 1980 785 2052 in
818 1979 980 2045 nobis,
1012 1991 1118 2035 etc.
1156 1980 1332 2052 (Rom.
1363 1979 1506 2049 'vm).
1541 1979 1666 2035 Haec
1692 1985 1850 2051 paulo

264 2049 665 2120 fusiusreferre
700 2050 872 2104 visum
904 2058 1004 2113 est,
1028 2049 1173 2119 quod
1198 2053 1281 2105 vix
1311 2052 1530 2107 dubium
1568 2049 1701 2107 esse
1723 2070 1848 2120 pos-

264 2120 333 2173 sit
358 2119 491 2189 quin
522 2120 595 2173 ob
624 2120 746 2174 fidei
773 2120 1051 2176 catholicae
1077 2121 1446 2177 defensionem
1477 2122 1763 2178 Possessor
1783 2141 1850 2181 ex

265 2190 443 2246 Africa
473 2191 547 2244 ab
577 2190 787 2245 Arianis
816 2194 1051 2247 extorris
1084 2191 1256 2247 factus
1286 2192 1465 2248 fuerit.
1497 2192 1551 2248 id
1582 2194 1851 2251 affirmare

262 2275 371 2334 non
392 2260 609 2334 dubitat
629 2260 920 2334 cardinalis
951 2263 1209 2317 Baronius
1248 2262 1314 2317 ad
1336 2280 1530 2319 annum
1552 2265 1655 2319 517
1685 2267 1773 2334 qui
1798 2275 1853 2320 et

261 2331 430 2385 multa
473 2331 549 2386 de
590 2330 782 2387 eodem
823 2331 1140 2388 Possessore
1169 2334 1332 2388 habet
1371 2334 1438 2389 ad
1479 2350 1678 2389 annum
1704 2330 1848 2401 520,

263 2401 350 2475 ubi
386 2402 564 2475 ipsius
611 2402 677 2456 ad
728 2402 1073 2475 Hormisdami
1110 2412 1171 2475 et,
1214 2405 1513 2460 ilormisda:
1561 2406 1628 2459 ad
1676 2406 1850 2475 ipsum

260 2471 554 2541 epistolas.
582 2472 866 2527 occasione
887 2472 1108 2527 Joannis
1129 2474 1400 2539 Maxentii,
1435 2471 1851 2532 monachorum-

261 2557 369 2624 que
397 2542 1232 2624 Scytitarumscriptasprofert:
1258 2545 1326 2598 Et
1349 2546 1564 2624 quidem
1590 2547 1852 2624 Byzaceni

252 2611 443 2686 Patra
483 2611 539 2667 in
563 2613 786 2686 epistoia
819 2611 960 2686 inter
990 2611 1378 2686 Fulgentianas
1401 2616 1606 2671 decima
1631 2611 1847 2686 quinta,

250 2682 317 2756 ad
344 2683 625 2756 1loannem
648 2692 704 2739 et.
733 2682 1019 2756 Venerium
1056 2682 1201 2752 data,
1237 2686 1535 2741 Hormisdte
1563 2682 1848 2756 epistolam

251 2753 318 2827 ad
342 2754 735 2827 Possessorem
759 2754 1013 2827 scriptam
1035 2768 1481 2823 commemorant,
1498 2753 1677 2827 ibique
1701 2774 1852 2814 eum-

251 2824 378 2897 dem
411 2824 716 2881 antiStitcm
752 2826 1023 2897 appellant
1048 2836 1279 2897 sanctum
1315 2831 1549 2897 fratrem,
1589 2824 1855 2883 consacer-

250 2894 467 2965 dotemq
481 2912 543 2949 ue
562 2906 805 2965 nostrum
824 2894 1193 2950 Possessorem.
1227 2894 1395 2952 Porro
1425 2898 1566 2952 idem
1590 2897 1854 2957 Baronius

250 2966 319 3019 ad
349 2964 565 3021 annum
596 2966 701 3021 504
729 2964 903 3022 eidem
934 2967 1302 3021 confessorum
1334 2968 1569 3022 numero
1604 2980 1855 3027 accenset

249 3036 470 3090 beatum
520 3038 813 3107 episcopum
854 3037 1166 3107 Primasium
1208 3039 1484 3092 antistitem
1526 3038 1852 3107 Africanum,

247 3108 412 3177 cujus
442 3107 839 3178 expositionem
866 3106 917 3161 in
947 3109 1325 3178 Apoealypsim
1356 3109 1539 3164 laudat
1568 3106 1854 3165 Cassiodo;

1956 496 2152 553 festum
2193 498 2453 553 celebrari
2483 496 2741 569 diximus,
2773 512 2884 556 tum
2924 496 3084 558 etiam
3124 500 3211 555 die
3236 496 3269 555 ’5
3295 500 3536 567 ejusdem

1956 572 2176 636 mensis,
2227 586 2384 639 quam
2430 570 2528 623 sub
2575 572 2848 627 Octaviani
2893 573 3109 628 nomine
3161 585 3366 626 sacram
3415 586 3539 627 esse

1954 640 2159 706 scribit,
2203 641 2292 704 qui
2325 639 2524 709 pariter
2564 640 2774 696 Justum
2814 653 2868 697 et
2906 643 3261 705 Clementem,
3303 642 3398 697 sed
3448 641 3537 697 die

1953 712 2135 783 quinta
2165 711 2619 783 Juttii,_celebrat.

2029 782 2111 837 H.
2152 781 2428 853 Ilis‘adjici
2460 791 2695 853 possent,
2728 783 2969 837 nonnulli
2996 798 3129 853 quos
3154 782 3331 847 Sardi,
3357 792 3411 838 et
3435 797 3534 853 po-

1953 852 2215 908 tissimum
2245 849 2533 906 Calaritani
2563 852 2699 922 apud
2723 868 2783 907 se
2816 849 3053 922 sepultos
3076 854 3239 908 fuisse
3270 849 3487 908 tradunt
3517 871 3532 909 :

1951 923 2045 978 sed
2082 924 2324 992 quamvis
2357 923 2578 977 inliciari
2620 923 2850 978 nolimus
2891 939 2955 979 es
2988 932 3129 978 tanta
3164 924 3534 979 eonfessorum

1954 993 2292 1048 multitudine
2317 994 2407 1062 qui
2454 995 2504 1046 in
2545 992 2790 1049 Sardinia
2821 995 2991 1047 insula
3022 994 3266 1047 exsilium
3296 996 3533 1061 pertule-

1951 1074 2094 1129 runt,
2128 1064 2326 1118 multos
2354 1073 2475 1119 ante
2489 1065 2718 1119 reditum
2747 1064 2799 1118 in
2826 1066 3049 1131 patriam
3082 1064 3368 1130 interiisse,
3398 1080 3535 1120 non-

1949 1135 2076 1191 dum
2122 1143 2299 1189 tamen
2330 1133 2511 1190 videre
2542 1134 2690 1189 licuit
2728 1135 2918 1189 idonea
2951 1142 3391 1205 tnonumentagex
3420 1136 3538 1205 qui-

1948 1204 2050 1260 bus
2099 1220 2285 1259 eorum
2324 1207 2540 1259 nomina
2582 1205 2669 1260 hic
2711 1205 2981 1259 recenseri
3012 1212 3247 1271 possent.
3287 1203 3452 1259 Certe
3469 1222 3537 1262 ex

1951 1277 2105 1331 unica
2156 1275 2539 1343 inscriptione,
2572 1291 2728 1345 quam
2763 1273 3169 1345 Papebroebius
3194 1272 3258 1326 ad
3292 1274 3433 1345 diem
3462 1276 3537 1330 20

1948 1346 2069 1401 Maii
2102 1346 2467 1409 Bollandiani,
2500 1343 2646 1399 tonio
2668 1345 2733 1411 ν,
2768 1343 3026 1414 exhibet,
3053 1343 3208 1399 facile
3238 1344 3537 1413 colligimus

1949 1416 2213 1486 ejusmodi
2242 1417 2596 1486 instrumenta
2633 1431 2853 1485 prorsus
2873 1417 3076 1472 incerta
3100 1428 3221 1470 esse
3245 1428 3308 1471 ac
3338 1415 3537 1471 nullius

1949 1488 2302 1543 auctoritatis.
2331 1485 2420 1541 Sic
2441 1488 2636 1557 quippe
2666 1502 2725 1542 se
2756 1488 2937 1543 habet.

1953 1605 2012 1663 $14
2054 1598 2112 1655 S.
2164 1599 2547 1655 JANUARIUS
2594 1600 2745 1655 EPP.
2790 1600 2879 1655 ET
2927 1601 2997 1655 M.

2052 1671 2111 1725 8.
2162 1668 2548 1726 LUDOVICUS
2572 1670 2722 1725 EPP.
2754 1670 2842 1725 ET
2863 1671 2932 1727 M.

2055 1739 2143 1795 ET
2171 1740 2231 1796 S.
2252 1740 2619 1796 EGIDIANUS
2640 1741 2787 1796 EPP.
2809 1741 2979 1797 ETM.

2164 1810 2340 1867 SUNT
2369 1811 2780 1868 AFRICANUS.

1956 1904 2125 1973 Hujus
2173 1904 2537 1972 inscriptionis
2577 1904 2701 1957 vitia
2752 1904 3057 1974 singulatim
3106 1904 3374 1963 discutere
3427 1922 3535 1963 non

1956 1984 2128 2037 vacat,
2159 1989 2280 2029 eum
2309 1975 2394 2045 vel
2423 1990 2585 2029 unum
2611 1974 2854 2029 Ludovici
2882 1990 3099 2041 nomen,
3127 1979 3266 2045 quod
3296 1989 3420 2033 tunc
3436 1994 3537 2034 nec

1954 2046 2093 2114 apud
2120 2036 2280 2099 Afros
2294 2036 2433 2110 ,‘bee
2460 2046 2599 2113 apud
2624 2046 2894 2100 Romanos
2925 2047 2976 2100 in
3009 2036 3104 2102 usu
3129 2036 3244 2102 erat
3262 2094 3277 2116 ,
3303 2050 3411 2103 imo
3440 2063 3539 2103 nec

1954 2117 2114 2173 etiam
2133 2116 2271 2186 apud
2306 2116 2561 2170 barbaros
2588 2131 2652 2169 eo
2680 2116 2841 2171 modo
2871 2118 3126 2185 scriptum
3151 2159 3165 2181 ,
3197 2121 3325 2173 satis
3352 2133 3541 2183 super-

1955 2202 2061 2256 que
2100 2187 2290 2255 probet
2318 2186 2434 2242 haec
2482 2196 2824 2241 monumenta
2877 2199 3138 2255 suspecta:
3170 2189 3389 2243 omnino
3416 2189 3539 2244 fidei

1954 2272 2096 2322 esse,
2124 2266 2307 2325 utpote
2329 2257 2531 2320 vitiata,
2557 2259 2599 2311 si
2623 2273 2729 2311 non
2755 2259 2908 2326 plane
2928 2259 3285 2328 supposititia.
3307 2260 3540 2314 Melioris

1956 2338 2098 2381 notae
2133 2338 2258 2382 sunt
2299 2330 2462 2381 variae
2493 2328 2869 2397 inscriptiones
2907 2343 3027 2396 quae
3049 2329 3426 2395 in'l‘urritaum
3449 2345 3541 2384 ee.

1954 2399 2133 2453 clesim
2155 2397 2438 2452 ruderibus
2459 2406 2685 2467 reperta:
2715 2408 2838 2452 sunt
2865 2400 3067 2453 saeculo
3090 2400 3352 2467 superiori
3375 2414 3405 2453 a
3433 2399 3539 2454 Ga-

1955 2468 2079 2522 vino
2116 2468 2358 2536 ejusdem
2399 2467 2500 2523 loci
2526 2511 2541 2535 ,
2578 2483 2671 2539 seu
2718 2468 3053 2525 Sassaritano
3090 2469 3536 2539 archiepiscopo:

1953 2539 2047 2594 sed
2079 2539 2211 2609 nihil
2244 2552 2461 2606 prorsus
2487 2538 2552 2592 ad
2588 2538 2956 2593 illustrandam
2986 2540 3251 2595 Africanae
3282 2554 3536 2609 persecu-

1956 2610 2123 2662 tionis
2156 2608 2443 2663 Historiam
2467 2610 2769 2663 conlerunt.
2787 2610 2889 2663 Eas
2907 2609 3103 2666 videsis
3126 2611 3265 2678 apud
3283 2608 3540 2665 Iacobum

1956 2679 2169 2733 Pintum
2200 2680 2337 2733 libro
2360 2679 2497 2734 tttde
2518 2678 2731 2734 Christo
2751 2680 3027 2747 erucifixo,
3057 2681 3209 2735 titulo
3229 2679 3284 2747 4,
3307 2684 3420 2735 loco
3448 2680 3539 2735 i2.

2027 2750 2113 2802 iii.
2144 2748 2362 2814 Verum,
2392 2760 2449 2803 ttt
2477 2750 2542 2803 ad
2567 2749 2618 2804 id
2666 2752 2808 2805 unde
2840 2752 2995 2819 paulo
3035 2751 3274 2816 digressa
3314 2759 3415 2813 est,
3449 2766 3539 2807 re—

1954 2827 2136 2892 currat
2162 2822 2354 2892 oratio,
2383 2819 2758 2892 Symmachus,
2788 2822 2899 2889 qui,
2932 2820 3261 2875 fervescente
3287 2821 3337 2875 in
3359 2821 3538 2877 Africa

1957 2890 2308 2944 Trasamundi
2343 2890 2743 2958 persecutione,
2793 2893 3099 2960 apostolica:
3129 2892 3242 2946 sedi
3267 2901 3494 2960 praeerat
3521 2933 3537 2956 ,

1956 2970 2177 3028 accepto
2225 2970 2331 3014 tam
2373 2976 2531 3014 saeva:
2576 2962 2831 3016 adversus
2876 2961 3167 3015 Ecciesiam
3222 2962 3539 3016 catholicam

1958 3031 2295 3099 tempestatis
2324 3031 2534 3096 nuntio,
2566 3034 2645 3085 sui
2674 3045 2795 3086 esse
2818 3032 3055 3085 muneris
3085 3045 3205 3085 esse
3233 3040 3383 3085 ratus
3412 3047 3541 3085 cutt-

1959 3101 2175 3155 firmare
2212 3101 2403 3155 fratres
2433 3115 2562 3155 suos
2584 3142 2600 3167 ,
2642 3102 2695 3157 in
2746 3100 3176 3155 tribulationibus
3205 3109 3261 3155 et
3287 3102 3541 3158 :rrumnis

248 3172 345 3250 rus
377 3172 786 3250 institutionum
832 3172 1133 3233 divinarum
1153 3172 1287 3248 ‘c'ap.
1330 3179 1383 3233 9.
1433 3178 1678 3250 Optatum
1724 3181 1854 3236 sm:
1881 3175 1928 3237 c
1966 3172 2975 3250 positos.egregiamadeosppistqlam
3004 3172 3345 3250 censqripsit.
3373 3180 3541 3226 meos

248 3248 485 3316 (ensem,
518 3249 678 3317 regali
707 3250 1042 3317 praeceptione
1064 3250 1319 3303 detentum
1349 3248 1611 3306 memorat
1636 3251 1851 3307 Bonifa-

246 3318 374 3373 cius
404 3319 467 3373 in
496 3319 725 3374 concilio
758 3319 1163 3388 Carthaginensi
1194 3336 1335 3375 anno
1365 3321 1491 3385 525,
1523 3322 1617 3376 sed
1643 3323 1714 3375 ibi
1744 3339 1849 3379 non

247 3388 517 3442 declarat
558 3404 676 3453 cur,
711 3390 924 3443 caeteris
965 3393 1243 3458 restitutis,
1290 3390 1413 3446 huic
1442 3392 1508 3446 ad
1550 3392 1848 3448 Eeclesiam

242 3474 414 3513 suam
449 3458 630 3513 redire
669 3458 831 3513 fuerit
876 3459 1239 3515 interdictum.
1286 3461 1401 3516 liue
1425 3461 1565 3517 forte
1595 3478 1853 3519 revocan-

240 3528 355 3600 dus
406 3542 632 3596 quoque
679 3537 763 3582 est
802 3528 1102 3600 Maracinus
1151 3531 1462 3600 episcopus,
1502 3532 1592 3600 qui
1624 3535 1853 3588 concilio

241 3599 538 3653 Toletano
568 3612 627 3659 tt,
672 3612 813 3668 anno
853 3598 979 3662 551,
1009 3599 1109 3653 sub
1150 3598 1252 3653 hac
1296 3599 1465 3654 forma
1491 3598 1806 3668 subscripsit
1836 3621 1850 3655 :

1960 3250 2071 3296 tum
2097 3243 2162 3296 ad
2192 3258 2345 3311 atque
2366 3242 2546 3296 animo
2581 3242 2926 3311 perferendos
2951 3241 3124 3297 exsilii
3157 3242 3368 3296 labores
3387 3283 3400 3305 ,
3432 3253 3541 3297 tum

1956 3313 2118 3367 etiam
2161 3312 2224 3367 ad
2264 3315 2617 3367 constantiam
2662 3315 2713 3367 in
2742 3312 3072 3367 defendenda
3102 3312 3355 3368 Ecclesia)
3380 3326 3541 3367 causa

1956 3384 2272 3438 servandam
2313 3384 2710 3439 adhortaretur.
2762 3382 2911 3438 Hanc
2959 3383 3237 3454 epistolam
3279 3383 3536 3454 habemus

1956 3456 2095 3522 apud
2129 3454 2429 3508 Enuodium
2461 3454 2593 3509 libro
2620 3470 2678 3519 tt,
2708 3454 2863 3523 epist.
2884 3455 2971 3517 M,
2998 3470 3156 3522 quam
3186 3454 3311 3509 inde
3337 3453 3540 3509 descri-

1957 3532 2100 3591 ptam
2128 3524 2233 3578 huc
2260 3526 2499 3593 proferre
2529 3524 2700 3579 visum
2730 3534 2833 3578 est.

3559 1645 3611 1937 β

3566 1938 3581 1951 Ι

2587 3657 2921 3713 EPISTOLA

1960 3781 2226 3819 SYMNACBI
2267 3782 2415 3822 PAPE
2458 3784 2524 3822 AD
2567 3783 2734 3825 EPISC.
2766 3782 2816 3823 ΙΝ
2857 3784 3137 3825 SARDINIAI
3176 3786 3540 3829 DEPORTATOS.

238 3668 662 3740 Maraeinusin
691 3665 880 3740 (ζὴνὶῃὶ
908 3668 1118 3740 nomine
1146 3668 1436 3740 episcopus,
1464 3670 1527 3727 ob
1554 3665 1765 3724 causam
1792 3672 1857 3740 ﬁ-

235 3739 338 3792 dei
388 3735 764 3809 cirrholicw‘in
820 3736 1071 3809 Toletana
1117 3735 1241 3809 urbe
1286 3740 1466 3792 exsilio
1512 3735 1855 3809 deputatus...

235 3806 509 3881 ἔπιθι-ῥά,
543 3807 696 3881 relegi
724 3814 769 3861 et
794 3806 1090 3881 subscripsi.
1111 3808 1316 3881 iisdem
1336 3806 1857 3881 denique'tempori-

184 3926 185 3929 η
240 3880 355 3933 bus
392 3875 700 3942 Panaetius,
723 3878 961 3941 natione,
991 3888 1048 3932 ut
1074 3877 1323 3933 observat
1353 3875 1660 3936 Gennadius
1681 3875 1732 3935 in
1755 3880 1857 3937 Ca-

241 3950 476 4015 talogo,
501 3944 740 4013 Maurus,
770 3949 821 4000 iu
851 3946 1036 4002 Galliis
1066 3947 1263 4002 ﬂoruit.

321 4020 428 4073 15.
465 4016 618 4083 Quod
664 4020 710 4072 si
739 4029 943 4073 stemus
984 4019 1361 4073 nonnullarum
1395 4018 1557 4076 italiae
1589 4022 1855 4078 Ecclesia-

239 4104 377 4144 rum
444 4087 843 4149 traditionibus,
896 4087 1096 4157 aliquot
1145 4089 1365 4158 insuper
1403 4092 1744 4149 eonfessores
1786 4109 1853 4150 ex

239 4163 451 4215 Africa
498 4167 739 4213 extorres
783 4159 884 4213 sub
909 4158 1277 4215 Trasamundo
1314 4160 1367 4214 in
1407 4160 1610 4216 Italiam
1657 4165 1856 4219 adven-

244 4241 412 4287 tasse
466 4228 736 4282 fatendum
777 4229 901 4284 erit.
947 4228 1080 4284 Cum
1127 4230 1269 4285 enim
1320 4230 1418 4285 sub
1444 4231 1618 4288 Totila
1652 4232 1851 4289 Gotho-

239 4316 378 4356 rum
414 4314 553 4368 rege
592 4299 766 4353 inistis
795 4298 1104 4372 regionibus
1144 4301 1401 4356 claruisse
1445 4303 1716 4372 dicantur,
1745 4322 1851 4361 non

240 4380 661 4446 potest_eorum
692 4370 938 4446 exsilium
959 4372 1027 4425 ad
1055 4372 1262 4446 priores
1287 4370 1709 4444 persecutiones,
1734 4393 1853 4446 quae

238 4452 380 4496 ante
437 4440 799 4494 Trasamundi
833 4449 1071 4509 tempora
1108 4440 1350 4497 excitata:
1391 4455 1535 4507 sunt,
1569 4440 1806 4502 revocari
1835 4464 1851 4503 :

239 4511 391 4567 alias
420 4510 530 4565 viri
552 4510 628 4583 iiii
654 4513 821 4565 sancti
842 4520 965 4565 ante
993 4528 1189 4566 annum
1220 4512 1347 4575 496,
1373 4516 1461 4583 qui
1494 4516 1853 4573 Gutttabundo

238 4582 627 4637 'l‘rasamundi
657 4584 963 4649 prmcessori
987 4598 1266 4652 supremus
1296 4582 1415 4651 fuit,
1450 4586 1500 4638 in
1532 4587 1734 4641 italiam
1764 4603 1854 4643 ae-

238 4655 600 4725 ecssissent;
631 4661 890 4725 et_tar_nen
922 4653 1095 4708 adhuc
1133 4663 1254 4723 post
1282 4656 1630 4725 quadraginta
1658 4667 1711 4712 et
1740 4675 1854 4713 arn-

238 4724 400 4793 plius
454 4736 628 4793 annos
658 4722 850 4791 (Totila
881 4724 1075 4793 quippe
1109 4722 1233 4780 ante
1275 4739 1472 4779 annum
1490 4722 1605 4783 ’541
1646 4726 1853 4783 Gotho-

235 4792 477 4867 rum_iu
502 4792 672 4867 ‘ltaiia
700 4809 923 4863 regnum
953 4792 1367 4867 nonsuscepii),
1404 4797 1565 4850 variis
1596 4799 1851 4853 Eeclesiis

237 4862 517 4933 praefecti
563 4862 867 4918 dicerentur
899 4882 911 4916 :
943 4866 1085 4933 quod
1130 4862 1411 4929 nemo,'ut
1450 4866 1705 4933 arbitror,
1749 4869 1851 4923 sibi

237 4935 421 4989 facile
447 4948 807 5001 persuasurus
835 4942 936 5006 est.
966 4935 1041 4988 Ex
1071 4935 1137 4989 iis
1164 4936 1465 5006 praecipuus
1484 4946 1566 4990 est
1593 4939 1851 5006 Regulus,

237 5006 368 5075 qui,
413 5018 479 5057 ut
533 5007 761 5059 reiertur
802 5006 854 5058 in
905 5005 1280 5129 Martfrologio
1330 5004 1570 5060 Romano
1598 5004 1731 5061 die'l
1765 5004 1855 5064 Se-

240 5074 560 5129 utetnhris.
589 5087 655 5129 ex
677 5074 857 5129 Africa
884 5076 935 5129 in
960 5075 1034 5129 Ita
1059 5077 1162 5129 iam
1196 5076 1469 5129 auuulsus.
1496 5078 1773 5129 l’unulonii
1800 5082 1850 5129 in

240 5074 560 5139 ptemhris,
589 5087 655 5146 ex
677 5074 857 5146 Airiea
884 5076 935 5129 in
960 5074 1162 5130 Italiam
1196 5074 1469 5145 appulsus,
1496 5078 1773 5146 l’opulonii
1799 5082 1850 5133 in

242 5146 513 5218 Umbria
548 5145 649 5218 sub
693 5145 864 5218 Totila
914 5161 1039 5216 rege
1081 5148 1394 5218 martyrium
1440 5145 1851 5206 consummavit.

240 5215 584 5283 liiscipulus
618 5216 784 5284 ipsius
815 5215 1203 5272 fuissedieitur
1224 5215 1548 5284 'Ccrbonius,
1582 5223 1722 5275 inter
1756 5222 1855 5274 Po-

241 5285 479 5359 pulonii
509 5285 777 5342 antistites
807 5290 1044 5342 omnium
1068 5289 1234 5359 prior
1261 5288 1329 5342 ab
1356 5288 1583 5359 Ughello
1618 5300 1763 5345 tomo
1786 5291 1851 5349 ΙΙΙ

245 5356 435 5410 italia:
494 5368 663 5408 Sacra:
710 5359 1024 5412 recensitos.
1066 5356 1209 5412 idem
1256 5356 1441 5414 auctor
1480 5372 1623 5414 torno
1664 5360 1854 5417 linter

247 5427 663 5499 Volaterranos
700 5428 981 5499 episcopos
1026 5429 1318 5482 secundum
1362 5432 1594 5499 appellat
1639 5432 1850 5485 Justum

243 5496 611 5570 fArrii-anum,
648 5497 737 5570 qui
785 5498 1143 5570 Vandalorum
1188 5496 1612 5570 persecutionem
1647 5503 1853 5570 fugiens

240 5565 386 5639 inq_l
422 5565 588 5619 aliam
618 5567 785 5639 venit,
830 5567 994 5639 ubi_a
1041 5565 1402 5622 Volaterranis
1448 5571 1499 5623 in
1545 5565 1850 5639 episcopum

242 5637 541 5711 adiectus,
588 5651 631 5711 a_
644 5635 895 5691 Clemente
913 5637 1097 5711 ‘l'ratre
1126 5652 1224 5691 suo
1262 5648 1316 5711 et
1346 5635 1621 5693 Octaviano
1646 5635 1853 5711 collegis

242 5706 308 5777 in
342 5705 670 5761 exercendo
696 5708 947 5775 pastorali
974 5722 1196 5777 munere
1222 5707 1435 5777 adjutus
1465 5722 1566 5766 est.
1601 5712 1669 5764 lis
1694 5705 1852 5764 etiim

242 5775 515 5834 Felicem
540 5777 847 5845 episcopum
871 5786 1118 5833 accenset
1140 5775 1419 5834 Ferrarius
1450 5782 1501 5834 in
1527 5783 1682 5853 281
1707 5783 1858 5836 Ca":—

609 5870 876 5929 Parnon.
925 5871 1132 5931 LVIII.

1878 4549 1932 4609 υ
1958 4525 2111 4609 quias
2140 4533 2288 4609 puiat
2315 4526 2601 4609 cardinalis
2631 4526 2904 4609 Baronius‘
2927 4528 2980 4581 in
3001 4528 3149 4609 itolis
3178 4546 3206 4582 a

2070 3900 2227 3962 (Hanc
2250 3902 2502 3975 epistolam
2525 3904 2732 3954 edemus
2750 3917 2858 3954 cum
2882 3911 2935 3955 et
2953 3905 3220 3968 Symmachi
3239 3910 3429 3970 opera.)

2032 4032 2193 4103 282
2211 4031 2295 4087 i6.
2318 4031 2390 4085 Ex
2409 4031 2510 4106 hoc
2527 4034 3178 4106 porrogconquirendarum
3192 4036 3536 4106 reliquiarum

1958 4109 2135 4176 studio
2166 4117 2274 4176 quo
2310 4103 2646 4176 confessores
2690 4104 2821 4176 istos
2850 4106 3103 4173 ﬂagrasse
3134 4103 3430 4176 colligimus
3463 4124 3533 4163 ex

1958 4171 2177 4249 [sudata
2202 4172 2511 4249 Symmachi
2528 4174 2775 4249 epistola,
2801 4171 3103 4230 confirmari
3131 4171 3306 4246 potest
3331 4179 3537 4249 aliquot

1958 4240 2121 4297 Italiae
2139 4240 2495 4320 Ecclesiartim
2522 4240 2754 4320 traditio,
2772 4260 2891 4313 quas
2914 4240 3216 4320 sanctorum
3240 4240 3535 4320 martyrum

1958 4327 2184 4382 corpora
2215 4330 2283 4368 ex
2306 4313 2505 4387 Africa
2536 4329 2632 4387 per
2662 4317 2795 4370 istos
2820 4317 3157 4372 confessores
3179 4319 3334 4374 allata
3353 4313 3534 4387 [apud

1956 4398 2016 4438 se
2053 4386 2315 4439 asservari
2363 4386 2712 4439 contendunt.
2756 4387 2833 4441 Ex
2892 4387 2974 4441 his
3021 4389 3181 4443 fuisse
3228 4386 3535 4447 sanctorum

1957 4453 2209 4518 Marcelli,
2241 4452 2386 4510 Casii
2405 4494 2421 4519 ,
2449 4455 2627 4509 Emilii
2648 4495 2663 4519 ,
2690 4466 2743 4511 et
2770 4458 3041 4513 Saturnini
3084 4468 3375 4519 martyrum
3404 4462 3534 4516 reli-

3276 4530 3537 4592 Martyro-

1963 4596 2159 4667 logium
2207 4596 2502 4667 Romaitum
2550 4596 2638 4648 die
2686 4605 2834 4667 sexta
2865 4597 3112 4667 Octobris
3137 4637 3152 4660 ,
3178 4612 3279 4667 qua
3311 4598 3534 4653 istorum

1960 4663 2219 4720 festivitas
2248 4665 2408 4734 283
2452 4663 2648 4733 Capuae
2684 4665 3006 4719 celebratur.
3035 4663 3212 4733 Casti,
3265 4675 3320 4720 et
3366 4668 3534 4723 Cassii

1960 4735 2328 4805 episcoporum
2362 4734 2557 4805 ibidem
2586 4734 2879 4805 celebriuut
2907 4737 3149 4789 meminit
3170 4750 3380 4805 quoque
3406 4736 3539 4792 Fer-

1961 4804 2132 4859 rarius
2163 4805 2215 4857 in
2246 4802 2499 4872 Catalogo
2544 4803 2780 4871 generali
2825 4813 3129 4858 sanctorum
3175 4802 3337 4859 italiae
3381 4806 3468 4861 die
3503 4808 3536 4860 7

1958 4872 2293 4928 Novembris.
2333 4872 2466 4927 Alia:
2498 4876 2549 4926 in
2573 4872 2693 4925 aliis
2721 4872 2963 4928 ecclesiis
2995 4890 3116 4929 esse
3139 4875 3408 4943 dicuntur,
3438 4878 3534 4932 sed

1958 4957 2091 5011 quas
2113 4944 2418 5015 singillatim
2448 4956 2727 5015 recensere
2755 4958 2859 4998 non
2888 4953 2970 4998 est
2990 4959 3167 5015 opera:
3187 4946 3439 5015 pretium.
3470 4947 3536 5000 Et
3566 4988 3567 4991 η
3634 5002 3641 5007 ,

1958 5014 2170 5082 quidem
2199 5013 2457 5081 Neapoli,
2478 5013 2761 5068 occasione
2787 5014 3148 5069 translationis
3176 5013 3344 5068 sancti
3373 5015 3538 5071 Seve-

1958 5084 2059 5138 rini
2089 5082 2403 5139 Noricorum
2430 5083 2656 5152 apostoli
2674 5084 2730 5138 in
2750 5098 2867 5139 eam
2891 5086 3096 5151 urbem,
3118 5084 3415 5153 gratulatur
3436 5086 3538 5139 Ba-
3568 5116 3574 5127 -

1960 5155 2145 5236 nonius
2181 5156 2249 5208 ad
2279 5153 2656 5236 annumOA49ti,
2703 5154 2847 5236 quod
2873 5155 3083 5236 miriﬁce
3108 5155 3284 5207 civitas
3308 5153 3405 5236 illa
3427 5165 3536 5209 stu-
3576 5163 3583 5229 λ

1957 5224 2103 5278 diosa
2130 5240 2326 5295 semper
2354 5224 2507 5294 fuerit
2548 5224 2880 5293 reliquiarum
2920 5235 3212 5295 sanctorum
3253 5233 3535 5295 martyrum

1956 5304 2005 5349 et
2029 5294 2409 5364 confessurum;
2432 5303 2753 5365 utpote_qu:e
2781 5310 2883 5348 non
2906 5295 3030 5348 satis
3054 5294 3287 5365 habuerit
3310 5309 3339 5347 e
3359 5296 3537 5365 proxi-

1958 5382 2038 5436 mo
2077 5362 2307 5436 accipere
2338 5362 2569 5419 sanctum
2595 5362 2908 5419 Ianuarium
2928 5405 2943 5431 ,
2978 5366 3076 5418 iste
3101 5364 3195 5436 fuit
3241 5362 3533 5436 Beneventi

1956 5435 2399 5515 episcopus,_ete
2436 5436 2595 5515 longe
2624 5436 2896 5515 ex‘dfrica.
2928 5435 3183 5515 ejusmodi
3223 5435 3378 5489 ditari
3426 5437 3538 5515 the:

1955 5503 2153 5587 auaris,
2175 5507 2283 5587 nisi
2314 5508 2473 5587 etiam
2497 5503 2771 5587 e‘Danu‘bii
2796 5503 2928 5573 ripis
2956 5520 3102 5558 sacra
3131 5506 3536 5587 pignoransancii

1958 5575 2187 5630 Severini
2221 5578 2275 5630 in
2318 5574 2531 5629 Italiam
2574 5575 2743 5627 delata
2766 5589 2799 5626 a
2839 5584 3013 5628 sancto
3060 5574 3299 5645 pontifice
3329 5576 3536 5633 Gelasio

1958 5646 2268 5701 impetraret.

2028 5665 2413 5774 ,l’fl‘rgrgt‘linter
2438 5713 2774 5784 alia_cimelia
2806 5729 2925 5784 quae
2952 5730 3131 5773 secum
3153 5716 3207 5771 in
3230 5716 3534 5773 Sardiniam

1958 5788 2186 5841 attulere
2212 5786 2451 5856 episcoui
2489 5782 2758 5853 Africani,
2786 5782 2947 5840 unum
2979 5797 3125 5842 certe
3154 5802 3185 5841 e
3211 5787 3536 5853 pretiosissi-

3187 5877 3260 5938 11s
