4140 6336
569 364 667 428 431

1551 344 1890 425 APPENDIX
1928 367 2018 424 AD
2056 350 2406 424 VicranM
2445 363 2807 424 VITENSEM.

3686 364 3787 429 452

568 484 673 538 suis
698 499 845 553 super
866 491 1060 536 oeatum
1085 478 1414 553 Falgentium
1435 489 1691 551 gratanter
1718 480 1958 553 expansis
1976 478 2139 553 repel-
2166 481 2215 541 Α
2246 476 2451 553 lafridaa
2472 485 2698 531 mortem
2734 475 2885 553 dicit,
2908 474 3244 553 minaturque
3261 487 3320 528 se
3341 474 3549 553 reginie
3564 490 3633 530 ex
3656 478 3824 531 Amuli

569 556 726 609 lerent
760 550 975 615 imbres,
1014 562 1060 605 et
1104 550 1286 605 novum
1313 550 1624 605 tabernaculi
1667 567 1823 622 genus
1860 550 2140 618 artiﬁciosa

570 626 777 678 caritate
800 634 1174 692 componerent.
1192 622 1286 676 Hic
1308 636 1437 675 vero
1464 622 1754 677 observare
1771 622 1919 691 juvat
1941 628 2138 690 quanta

569 695 726 749 fuerit
754 695 1028 748 beatoium
1057 695 1421 749 coiil’essorum
1453 692 1659 761 religio,
1695 695 1783 759 qui
1816 707 1845 744 e
1870 693 2023 761 longa
2056 706 2143 760 pe-

568 764 926 833 regrinatione
970 763 1211 825 reduces,
1246 771 1303 816 ut
1330 765 1553 830 primum
1590 764 1879 831 attigerunt
1905 761 2076 833 littus,
2108 775 2140 816 e

570 832 794 888 navibus
833 834 1036 900 egressi
1084 833 1261 887 statim
1310 834 1375 887 ad
1425 833 1705 887 ecclesiam
1747 832 1926 887 Sancti
1970 833 2137 900 Agilei

569 914 943 973 properarunt,
957 905 1247 973 gratiarum
1264 904 1502 958 actiones
1522 902 1758 970 publicas
1775 904 1881 957 Deo
1894 902 2137 973 redditu-

566 970 641 1027 ri:
665 970 721 1027 et
740 970 1030 1043 quidemiit
1052 977 1207 1042 paulo
1230 974 1449 1028 inferius
1473 973 1629 1026 habet
1653 983 1839 1027 auctor
1862 972 1993 1027 Viue
2018 976 2137 1027 lau-

567 1044 752 1115 datus,
798 1046 883 1099 uia:
921 1046 1359 1115 appropinquante
1404 1058 1603 1115 vespere
1649 1051 1840 1115 sanctis
1878 1044 2138 1098 memoria:

566 1112 836 1185 Bonifacio
860 1112 1093 1183 episcopo
1115 1112 1863 1183 reprtesentati,benedixerunt
1891 1129 2064 1168 omnes
2087 1123 2136 1168 et

567 1184 904 1237 laudauerunt
925 1186 1260 1238 communiter
1284 1184 1467 1240 Deum.

636 1255 689 1309 5.
716 1254 1025 1323 Fulgentius
1062 1264 1184 1321 post
1221 1253 1421 1323 aliquot
1448 1254 1563 1308 dies
1607 1254 1813 1322 Ruspas
1846 1253 2135 1323 profectus,

565 1339 655 1392 per
678 1340 846 1395 omnes
866 1325 1060 1378 itineris
1088 1324 1276 1392 prolixi
1301 1328 1406 1377 vias
1428 1323 1616 1394 gaudia
1645 1327 1843 1394 majora
1870 1326 2035 1395 2887
2060 1341 2138 1379 re-

564 1395 786 1462 periens,
803 1394 858 1447 in
879 1410 1139 1448 occursum
1157 1410 1306 1447 suum
1328 1396 1530 1463 populis
1550 1396 1775 1456 undique
1794 1394 2133 1461 tendentibus,

565 1479 680 1535 cum
711 1466 928 1518 lucernis
957 1474 1003 1517 et
1032 1463 1353 1533 lampadibus
1382 1474 1425 1517 et
1451 1467 1691 1517 arborum
1711 1464 1999 1535 frondibus,
2020 1466 2137 1518 red-

565 1534 797 1588 dentibus
824 1535 1042 1603 gratiam
1070 1535 1316 1602 ineffabili
1350 1534 1549 1587 Deo....
1580 1551 1668 1601 per
1694 1550 1864 1588 omnes
1887 1535 2139 1590 Ecclesias

566 1611 803 1670 tanquam
850 1607 1090 1674 proprius
1130 1606 1394 1673 episcopus
1434 1605 1824 1673 suscipiebatur.
1867 1604 1993 1660 Sedi
2023 1621 2136 1660 suae

562 1674 841 1729 restitutus
866 1677 1026 1729 simul
1066 1690 1186 1728 cum
1218 1677 1327 1728 suis
1350 1680 1625 1728 monachis
1648 1677 1797 1741 vixit,
1844 1676 1914 1728 ita
1957 1686 2134 1730 tamen

565 1754 624 1797 ut
668 1745 872 1813 absque
914 1744 1121 1800 abbatis
1149 1745 1339 1799 Felicis
1369 1745 1694 1799 conscientia
1737 1744 2023 1813 quidquam
2068 1746 2136 1801 de

564 1812 726 1868 rebus
750 1812 815 1869 ad
840 1816 1219 1870 monasterium
1254 1816 1641 1883 pertinentibus
1670 1812 1776 1869 non
1800 1812 1998 1883 ageret.
2025 1816 2137 1871 Mo-

2243 550 2489 619 sanguine
2533 556 2736 601 exortie
2774 545 2975 619 caedem
3024 543 3189 600 armis
3219 543 3376 619 brevi
3406 543 3821 619 vindicaturum,

2243 614 2357 672 nisi
2382 618 2479 687 ipsi
2514 627 2824 685 cunctisque
2847 616 3143 671 Gothorum
3175 617 3320 685 genti
3349 614 3442 687 fiat
3471 617 3623 687 satis.
3656 614 3822 671 Ama-4

2242 684 2485 743 lafridain
2536 689 2587 741 in
2633 684 2859 741 vinculis
2915 684 3230 751 detentam,
3278 695 3332 740 et
3379 684 3585 741 Gothos
3632 701 3824 743 omnes

2243 761 2405 831 289
2432 773 2471 831 _a
2528 758 3128 831 Vandalisiinterfectos
3175 757 3340 831 fuisse
3382 758 3567 812 scribit
3612 757 3823 814 Proco-'

2242 828 2360 899 [ius
2392 829 2528 883 libro
2566 845 2583 899 i
2614 829 2856 883 Historiae
2899 828 3236 899 Vandalicm,
3285 828 3559 899 incusatus
3588 843 3673 882 res
3719 844 3823 886 tio-

2245 897 2339 954 vas
2380 901 2430 954 in
2469 898 2609 969 regis
2649 899 2900 969 regnique
2937 897 3616 969 perniciemmoliriaNon
3640 906 3822 957 tamen

2241 970 2445 1025 Gothos
2473 967 2731 1025 adversus
2776 968 3102 1024 Hildericum
3144 967 3438 1037 quidquam
3468 968 3583 1024 istis
3614 978 3823 1037 tempo-

2242 1041 2388 1095 ribus
2414 1048 2647 1095 tentasse
2681 1040 2936 1109 legimus,
2969 1039 3110 1108 quod
3138 1039 3274 1093 forte
3305 1039 3462 1106 paulo
3490 1048 3608 1107 post
3636 1039 3823 1096 Hilde-

2240 1111 2384 1166 ricus
2410 1126 2441 1165 e
2469 1110 2608 1165 solio
2640 1124 2671 1163 a
2697 1110 2964 1166 Geliniere
2990 1111 3191 1179 absque
3229 1122 3422 1179 magno
3446 1109 3660 1178 negotio
3689 1110 3823 1167 fuis-

2239 1192 2321 1236 set
2349 1182 2605 1251 dejectiis.
2650 1182 2883 1248 Quorum
2929 1179 3135 1235 animos
3177 1188 3435 1251 tyrannus
3470 1180 3563 1251 ille
3595 1194 3820 1251 regnum

2238 1250 2494 1307 affectans
2526 1250 2663 1305 haud
2692 1251 2909 1305 dubium
2941 1252 3267 1320 placaverat.
3300 1250 3693 1320 Theodericum
3720 1250 3821 1305 tias

2240 1323 2462 1391 injurias
2483 1322 2653 1375 ultum
2677 1337 2784 1375 non
2801 1319 2965 1375 fuisse
2989 1330 3212 1375 testatur
3234 1321 3477 1391 laudatus
3501 1319 3818 1391 Procopius,

2238 1390 2379 1462 quod
2411 1407 2517 1447 non
2541 1394 2671 1462 satis
2700 1393 2880 1447 valere
2909 1390 3245 1462 seiclassead
3271 1390 3819 1462 petendamﬁAfricam

2235 1459 2517 1531 iudicaret.
2567 1461 2834 1517 Caeterum
2872 1461 3142 1516 Hilderico
3164 1460 3412 1515 favebant
3440 1459 3679 1531 Justinus
3709 1464 3822 1515 Att-

2238 1530 2452 1602 gustus,
2485 1543 2570 1599 et,
2611 1534 2700 1603 qui
2749 1532 2907 1601 paulo
2950 1542 3069 1600 post
3081 1531 3393 1603 jmﬁperium
3443 1530 3667 1603 adeptus
3694 1543 3817 1603 est,

2238 1601 2586 1664 Justinianus.
2610 1601 2751 1672 quod
2779 1619 2846 1657 ex
2878 1612 3047 1657 matre
3080 1601 3319 1672 Eudoxia
3348 1602 3559 1670 genitus
3588 1601 3822 1672 Hilderi-

2238 1689 2335 1728 cus
2350 1670 2731 1741 imperatorum
2756 1674 3114 1727 Romanorum
3132 1670 3307 1725 affinis
3326 1680 3490 1725 esset.
3515 1673 3578 1725 Et
3597 1671 3818 1739 quidem

2238 1744 2567 1798 Justinianus
2608 1748 2775 1798 factus
2812 1744 3103 1812 imperator
3124 1782 3139 1805 ,
3175 1757 3294 1796 cum
3325 1741 3561 1812 Gelimer
3588 1741 3821 1796 Hilderi-

2239 1830 2359 1868 cum
2410 1830 2441 1869 e
2495 1813 2632 1867 solio
2677 1810 2999 1879 dejecisset,
3050 1813 3224 1867 foedus
3272 1814 3410 1866 inter
3456 1810 3727 1866 Zenonem
3761 1821 3821 1867 et

565 1885 766 1940 nacbos
800 1888 993 1951 sapius
1022 1858 1090 1937 ad
1118 1858 1509 1939 eccleziasticam
1539 1886 1774 1938 militiam
1802 1858 2130 1953 agsuiiipsitv;
2164 1858 2213 1918 Β
2240 1882 2586 1938 Gensericum
2629 1858 2806 1953 rege‘iii
2836 1884 2963 1937 olim
2983 1858 3189 1937 vinitum
3217 1882 3453 1949 abrupit,
3484 1891 3644 1950 atque
3667 1897 3820 1936 com-

540 1954 697 2019 _adeo
737 1956 914 2026 omnia
960 1966 1280 2023 temperans,
1321 1956 1543 2026 utnulla
1583 1955 1647 2008 lis
1690 1956 1968 2026 aliquando
2003 1957 2135 2011 inter

560 2024 836 2078 monachos
882 2036 928 2078 et
956 2026 1162 2079 clericos
1204 2025 1552 2079 ventilaretur.
1588 2026 1740 2078 Plura
1778 2024 1948 2080 habet
1992 2028 2131 2081 idem

563 2093 697 2147 Vita:
719 2103 905 2150 auctor
932 2096 997 2149 de
1021 2095 1282 2164 Fulgentii
1310 2098 1362 2148 in
1395 2096 1549 2160 plebe
1570 2096 1800 2163 regenda
1826 2096 2131 2163 sedulitate,

560 2165 827 2231 variisque
856 2166 1006 2219 libris
1038 2181 1132 2233 pro
1161 2164 1281 2219 fidei
1304 2165 1583 2220 catholicm
1615 2164 1926 2220 defensione
1948 2167 2126 2221 editis.

560 2233 666 2287 Sed
695 2234 764 2289 de
793 2235 909 2289 istis
932 2238 1097 2289 fusius
1124 2234 1389 2289 disserere
1411 2235 1476 2288 ad
1502 2243 1739 2288 nostrum
1765 2250 1867 2288 non
1902 2241 2133 2303 pertinet

560 2303 880 2357 institutum.
920 2306 990 2359 At
1017 2305 1266 2358 omittere
1310 2321 1415 2358 non
1457 2306 1576 2358 licet
1613 2304 1865 2357 eximium
1910 2317 2133 2361 summa:

561 2372 875 2443 humilitatis
903 2373 1235 2442 exemplum,
1260 2374 1397 2443 quc-1
1419 2375 1485 2428 ab
1507 2373 1621 2442 ejus
1652 2373 1788 2428 Vitae
1808 2386 2025 2429 auctore
2048 2392 2134 2430 re-

538 2440 741 2502 fertur
778 2457 895 2511 cap.
939 2444 1031 2500 29.
1069 2440 1370 2505 Cumq'enini
1408 2458 1506 2512 pro
1537 2440 1839 2511 reparanda
1880 2446 2132 2501 Ecclesiae

559 2512 836 2584 disciplina
868 2522 986 2584 post
1015 2514 1243 2567 reditum
1275 2514 1342 2568 ab
1362 2514 1551 2567 exsilio
1578 2522 1755 2583 patres
1781 2515 2037 2584 Byzaceni
2064 2517 2130 2571 ad

559 2582 845 2652 concilium
868 2583 1133 2639 Juncense
1166 2584 1556 2647 convenissent,
1601 2582 1910 2652 Fulgentius
1945 2586 2129 2652 Quod-

558 2651 774 2706 vultdeo
802 2656 1073 2722 episcopo,
1104 2653 1195 2722 qui
1215 2667 1273 2707 sc
1293 2667 1360 2707 eo
1382 2655 1612 2721 priorem
1637 2651 1999 2721 existimabat,
2023 2672 2133 2710 om-

540 2722 705 2793 _ni_um
734 2723 934 2793 judicio
977 2724 1228 2792 praelatus
1248 2733 1330 2777 est
1356 2741 1368 2775 :
1407 2724 1547 2792 quod
1580 2732 1707 2778 tunc
1734 2726 1945 2793 quidem
1972 2729 2131 2781 tacite

559 2791 679 2845 tulit
720 2791 906 2859 beatus
947 2791 1188 2858 antistes,
1219 2808 1286 2847 ne
1325 2791 1694 2848 auctoritatem
1724 2791 1935 2850 concilii
1964 2811 2129 2850 excu-

557 2861 724 2936 sando
755 2866 995 2918 minuere
1016 2864 1321 2936 ‘videretur.
1353 2865 1459 2917 Sed
1500 2865 1654 2933 paulo
1692 2874 1809 2935 post
1842 2866 1908 2936 iii
1925 2866 2130 2936 synodo

556 2931 826 3003 Guli‘etana
866 2948 1055 3002 preces
1097 2933 1365 3003 supplices
1392 2931 1570 2987 coram
1612 2931 1860 2989 omnibus
1885 2931 2130 2991 Pa’trihus

555 2999 708 3075 fudit,
762 3014 818 3056 ut
862 2999 963 3057 sibi
997 2999 1216 3057 volenti
1244 3003 1648 3069 Quodvultdeus
1689 3016 2125 3075 anteponeretur,

554 3073 732 3145 timens
764 3082 972 3145 propter
996 3090 1143 3145 suum
1189 3074 1428 3126 honorem
1469 3076 1696 3142 generari
1740 3073 1886 3145 fratri
1914 3073 2130 3129 scandaé

542 3142 692 3207 lum;
718 3143 995 3212 meliusque
1016 3144 1264 3215 judicans
1304 3158 1392 3212 per
1431 3146 1691 3215 caritatem
1732 3142 1786 3198 se
1816 3146 1928 3213 ﬁeri
1960 3147 2126 3200 mino-

2240 1965 2423 2023 parato
2452 1955 2649 2023 ingenti
2679 1952 2940 2019 exercitu,
2967 1968 3063 2022 per
3088 1953 3401 2008 Belisarium
3434 1952 3622 2006 ducem
3670 1953 3817 2007 victo

2236 2035 2496 2094 captoque
2524 2023 2807 2086 Gelimet'e,
2837 2024 2927 2092 qui
2961 2024 3119 2092 paulo
3146 2032 3263 2089 post
3292 2023 3811 2093 Constantinopolim

2236 2094 2303 2149 ad
2335 2096 2660 2161 triumphum
2684 2095 2969 2162 perductus
2991 2104 3101 2159 est,
3130 2094 3364 2148 Africam
3395 2102 3557 2146 totam
3586 2095 3815 2160 recupe.

2237 2167 2403 2227 ravit,
2454 2173 2511 2217 ut
2544 2164 2659 2218 fuse
2704 2165 2889 2219 scribit
2926 2164 3219 2233 Procopius
3254 2165 3306 2217 in
3352 2163 3502 2217 libris
3548 2162 3615 2216 de
3664 2163 3819 2217 Bello

2240 2234 2547 2288 Vandalico.
2584 2234 2820 2288 Belisarii
2856 2235 3178 2303 triumphum
3219 2235 3432 2303 egregie
3463 2242 3819 2301 repraesentat

2236 2304 2377 2358 idem
2416 2318 2631 2369 auctor,
2664 2318 2766 2372 qua
2810 2306 3091 2359 occasione
3120 2304 3356 2360 Gelimer
3395 2305 3599 2357 illustre
3628 2318 3813 2356 rerum

2236 2374 2591 2428 humanarum
2641 2374 2941 2443 fragilitatis
2976 2391 3032 2427 re
3060 2375 3217 2429 simul
3245 2385 3300 2429 et
3327 2388 3458 2429 voce
3494 2373 3813 2443 exemplum

2234 2445 2403 2498 dedit.
2440 2444 2716 2499 Adducms
2734 2442 2935 2513 quippe
2973 2443 3038 2498 ad
3065 2444 3266 2500 circum
3290 2459 3410 2498 cum
3438 2442 3619 2511 stirpis
3649 2444 3816 2512 regite

2234 2515 2566 2583 principibus
2606 2517 2920 2583 exterisque
2951 2516 3271 2583 primoribus
3307 2513 3681 2576 Vandalorum,
3716 2514 3814 2581 qui

2236 2586 2499 2655 natalibus
2520 2593 2612 2638 aut
2637 2586 2795 2639 etiam
2820 2585 3059 2653 corporis
3085 2584 3404 2655 proceritate
3424 2593 3576 2655 erant
3602 2595 3817 2651 specta-

2232 2654 2385 2719 biles,
2418 2657 2595 2708 statim
2626 2665 2786 2723 atqiie
2818 2655 3193 2723 imperatorem
3234 2655 3287 2708 in
3316 2654 3526 2708 sublimi
3555 2655 3683 2707 sede
3711 2668 3814 2721 po-

2231 2726 2390 2779 situm
2422 2724 2571 2787 vidit,
2604 2740 2708 2790 quo
2737 2725 2849 2790 ipse
2878 2726 3113 2780 venisset
3146 2725 3408 2779 malorum
3438 2723 3808 2789 considerans,

2233 2810 2406 2862 neque
2442 2795 2509 2848 ad
2550 2795 2845 2864 lacrymas,
2893 2810 3062 2864 neque
3104 2797 3170 2848 ad
3211 2797 3438 2849 lamenta
3488 2796 3811 2864 prolapsus,

2234 2865 2329 2923 has
2358 2864 2410 2918 in
2442 2879 2600 2920 voces
2638 2862 2812 2933 erupit
2839 2880 2903 2918 ex
2935 2862 3104 2918 sacris
3142 2865 3293 2920 libris
3321 2862 3668 2933 desumptasi
3709 2862 3814 2916 Va-

2230 2936 2363 2988 nitas
2402 2936 2722 2999 sanitatum,
2763 2936 2983 2989 vanitas.
3022 2934 3289 2990 Recenset
3315 2935 3607 3003 Procopius
3636 2934 3812 3003 spolia

2234 3005 2549 3071 pretiosiora
2577 3020 2693 3074 quas
2715 3020 2782 3060 ex
2812 3004 3063 3058 Vaiidalis
3097 3013 3366 3074 reportata
3398 3007 3448 3059 in
3479 3008 3812 3073 triumphum

2234 3020 2549 3071 pretiosiora
2577 3020 2693 3127 (ΕΗΒ
2715 3020 2782 3060 ex
2820 3020 3063 3058 vanitatis
3097 3020 3366 3074 reportata
3398 3022 3448 3059 in
3479 3020 3812 3073 triumphum

2231 3076 2557 3130 ferebantur.
2622 3073 2775 3141 ‘rant,
2807 3074 2980 3144 inquit
3005 3075 3247 3131 laudatus
3286 3085 3495 3140 auctor,
3524 3091 3583 3128 ea
3619 3076 3812 3143 quibus

2229 3146 2436 3199 solitum
2455 3146 2744 3199 ministrare
2766 3145 2871 3215 regi
2894 3144 3149 3210 Vandalo,
3172 3147 3315 3201 sedes
3335 3161 3506 3199 aurea:
3523 3153 3566 3199 et
3590 3146 3807 3213 pilenta,

557 3228 685 3286 gem,
716 3230 869 3286 quam
898 3217 1004 3267 sine
1022 3214 1535 3286 'caritatemajorem.
1574 3214 1708 3286 Cum
1750 3215 1934 3286 itaque,
1957 3219 2127 3272 ruinis
2155 3216 2201 3278 C
2230 3232 2342 3286 qua:
2376 3214 2879 3286 regiammatronam
2904 3226 3245 3282 vastaverant,
3276 3231 3585 3286 gemmarum
3620 3224 3810 3286 prieter

554 3280 814 3352 Ecclesiae
841 3299 953 3352 suae
981 3283 1290 3351 reparandis
1314 3280 1455 3336 totus
1484 3284 1772 3349 insisteret,
1800 3280 1941 3352 quod
1964 3287 2124 3340 etiam

554 3350 859 3423 Bonifacius
900 3350 1336 3420 Carthaginensis
1373 3356 1656 3423 episcopus
1701 3350 1939 3423 generali
1971 3356 2129 3411 totius

554 3420 748 3476 Africa:
775 3423 1003 3491 concilio
1031 3433 1349 3486 convocato,
1396 3420 1535 3491 quod
1561 3420 1845 3476 ’anno'525
1888 3424 2127 3480 habitiun

554 3501 655 3563 est,
689 3508 784 3561 per
807 3490 1107 3548 universam
1135 3492 1367 3547 Africam
1394 3490 1507 3546 fieri
1552 3495 1892 3563 procumbat,
1925 3496 1989 3548 ad
2019 3512 2131 3550 iue-

552 3561 741 3621 liorcm
785 3565 943 3617 vitam
986 3564 1268 3631 anhelans,
1315 3563 1365 3615 in
1418 3561 1641 3618 insulam
1691 3562 1957 3618 Circinam
2007 3580 2128 3620 cum

551 3634 737 3701 paucis
764 3632 1013 3688 fratribus
1036 3634 1271 3701 majoris
1314 3633 1656 3701 perfectionis
1679 3634 1854 3687 studio
1884 3637 2126 3699 secessit,

553 3702 641 3757 ubi
671 3706 825 3772 paulo
858 3714 975 3771 post
1016 3706 1084 3756 ad
1112 3714 1390 3758 extremam
1421 3720 1578 3774 usque
1604 3703 1939 3770 horamsana
1966 3716 2130 3760 mente

552 3790 896 3844 perseverans,
919 3774 1089 3843 inquit
1115 3775 1246 3828 Viue
1272 3776 1437 3843 ipsius
1462 3785 1670 3841 auctor,
1717 3776 1846 3843 ipsis
1888 3776 2128 3830 Januarii

552 3844 810 3905 calendis,
834 3855 955 3914 post
980 3854 1233 3911 peractam
1251 3860 1507 3914 vesperam
1528 3846 1773 3912 migravit
1797 3846 2129 3910 evita,anno

550 3926 834 3993 postquam
867 3913 1127 3993 Ecclesiae
1151 3913 1414 3983 Ruspcnsi
1454 3914 1735 3981 praefectus
1756 3914 1950 3993 fuerat
1973 3916 2131 3993 _vige-

552 3984 690 4054 sinio
732 3984 936 4054 quinto,
984 3985 1160 4036 mtatis
1195 3999 1322 4037 vero
1369 3997 1481 4054 suae
1523 3986 1862 4052 sexagesimo
1898 3986 2124 4054 quinto:

553 4051 748 4124 quibus
778 4052 1186 4124 verliisAannum
1213 4070 1335 4107 εει-ω
1358 4053 1592 4124 vulgaris
1622 4051 1975 4124 553_indicari
1999 4071 2123 4124 pro-

552 4119 646 4194 bat
676 4121 938 4194 llenﬂcus
967 4122 1207 4194 Norisius
1230 4124 1368 4194 libro
1402 4138 1436 4175 tt
1457 4119 1707 4194 Historia:
1738 4119 2129 4194 Pelag.,capite

553 4189 765 4244 ultimo.
790 4187 1128 4258 Fulgeiitium
1150 4192 1237 4246 die
1263 4194 1290 4246 1
1313 4192 1548 4246 Januarii
1575 4187 2052 4249 recentiora'simu'l
2076 4208 2129 4251 et

553 4269 736 4313 vetera
768 4262 1148 4333 i‘iiartyrologia
1186 4273 1628 4333 commemorant,
1659 4279 1814 4332 quem
1853 4267 2045 4319 merito
2074 4276 2131 4321 ut

555 4330 954 4404 sanctissimum
976 4330 1281 4404 doctorem,
1307 4330 1768 4401 vigilantissimiim
1812 4336 2123 4404 antistitem,

551 4398 1067 4470 invictissimumque
1087 4400 1285 4457 Christi
1305 4398 1667 4457 confessorem
1692 4406 1922 4459 Ecclesia
1941 4398 2128 4463 catlio;

550 4469 653 4522 lica
685 4480 987 4525 veneratur.

544 4538 547 4541 ⁷
587 4538 679 4611 μό.
729 4540 993 4611 Caeterum
1035 4554 1135 4611 pax
1186 4540 1253 4594 ab
1305 4539 1573 4598 Hilderico
1617 4558 1872 4600 concessa
1915 4548 2125 4603 nonnisi

552 4608 768 4687 aliquod
796 4610 958 4664 veluti
972 4608 1418 4687 pragludiumfuit
1444 4616 1664 4667 summa:
1693 4614 1832 4669 illius
1866 4619 2125 4687 tranquil-

556 4678 717 4736 litatis
764 4695 922 4748 quam
972 4678 1211 4753 Ecclesia
1255 4683 1505 4753 africana
1536 4696 1671 4753 post
1712 4699 1909 4753 paucos
1957 4678 2128 4744 annos

558 4757 838 4804 consecuta
867 4760 968 4805 est.
1010 4752 1222 4806 Etenim
1254 4750 1490 4807 Gelimer
1516 4750 1809 4809 Gelilaridc
1850 4756 2124 4814 Genserici

554 4819 664 4872 filio
696 4831 873 4891 natus,
916 4822 1002 4875 cui
1042 4831 1162 4891 post
1201 4822 1454 4876 llilderici
1498 4833 1723 4879 mortem
1763 4824 2124 4883 Vandalorum

550 4904 778 4964 regnum
794 4889 1116 4964 debebatur,
1142 4906 1306 4964 morie
1334 4892 1638 4964 impatiens,
1656 4895 1809 4962 pulso
1835 4897 2124 4964 llilderico,

552 4973 693 5031 anno
713 4960 1067 5031 55lregnum
1110 4962 1326 5015 invasit.
1355 4960 1506 5016 [“avit
1547 4960 1667 5031 ejus
1693 4966 1972 5021 rebellioni
2014 4960 2127 5022 ιιιιὲ

534 5028 715 5103 ¹ιΙιξινὶιεί
744 5028 987 5103 indoles;
1037 5033 1081 5085 is
1111 5032 1477 5103 iieinperadeo
1519 5028 1735 5089 timidus
1773 5047 1907 5100 erat,
1958 5047 2016 5091 ut
2059 5054 2125 5093 ne

551 5100 764 5171 quidem
794 5101 951 5170 gladii
1000 5102 1456 5171 aSpectumfeire
1494 5114 1692 5171 posset.
1736 5104 1940 5161 Deinde
1983 5109 2123 5164 idem

553 5115 764 5220 tantilem
794 5115 951 5170 gtaaii
1000 5115 1275 5170 aspecmm
1317 5115 1456 5156 teire
1494 5115 1692 5171 posset.
1737 5115 1940 5161 Deinde
1983 5115 2123 5164 idem

553 5169 572 5221 l
604 5169 857 5224 ildericus
887 5172 1184 5227 Gothorum
1212 5170 1422 5225 animos
1454 5186 1483 5224 a
1511 5175 1803 5229 se'alienos
1834 5177 2029 5231 fecerat
2057 5178 2126 5231 ob

550 5239 892 5294 Amalafrida:
920 5240 1244 5295 Theoderici
1275 5243 1450 5310 magni
1473 5242 1593 5296 ﬁliae
1616 5258 1827 5299 necem.
1852 5246 1975 5299 Hinc
1996 5245 2127 5302 Tra-

552 5311 813 5381 samundo
842 5320 1094 5381 nupserat
1130 5327 1141 5362 :
1178 5322 1231 5363 at
1262 5326 1381 5364 cum
1419 5325 1534 5381 post
1574 5315 1749 5369 mariti
1778 5325 2027 5379 mortem,
2071 5327 2128 5372 ut

552 5384 731 5456 narrat
758 5378 1351 5456 Vicioril‘unnonensis,
1377 5378 1441 5435 ad
1465 5382 1720 5437 barbaros
1742 5385 1969 5453 fugiens,
1988 5378 2125 5440 cem-

551 5450 715 5523 misso
738 5450 924 5523 praelio
939 5450 1310 5523 CapSteprope
1336 5467 1573 5507 erenium
1594 5450 1885 5523 intercepta
1912 5456 2118 5523 fuisset,

549 5514 705 5595 paulo
734 5514 843 5595 post
862 5520 913 5571 in
940 5514 1176 5595 iustodia
1193 5514 1435 5595 de,'uncta
1466 5533 1539 5595 est
1563 5539 1581 5575 .·
1612 5527 1750 5592 quod
1777 5514 1918 5595 aegre
1941 5514 2122 5585 ferens

534 5584 1357 5665 Athalaricum-Theodoriciex
1380 5584 1761 5665 Amalasu'iitha
1792 5584 1897 5649 filia
1928 5612 2115 5665 nepos,

550 5656 641 5737 qui
660 5656 999 5737 Ostrogothis
1034 5659 1084 5737 in
1109 5660 1253 5737 lialia
1277 5663 1592 5737 imperabat,
1613 5679 1675 5737 ea
1706 5666 1773 5719 de
1801 5681 1858 5720 re
1887 5656 2123 5737 conque;

548 5732 665 5780 stus
679 5736 763 5783 est
777 5729 1301 5804 apti‘dCsssiodorum
1318 5729 1415 5804 lib.
1432 5740 1479 5786 ix
1498 5732 1800 5801 Variarum,
1822 5729 2045 5804 epistola
2064 5739 2116 5803 l,

549 5810 667 5868 qua:
682 5806 763 5855 est
782 5799 849 5856 ad
869 5798 1196 5858 Hildericum
1212 5809 1354 5871 data,
1368 5803 1456 5858 ubi
1475 5804 1741 5860 violentam
1768 5798 1931 5863 fuisse
1955 5798 2118 5863 Ama;

2154 4585 2206 4644 D

2229 3284 2289 3339 ea
2316 3284 2626 3339 incredibilis
2669 3286 2929 3351 splendor,
2954 3301 3017 3340 ea:
3051 3302 3179 3357 auro
3216 3284 3399 3357 pocula
3448 3300 3652 3354 quisque
3698 3285 3811 3338 alia

2229 3358 2381 3426 regite
2427 3370 2610 3426 mensa:
2658 3365 3041 3410 ostentamenta.
3094 3356 3221 3409 Tum
3243 3372 3356 3409 vero
3380 3358 3576 3426 argenti
3596 3365 3810 3426 centena

2229 3424 2423 3494 aliquot
2452 3425 2613 3477 millia
2643 3428 2834 3493 pondo,
2865 3428 3111 3495 pretiique
3142 3428 3357 3494 ingentis
3384 3424 3519 3493 alia,
3550 3441 3659 3493 qua:
3691 3424 3808 3477 Ra-

2230 3495 2669 3567 manoquondam
2697 3497 2889 3562 palatio
2928 3494 3125 3567 direpto
3174 3497 3469 3567 Gizericlius
3504 3494 3808 3567 abstulerat.

2228 3566 2297 3618 In
2343 3566 2503 3618 his'et
2530 3564 2643 3636 _illa
2685 3581 2798 3632 qua:
2837 3569 2996 3636 captis
3040 3564 3164 3620 olim
3205 3566 3540 3636 Jet'osolymis
3586 3565 3808 3619 Romam

2230 3636 2505 3705 pertulerat
2525 3634 2669 3689 Titus
2687 3637 2724 3689 ν
2736 3634 3053 3706 espasiantts.
3071 3636 3261 3693 Omnia
3279 3634 3489 3706 quoque
3510 3636 3807 3703 imperiali:

2232 3704 2544 3761 ornamenta
2587 3722 2705 3773 quae
2736 3704 3057 3762 Gensericus
3098 3709 3261 3761 Roma
3298 3704 3458 3772 capta
3488 3708 3538 3760 in
3567 3706 3805 3760 Africam

2234 3779 2599 3839 transtulerat,
2622 3777 2721 3831 sibi
2754 3778 2998 3832 restituta
3028 3777 3189 3832 fuisse
3212 3786 3436 3832 testatur
3475 3776 3809 3832 Justiniantis

2231 3848 2520 3915 imperator
2539 3848 2659 3901 cod.
2684 3847 2777 3902 lib.
2804 3863 2842 3915 i,
2868 3849 2949 3901 tit.
2981 3847 3070 3902 27.
3097 3853 3253 3902 Ληιιο
3282 3847 3548 3915 sequenti,
3578 3848 3810 3914 quierat

2230 3916 2461 3986 vulgaris
2506 3931 2628 3969 atra:
2671 3916 2775 3983 5'55
2798 3958 2812 3982 ,
2860 3918 3146 3974 Belisarius
3179 3922 3513 3973 consulatum
3544 3917 3804 3987 adeptus,

2220 4002 2380 4058 more
2409 3997 2647 4041 veterum
2677 3988 2954 4042 consulum
2985 3988 3349 4058 triumphavit,
3378 4002 3441 4042 ac
3466 3990 3807 4058 captivorum

2230 4057 2469 4128 humeris
2501 4066 2759 4128 portatus,
2785 4059 3072 4128 curruique
3100 4056 3399 4127 impositus,
3426 4068 3483 4111 ut
3507 4056 3810 4128 Procopius

2230 4137 2433 4193 narrat,
2456 4127 2575 4179 inde
2596 4128 2809 4181 missilia
2838 4130 2901 4180 de
2932 4126 3279 4183 vandalorum
3318 4128 3495 4198 spoliis
3524 4130 3718 4194 sparsit
3743 4126 3801 4181 in

2229 4199 2452 4269 vulgus;
2482 4212 2600 4250 vasa
2628 4198 2829 4251 scilicet
2853 4210 3113 4268 argentea,
3148 4215 3303 4252 zonas
3333 4213 3533 4261 aureas,
3565 4199 3810 4269 uariaque
3840 4268 3843 4269 ν

2230 4270 2354 4336 regii
2379 4267 2528 4321 luxus
2560 4267 3056 4337 instrumenta,qu:e
3090 4270 3237 4337 plebs
3265 4282 3386 4323 cum
3421 4268 3625 4336 magnis
3652 4269 3811 4335 plau-

2227 4340 2376 4392 sibus
2404 4338 2711 4405 recipiebat.

2299 4410 2353 4464 5.
2386 4404 2648 4461 Maximus
2697 4422 2824 4462 vero
2862 4407 3019 4475 hujus
3050 4408 3285 4464 victoriae
3323 4407 3524 4463 fructus
3564 4404 3659 4460 fuit
3697 4421 3809 4474 pax

2230 4477 2485 4533 Ecclesiae
2527 4476 2792 4531 Africanae
2831 4494 2847 4530 :
2893 4480 3316 4547 persecutionem
3357 4478 3553 4547 quippe
3580 4516 3595 4540 ,
3639 4491 3807 4543 quam

2230 4548 2472 4602 nonnulli
2501 4548 2601 4602 sub
2622 4548 2903 4602 Gelimeris
2922 4549 3199 4618 tyrannide
3229 4550 3565 4603 recruduisse
3588 4547 3802 4618 volunt,

2232 4619 2441 4687 penitus
2474 4628 2595 4671 tunc
2622 4620 2893 4687 _temporis
2922 4617 3235 4674 exstinctam
3274 4619 3437 4673 fuisse
3473 4634 3631 4672 nemo
3659 4617 3801 4670 diffi-

2232 4685 2391 4742 ietur.
2420 4687 2578 4742 Certe
2608 4685 2930 4743 Gelimercm
2969 4691 3245 4745 catholicis
3280 4690 3473 4744 favisse
3516 4702 3674 4743 nemo
3700 4688 3808 4743 sibi

2232 4758 2590 4827 persuadebit,
2618 4773 2774 4827 quem
2797 4757 3002 4815 scilicet
3026 4762 3184 4815 etiam
3214 4763 3265 4815 in
3291 4774 3418 4819 suos
3434 4759 3596 4812 fuisse
3617 4759 3776 4812 saevis

2229 4826 2643 4899 simum'omnes
2664 4832 3029 4895 concentiunt,
3063 4842 3119 4884 ut
3147 4846 3212 4885 ne
3236 4831 3360 4899 quid
3391 4831 3562 4884 dicant
3591 4828 3658 4882 de
3689 4827 3805 4899 llil-

2228 4898 2410 4952 derico
2432 4899 2675 4969 ,Aoptimo
2704 4898 2974 4969 principe,
3017 4915 3175 4968 quem
3204 4897 3493 4969 crudeliter
3530 4897 3805 4969 cunigatiis

2229 4969 2396 5039 ipsius
2419 4962 2669 5039 affinibus
2694 4962 3065 5037 occidl'jussit',
3098 4980 3154 5024 ut
3186 4978 3406 5025 testatur
3440 4968 3619 5039 Victor
3648 4962 3804 5021 Tun-

2219 5040 2483 5092 llOﬂcllSiS
2508 5040 2557 5092 in
2589 5038 2874 5106 Chronico,
2905 5041 2970 5093 ad
2998 5048 3244 5108 quartum
3266 5038 3549 5095 Justiniaiii
3576 5039 3805 5106 Augusti

2228 5110 2560 5162 consulatum
2589 5124 2602 5160 :
2635 5113 2725 5177 qui
2762 5119 2949 5163 auctor
2993 5124 3098 5164 non
3129 5112 3292 5165 semel
3338 5111 3585 5166 observat
3615 5111 3806 5162 multos

2230 5178 2475 5230 nobilium
2506 5177 2699 5249 Africa:
2741 5180 2808 5232 ab
2848 5179 3039 5249 eodem
3084 5195 3209 5249 rege
3231 5181 3392 5236 fuisse
3418 5182 3803 5249 interemptos,

2227 5261 2453 5319 quorum
2505 5248 2641 5301 bona
2690 5262 2786 5319 per
2835 5248 2914 5304 fas
2960 5260 3012 5304 et
3070 5248 3218 5305 nefas
3263 5259 3446 5319 postea
3493 5248 3802 5319 diripiebat.

2230 5315 2489 5370 Eumdem
2520 5331 2647 5371 vero
2671 5315 2991 5376 Arianorum
3015 5331 3174 5376 sectzie
3193 5315 3613 5376 addictissimuni
3634 5318 3804 5374 [αιςεο

2229 5401 2292 5459 ex
2323 5385 2589 5459 Procopio
2620 5388 2943 5459 colligimus,
2985 5391 3074 5459 qui
3099 5390 3235 5446 libro
3266 5406 3302 5445 ii
3329 5392 3395 5445 de
3423 5390 3567 5446 Bello
3587 5388 3805 5442 Vanda-

2230 5457 2333 5532 lico
2362 5456 2526 5512 refert
2552 5456 2872 5515 Gelimerein
2902 5456 3157 5532 speciosis
3178 5462 3340 5532 290
3362 5462 3413 5532 in
3435 5459 3639 5532 Galatia
3666 5473 3804 5527 pra:-

2228 5528 2351 5589 diis,
2367 5543 2483 5596 qua:
2499 5544 2618 5600 cum
2639 5528 2951 5600 propinquis
2977 5528 3323 5596 inhabitzTrEt;
3339 5547 3367 5584 a
3389 5530 3687 5585 Justiniano
3706 5532 3805 5585 do-

2228 5598 2647 5670 natum‘quidem
2675 5598 2865 5666 fuisse,
2881 5603 3185 5669 patriciatus
3209 5616 3337 5656 vero
3356 5601 3663 5670 dignitatem
3695 5614 3802 5655 nor

2227 5668 2809 5742 fuisse_adeptum,quod
2821 5668 2896 5725 ab
2900 5672 3010 5724 Arii
3022 5668 3503 5742 placitisdiscedere
3512 5670 3801 5742 noluisses.

2298 5740 2349 5793 6.
2384 5737 2714 5811 Recnperata
2760 5741 2939 5811 itaque
2966 5757 2994 5795 a
3022 5737 3297 5796 Romanis
3333 5742 3429 5796 fuit
3456 5740 3633 5811 Africa
3659 5740 3801 5794 indi.

2226 5808 2402 5865 ctione
2433 5824 2504 5863 xii
2528 5852 2542 5877 ,
2576 5808 2875 5867 Justiniano
2903 5812 3142 5881 Augu-to
3172 5828 3227 5867 iv
3256 5823 3310 5869 et
3350 5810 3570 5867 Paulino
3598 5824 3797 5867 consu.

4138 5606 4140 5757 |

4137 6186 4140 6289 ι
