4140 6336
420 358 527 416 455

775 357 1099 416 RUINAR'I‘I
1136 359 1203 416 IN
1242 357 1605 417 HISTORIAM
1642 356 1929 414 PERSEC.
1972 357 2271 416 VANDAL.
2310 362 2854 425 COMMENTARIUS
2893 366 3314 429 HISTORICUS.

2450 255 2479 265 υ

3571 371 3679 431 181

418 473 581 537 libus,
614 470 665 553 id
694 479 776 526 est
796 470 1027 553 vulgaris
1048 486 1175 553 aera:
1193 486 1335 527 anno
1358 470 1490 553 5⁸1ἱ
1513 456 1825 553 post-annos
1849 469 1993 553 sci-li-
2016 473 2071 532 Α
2098 485 2203 553 una
2224 471 2291 553 in_
2306 472 2566 553 honorem
2590 475 3095 553 DeiparmVirginis
3110 489 3316 537 sacrata
3335 496 3446 553 pra:
3466 487 3679 543 caeteris

414 552 500 597 cet
538 550 743 613 septem
778 540 1356 613 supracentumquam
1380 557 1409 594 a
1454 540 1701 613 Vandalis
1729 548 1989 613 occupata

416 610 611 668 fuerat.
635 610 911 681 Simulque
936 610 1181 668 restituta
1201 610 1298 667 fuit
1317 612 1537 681 imperio
1554 610 1992 681 Carthaginensis

412 684 668 764 civitas,.
699 697 841 738 anno
890 692 1239 765 postquam}
1289 682 1995 765 Gensericocaptafuerat

414 752 764 823 nonagesimo
810 751 1041 823 quinto.—
1072 753 1315 808 Publicas
1359 768 1419 807 ea
1476 752 1545 823 de
1590 766 1650 807 re
1696 751 1989 821 gratiarum

412 822 656 879 actiones
698 823 807 878 Deo
834 822 953 892 Opt.
986 824 1124 879 Max.
1163 823 1344 879 retulit
1369 822 1695 878 lustiuianus
1716 823 1992 892 Augustus

414 896 468 949 in
505 894 889 965 constitutione
915 894 1190 965 derofticio
1218 893 1736 965 praefectirprzetorio
1767 893 1984 965 Africae,

412 980 533 1034 qua:
564 964 786 1018 habetur
814 965 867 1018 in
906 964 1092 1021 codice
1134 962 1417 1020 Justiniani
1461 962 1597 1018 libro
1633 979 1674 1027 t,
1702 962 1855 1018 titulo
1884 962 1988 1028 27;

414 1033 504 1089 ubi
537 1036 748 1089 sibimet
800 1033 897 1102 ipsi
928 1034 995 1090 de
1040 1043 1188 1090 tanto
1233 1035 1491 1091 beneﬂcio
1528 1034 1628 1089 sibi
1658 1048 1691 1088 a
1722 1034 1833 1089 Deo
1861 1048 1990 1089 conc

412 1120 569 1177 cesso
598 1104 911 1177 gratulatur.
946 1104 1111 1177 Quas,
1145 1105 1348 1177 inquit,
1372 1106 1593 1177 gratias,
1616 1113 1704 1158 aut
1730 1120 1856 1177 quas
1876 1105 1990 1158 lau-

413 1176 503 1229 des
524 1174 738 1228 Domino
763 1174 869 1229 Deo
887 1186 1055 1230 nostra
1076 1176 1200 1230 Jesu
1221 1174 1420 1231 Chrisio
1442 1174 1677 1229 exhibere
1698 1175 1991 1241 debeamus,

412 1263 506 1317 nec
531 1261 672 1299 mens
711 1255 884 1317 nostra
909 1256 1071 1316 potest
1098 1247 1385 1317 concipere,
1414 1261 1505 1317 nec
1532 1247 1710 1316 lingua
1742 1247 1987 1317 proferre.

417 1316 612 1370 Multas
651 1316 853 1387 quidem
884 1315 928 1370 et
956 1329 1108 1371 antea
1133 1333 1165 1370 a
1195 1315 1303 1387 Deo
1326 1316 1597 1370 meruimus
1612 1315 1905 1387 largitates,
1942 1325 1990 1370 et

414 1386 808 1440 innumerabilia
828 1388 963 1439 circa
992 1403 1082 1442 nos
1105 1389 1213 1456 ejus
1254 1386 1493 1455 beneﬁcia
1533 1386 1864 1455 conﬁtemur,
1898 1404 1991 1456 pro

411 1457 593 1526 quibus
617 1456 746 1510 nihil
766 1457 973 1527 dignum
994 1473 1085 1511 nos
1105 1460 1262 1529 egisse
1285 1458 1655 1529 cognoscimus:
1688 1457 1808 1512 Prae
1828 1459 1992 1511 omni-

412 1530 505 1582 bus
545 1536 715 1580 tamen
742 1526 858 1591 hoc,
908 1529 1045 1597 quod
1096 1526 1229 1581 nunc
1273 1530 1588 1593 omnipotens
1621 1526 1756 1581 Deus
1782 1543 1869 1595 per
1898 1545 1990 1581 nos

411 1614 505 1669 pro
530 1614 626 1651 sua
646 1598 826 1669 laude,
849 1608 896 1652 et
915 1614 1006 1666 pro
1035 1614 1124 1651 suo
1155 1599 1355 1651 nomine
1380 1599 1732 1652 demonstrare
1750 1599 1991 1663 dignatus

410 1668 505 1735 est,
535 1668 729 1722 excedit
758 1669 928 1722 omnia
967 1669 1229 1737 mirabilia
1254 1684 1408 1736 opera
1436 1685 1549 1739 qua:
1583 1669 1636 1722 in
1664 1671 1848 1722 saeculo
1870 1685 1990 1724 con-

410 1740 655 1808 tigerunt,
687 1747 741 1792 ut
765 1740 940 1807 Africa
970 1756 1060 1808 per
1090 1756 1183 1793 nos
1208 1750 1309 1793 tam
1342 1741 1473 1793 brevi
1501 1750 1722 1810 tempore
1746 1742 1990 1806 reciperet

412 1810 693 1864 libertatem
711 1848 729 1875 ,
767 1821 917 1864 antea
952 1811 1230 1881 nonaginta
1254 1813 1473 1881 quinque
1501 1827 1663 1864 annos
1685 1827 1717 1863 a
1748 1810 1989 1865 Vandalis

409 1882 698 1951 captiuata;
719 1881 804 1949 qui
824 1881 1114 1934 animarunt
1144 1884 1341 1949 fuerant
1370 1882 1524 1935 simul
1546 1882 1713 1934 hostes
1741 1891 1786 1933 et
1811 1897 1988 1949 corpo-

409 1950 545 2024 rum.
571 1950 710 2005 Nam
730 1952 927 2024 animos
947 1951 1171 2024 quidem,
1201 1952 1399 2024 diversa
1423 1961 1673 2024 tormenta
1692 1962 1844 2024 atque
1864 1968 1990 2024 sup.-

408 2021 568 2089 plicia
613 2037 714 2075 non
746 2022 978 2091 ferentes,
1022 2022 1391 2091 rebaptizando
1420 2022 1487 2075 ad
1525 2037 1672 2073 suam
1720 2021 1991 2091 perﬁdiam

410 2091 816 2163 transferebant;
842 2108 1055 2162 corpora
1075 2108 1189 2146 vero
1214 2092 1383 2146 liberis
1414 2092 1670 2145 natalibus
1700 2093 1841 2145 clara
1860 2093 1989 2163 iugo

410 2162 987 2244 barbaricordurisslinre
1028 2164 1371 2244 subjugabant
1405 2178 1426 2217 :
1468 2162 1879 2244 ipsqsguoque.’
1898 2163 1991 2216 Dei

408 2242 761 2301 sacrosanctos
784 2231 1016 2286 ecclesias
1041 2231 1147 2287 suis
1169 2233 1398 2299 perﬁdiis
1414 2231 1759 2294 maculabant,
1790 2233 1991 2301 aliquas

408 2318 518 2357 scrc
552 2318 614 2357 ea:
645 2300 715 2357 eis
748 2304 948 2357 stabula
977 2304 1218 2371 fecerunt.
1262 2303 1497 2357 Vidimus
1532 2302 1837 2356 venerabiles
1858 2300 1990 2358 viros

408 2376 493 2443 qui
523 2372 759 2427 abscissis
776 2374 1025 2426 radicitus
1057 2375 1244 2443 linguis
1283 2391 1404 2427 suas
1437 2390 1607 2437 uenas
1638 2373 1993 2426 miserabiliter

409 2446 650 2508 (mallem
677 2444 853 2513 legere
879 2444 1200 2515 mirabiliter)
1232 2444 1582 2515 loquebantur.
1612 2443 1715 2515 Alii
1734 2460 1850 2497 vero
1876 2453 1989 2514 post

409 2516 462 2567 di
470 2532 610 2568 versa
626 2523 872 2567 tormenta
895 2530 983 2584 per
999 2514 1217 2569 diversas
1238 2516 1453 2584 dispersi
1470 2514 1757 2581 provincias
1769 2515 1919 2567 vitam
1936 2514 1989 2567 in

409 2586 593 2639 exsilio
615 2593 933 2654 peregerunt.
969 2586 1081 2651 Quo
1119 2601 1236 2653 ergo
1261 2600 1511 2647 sermone,
1542 2594 1630 2637 aut
1660 2584 1841 2653 quibus
1871 2600 1989 2654 ope-

408 2656 548 2710 ribus
577 2652 758 2727 dignai
784 2652 895 2710 Deo
923 2657 1118 2725 gratias
1146 2652 1295 2725 agere
1336 2656 1595 2711 valeamus
1613 2695 1625 2715 .
1655 2652 1762 2711 etc.
1796 2652 1910 2710 Hac
1935 2656 1987 2711 in

410 2727 789 2784 constitutLone
819 2726 1110 2794 imperator
1141 2727 1370 2783 Alt’ieam
1393 2728 1447 2781 in
1481 2727 1762 2794 pristinum
1789 2736 1985 2782 statum

410 2802 745 2863 restitutam,
789 2798 974 2854 iisdem
1023 2798 1313 2867 privilegiis
1357 2797 1593 2867 gaudere
1644 2798 1758 2851 vult
1798 2797 1989 2867 quibus

409 2880 565 2926 antea
586 2869 970 2938 perfruebatur.
994 2869 1190 2923 Prteter
1216 2868 1520 2936 praelectum
1546 2869 1987 2937 praetorio,quem

410 2940 728 3011 Carthagine
769 2940 1092 2995 commorari
1134 2940 1321 3009 jussit,
1367 2947 1594 3011 caeteros
1629 2952 1841 3011 quoque
1870 2938 1988 2993 offi-

412 3012 576 3066 ciales
610 3008 868 3075 instituit,
893 3011 981 3081 qui
1015 3024 1108 3078 per
1140 3008 1393 3064 diversas
1435 3008 1631 3081 Alrica:
1662 3009 1904 3081 regiones
1936 3012 1987 3064 in

412 3083 707 3151 majoribus
745 3078 967 3136 urbibus
1006 3081 1165 3136 sedes
1207 3081 1451 3151 proprias
1496 3078 1775 3151 haberent,
1805 3079 1990 3150 eisque

411 3148 661 3209 ominibus
700 3152 962 3221 stipendia
1005 3150 1318 3220 singillatim
1350 3148 1655 3219 assignavit.
1705 3148 1988 3221 Dimcesim

2021 1852 2069 1912 B

2095 543 2395 625 eminebat;
2424 543 2646 625 alteram
2675 543 2775 603 sub
2801 543 3041 625 ejusdem
3082 543 3404 625 beatissima
3444 554 3677 625 Virginis

2096 615 2476 697 nomineﬂu‘d
2500 615 2739 697 Septam,
2771 615 2890 697 quae
2916 621 2968 675 in
2995 636 3092 676 ora
3125 622 3514 697 Alrica:_pro_pe
3538 615 3680 683 alte-

2094 698 2207 765 ram
2230 681 2480 767 .Ilehi'cnlis
2500 681 2809 767 columnam
2819 690 2927 767 _sita
2949 701 3053 767 est,
3072 681 3398 767 construxit:
3420 681 3674 765 Primam,

2094 755 2269 824 inquit
2298 755 2627 831 Procopius,
2660 758 2762 831 ipsi
2790 758 2968 815 Maria:
3008 755 3252 831 Deiparte
3280 766 3456 822 dicans
3495 755 3677 824 cause;

2093 840 2338 896 cratisque
2376 842 2519 880 orant
2557 829 2787 898 imperii,
2828 829 3215 887 castellumilioc
3242 836 3476 892 universo
3512 838 3679 893 Itami-

2094 911 2216 970 num
2243 897 2412 970 generi
2450 899 2839 970 inexpugnabile
2862 903 3097 955 reddidit.
3128 903 3523 963 Nobilissimam
3546 909 3676 965 item

2092 967 2376 1048 ecclesiam
2415 967 2577 1048 apud
2608 969 2889 1025 Sabratam
2921 972 3269 1048 Tripolitanis
3299 977 3487 1048 urbem
3524 993 3554 1032 a
3583 980 3680 1035 Ju-

2092 1038 2324 1112 stinianp
2348 1038 2665 1112 aedificatam
2690 1051 2953 1096 memorat
2971 1038 3113 1098 idem
3141 1054 3364 1112 auctor;
3392 1047 3526 1102 duas
3545 1064 3678 1105 vero

2092 1108 2640 1190 apud_Ca_rtliaginem_
2666 1111 2795 1190 fieri
2814 1114 3086 1183 praecepit,
3120 1108 3360 1190 priorem
3386 1117 3589 1190 scilicet
3623 1121 3677 1175 in

2131 1178 2292 1253 alatio
2317 1178 2410 1233 Dei
2437 1179 2716 1248 Genitrici,
2748 1178 2971 1238 alteram
2993 1178 3154 1238 extra
3184 1185 3433 1253 palatium
3462 1187 3675 1244 Sancta:

2095 1249 2325 1329 Primae,
2352 1265 2472 1320 quae
2501 1266 2605 1306 una
2635 1262 2777 1329 erat,
2811 1254 2980 1329 inquit
3020 1249 3334 1323 Procopius,
3364 1270 3430 1329 ex
3477 1261 3677 1329 sanctis

2091 1318 2382 1397 indigenis,
2404 1334 2633 1377 sacram.
2667 1318 3341 1397 biouastériumgprjrierea
3367 1326 3505 1381 intra
3534 1328 3680 1397 ejus-

2092 1390 2217 1468 dem
2260 1389 2402 1444 urbis
2448 1393 2721 1468 muros_ad
2749 1403 2959 1468 portum
2989 1394 3078 1468 qui
3106 1394 3464 1468 Mandracium
3494 1389 3677 1468 appel-

2093 1460 2299 1536 labatur
2335 1461 2593 1518 condidit.
2630 1460 2803 1536 Porro
2837 1460 3182 1521 ecclesiarum
3230 1466 3367 1522 bona
3406 1460 3680 1536 quae'bar-

2095 1530 2578 1621 Dari-invaserant,
2612 1535 2751 1621 idem
2795 1535 3088 1621 imperator
3131 1537 3243 1621 suis
3292 1530 3515 1621 quaeque
3543 1539 3676 1621 locis

2095 1604 2303 1680 restitui
2330 1604 2557 1671 curavit,
2592 1605 2802 1680 aliaque
2822 1604 2957 1680 bene
2980 1607 3141 1661 multa
3167 1604 3404 1680 decrevit
3425 1604 3481 1663 in
3503 1610 3677 1665 eccle-

2093 1677 2294 1747 siarum
2322 1688 2385 1728 ac
2409 1688 2697 1747 sacrorum
2735 1677 3099 1732 ministrorum
3144 1677 3402 1745 gratiam,
3453 1695 3572 1747 quae
3620 1680 3677 1737 in

2093 1741 2327 1814 Novellis
2356 1744 2598 1814 aliisque
2654 1748 3013 1813 imperatoriis
3064 1741 3533 1805 constitutionibus
3581 1751 3677 1805 lia-

2096 1813 2304 1894 bentiir.
2327 1813 2602 1894 gaudium
2632 1817 2781 1894 auxit
2809 1832 3062 1894 novarum
3094 1817 3313 1894 aliquot
3336 1820 3580 1894 gentium
3607 1822 3677 1875 ad

2096 1881 2293 1963 Christi
2323 1884 2479 1963 [idem
2503 1888 2812 1963 conversio,
2832 1881 3406 1963 barbarorumgscilicAEt
3426 1890 3514 1963 qui
3535 1890 3678 1946 circa

2098 1953 2319 2009 limitem
2361 1955 2750 2027 Tripolitanum
2801 1957 3130 2013 habitabant.
3178 1959 3256 2012 Ex
3304 1959 3386 2013 his
3432 1953 3674 2027 Mauros,

2096 2034 2451 2090 cognomento
2474 2025 2715 2092 Pacatos,
2740 2028 2828 2097 qui
2845 2027 3117 2082 Cidamam
3143 2030 3329 2084 urbem
3352 2025 3676 2096 incolebant,

2098 2105 2376 2169 memorat
2393 2097 2682 2169 Procopius
2707 2098 2845 2151 libro
2868 2114 2918 2152 vt
2951 2098 3020 2153 de
3049 2098 3336 2167 Editiciis,
3370 2114 3490 2169 cap.
3522 2102 3590 2167 5;
3618 2111 3676 2157 et

2097 2165 2307 2243 mauros
2336 2165 2698 2243 Gadabitanos
2722 2169 2895 2243 capite
2920 2170 3195 2243 sequenti,
3221 2165 3358 2243 quos
3384 2165 3525 2226 haud
3549 2165 3677 2243 pro-

2094 2236 2189 2308 cul
2209 2236 2279 2308 ab
2308 2236 2438 2308 urbe
2470 2237 2622 2306 Lepti
2648 2239 2831 2308 Magna
2860 2236 3128 2294 habitasse
3154 2236 3361 2296 scribit.

2165 2306 2218 2359 9.
2253 2305 2847 2381 Defuncto_’autem‘his
2886 2310 3214 2381 temporibus
3245 2310 3516 2367 Bonifacio
3546 2315 3668 2381 epi-

2092 2390 2259 2444 scopo
2296 2376 2724 2446 Carthaginensi,
2759 2379 3055 2446 Reparatus
3094 2380 3146 2433 in
3180 2380 3348 2446 ipsius
3382 2382 3553 2441 locum
3581 2376 3678 2437 as-

2091 2456 2338 2515 sumptus
2384 2456 2498 2513 cst,
2544 2448 2800 2503 Belisario
2845 2448 2911 2503 V.
2935 2448 2998 2504 C.
3032 2450 3284 2516 consule,
3321 2451 3373 2504 id
3404 2459 3487 2507 est
3533 2467 3677 2507 anno

2093 2517 2226 2580 555,
2270 2519 2315 2570 si
2359 2517 2557 2588 Victori
2606 2517 2947 2574 Tunnonensi
2988 2520 3288 2575 credamus.
3341 2522 3441 2588 Qui
3494 2531 3673 2578 tamen

2092 2587 2379 2659 concilium
2413 2586 2831 2655 Carthaginense
2851 2590 2952 2644 sub
2973 2591 3238 2659 Reparato
3277 2586 3419 2646 anno
3449 2591 3551 2646 554
3581 2594 3677 2648 lia-

2093 2656 2260 2713 bituui
2292 2658 2455 2714 fuisse
2484 2659 2670 2714 volunt
2689 2703 2703 2723 ,
2729 2656 3091 2716 necessarium
3132 2671 3215 2717 est
3248 2671 3304 2715 ut
3333 2662 3501 2731 ipsius
3529 2663 3675 2718 ordi-

2093 2732 2362 2803 nationem
2393 2732 2794 2803 eodemSaItem
2821 2747 2963 2785 anno
2987 2732 3324 2802 consignant.
3347 2733 3508 2788 Certe
3527 2735 3671 2803 Aga-

2094 2801 2200 2873 peti
2223 2800 2463 2868 epistola:
2480 2801 2545 2854 ad
2570 2799 2891 2870 Reparatum
2912 2803 3125 2873 scriptze
3146 2799 3340 2857 mense
3369 2799 3672 2871 Septembri

2094 2871 2231 2924 datae
2262 2879 2395 2955 sunt.
2420 2880 2536 2955 post
2578 2872 2917 2955 00280”!ng
2960 2871 3207 2955 Paulini,
3247 2873 3369 2955 quo
3400 2873 3539 2955 idem
3570 2874 3675 2929 555

2092 2956 2264 3011 anuus
2285 2940 2609 3010 designatur.
2639 2941 2807 2997 Porro
2832 2941 3127 3010 Reparatus
3163 2940 3341 2997 statim
3374 2953 3493 3011 post
3520 2960 3674 2999 suam

2093 3010 2520 3081 ordinationem,
2553 3012 2793 3066 restituta
2838 3010 3503 3081 episcOpaliCartliaginis
3542 3014 3672 3068 sede

2094 3082 2235 3150 apud
2283 3079 2459 3134 Fausti
2503 3082 2812 3144 basilicam,
2845 3079 3037 3136 multis
3056 3079 3429 3151 locupletatam
3459 3091 3675 3138 sancto-

2095 3166 2214 3206 rum
2255 3160 2546 3222 martyrum
2578 3151 2839 3221 reliquiis,
2862 3167 3021 3221 quam
3052 3152 3236 3207 Ariani
3276 3152 3376 3209 sub
3403 3154 3672 3210 Hunerico

413 3224 717 3279 Africanam
745 3213 949 3292 septem
981 3224 1032 3276 in
1064 3213 1367 3292 provincias
1399 3213 1624 3293 partitus
1652 3229 1734 3293 est
1763 3213 1989 3290 :'Tiugi-
2015 3217 2063 3281 C
2094 3236 2189 3291 per
2236 3222 2342 3276 vim
2385 3213 2776 3293 occupaverant
2800 3213 2834 3287 ,⁷
2856 3213 3145 3289 concilium
3198 3223 3451 3293 generale
3512 3226 3671 3279 totius

413 3304 591 3349 tanam
637 3291 874 3359 scilicet,
905 3302 960 3348 et
986 3291 1103 3362 quae
1132 3303 1286 3348 antea
1333 3291 1727 3362 proconsularis
1762 3293 1990 3346 vocaba-

413 3373 500 3419 tur
524 3363 930 3433 Carthaginem,
978 3360 1293 3433 Byzacium,
1335 3360 1620 3430 Tripolim,
1651 3360 1986 3427 Numidiam,

412 3435 805 3495 Mauritaniam,
836 3444 890 3490 et
919 3434 1241 3498 Sardiniam,
1273 3448 1495 3502 quarum
1528 3435 1733 3499 priores
1759 3441 1987 3501 quatuor

410 3519 440 3559 a
493 3505 882 3568 consularibus,
922 3515 1029 3559 tres
1061 3519 1190 3557 vero
1224 3505 1550 3571 posteriores
1596 3518 1627 3557 a
1674 3503 1989 3571 praesidibus

409 3574 769 3628 administrari
797 3575 982 3627 voluit.
1012 3574 1064 3626 In
1091 3573 1333 3641 sequenti
1371 3573 1773 3635 constitutione,
1797 3573 1864 3626 de
1886 3576 1990 3627 uti-

410 3645 658 3699 litaribus
687 3643 877 3698 ofﬁciis
902 3658 966 3697 ac
989 3642 1253 3711 iudicibus
1284 3645 1411 3710 agit,
1454 3646 1733 3710 assignans
1777 3642 1890 3695 loca
1936 3643 1989 3696 in

410 3712 610 3782 quibus
638 3713 860 3766 militum
903 3714 1066 3765 duces
1112 3727 1203 3780 per
1251 3712 1424 3765 varias
1447 3711 1638 3766 Africae

409 3782 643 3838 instituti
692 3782 848 3838 sedes
896 3782 1095 3837 habere
1139 3782 1387 3835 debeant.

490 3856 540 3906 7.
573 3853 682 3907 Nec
730 3852 812 3907 his
858 3864 1144 3908 contentus
1184 3852 1501 3922 imperator,
1536 3864 1594 3910 ut
1618 3853 1849 3909 Africam
1887 3854 1994 3920 pri-

411 3926 558 3979 stino
604 3922 874 3991 splendori
912 3923 1243 3989 restitueret,
1279 3937 1443 3975 novas
1475 3923 1631 3976 nrbes
1671 3922 1989 3988 mdilicivit,

412 4010 543 4049 vero
572 3993 738 4047 muris
758 3994 948 4057 cinxit,
977 4008 1189 4048 omnem
1230 3994 1458 4061 denique
1489 3994 1758 4061 regionem
1791 3994 1995 4061 magni-

412 4065 773 4123 ﬁcentissimis
826 4064 1068 4120 aediliciis
1095 4094 1133 4129 ,ν
1169 4064 1596 4132 necesseriisque
1648 4062 1993 4118 munimentis

413 4136 669 4203 adversus
715 4135 998 4200 barbaros,
1029 4143 1083 4189 et
1111 4134 1344 4198 ornavit,
1373 4146 1431 4195 et
1459 4134 1714 4203 protexit,
1748 4134 1992 4203 utfusius

413 4200 597 4261 narrat
642 4206 933 4273 Procopius
984 4205 1117 4258 libro
1168 4212 1320 4259 sexto
1360 4204 1426 4258 de
1454 4200 1719 4258 Ediliciis
1749 4218 1780 4257 a
1806 4202 1925 4272 Cap.
1956 4206 1991 4259 5

414 4291 583 4345 usque
610 4276 676 4329 ad
701 4276 877 4329 linem.
908 4276 974 4329 Et
999 4276 1080 4329 his
1098 4274 1273 4345 Caput
1296 4273 1497 4328 Vadam
1518 4275 1572 4329 in
1607 4275 1903 4344 Byzacena,
1933 4282 1990 4328 et

413 4344 647 4401 Tuticani
699 4348 748 4398 in
795 4344 1158 4413 proconsulari
1202 4344 1357 4399 urbes
1395 4348 1461 4399 de
1514 4360 1652 4402 novo
1694 4354 1995 4399 exstructas

414 4426 689 4481 recenset,
732 4417 932 4485 Leptim
980 4415 1218 4485 Magnam
1260 4414 1601 4481 Tripolitanae
1649 4416 1987 4483 metropon

414 4502 551 4554 pene
601 4487 858 4554 dejectani
912 4502 1075 4539 mur-s
1103 4486 1301 4548 cinxit,
1349 4487 1401 4538 in
1431 4500 1491 4539 ea
1520 4497 1673 4539 vetus
1704 4487 1987 4552 palatium,

413 4557 539 4610 olim
564 4572 593 4609 a
626 4557 830 4611 Severo
857 4559 1113 4620 Augusto,
1145 4557 1232 4622 qui
1265 4555 1335 4609 ibi
1370 4554 1984 4622 natusfuerat,acdilica-

414 4635 549 4689 tum,
584 4628 677 4681 sed
707 4628 915 4695 penitus
946 4626 1052 4680 fere
1080 4623 1371 4693 collapsum
1399 4625 1735 4680 restauravit.
1760 4623 1986 4679 Cartha-

411 4701 589 4766 ginem
650 4697 1032 4751 Justinianeam
1081 4697 1338 4765 appellari
1390 4696 1586 4762 voluit,
1629 4710 1736 4764 quo
1775 4696 1988 4749 nomine

410 4770 572 4822 ceiam
595 4767 810 4822 donavit
831 4767 1203 4833 Adrumetum,
1223 4766 1431 4836 Byzacii
1455 4766 1812 4836 metropolim,
1835 4767 1985 4828 olim,

412 4848 468 4891 ut
518 4836 723 4893 Plinius
763 4838 1047 4899 observat,
1087 4834 1285 4889 Sis~am
1336 4834 1549 4902 Nigram
1589 4835 1817 4900 dictum,
1872 4851 1987 4897 qua:

410 4910 599 4962 civitas
627 4910 762 4963 adeo
784 4927 811 4959 ει
843 4906 1081 4961 barbaris
1111 4906 1270 4975 291
1301 4904 1473 4958 fuerat
1521 4905 1786 4975 neglecta,
1817 4915 1875 4957 ut
1901 4907 1988 4975 vix

410 4979 617 5046 antiqui
657 4978 959 5047 splendoris
988 4973 1527 5028 timbrat'niretineret.
1556 4973 1751 5039 Bagam
1779 4988 1905 5047 vero
1935 4974 1987 5028 in

412 5044 779 5119 proconsulari
817 5048 1220 5119 urbem,_antea
1250 5049 1337 5119 vi_x
1388 5053 1600 5119 notam,
1629 5058 1741 5097 vere
1792 5044 1984 5119 urbem,

411 5113 587 5185 inquit
616 5117 926 5186 Procopius,
944 5113 1103 5181 'fecit,
1130 5130 1284 5186 quam
1311 5113 1670 5186 ipsius_cives,
1696 5128 1763 5186 ne
1793 5114 1985 5186 ingrati

411 5182 745 5252 viderentur,
784 5182 832 5241 in
867 5189 1122 5241 honorem
1152 5185 1449 5239 Theodorce
1472 5182 1754 5239 Justiniani
1780 5182 1986 5250 uxoris,

410 5259 839 5327 'I‘lieodoriadem
865 5255 1219 5327 appellarunt.
1246 5254 1324 5310 Ex
1345 5254 1586 5327 ejusdem
1616 5256 1986 5327 Arugustzenoo

412 5330 557 5383 mine
580 5327 622 5382 Τ
630 5324 965 5383 livodorianze
979 5326 1182 5396 balnea:
1197 5335 1425 5396 spectata
1448 5325 1634 5396 dignae,
1655 5325 1823 5394 inquit
1844 5324 1982 5379 idem

411 5408 626 5464 auctor,
658 5399 813 5453 dictae
842 5406 982 5451 sunt.
1014 5396 1129 5451 Alia
1156 5394 1231 5448 in‘
1256 5395 1372 5449 aliis
1399 5396 1595 5448 Africae
1623 5394 1751 5450 locis
1779 5396 1984 5462 publica

411 5470 637 5524 aedilicia
666 5470 735 5523 ab
751 5469 939 5523 eodem
970 5467 1292 5535 imperatore
1310 5474 1613 5519 constructa
1630 5465 1825 5520 videsis
1846 5466 1987 5534 apud

414 5540 694 5594 laudatum
722 5548 1010 5592 auctorem.
1262 5540 1269 5545 ’
1544 5548 1547 5551 ·

485 5616 539 5665 8.
573 5610 834 5663 Caeterum
879 5624 980 5660 non
1012 5606 1186 5659 minus
1208 5605 1259 5659 in
1292 5606 1459 5659 sacris
1491 5621 1649 5675 quam
1674 5606 1726 5658 in
1746 5603 1991 5675 profanis

415 5681 656 5733 adificiis
706 5678 1073 5732 cnn‘trneudis
1124 5680 1435 5741 tnagniticus
1485 5677 1579 5728 luit
1620 5674 1985 5738 Justinianus,

416 5768 577 5817 queui
605 5752 745 5818 apu'l
786 5751 948 5802 solani
984 5748 1185 5818 Leptim
1214 5747 1452 5815 Magnam
1485 5742 1738 5818 ecclesias
1760 5744 1992 5818 quinque

418 5816 804 5889 mustum-se.
848 5820 1013 5874 ret’ert
1059 5817 1346 5877 Procopius
1378 5819 1511 5871 libro
1545 5816 1754 5871 laudato
1788 5832 1798 5865 :
1832 5829 1897 5869 ex
1928 5817 1993 5869 iis

1692 3712 1993 3780 provincias

2015 4591 2068 4650 D

2094 3293 2290 3348 Africae
2332 3294 2383 3345 in
2413 3307 2474 3347 ea
2516 3292 2834 3358 celebravit,
2865 3294 2931 3347 ad
2962 3293 3105 3358 quod
3136 3292 3349 3349 ducenti
3391 3293 3577 3348 decem
3617 3303 3673 3349 et

2092 3373 2298 3433 septem
2346 3363 2585 3433 episcOpi
2610 3364 2930 3419 convenisse
2969 3363 3240 3435 dicuntur.
3271 3363 3419 3419 Lecti
3446 3374 3573 3435 sunt
3601 3365 3673 3419 ibi

2093 3444 2334 3489 veterum
2392 3434 2740 3489 conciliorum
2797 3448 3071 3500 canones,
3128 3435 3402 3503 multaque
3454 3434 3672 3490 decreta

2094 3504 2304 3558 fuerunt
2347 3518 2442 3570 pro
2477 3504 2824 3558 restauranda
2869 3504 3122 3560 Ecclesia:
3164 3505 3476 3573 disciplina,
3508 3520 3670 3572 quam

2095 3575 2331 3641 priorum
2356 3581 2654 3641 temporum
2677 3574 2941 3629 acerbitas
2964 3575 3016 3627 in
3047 3575 3162 3629 istis
3193 3573 3495 3640 regionibus
3526 3574 3670 3627 labe-

2095 3644 2333 3697 factarat.
2364 3643 2537 3713 Missa:
2564 3654 2689 3713 sunt
2708 3645 2873 3713 etiam
2897 3658 2964 3697 ex
3001 3643 3186 3698 eadem
3204 3645 3409 3713 synodo
3438 3643 3664 3710 legatio-

2096 3727 2189 3767 nes
2217 3713 2335 3765 dute
2355 3751 2370 3775 ,
2403 3711 2468 3765 ad
2502 3712 2804 3781 pontificem
2854 3712 3155 3767 Romanum
3194 3711 3316 3778 una,
3343 3713 3510 3766 altera
3540 3726 3671 3767 vero

2093 3782 2159 3835 ad
2190 3781 2549 3836 Justiniauum
2572 3785 2889 3850 Augustum.
2920 3782 3028 3834 Hac
3054 3783 3274 3850 petitum
3297 3792 3380 3835 est
3404 3782 3472 3835 ab
3497 3782 3669 3849 impe-

2098 3860 2279 3907 ratore
2325 3862 2383 3906 ut
2416 3865 2501 3905 res
2544 3851 2894 3906 ecclesiarum
2930 3865 3062 3919 quas
3107 3851 3318 3908 barbari
3360 3860 3671 3920 rapuerant,

2094 3922 2344 3977 catholici
2387 3921 2654 3976 antistites
2680 3922 2875 3990 aliique
2904 3924 3040 3976 sacri
3087 3922 3318 3976 ministri
3345 3923 3670 3989 reciperent,

2094 3993 2235 4061 quod
2284 3993 2352 4047 ab
2400 3994 2725 4060 imperatore
2766 4005 3079 4047 concessum
3129 3991 3296 4045 fuisse
3345 3992 3456 4061 jam
3506 4006 3671 4057 supra

2093 4060 2733 4131 Observavimus,‘idque
2777 4072 2920 4129 patet
2954 4077 3023 4117 ex
3072 4062 3296 4131 novellis
3342 4060 3411 4116 56
3461 4068 3518 4116 et
3562 4062 3669 4127 37;

2094 4134 2258 4187 altera
2280 4148 2410 4188 vero
2431 4130 2694 4201 legatione
2719 4131 2905 4187 Patres
2943 4130 3179 4193 Africani
3208 4130 3505 4186 Romanum
3538 4147 3672 4200 pon-

2096 4205 2287 4258 titicein
2316 4204 2384 4257 de
2428 4218 2557 4273 pace
2607 4202 2860 4273 Ecclesiis
2894 4204 3136 4257 restituta
3175 4201 3671 4273 certioremrfacie-

2093 4273 2240 4339 bant,
2285 4276 2437 4341 cuius
2464 4273 2786 4327 sententiam
2815 4272 2884 4343 de
2914 4272 3238 4343 recipiendis
3278 4272 3344 4326 ad
3374 4272 3670 4343 Ecclesiam

2093 4345 2418 4425 presbyteris
2447 4343 2658 4425 Arianis
2683 4343 2771 4425 qui
2804 4342 3005 4425 eiurata
3032 4342 3518 4425 bteresinredibant
3536 4383 3577 4425 ,η
3603 4358 3670 4398 ac

2090 4416 2157 4468 de
2184 4413 2300 4468 aliis
2340 4414 2610 4467 nonnullis
2640 4413 3017 4467 ecclesiastica:
3055 4413 3357 4483 disciplina:
3401 4413 3666 4481 capitibus

2093 4485 2517 4538 sciscitabantur.
2560 4484 2718 4554 292
2758 4483 2952 4554 Legati?
2990 4493 3144 4537 erant
3188 4483 3346 4554 Caius
3379 4491 3433 4554 et
3466 4483 3670 4554 Petrus

2093 4554 2350 4623 episcopi,
2382 4568 2503 4608 cum
2537 4551 2785 4608 me—ato
2811 4551 3246 4623 Cartliagineusis
3277 4552 3671 4623 Ecclesiaeidia-

2090 4620 2247 4689 cono,
2277 4620 2367 4693 qui
2395 4624 2464 4677 ob
2498 4624 2753 4693 scripturn
2783 4620 3110 4676 Breviarium
3132 4623 3362 4693 celebris
3385 4620 3500 4673 fuit.
3534 4622 3668 4693 Hos,

2092 4691 2305 4749 Joanne
2345 4693 2387 4747 Il
2428 4702 2669 4753 mortuo,
2704 4691 2923 4760 Romam
2948 4693 3224 4760 appulsos
3262 4691 3531 4757 Agapetus
3569 4692 3671 4756 ipsi

2093 4765 2410 4818 substitutus
2473 4761 2726 4825 suscepit.
2776 4759 2999 4814 Coucilii
3044 4759 3496 4827 'Cartliaginensis
3553 4771 3670 4813 acta

2092 4834 2372 4897 excidere;
2399 4840 2453 4884 at
2476 4830 2784 4899 synodicam
2805 4827 3083 4896 epistolam
3107 4828 3172 4882 ad
3193 4829 3450 4882 Joannem
3478 4842 3669 4896 papam

2094 4903 2383 4965 habemus,
2409 4902 2549 4954 sicut
2575 4909 2629 4953 et
2658 4900 2879 4968 Agapeti
2899 4900 3324 4968 responsionem,
3352 4912 3511 4968 quam
3539 4912 3672 4966 pon-

2094 4973 2219 5027 tiles
2248 4971 2533 5037 Reparato,
2566 4969 2867 5033 Florentio,
2902 4967 3134 5027 Daciauo
3168 4977 3222 5023 et
3256 4968 3375 5022 aliis
3401 4968 3668 5036 episc0pis

2094 5044 2255 5098 inseri
2263 5042 2388 5110 psit,
2401 5054 2534 5110 quos
2552 5037 2743 5094 exinde
2764 5039 3074 5110 collegimus
3090 5038 3261 5110 fuisse,
3275 5037 3668 5110 provinciarum

2096 5106 2379 5182 primates,
2412 5106 2734 5182 Reparatum
2755 5106 2984 5182 scilicet
3015 5106 3524 5182 Carthaginensern;
3550 5106 3673 5162 Flo-

2095 5178 2325 5238 rentium
2348 5179 2633 5245 Numidiae,
2662 5192 2725 5234 ac
2750 5179 3067 5235 Pontianum
3101 5180 3408 5245 Byzacenac.
3440 5178 3672 5233 Litteras

2096 5264 2356 5323 praeterea
2399 5250 2623 5323 seorsim
2660 5252 2931 5323 Agapetus
2976 5250 3125 5323 dedit
3145 5248 3411 5323 Reparato
3438 5248 3670 5304 Cartha-

2092 5319 2336 5406 ὲίυρηεξ»
2368 5322 2465 5406 μυί
2490 5322 2647 5406 paulo
2673 5329 2792 5406 rost
2834 5319 3150 5406 leniam
3168 5320 3428 5406 misera
3450 5327 3671 5406 saepe

2094 5389 2263 5457 ipsius
2281 5389 2580 5448 in‘Joan'nis
2605 5390 2783 5445 locum
2806 5389 3165 5457 ordinatione,
3193 5392 3239 5445 ei
3268 5390 3576 5457 scripserat.
3609 5389 3669 5442 In

2094 5411 2109 5448 1
2150 5409 2263 5447 SIUS
2281 5409 2580 5448 1111011111118
2605 5409 2783 5445 locum
2806 5409 3165 5457 ordinatione,
3193 5409 3239 5445 οι
3268 5409 3576 5457 scrmserat.
3609 5409 3668 5442 In

2093 5409 2203 5519 irlis
2234 5461 2472 5533 pontifex
2511 5460 2807 5531 gratulatur
2846 5459 3197 5533 de_restituta
3237 5458 3668 5533 Ecclesitenfri-

2092 5528 2537 5595 caiiie'libertate,
2552 5545 2709 5601 quam
2724 5530 2910 5601 gratiis
2926 5529 3037 5584 Deo
3057 5530 3407 5601 omnipotenti
3424 5528 3669 5601 redditis,

2094 5614 2154 5659 ut
2183 5605 2327 5659 utilis
2369 5619 2432 5657 ac
2475 5600 2758 5670 fructifera
2798 5600 2887 5653 fiat
2922 5610 3255 5670 apprecatur.
3307 5600 3375 5654 Et
3420 5600 3672 5660 hicerat

2095 5676 2217 5728 felix
2251 5675 2510 5728 Africana:
2538 5668 2812 5727 Ecclesiae
2832 5668 3022 5737 status,
3055 5687 3173 5739 qua:
3200 5680 3322 5740 post
3348 5678 3425 5724 tot
3452 5670 3673 5740 calami-3

2096 5758 2235 5799 tates
2264 5745 2477 5798 tandem
2508 5741 2856 5794 barbarorum
2878 5738 3225 5810 oppressione
3250 5741 3493 5807 liberata,
3522 5738 3671 5795 brevi

2096 5817 2380 5877 pristinum
2410 5810 2750 5877 splendorem
2782 5814 3140 5877 recuperavit.
