4140 6336
2072 315 2179 333 ᾚΓΝ

551 424 651 481 ηδ
986 439 990 442 ’
1768 415 2076 472 SIDONIUS
2112 414 2579 473 APOLLINARIS.
3690 425 3793 483 456

1733 662 1894 708 mo
1938 663 2163 709 nonam
2208 646 2606 709 ccccuxxu.

362 1018 373 1027 .
649 802 3687 1117 SIDONIU§WAEQLLINABIS

1733 1090 2163 1143 ARVERNORUM
2207 1092 2566 1145 EPISCOPUS.

1555 1332 2774 1443 PBOLEGOMENA.

1384 1670 1995 1749 EPISTOLA
2071 1667 2970 1751 DEDICATORIA.

1288 1832 1559 1899 Jscoeus
1622 1837 1989 1899 SIRMONDUS
2061 1836 2133 1898 D.
2187 1837 2666 1898 RUPIFUCALDIO
2719 1834 3071 1906 Rsnnmo,

1438 1981 1506 2043 S.
1536 1981 1612 2041 R.
1644 1978 1723 2043 E.
1766 1981 2083 2046 cardinali
2110 1982 2397 2064 episcopo
2433 1982 2911 2047 Silvanectensi.

1956 2141 2415 2152 c—_———-

628 2252 1016 2315 Destinatum
1049 2254 1164 2316 tibi
1190 2260 1334 2316 ante
1366 2272 1562 2317 annos
1588 2255 1933 2336 complures
1962 2258 2297 2323 Sidonium
2331 2267 2641 2331 nostrum,
2679 2255 3097 2320 illustrissime
3125 2251 3488 2325 cardinalis,
3517 2264 3634 2330 pio
3668 2258 3817 2310 voto

548 2348 780 2418 accidit
812 2363 883 2415 ut
915 2372 1026 2434 per
1061 2356 1297 2417 eosdem
1329 2358 1453 2435 fere
1488 2358 1613 2419 dies
1641 2359 1814 2437 prelo
1853 2359 2239 2439 subjicerem,
2276 2360 2499 2441 quibus
2531 2369 2587 2421 te
2616 2358 2690 2421 ab
2720 2358 2916 2421 Italia
2950 2356 3231 2418 reducem
3270 2353 3572 2433 plaudens
3607 2351 3819 2414 Gallia

548 2455 817 2536 privatis
836 2453 1225 2535 publicisque
1251 2457 1785 2535 gratulationibus
1814 2461 2327 2541 prosequebatur.
2358 2461 2521 2526 Nam
2557 2478 2692 2521 cum
2723 2480 2758 2521 a
2792 2474 2882 2519 me
2910 2458 3125 2521 itidem
3160 2474 3242 2518 ea:
3269 2455 3493 2517 veteris
3521 2454 3820 2529 clientelis

548 2573 720 2616 nexu
748 2553 1180 2617 adventorium
1208 2555 1325 2619 tibi
1348 2575 1570 2619 munus
1600 2558 1859 2638 aliquod
1894 2560 2100 2623 deberi
2134 2562 2451 2638 sentirem,
2490 2558 2830 2640 optandum
2864 2564 2993 2619 erat
3023 2555 3305 2635 profecto
3348 2562 3419 2617 ut
3464 2552 3581 2617 tale
3608 2554 3821 2614 nanci~

550 2670 771 2728 scerer,
804 2654 972 2734 quod
998 2672 1127 2716 non
1160 2656 1358 2718 solum
1393 2658 1696 2721 desideria
1724 2668 1938 2722 nostra
1975 2663 2215 2736 testari,
2255 2660 2357 2722 sed
2390 2671 2555 2722 tuam
2603 2677 2844 2741 quoque
2892 2659 3163 2737 gratiam
3188 2656 3354 2718 inire
3379 2675 3451 2717 ac
3478 2656 3822 2735 promereri

547 2760 773 2836 posset.
804 2748 988 2819 Nunc
1019 2772 1162 2818 vero
1187 2776 1299 2819 sua
1324 2766 1540 2839 sponte
1582 2758 1648 2821 id
1675 2759 1947 2823 oblatum
1978 2768 2091 2841 est,
2127 2762 2296 2843 quod
2318 2761 2518 2823 amari
2542 2760 2649 2821 abs
2682 2767 2762 2838 te,
2798 2760 2853 2821 si
2883 2764 2940 2818 te
2967 2774 3155 2828 amas,
3177 2754 3557 2835 probarique
3581 2769 3823 2815 necesse

549 2856 659 2917 sit.
697 2855 866 2931 Quid
908 2858 1069 2920 enim
1096 2859 1273 2922 aliud
1306 2860 1420 2922 tibi
1448 2860 1640 2940 o/I‘ero
1674 2879 1813 2923 cum
1843 2863 2183 2924 Sidonium
2218 2865 2438 2943 offero,
2476 2880 2659 2941 quam
2687 2862 2952 2922 alterum
2982 2866 3037 2918 te
3069 2856 3207 2930 tibi,
3247 2856 3364 2919 hoc
3396 2866 3484 2920 est
3510 2865 3823 2935 prwstan-

552 2959 856 3021 tissimum
875 2972 1118 3039 genere,
1142 2958 1454 3032 doctrina,
1481 2965 1718 3025 virtute
1738 2965 2105 3038 antistitem,
2130 2965 2348 3027 iisdem
2374 2962 2663 3026 laudibus
2694 2960 3190 3040 ornamentisque
3209 2959 3473 3039 praedito
3501 2960 3777 3021 antistiti
3792 2959 3823 3017 ν

549 3062 835 3139 preefecto
869 3064 1223 3126 Galliarum
1264 3072 1448 3144 patre
1477 3073 1713 3137 natum,
1751 3064 2093 3127 Gallicana:
2140 3065 2381 3128 militia:
2428 3064 2720 3143 magistri
2771 3062 2901 3142 ﬁlio
2927 3083 2957 3132 ;
2989 3060 3350 3141 praefectum
3390 3057 3535 3124 urbi
3584 3059 3824 3138 Roma,

554 3164 867 3227 cardinali
897 3173 1283 3228 tantumnon
1304 3166 1507 3246 primo
1533 3167 1600 3228 in
1630 3166 1930 3228 Ecclesiw
1960 3168 2251 3228 Romanas
2274 3165 2476 3244 gradu
2504 3164 2852 3226 constituto
2868 3180 2890 3232 ι
2914 3160 3268 3241 episcopum
3295 3161 3554 3241 denique
3581 3160 3825 3222 Arver-

553 3280 778 3325 norum
798 3262 1153 3329 Arvernicse
1181 3262 1342 3329 sedis
1364 3266 1629 3344 ejusdem
1645 3267 1930 3347 episcopo
1947 3268 1977 3325 ?
2004 3266 2276 3327 Tametsi
2300 3266 2461 3329 enim
2484 3272 2541 3326 te
2559 3262 2854 3326 Arvernis
2878 3261 3003 3323 tuis
3026 3260 3392 3341 jampridem
3416 3260 3822 3336 subduxeris,

554 3365 964 3445 maluerisque
992 3366 1333 3428 desiderari
1362 3365 1435 3425 ab
1471 3367 1551 3427 iis
1585 3367 1976 3445 praesentiam
2012 3374 2179 3426 tuam
2204 3380 2387 3445 quam
2414 3371 2784 3443 perpetuum
2814 3362 2949 3424 illis
2983 3363 3206 3424 bonum
3234 3381 3356 3425 esse
3385 3381 3504 3442 quo
3534 3362 3823 3441 frueban-

557 3466 687 3542 tur,
719 3464 902 3525 lueret
949 3472 1146 3528 tamen
1204 3466 1483 3545 vigetque
1517 3468 1585 3527 in
1623 3467 1897 3529 omnium
1931 3467 2155 3528 animis
2197 3462 2554 3545 gratissima
2602 3467 3011 3545 pontiﬁcatus
3060 3464 3155 3526 tui
3201 3464 3579 3527 recordatio.
3611 3464 3821 3545 Neque

551 3562 682 3624 ulla
707 3580 980 3644 unquam
1014 3566 1133 3627 erit
1160 3573 1306 3627 aetas
1340 3582 1475 3645 quis
1501 3566 1705 3628 lustra
1731 3566 1845 3628 illa
1874 3566 2143 3645 quinque
2172 3583 2303 3626 non
2333 3566 2613 3643 celebret,
2642 3564 2864 3645 quibus
2889 3565 2971 3626 ad
2996 3565 3287 3626 Ecclesia
3314 3564 3817 3627 Claromontana:

554 3667 795 3729 clavum
826 3666 1062 3742 sedens,
1101 3683 1303 3741 omnes
1350 3664 1451 3729 illi
1487 3666 1966 3746 prudentissimi
2001 3664 2592 3747 vigilantissimique
2615 3666 2895 3747 pastoris
2924 3682 3209 3727 numeros
3254 3664 3587 3726 reddidisti
3629 3686 3649 3727 :
3676 3684 3818 3728 cum

552 3766 850 3828 creditam
897 3766 1013 3831 tibi
1036 3767 1270 3848 plebem
1310 3767 1652 3830 caelestibus
1687 3768 2066 3847 disciplinis,
2102 3786 2211 3829 nec
2247 3766 2449 3828 verbis
2487 3774 2729 3827 tantum
2756 3785 2829 3828 ac
2858 3784 3158 3843 sermone,
3195 3766 3301 3828 sed
3342 3766 3596 3845 scriptis
3631 3768 3818 3828 etiam

552 3866 1000 3947 voluminibus,
1047 3886 1202 3931 vera:
1234 3871 1491 3949 pietatis
1523 3868 1815 3948 magister
1844 3869 2160 3938 erudires;
2194 3876 2326 3929 tum
2354 3871 2544 3930 vitam
2579 3868 2730 3947 ipse,
2762 3885 3122 3947 morumque
3167 3870 3430 3948 formam
3461 3886 3693 3929 omnem
3725 3874 3822 3932 sic

549 3971 913 4047 instrueres,
945 3980 1017 4032 ut
1041 3972 1263 4051 quibus
1287 3971 1697 4043 successisses,
1722 3988 2064 4049 quorumve
2091 3971 2158 4031 in
2185 3966 2475 4031 cathedra
2492 3968 2727 4031 sederes
2746 4014 2763 4045 ,
2789 3976 3089 4049 perpetuo
3120 3969 3411 4033 meditari
3417 4015 3435 4046 ,
3463 3970 3821 4033 laudandae-

548 4086 667 4150 que
694 4073 1069 4134 imitationis
1103 4074 1338 4147 studio,
1375 4091 1541 4135 nunc
1586 4074 2037 4150 Austremonii,
2066 4072 2393 4153 Illidiique
2423 4073 2846 4142 sanctitatem,
2892 4072 3243 4133 Venerandi
3279 4080 3463 4152 atque
3505 4072 3820 4151 Eparchii

548 4170 940 4251 religionem,
966 4176 1305 4249 Quintiani
1337 4174 1779 4251 constantiam,
1807 4175 1974 4238 Galli
2003 4176 2387 4255 modestiam,
2407 4172 2960 4258 benignitatemque
2990 4178 3270 4240 aemulari
3294 4177 3571 4241 viderere
3596 4202 3615 4241 :
3646 4198 3821 4242 nunc

551 4272 731 4343 eniti,
760 4281 829 4332 ut
859 4272 1265 4334 humanarum
1293 4290 1498 4335 rerum
1527 4274 1932 4352 despicientia
1963 4275 2261 4352 Bonitos,
2291 4292 2616 4336 sacrorum
2645 4276 2926 4337 locorum
2970 4277 3143 4339 cultu
3176 4276 3486 4353 Genesios,
3514 4295 3819 4341 revocan-

549 4372 648 4434 dis
691 4372 773 4433 ad
817 4382 1048 4435 rectam
1093 4370 1268 4453 ﬁdem
1320 4374 1515 4436 deviis
1545 4374 1808 4450 Avitos,
1857 4372 2250 4436 sublevandis
2288 4376 2548 4453 inopum
2584 4374 3038 4437 calamitatibus
3071 4374 3403 4448 Sidonios,
3459 4376 3821 4438 universum

550 4472 808 4550 denique
834 4474 1304 4535 lectissimorum
1336 4474 1649 4555 quondam
1680 4475 2015 4553 praesulum
2043 4485 2348 4555 senatum,
2379 4477 2698 4537 Arvernia:
2722 4496 2846 4538 suw
2872 4478 3178 4538 virtutum
3204 4485 3455 4540 tuarum
3475 4468 3823 4545 luminibus

550 4564 965 4654 exemplisque
1007 4584 1355 4635 renovares.
1393 4576 1759 4655 Quanquam
1801 4576 1925 4636 luec
1962 4595 1999 4635 a
2040 4588 2131 4638 me
2175 4592 2495 4657 quorsum,
2546 4578 2655 4658 qui
2688 4595 2796 4639 nec
2827 4577 3035 4639 laudes
3072 4584 3211 4638 tuas
3238 4578 3502 4640 scribere
3532 4581 3820 4656 institui,

550 4692 663 4735 nec
684 4675 739 4736 si
769 4674 974 4747 velim,
1000 4693 1152 4753 opus
1184 4675 1431 4736 habeam
1469 4678 1793 4756 praeterita
1822 4684 2124 4749 retexere,
2164 4694 2302 4738 cum
2326 4676 2395 4738 in
2413 4686 2711 4756 promptu
2731 4678 2883 4750 sint,
2912 4695 2984 4737 ac
3014 4675 3256 4738 laudem
3274 4695 3507 4738 omnem
3528 4678 3788 4740 vincant
3810 4730 3825 4749 ,

550 4790 683 4853 quce
714 4776 783 4835 in
813 4780 869 4834 te
911 4780 1021 4835 aut
1048 4777 1244 4836 Roma
1272 4792 1472 4854 nuper
1500 4784 1791 4836 venerata
1817 4782 1927 4848 est,
1960 4783 2073 4835 aut
2101 4792 2272 4836 nunc
2298 4775 2445 4837 aula
2497 4775 2788 4854 suspicit,
2836 4778 2944 4833 aut
2979 4774 3143 4851 forte
3169 4791 3282 4833 sua
3316 4774 3443 4835 laeti
3465 4775 3823 4853 praedicant

547 4877 1035 4939 Silvanectenses
1090 4879 1183 4940 tui
1198 4881 1229 4940 ?
1258 4880 1548 4941 Attamen
1593 4876 1739 4938 hinc
1788 4876 1991 4950 vides,
2045 4875 2465 4939 illustrissime
2510 4874 2875 4949 cardinalis,
2927 4891 3048 4952 qua
3100 4872 3330 4950 ﬁducia
3380 4872 3827 4953 benevolentia:

551 4977 1148 5058 approbationisque
1192 4984 1310 5038 tua:
1332 4977 1737 5039 vernaculum
1766 4975 1881 5037 tibi
1910 4993 1982 5036 ac
2024 4992 2173 5053 pene
2198 4974 2600 5036 domesticum
2631 4990 2853 5033 munus
2877 4967 3190 5063 exhibeam
3216 4992 3239 5040 ;
3272 4978 3343 5032 ut
3371 4990 3509 5033 cum
3541 4976 3823 5035 nominis.

551 5081 647 5142 tui
678 5079 1104 5141 studiosorum
1134 5088 1391 5140 conatus
1440 5096 1643 5138 omnes
1691 5074 1945 5155 benigne
1975 5075 2298 5153 complecti
2344 5072 2571 5147 soleas,
2608 5073 2982 5151 prcecipuam
3032 5076 3231 5129 tamen
3274 5070 3544 5133 Sidonio
3590 5086 3821 5134 nostn.

546 5183 817 5260 gratiam
844 5190 938 5243 tot
964 5180 1079 5244 tibi
1105 5181 1462 5243 nominibus
1492 5180 1742 5242 addicto
1773 5187 1832 5242 et
1859 5185 2223 5241 consecrato
2252 5176 2457 5239 deberi
2487 5177 2816 5256 conﬁdam.
2850 5175 3070 5251 Itaque
3099 5189 3172 5231 ne
3198 5173 3381 5236 istam
3411 5175 3660 5254 quidem
3694 5185 3811 5236 tam

550 5284 704 5349 lenti
734 5296 879 5368 post
919 5292 1011 5351 tot
1038 5306 1240 5350 annos
1268 5287 1463 5367 ofﬁcii
1498 5287 1876 5357 tarditatem,
1910 5301 1987 5343 ne
2011 5281 2165 5343 mihi
2189 5279 2410 5362 fraudi
2437 5282 2517 5341 sit
2548 5280 2938 5359 pertimesco,
2985 5293 3118 5334 cum
3141 5276 3383 5354 facilem
3412 5279 3677 5351 veniam,
3709 5293 3823 5338 aut

548 5389 793 5451 laudem
818 5393 1055 5470 potius,
1089 5390 1161 5451 ni
1206 5389 1421 5469 fallor,
1446 5387 1695 5467 judicio
1723 5394 1830 5446 tuo
1858 5384 2176 5445 relaturus
2205 5379 2461 5450 videar;
2493 5398 2667 5460 quem
2708 5373 3018 5452 intelliges
3046 5371 3158 5435 hac
3194 5375 3331 5454 ipsa
3358 5379 3578 5440 veteris
3615 5376 3827 5439 debili

547 5486 928 5569 professione
957 5490 1280 5572 antiquam
1326 5492 1383 5552 et
1429 5484 1814 5549 constantem
1850 5484 1920 5545 in
1960 5481 2059 5543 tui
2090 5479 2489 5543 veneratione
2535 5484 2716 5558 atque
2741 5472 3031 5552 obsequio
3058 5476 3584 5551 perseverantiam
3617 5474 3816 5537 decla-

548 5605 715 5651 rure.

1361 5665 1434 5729 ll.
1468 5666 1633 5729 4.1”
1694 5702 1699 5725 ›
1758 5712 1765 5725 ,
1848 5702 1861 5711 --
2118 5698 2119 5701 η
2400 5735 2410 5745 θ

2134 5788 2143 5789 κ
2178 5790 2181 5793 ς
2538 5738 2965 5802 Dcditissimus

2118 5698 2143 5789 ζ
2178 5790 2181 5793 ς
2400 5735 2410 5745 '
2538 5738 2965 5802 Dcditissimus
3000 5736 3133 5799 hc.
3163 5736 3559 5811 SIRMONDUB,

2848 5839 2982 5900 Soc.
3013 5839 3162 5901 Jesu
3199 5841 3407 5915 presb.
