4140 6336
349 391 442 449 457

1689 350 2216 446 PROLEGOMENA.

703 612 791 720 Ν
798 606 1230 718 ΟΤΙΤΙΑ
1304 613 1437 722 ΙΝ
1519 612 1892 722 SIDON

1995 616 2137 721 ῙΜ
2223 616 3189 727 ΑΡΟΙλΙᾸΝΑΡιΕοΜ.

1772 796 1866 859 (Ex
1894 797 2135 861 Galland.)

3481 382 3587 449 $58

3363 828 3378 836 »Α
3514 823 3526 833 ⁸

3296 856 3520 903 .74!

1716 924 2192 951 ﬁ

398 1034 435 1088 Ι.
458 1032 589 1100 Quas
617 1043 757 1088 nunc
777 1029 968 1087 Clarus
991 1030 1167 1100 Mons,
1190 1028 1392 1088 Gallice
1409 1031 1696 1100 Clcrmont,
1716 1035 1902 1104 appel-
1930 1038 1985 1101 Δ
2009 1047 2182 1093 torum
2207 1038 2493 1093 sententia.
2537 1036 2594 1092 Si
2631 1037 2847 1107 Pagium
2880 1036 3066 1092 audias
3091 1038 3196 1108 (η),
3226 1051 3341 1094 rent
3370 1036 3583 1109 penitus

335 1127 459 1181 latur
484 1125 732 1196 princeps
759 1124 816 1180 in
843 1124 1124 1196 Aquitania
1151 1123 1172 1180 l
1198 1125 1409 1195 civitas,
1436 1126 1568 1182 olim
1598 1128 1888 1185 vocabatur

335 1221 856 1289 Augustonemetum,
897 1232 1126 1290 moxque
1143 1217 1301 1288 Idicta
1344 1227 1428 1275 est
1464 1219 1697 1290 Arverni,
1738 1232 1795 1278 ut
1833 1239 1898 1280 ex

333 1313 491 1369 Plinio
512 1313 851 1383 censtat(a);
881 1321 1041 1383 atque
1064 1312 1166 1368 hoc
1184 1312 1301 1368 solo
1329 1312 1443 1370 fere
1459 1314 1677 1370 nomine
1698 1317 1896 1387 passim

330 1405 603 1481 designata
644 1414 727 1462 est
771 1406 909 1475 apud
955 1413 1163 1462 veteres
1210 1414 1372 1478 atque
1424 1408 1477 1463 in
1527 1409 1769 1467 conciliis
1800 1409 1895 1482 (ὁ).

329 1499 482 1569 llujus
522 1499 701 1570 itaque
742 1500 888 1556 urbis
933 1500 1298 1571 episcopatum
1338 1502 1568 1560 obtinuit
1618 1503 1895 1576 Sidonius,

327 1592 559 1663 Lugduni
582 1601 732 1648 ortus
762 1593 834 1665 (ε)
868 1593 1022 1649 nonis
1051 1592 1368 1651 Novembris
1395 1596 1475 1667 (ά)
1522 1597 1664 1654 circa
1693 1613 1891 1656 annum

325 1686 437 1752 ‘50,
461 1686 619 1758 cujus
647 1687 909 1757 integrum
934 1701 1127 1743 nomen
1149 1686 1311 1744 Caius
1339 1688 1537 1747 Sollius
1568 1691 1897 1762 Apollinaris

325 1777 599 1844 Sidonius;
634 1779 711 1832 uir
738 1778 972 1844 scilicet,
1017 1788 1077 1835 ut
1113 1781 1186 1834 ait
1229 1778 1520 1853 Gregorius
1561 1783 1896 1842 Turonensis

320 1871 406 1944 (ε),
445 1874 735 1928 secundum
780 1871 955 1929 σιτευιί
1005 1873 1301 1947 dignitatem
1347 1876 1713 1945 nobilissimus,
1762 1890 1808 1934 et
1836 1882 1897 1935 de

320 1968 484 2037 primis
521 1965 812 2023 Galliarum
840 1970 1177 2026 senatoribus.
1222 1968 1546 2028 Cathedram
1587 1973 1894 2031 Arvernen-

319 2074 422 2116 sem
467 2061 781 2118 ascendisse
825 2061 1102 2125 Sidonium
1147 2074 1289 2120 anno
1337 2063 1441 2120 475
1485 2080 1550 2121 ex
1581 2066 1744 2123 variis
1775 2066 1890 2137 ejus

318 2154 553 2226 epistolis
590 2165 833 2215 astruere
881 2156 1069 2214 nititur
1120 2156 1312 2231 Pagina
1364 2161 1467 2233 (r);
1514 2175 1670 2219 secus
1724 2172 1886 2234 atque

314 2249 539 2307 duxerat
565 2248 827 2309 Baronius
852 2250 933 2308 vir
958 2254 1246 2321 maximus,
1279 2253 1488 2311 initium
1518 2255 1637 2325 ejus
1669 2255 1886 2327 pontiﬁ-

315 2351 455 2399 catus
484 2340 695 2415 illigans
725 2344 1046 2415 praecedenti
1071 2359 1215 2400 anno
1241 2345 1344 2402 872
1368 2346 1442 2417 (g)
1467 2363 1482 2401 :
1516 2330 1737 2419 ejusque
1768 2363 1891 2404 sen-

2006 1130 2331 1201 ignoramus.
2380 1130 2751 1186 Tiilemontius
2797 1144 2995 1185 annum
3028 1128 3173 1196 490,
3223 1129 3470 1200 diemque
3509 1130 3575 1184 2|

2005 1227 2227 1295 Augusti
2278 1225 2517 1282 decernit
2568 1224 2668 1297 (ο).
2736 1224 2985 1279 Historia:
3039 1220 3258 1278 Gallicae
3306 1222 3579 1278 litterariae

2003 1325 2296 1388 scriptores
2323 1316 2651 1372 Tillemontii
2693 1315 2899 1387 placitis
2935 1329 3093 1386 quam
3133 1314 3376 1385 proxime
3421 1328 3577 1370 acce-
3668 1320 3683 1367 ε.

2002 1413 2133 1468 dunt
2155 1413 2256 1485 (p).
2283 1413 2726 1469 Sammnrthanus
2743 1412 2993 1482 denique,
3010 1420 3068 1466 ut
3089 1409 3223 1465 alios
3244 1409 3575 1474 omittamus,

2002 1524 2074 1564 ιιι
2104 1509 2205 1563 cal.
2237 1508 2570 1579 Septembris
2596 1523 2737 1563 anno
2765 1508 2872 1563 482
2902 1507 3073 1563 sancti
3097 1505 3342 1576 prmsulis
3371 1503 3576 1559 obitum

2000 1604 2279 1673 consignat
2325 1601 2422 1673 (q).
2480 1601 2918 1671 Quandoquidem
2968 1608 3149 1655 autem
3196 1600 3340 1653 viros
3389 1597 3576 1652 doctos

2001 1698 2160 1752 modo
2189 1697 2428 1752 laudatos
2454 1696 2660 1751 latuere
2688 1709 2807 1764 qua:
2838 1694 2937 1749 hac
2965 1693 3031 1748 de
3053 1708 3112 1748 re
3136 1690 3412 1761 scripserit
3437 1689 3568 1745 Sca-
3679 1737 3690 1755 ,

2001 1793 2153 1864 liger,
2203 1807 2265 1847 ea
2315 1792 2403 1845 hic
2426 1791 2625 1846 referre
2669 1787 2811 1843 haud
2849 1789 3079 1843 otiosum
3123 1785 3351 1841 fortasse
3391 1781 3570 1837 fuerit.

1997 1885 2088 1942 Sic
2116 1884 2276 1955 igitur
2304 1883 2394 1939 ille
2421 1881 2490 1954 (r)
2523 1900 2535 1935 :
2575 1900 2592 1931 ‹
2628 1878 2918 1951 Gregorius
2956 1875 3287 1934 Turonensis
3313 1888 3476 1945 agens
3506 1874 3573 1928 de

1997 1978 2221 2035 Sidonio
2252 1975 2548 2047 Apollinari
2584 1972 3018 2043 Augustonemeti
3048 1972 3411 2026 Arvernorum
3458 1966 3572 2036 epi-

1995 2085 2179 2141 scopo,
2212 2086 2277 2126 ex
2299 2070 2363 2124 iis
2394 2084 2511 2140 quae
2540 2068 2607 2123 de
2636 2076 2876 2136 tempore
2898 2064 3077 2120 obitus
3110 2062 3226 2133 ejus
3255 2061 3448 2118 summi
3472 2058 3573 2114 viri

1995 2172 2276 2229 memorat,
2319 2162 2473 2218 nobis
2512 2161 2722 2231 prasivit
2762 2158 2827 2214 ad
2865 2171 3064 2213 annum
3106 2170 3214 2227 quo
3254 2154 3300 2209 is
3338 2153 3572 2210 decessit

1994 2256 2373 2328 indagandum.
2424 2255 2512 2311 Ait
2544 2254 2612 2326 (s)
2636 2252 2774 2309 diem
2806 2252 3114 2322 proximum
3160 2248 3230 2304 ab
3267 2248 3385 2318 ejus
3423 2246 3572 2302 obitu

1993 2352 2156 2407 fuisse
2178 2349 2525 2405 dominicam.
2547 2347 2664 2403 .latn
2695 2362 2763 2401 ex
2784 2344 3010 2402 ecclesia
3032 2339 3571 2413 Augustonemetensi

316 2440 489 2494 lentiae
511 2436 790 2495 adhrerere
806 2438 1210 2494 noscunturviri
1229 2437 1546 2507 doctissimi,
1570 2440 1888 2499 Sirmondus
1924 2424 1971 2487 Β
1999 2443 2252 2517 (Clarum
2306 2442 2538 2497 Montem
2578 2438 2804 2510 vocant)
2861 2445 3071 2494 constat
3111 2450 3234 2491 eum
3274 2431 3572 2489 decessisse

313 2529 570 2601 imprimis
616 2531 717 2603 (h),
751 2528 1120 2588 Tillemontius
1146 2531 1209 2603 (ἰ)
1238 2541 1292 2588 et
1316 2531 1757 2590 Sammarthanus
1791 2534 1879 2607 (j).

311 2622 492 2696 Neque
519 2623 663 2680 enim
689 2621 984 2680 audiendus
1012 2621 1291 2690 Labbeus,
1325 2623 1418 2696 qui
1446 2624 1514 2680 ab
1542 2625 1747 2696 aliquot
1780 2640 1879 2680 an-

310 2717 388 2773 uis
414 2725 546 2772 ante
574 2715 678 2771 472
706 2714 1008 2773 ordinatum
1047 2715 1212 2772 fuisse
1259 2713 1538 2771 Sidonium
1582 2730 1648 2770 ex
1680 2714 1886 2772 crebris

307 2811 422 2879 ejus
448 2825 547 2882 per
572 2823 635 2866 ea
664 2817 909 2881 tempora
949 2806 1087 2864 datis
1112 2806 1179 2862 ad
1225 2809 1404 2865 varios
1434 2808 1673 2880 epistolis
1713 2810 1884 2866 evinci

308 2901 540 2958 allirmat
558 2901 655 2976 (k).

376 2993 440 3049 ll.
469 2993 554 3050 Ad
576 2993 946 3065 episcopatum
972 2992 1133 3065 igitur
1166 2993 1293 3050 licet
1322 2992 1523 3049 invitus
1554 3003 1882 3065 assumptus,

305 3090 392 3161 qui
416 3089 567 3161 prius
597 3089 650 3145 in
678 3086 985 3145 excolendis
1017 3087 1327 3146 liberalibus
1342 3088 1640 3161 disciplinis
1665 3104 1724 3147 se
1750 3105 1886 3162 pene

305 3184 657 3248 contriverat,
689 3180 943 3252 deinceps
971 3180 1035 3237 ad
1074 3179 1280 3237 divinas
1319 3182 1525 3238 litteras
1557 3192 1884 3253 pertractan-

304 3274 402 3330 das
435 3275 674 3331 animum
705 3270 990 3345 studiaque
1015 3274 1193 3330 omnia
1221 3275 1507 3332 convertit.
1538 3275 1706 3331 Porro
1740 3283 1885 3332 tanta

303 3376 424 3422 erat
454 3366 520 3422 de
541 3365 656 3436 ejus
685 3364 965 3438 prudentia
988 3362 1334 3432 existimatio,
1364 3374 1423 3420 ut
1446 3365 1634 3422 oborta
1658 3375 1881 3422 conten-

301 3461 455 3517 tione
475 3461 531 3515 in
557 3459 805 3529 eligendo
833 3456 1251 3529 metropolitano
1272 3456 1525 3528 episcopo
1543 3457 1876 3527 Bituriccnsi,

302 3549 621 3620 hujusmodi
665 3548 980 3605 eiectionem
1029 3548 1507 3618 comprovinciales
1535 3549 1788 3617 przesuies
1817 3551 1884 3604 ab

298 3644 429 3715 ipso
455 3642 686 3714 pendere
714 3640 995 3695 voluerunt
1025 3638 1112 3711 (ι).
1136 3639 1325 3710 Magna
1354 3654 1484 3694 vero
1510 3639 1673 3692 animi
1699 3638 1885 3692 detnisv

298 3739 465 3794 sione
514 3734 793 3806 prastiitutn
845 3732 1008 3789 fuisse
1066 3740 1308 3787 nostrum
1347 3731 1669 3799 antistitem,
1715 3745 1782 3785 ex
1822 3729 1887 3785 iis

300 3828 646 3903 potissimum
673 3828 839 3897 ipsius
868 3823 1110 3896 epistolis
1140 3838 1272 3896 quas
1292 3820 1655 3894 compluribus
1684 3823 1893 3890 episc0~
1917 3812 1964 3876 C

302 3925 390 3995 pis
432 3918 722 3992 inscripsit,
775 3927 1111 3989 compertum
1157 3914 1463 3972 habemus:
1510 3925 1567 3972 ut
1604 3924 1887 3986 propterea

300 4010 502 4083 dignus
532 4006 693 4067 fuerit
714 4008 803 4079 qui
830 4007 897 4063 ad
923 4008 1223 4063 sanctitatis
1254 4007 1466 4083 culmen
1494 4022 1524 4061 a
1552 4006 1661 4061 Deo
1689 4005 1888 4062 evehe-

302 4111 460 4159 retur
489 4100 600 4176 (ηρ).
633 4096 851 4156 Exactis
873 4098 1106 4172 denique
1136 4096 1190 4155 in
1218 4098 1528 4169 episcopatu
1557 4100 1888 4154 Arvernensi

302 4194 612 4253 octodecim
640 4192 810 4250 ferme
839 4192 1014 4263 annis,
1047 4193 1129 4247 vir
1153 4208 1259 4248 non
1288 4190 1462 4248 minus
1508 4190 1702 4247 litteris
1728 4205 1886 4262 quam

303 4286 525 4359 egregia
551 4301 760 4341 morum
793 4284 1060 4356 probitate
1091 4283 1346 4356 insignis,
1378 4283 1432 4339 in
1460 4282 1655 4340 caelum
1686 4299 1751 4340 ex
1791 4282 1890 4339 hac

303 4381 416 4435 vita
450 4377 746 4449 emigravit,
772 4374 993 4447 ejusque
1017 4392 1211 4433 nomen
1243 4378 1297 4433 in
1327 4376 1530 4434 tabulas
1561 4375 1889 4433 ecclesiasti-

305 4487 399 4529 cas
428 4468 532 4526 sub
559 4467 645 4524 die
670 4462 740 4523 23
769 4465 993 4539 Augusti
1022 4468 1269 4525 relatum.

380 4560 474 4618 lli.
504 4560 572 4616 At
598 4575 728 4616 vero
758 4558 825 4614 de
854 4573 995 4614 anno
1020 4558 1191 4616 sancti
1225 4550 1429 4616 Sidonii
1454 4560 1758 4627 emortuali,
1800 4560 1893 4618 de-

305 4674 411 4714 oue
441 4670 696 4726 supremo
724 4652 841 4723 ejus
879 4650 985 4722 die,
1021 4652 1162 4710 haud
1192 4670 1296 4710 una
1324 4664 1406 4712 est
1441 4654 1677 4712 virorum
1708 4654 1890 4713 crudi-

383 4883 462 4952 (α)
505 4883 644 4937 Plin.
677 4882 812 4936 Hist.
848 4889 958 4935 nat.
991 4881 1085 4952 lib.
1115 4896 1298 4945 xxxrv,
1326 4892 1445 4949 cap.
1472 4882 1525 4934 7.

378 4950 461 5025 (ὁ)
502 4951 819 5025 Summartlt.
841 4951 1208 5025 Gail.Christ_.
1224 4962 1361 5025 nov.
1376 4961 1506 5006 tom.
1532 4950 1603 5025 All,
1626 4953 1887 5025 pag.322.

388 5020 468 5097 (ε’)
509 5023 694 5097 Sidon.
745 5022 840 5077 lib.
883 5038 899 5077 ι
946 5022 1125 5091 epistt.
1178 5020 1211 5073 5
1248 5030 1304 5076 et
1336 5022 1404 5087 8,
1444 5030 1497 5076 et
1526 5021 1797 5077 Sirtuond.
1826 5024 1888 5077 ad

313 5096 486 5149 carm.
522 5096 608 5149 17.

381 5166 464 5234 (d)
503 5163 592 5218 lit.
625 5177 795 5219 carm.
828 5163 919 5218 20.

384 5233 457 5305 (ε)
498 5234 653 5306 (ξτες.
680 5234 874 5306 Ϊκνρη.
909 5234 1045 5289 llist.
1070 5233 1262 5306 Eranc.
1291 5234 1474 5306 libari.
1505 5249 1625 5303 cap.
1654 5233 1744 5306 2|.

385 5290 460 5376 if)
502 5290 658 5377 Ραᾷἰ.
692 5303 1100 5377 Prolegom.__ad
1137 5304 1359 5361 Dissert.
1391 5290 1608 5375 Πέρδιξ,
1646 5306 1707 5374 §§
1739 5303 1797 5357 5|
1840 5314 1890 5360 et
1918 5290 1970 5349 D

313 5373 420 5440 52,⁷
437 5373 492 5430 ut
518 5373 741 5429 ad'ann.
774 5374 900 5439 472,
937 5373 965 5444 §
990 5374 1046 5444 ξ.

410 5449 462 5517 g)
506 5445 701 5500 Baron.
727 5446 791 5499 ad
816 5442 1103 5517 ann‘.:_472,
1138 5444 1164 5515 §
1194 5443 1285 5517 AM.

413 5513 773 5598 hi)“Sirntond.
806 5516 871 5568 ad
903 5513 1089 5570 Sidon.
1122 5513 1278 5583 epist.
1308 5516 1356 5579 i,
1383 5516 1474 5569 lib.
1513 5531 1562 5568 Vi
1585 5556 1597 5577 ,
1641 5525 1693 5569 et
1728 5520 1884 5584 epist.

316 5589 696 5729 ηξὶἒηᾶτᾶιιιέἶη.
732 5655 891 5729 Mem.
925 5655 1057 5710 ccci.
1088 5664 1216 5709 tom.
1246 5654 1383 5723 XVI,
1410 5671 1526 5725 pag.
1560 5655 1686 5724 749,
1720 5665 1830 5711 not.
1861 5658 1892 5713 6

316 5726 411 5784 sur
436 5726 579 5785 saint
596 5726 833 5782 Sidoine.

391 5800 455 5869 (j)
498 5797 817 5869 Santmarth.
848 5798 887 5851 l.
916 5810 991 5869 c.,
1021 5812 1141 5867 pag.
1166 5796 1294 5852 232.

392 5829 467 5931 i’k’)
498 5829 1299 5935 ἳῒόἳῖωέἕίίἱηέιὶοἷζηπέἶ⁹,ἶέἧῖ
1344 5867 1395 5930 ι,
1438 5829 1564 5935 pag.
1608 5867 1709 5920 δι.
1757 5869 1885 5922 edit.

1987 2536 2058 2591 23
2080 2534 2323 2605 Augusti.
2351 2533 2494 2603 Ergo
2514 2532 2586 2587 24
2614 2530 2713 2586 fuit
2738 2528 3024 2592 dominica,
3062 2527 3238 2582 littera
3259 2522 3567 2580 dominicali

1990 2627 2053 2683 E.
2089 2627 2165 2682 Ex
2187 2624 2407 2682 schedio
2428 2620 2938 2680 veteriCluniacensi
2966 2620 3018 2675 in
3042 2633 3146 2689 quo
3177 2625 3289 2673 erat
3310 2616 3567 2685 scriptum

1988 2719 2103 2790 ejus
2130 2718 2478 2790 epitaphium,
2501 2716 2737 2771 additum
2764 2721 2882 2770 erat
2913 2712 3114 2767 abiisse
3151 2710 3370 2765 Zenone
3396 2708 3571 2777 impe-

1987 2821 2159 2868 rante.
2211 2810 2402 2867 Procul
2449 2808 2613 2865 dubio
2666 2809 2826 2879 igitur
2864 2806 2970 2861 hoc
3010 2801 3236 2872 contigit
3279 2814 3421 2856 anno
3460 2799 3566 2855 480

1989 2905 2212 2973 Christi,
2241 2904 2392 2975 cyclo
2409 2903 2536 2959 solis
2557 2917 2649 2957 xm
2673 2901 2762 2974 (t).
2789 2898 2922 2955 Nam
2952 2913 3057 2953 non
3078 2895 3290 2951 videtur
3304 2907 3445 2949 anno
3461 2891 3567 2947 486

1990 2997 2140 3070 cyclo
2162 2983 2289 3052 solis
2318 3012 2429 3051 xu.
2469 2994 2703 3050 Nimium
2735 2992 2878 3048 enim
2906 2998 3170 3047 remotum
3211 2994 3294 3043 est
3333 2994 3564 3055 tempus.

1991 3093 2047 3151 In
2070 3092 2292 3152 schedio
2320 3093 2479 3163 igitur
2506 3092 2577 3146 ita
2621 3090 2879 3161 scriptum
2904 3088 2999 3143 luit
3028 3082 3380 3156 epitaphium,
3426 3081 3566 3152 quod

1989 3192 2052 3248 P.
2079 3188 2318 3249 Pithoeus
2345 3195 2549 3253 noster,
2584 3187 2663 3243 vir
2692 3200 2899 3242 summa
2921 3194 2976 3242 et
3006 3182 3269 3256 probitate
3306 3187 3361 3239 et
3384 3176 3567 3237 erudi-

1991 3286 2159 3355 tione,
2196 3283 2351 3341 nobis
2380 3278 2793 3338 communicavit
2824 3277 2904 3351 (α)
2932 3297 2943 3331 :

2197 3459 2259 3516 C.
2301 3460 2479 3515 SOLLII
2513 3458 2864 3514 APOLLINARIS
2891 3456 3131 3512 Monam
3163 3454 3365 3511 SIDONll

2301 3531 2506 3599 San’ctis
2533 3531 2805 3599 contiguus
2831 3542 3073 3597 sacroque
3100 3523 3234 3597 patri

2311 3598 2439 3653 Viuit
2470 3600 2551 3653 hic
2577 3598 2772 3653 meritis
2798 3599 3135 3668 Apollinaris.

2316 3758 2435 3814 Illic
2462 3759 2712 3816 Sidonius
2742 3736 2831 3812 tib'i
2860 3759 3139 3811 invocetur.

2528 3845 2599 3884 xu
2624 3830 2723 3885 cal.
2756 3828 2901 3901 Sept.
2932 3826 3138 3884 Zenone
3162 3826 3460 3900 imperatore

2066 4024 2140 4063 xu
2170 4004 2271 4062 cal.
2303 4005 2452 4075 Sept.
2497 3998 2663 4075 punit,
2722 4012 2841 4061 cum
2879 4003 3105 4061 ecclesia
3141 4004 3504 4060 Arvernorum
3542 4022 3573 4061 a

1995 4100 2164 4172 prima
2208 4112 2374 4170 usque
2423 4096 2739 4169 antiquitate
2788 4094 3064 4163 retinetx
3114 4096 3214 4154 cal.
3265 4088 3476 4168 Alioqui
3528 4099 3575 4153 si

1994 4191 2189 4250 abierit
2218 4207 2290 4246 nt
2316 4190 2444 4257 cal.,
2479 4190 2579 4246 hoc
2607 4188 2766 4247 fuerit
2800 4205 2942 4245 anno
2967 4188 3165 4245 Christi
3204 4186 3415 4259 qundctn
3447 4182 3572 4254 ⁴182,

1996 4284 2205 4357 imperii
2231 4294 2408 4341 autem
2435 4280 2733 4340 Zenoniani
2765 4282 2817 4338 7.
2851 4313 2920 4324 —
2962 4280 3101 4338 Obiit
3137 4278 3296 4352 igitur
3323 4278 3575 4338 Sidonius

1996 4394 2136 4434 anno
2164 4377 2197 4434 5
2227 4376 2457 4434 Zenonis
2484 4375 2743 4446 Augusti,
2773 4382 2894 4446 post
2917 4372 3253 4431 consulatum
3278 4370 3443 4443 ipsius
3473 4371 3573 4425 Ze-

1996 4473 2153 4545 nonis
2181 4471 2320 4544 (111),
2363 4470 2444 4527 Fl.
2476 4471 2669 4526 Basilio
2705 4470 2918 4542 juniore
2942 4470 3009 4527 ν.
3041 4469 3103 4526 C.
3134 4484 3269 4538 cos.,
3321 4483 3463 4522 anno
3491 4482 3575 4522 se-

1996 4565 2172 4623 cundo
2203 4564 2484 4633 lliodovei,
2520 4564 2812 4620 indictione
2839 4562 3017 4627 tertia,
3049 4578 3081 4617 ι
3114 4561 3220 4618 cal.
3251 4558 3424 4631 Sept..
3453 4558 3575 4615 sab—

1994 4656 2141 4713 bato.
2176 4676 2194 4709 ι
2238 4652 2505 4710 liactcnus
2533 4652 2790 4722 Scaliger.

1998 4884 2169 4940 Paris.
2203 4885 2359 4939 1670.

2010 5008 2016 5014 _
2070 4954 2153 5025 (ι),
2178 4954 2362 5025 Sidon.
2395 4952 2499 5025 lib.
2521 4968 2614 5017 vn,
2647 4952 2827 5025 epistt.
2860 4953 2997 5025 5,_8_,
3024 4950 3078 5007 9.

2071 5022 2166 5095 (nt)
2208 5024 2402 5078 Baron.
2424 5023 2504 5095 ad
2530 5039 2655 5078 ann.
2688 5023 2825 5095 472,
2860 5022 2887 5095 §
2920 5022 3006 5077 16.

2096 5093 2155 5164 η)’
2192 5095 2346 5166 Pagi.
2374 5093 2593 5166 adgnnn.
2621 5093 2749 5158 484,
2789 5095 2817 5166 §
2848 5093 2939 5149 28.

2070 5162 2144 5234 (o)
2188 5162 2388 5219 Tillem.
2436 5164 2596 5220 Mém.
2645 5162 2951 5220 ecclftom.
2986 5162 3103 5218 XV!
3128 5202 3142 5227 ,
3198 5176 3353 5234 pagg.
3385 5164 3491 5219 274
3526 5175 3580 5222 et

1997 5236 2122 5292 755.
2151 5245 2264 5290 not.
2301 5236 2366 5290 16
2398 5251 2492 5289 sur
2518 5238 2658 5291 saint
2685 5236 2925 5291 Sidoine.

2070 5238 2122 5302 5,
2151 5245 2264 5290 not.
2301 5236 2366 5290 16
2398 5251 2492 5289 sur
2518 5238 2658 5291 saint
2685 5236 2925 5291 Sidoine.

2072 5308 2151 5377 (ρ)
2192 5308 2327 5362 Hist.
2366 5307 2530 5362 littér.
2558 5308 2625 5361 de
2656 5308 2704 5360 la
2732 5306 2938 5360 France
2965 5315 3092 5361 tom.
3127 5303 3190 5369 ll,
3216 5318 3336 5375 pag.
3368 5307 3491 5362 557,

2072 5381 2147 5449 ((1)
2191 5377 2511 5433 Sammarllt.
2546 5378 2584 5432 I.
2614 5392 2660 5433 ε.
2695 5392 2810 5449 pag.
2844 5377 2970 5431 255.

2071 5444 2141 5518 (r)
2186 5448 2379 5518 Scalig.
2412 5449 2478 5500 de
2511 5448 2735 5501 Emend.
2761 5447 2949 5518 Temp.
2982 5444 3076 5499 lib.
3102 5462 3174 5509 vr,
3208 5449 3572 5517 pag.tii5m-q.

2068 5522 2138 5587 (ε)
2179 5518 2395 5588 Gregor.
2440 5518 2638 5570 Turon.
2682 5518 2816 5570 Hist.
2863 5518 3056 5571 Franc.
3091 5518 3182 5571 lib.
3216 5533 3272 5581 tt,
3315 5534 3433 5588 cap.
3482 5522 3576 5585 25,

2000 5604 2120 5658 pag.
2156 5590 2244 5651 75,
2281 5591 2409 5643 edit.
2449 5588 2689 5658 Rttinart.

2035 5660 2139 5783 d(t)
2170 5660 2363 5783 (ἐστὶξὸ
2391 5657 2548 5711 Labb.
2569 5657 2825 5712 Chronol.
2850 5658 3026 5714 techn.
3061 5667 3199 5728 part.
3230 5661 3284 5726 1,
3309 5676 3430 5732 pag.
3451 5661 3572 5729 iu,

2094 5745 2220 5783 ann.
2371 5767 2384 5780 .

2002 5745 2066 5783 ao
2094 5745 2220 5786 ann.
2258 5745 2384 5783 suo.

2075 5799 2153 5869 (τι)
2182 5799 2448 5867 [ntegrum
2480 5798 2805 5867 epitaphium
2833 5799 2997 5856 habes
3041 5800 3174 5855 infra
3197 5842 3212 5865 ,
3246 5802 3382 5857 Viue
3418 5804 3569 5857 Sido.

2002 5870 2175 5923 nianae
2204 5884 2233 5922 a
2267 5869 2552 5921 Sirmoudo
2578 5872 2895 5938 enttscriptm
2936 5872 3254 5932 subiectum.

3466 5978 3473 5982 ι
3500 5978 3531 5985 ιν
3574 5978 3577 5979 ν
