4140 6336
1938 232 1943 236 ’
2019 230 2085 258 νος

533 352 637 414 ιδθ

2154 230 2271 255 ’⁸⁸³⁸⁸⁵

1690 410 1693 417 .
1746 351 2055 412 SIDONIUS

2188 349 2565 409 OLLlNARlS.
3039 307 3044 310 ’
3688 353 3785 411 ιιι

624 470 691 527 V.
728 469 941 538 Verum,
984 476 1041 525 ut
1065 483 1187 525 cum
1223 467 1424 524 Baunio
1458 469 1642 539 loquar
1669 468 1770 541 (a),
1798 486 1818 522 ι
1851 469 1982 525 nihil
2010 477 2096 526 est
2124 474 2179 530 Α
2206 483 2467 526 censuere
2497 470 2764 540 sequioris
2788 470 2887 526 aevi
2909 470 3224 540 scriptores,
3253 470 3608 538 Flodoardus,
3637 470 3779 538 Sige-

532 565 813 619 admodum
842 562 982 634 quod
1009 570 1165 634 cogat
1191 561 1464 620 discedere
1491 579 1522 617 a
1550 563 1813 619 sententia
1848 564 2093 619 cardina-

531 656 598 709 lis
630 654 836 710 Baronii
884 654 982 725 (b),
1039 671 1195 723 quam
1235 655 1449 724 quidem
1490 654 1874 725 approbavisse
1916 664 1969 710 et
1999 670 2093 710 ve-

529 746 721 799 riorem
750 745 1137 800 existimavisse
1159 746 1473 802 Sirmondus
1500 746 1707 801 videtur
1730 744 1805 817 (c)
1832 764 1845 800 :
1897 760 2096 813 nempe

526 837 803 892 Sidonium
831 839 1133 906 pervenisse
1157 838 1221 892 ad
1265 854 1463 893 annum
1506 839 1632 903 484,
1684 838 1839 909 idque
1873 838 2094 908 intelligi

449 963 460 993 τ
526 944 588 983 ex
622 930 790 997 ipsius
816 932 880 985 ad
910 932 1156 987 Oresium
1186 932 1429 1003 epistola,
1458 934 1512 987 in
1543 948 1641 1001 qua
1682 946 1740 986 se
1776 932 1839 985 ab
1880 933 2096 987 exordio

522 1022 774 1091 religiosa:
799 1024 1123 1094 professionis
1145 1062 1160 1087 ,
1194 1024 1411 1092 poeticae
1441 1023 1832 1079 renuntiavisse
1860 1038 1922 1078 ac
1945 1038 2012 1078 eo
2040 1024 2097 1077 in

456 1097 463 1130 ⁵
522 1115 722 1168 silentio
754 1126 851 1169 tres
874 1116 980 1182 jam
1010 1116 1349 1185 olympiadas,
1372 1116 1474 1170 hoc
1492 1124 1575 1169 est
1600 1129 1771 1169 annos
1784 1114 2092 1184 duodecim,

522 1207 804 1261 decurrisse
831 1208 1013 1262 scribit
1039 1207 1138 1278 (ά).
1167 1207 1297 1261 Nam
1327 1208 1486 1263 verba
1519 1207 1661 1273 haec,
1693 1206 1757 1260 ab
1778 1208 1989 1261 exordio
2014 1223 2095 1261 re-

521 1300 716 1371 ligiosas
737 1300 1086 1369 professionis,
1116 1300 1183 1354 de
1206 1299 1358 1353 initio
1383 1300 1723 1369 episcopatus
1750 1307 1804 1355 et
1836 1301 2094 1355 Baronius

519 1399 575 1446 et
599 1390 916 1447 Sirmondus
937 1390 1129 1446 merito
1160 1391 1464 1458 intelligunt
1489 1410 1501 1445 :
1523 1392 1808 1461 siquidem,
1836 1392 2095 1463 Eparchio

516 1485 801 1554 migrante,
856 1485 1131 1539 Sidonium
1183 1500 1248 1538 ex
1304 1484 1432 1540 Urbi
1482 1486 1722 1554 praefecto
1759 1485 2087 1541 substitutum

519 1586 745 1634 testatur
779 1578 1066 1649 Gregorius
1092 1579 1421 1635 Turonensis
1450 1580 1524 1649 (e)
1550 1596 1565 1637 :
1600 1581 1973 1650 migrationem
1998 1596 2094 1635 au-

520 1678 626 1725 tem
656 1669 907 1739 Eparchii
950 1670 1210 1725 Baronius
1243 1670 1441 1739 aliique
1473 1670 1541 1725 ad
1577 1684 1775 1725 annum
1815 1670 1922 1725 472
1955 1671 2095 1727 refe-

514 1770 706 1816 runt-»
741 1761 864 1817 Haec
890 1762 1003 1817 ille.
1045 1764 1115 1817 At
1142 1762 1210 1817 de
1236 1762 1320 1817 his
1347 1764 1495 1819 satis.

2205 563 2398 621 bertus
2464 561 2901 627 Gemblacensis,
2952 563 3218 618 Honorius
3271 563 3781 633 Augustodunensis,

2210 656 2362 726 Hugo
2384 655 2765 722 Floriaceusis,
2784 656 2977 712 Petrus
3000 655 3355 723 Venerabilis,
3388 658 3552 712 abbas
3570 656 3759 713 Clunia

2208 748 2407 814 censis,
2455 748 2675 817 aliique,
2717 762 2942 818 quorum
3000 750 3262 819 prmeonia
3322 748 3562 820 proferre
3616 765 3785 819 neque:

2207 837 2373 893 refert
2401 853 2576 907 neque
2597 840 2746 896 libet.

2280 929 2370 985 VI.
2408 928 2671 987 Caeterum
2709 916 2895 1003 quanti
2937 933 3212 989 habendus
3244 932 3317 988 sit
3351 932 3636 1001 Sidonius,
3667 934 3781 995 Sir-

2207 1021 2463 1076 mondum
2496 1022 2680 1079 audire
2717 1022 2933 1093 juverit,
2975 1025 3064 1093 qui
3103 1023 3221 1095 ejus
3263 1024 3586 1094 scriptorum
3630 1025 3780 1081 dotes

2204 1111 2375 1181 probe
2396 1122 2639 1170 noverat.
2664 1114 2754 1171 Sic
2779 1117 2940 1187 igitur
2968 1117 3058 1173 ille
3092 1117 3149 1172 in
3192 1117 3360 1187 ipsius
3393 1117 3590 1187 elogio,
3640 1120 3779 1188 quod

2204 1203 2477 1270 opusculis
2522 1204 2825 1267 Sidonianis
2869 1210 3096 1264 attexuit
3145 1208 3209 1282 (ι)
3246 1227 3261 1264 :
3316 1209 3564 1279 «ingenii
3605 1213 3780 1267 moni-

2207 1303 2408 1358 menta,
2454 1298 2697 1365 quamvis
2732 1297 2834 1353 alia
2880 1298 3105 1368 plurima
3155 1302 3457 1368 scripserit,
3513 1302 3627 1356 haec
3669 1303 3777 1359 sola

2203 1401 2325 1456 quae
2352 1397 2554 1444 restant
2581 1389 2779 1459 publici
2797 1390 2936 1459 juris
2965 1404 3085 1445 esse
3115 1390 3298 1445 voluit.
3327 1392 3385 1446 ln
3413 1393 3603 1461 quibus
3629 1408 3777 1459 sane,

2202 1492 2301 1534 seu
2327 1490 2499 1535 metro
2520 1482 2734 1547 vinctis,
2765 1496 2859 1537 seu
2892 1482 3075 1537 liberis
3098 1497 3160 1536 ac
3187 1484 3379 1538 solutis
3402 1526 3416 1547 ,
3452 1487 3568 1540 sive
3599 1496 3778 1541 narret

2201 1580 2294 1627 aut
2317 1573 2558 1638 suadeat,
2586 1573 2699 1630 sive
2729 1574 2906 1630 laudet
2929 1584 3023 1629 aut
3049 1576 3332 1644 vituperet,
3355 1586 3409 1630 et
3425 1577 3778 1648 quodcunque

2200 1674 2573 1732 argumentum
2598 1673 2823 1733 tractet,
2870 1681 2966 1735 par
2998 1666 3048 1719 in
3078 1665 3327 1720 omnibus
3360 1664 3586 1722 felicitas
3612 1677 3666 1722 et
3690 1683 3753 1722 co

2201 1754 2311 1825 pia,
2343 1766 2503 1827 atque
2532 1770 2595 1810 ea
2624 1766 2733 1810 tum
2757 1756 3039 1811 verborum
3059 1764 3167 1821 tum
3194 1758 3582 1811 sententiarum
3606 1760 3771 1811 varic-

586 1852 653 1908 V.
692 1854 918 1909 Maxime
961 1855 1155 1910 claruit
1189 1854 1445 1912 Sidonius
1479 1856 1702 1926 poeticis
1738 1856 2000 1927 imprimis
2038 1865 2095 1913 ει
2122 1840 2174 1902 Β
2201 1855 2308 1913 tas,
2340 1858 2398 1903 ut
2426 1848 2559 1903 mira
2584 1850 2636 1903 in
2667 1864 2731 1904 eo
2754 1850 2833 1903 vis
2855 1849 3051 1919 ingenii
3074 1857 3130 1904 et
3161 1848 3482 1904 abundantia
3529 1850 3773 1919 quaedam

514 1946 796 2002 rhetoricis
823 1947 1042 2014 litteris;
1087 1962 1193 2018 quo
1237 1949 1454 2004 nomine
1493 1949 1624 2004 nulli
1650 1964 1761 2005 sua:
1799 1951 1971 2019 anatis
2000 1964 2092 2006 se-

511 2038 755 2095 cundus:
789 2049 843 2094 ut
864 2041 1089 2110 proinde
1114 2041 1245 2096 viris
1269 2056 1331 2097 ea
1366 2051 1684 2111 tempestate
1710 2043 2094 2112 praestantibus

508 2129 672 2185 fuerit
716 2146 908 2202 magno
947 2133 999 2186 in
1040 2135 1211 2202 pretio
1257 2135 1473 2191 habitus
1511 2145 1564 2189 et
1591 2136 1815 2191 summis
1846 2136 2092 2190 laudibus

508 2231 718 2277 auctus.
748 2223 1055 2293 Cujusmodi
1084 2234 1208 2280 sunt
1228 2228 1402 2281 sancti
1426 2227 1704 2295 praesules,
1740 2227 1922 2295 Lupus
1951 2227 2088 2281 Tre-

514 2314 730 2381 censis,
789 2313 1132 2384 Euphronius
1177 2318 1717 2386 Augustodunensis,
1788 2318 2091 2388 Principius

508 2404 937 2473 Suessionensis,
976 2408 1251 2478 Remigius
1281 2409 1582 2475 Remensis,
1617 2411 1865 2467 Ruricius
1896 2412 2089 2468 Lemo-

509 2494 761 2561 vicensis,
783 2504 838 2550 ut
852 2497 986 2552 alios
1008 2507 1415 2567 praetereamus.
1434 2501 1757 2558 Claudianus
1776 2504 2081 2577 Mamertus,

507 2586 599 2654 qui
644 2601 771 2642 suos
807 2587 972 2643 libros
1014 2589 1077 2644 tle
1100 2590 1255 2647 Statu
1297 2592 1482 2647 anima:
1514 2597 1717 2650 auctori
1759 2609 1942 2652 nos1ro
1972 2609 2085 2655 tum

509 2676 847 2745 praefectorio
891 2680 1107 2745 dicavit,
1156 2682 1482 2753 in_epistola
1526 2690 1913 2757 nuncupatoria
1960 2706 2082 2746 eum

507 2782 662 2827 vocat
691 2771 763 2845 (f)
791 2774 1137 2831 doctissimum
1164 2786 1210 2832 et
1248 2780 1494 2851 optimum
1528 2783 1711 2845 virum,
1763 2784 2085 2857 potissimum

504 2864 836 2931 disertorum,
864 2869 1264 2924 eruditissimum
1289 2871 1512 2926 virorum
1540 2890 1601 2926 ac
1643 2877 1820 2929 veteris
1842 2877 2081 2945 eloquen-

504 2953 590 3008 tia:
617 2966 982 3023 reparatorem.
1034 2959 1100 3013 Et
1147 2960 1276 3015 alibi
1314 2962 1381 3017 ad
1420 2962 1593 3030 ipsum
1629 2965 1740 3033 jam
1770 2966 2079 3035 episcopum

498 3044 739 3100 scribens
771 3046 848 3116 (g)
880 3065 893 3100 :
930 3048 1088 3116 Cum,
1132 3050 1333 3120 inquit,
1381 3053 1771 3123 Scripturarum
1806 3057 2079 3111 caelestium

498 3137 741 3205 mysteria
754 3138 982 3202 rimaris,
1004 3156 1102 3208 quo
1126 3151 1172 3194 te
1197 3143 1477 3198 studiosius
1495 3146 1699 3212 imbuis,
1717 3164 1773 3200 eo
1796 3148 2077 3203 doctrinam

497 3227 695 3280 caeteris
723 3229 978 3295 copiosius
1000 3207 1250 3301 infundis.
1277 3231 1583 3291 Gennadius
1605 3207 1782 3291 autem
1801 3238 1867 3292 de
1884 3241 2072 3294 eodem
2101 3207 2149 3269 ο

496 3312 723 3369 Sidonio
750 3316 864 3370 haec
893 3317 1055 3373 habet
1084 3318 1165 3389 (ἡ)
1190 3336 1206 3374 :
1235 3320 1484 3376 Sidonius
1512 3323 1849 3379 Arvernomm
1878 3329 2078 3396 episco-

498 3422 593 3473 pus
620 3407 824 3477 scripsit
843 3412 1058 3481 variaget
1084 3419 1234 3481 grata
1257 3416 1523 3482 opuscula,
1557 3426 1605 3468 et
1630 3432 1769 3470 sana:
1806 3417 2073 3474 doctrinae.

498 3494 673 3550 Homo
694 3498 940 3566 siquidem
961 3509 1063 3554 tam
1084 3501 1267 3556 divinis
1286 3521 1439 3574 quam
1458 3505 1692 3559 humanis
1730 3508 1796 3561 ad
1822 3509 2077 3579 integrum

496 3589 740 3656 imbutus,
763 3606 977 3660 acerque
1002 3593 1299 3663 ingeniam.
1334 3596 1611 3651 catholicus
1637 3608 1798 3667 pater,
1825 3608 1869 3652 et
1898 3601 2076 3654 doctor

494 3682 709 3753 insignis
738 3683 977 3740 habetur.
1021 3684 1251 3741 Sanctus
1294 3687 1421 3742 item
1446 3687 1639 3743 Avitus
1663 3688 1979 3744 Viennensis
2005 3691 2074 3746 de

494 3773 788 3844 Apollinari
810 3774 1018 3830 Sidonii
1049 3776 1158 3832 filio
1196 3778 1356 3833 verba
1388 3777 1610 3845 faciens,
1644 3794 1870 3850 paterna:
1893 3781 2077 3850 facun-

493 3866 593 3920 dia:
619 3863 972 3938 (Sidoniante)
1004 3866 1236 3933 delicias,
1265 3881 1311 3923 et
1341 3872 1555 3938 ﬂumina
1580 3872 1800 3941 fontium
1828 3882 2072 3940 paterno-

492 3972 610 4009 rum
637 3957 849 4012 extollit
875 3955 972 4027 (i).
1023 3957 1126 4025 Qui
1166 3975 1352 4015 rursus
1388 3962 1455 4016 ad
1504 3965 1677 4032 ipsum
1704 3964 2069 4032 Apollinarem

495 4046 737 4102 scribens
764 4047 877 4119 (j):
910 4044 1015 4102 Hic
1044 4066 1194 4115 nunc,
1225 4051 1419 4122 inquit,
1459 4053 1589 4107 nihil
1624 4055 1777 4125 falso,
1821 4058 1949 4110 nihil
1986 4075 2073 4112 as-

490 4138 764 4192 sentatorie
789 4153 869 4192 me
890 4140 1061 4208 loqui,
1093 4157 1266 4195 coram
1298 4144 1585 4198 sinceritate
1618 4155 1782 4200 vestra
1818 4150 2072 4216 imprecor

491 4233 665 4280 testem
684 4225 873 4294 Deum,
900 4237 1095 4283 tantum
1124 4248 1202 4286 me
1227 4241 1314 4287 tuo
1333 4234 1546 4305 judicio‘
1564 4236 1888 4307 delectatum,
1914 4240 2069 4295 veluti

494 4320 535 4373 si
565 4322 771 4376 auribus
798 4323 973 4376 damni
994 4326 1090 4378 mei
1110 4328 1270 4396 patris
1292 4328 1367 4381 tui
1392 4327 1641 4399 (Sidonii)
1678 4333 1921 4386 meditata
1951 4349 2071 4388 con-

497 4409 676 4479 fessus,
699 4413 1044 4483 cujuscunque
1069 4416 1237 4471 laudis
1276 4416 1527 4473 momento
1556 4420 1647 4474 sub
1674 4438 1877 4477 censore
1906 4425 2069 4480 dona-

498 4517 592 4555 rer.
650 4501 941 4574 Gregorius
990 4507 1219 4578 denique
1269 4509 1596 4568 Turonensis
1643 4512 1743 4585 (k)
1781 4532 1795 4568 :
1836 4515 2064 4572 Sanctus

2197 1939 2457 1996 doctrina:
2480 1942 2658 1996 statim
2684 1942 3006 1996 eluceat.....
3033 1938 3215 2011 Neque
3243 1955 3371 1995 vero
3396 1939 3452 1995 in
3480 1939 3546 1995 iis
3573 1948 3773 1995 tantum

2197 2048 2318 2103 qua:
2354 2036 2609 2103 attentius
2655 2033 3012 2101 meditabatur
3061 2042 3117 2088 et
3157 2032 3488 2101 elaborabat,
3545 2043 3773 2103 quantus

2198 2132 2345 2180 esset
2363 2124 2634 2191 ostendit;
2681 2125 2776 2180 sed
2809 2127 2860 2179 in
2892 2124 3348 2194 extemporalibus
3380 2124 3542 2179 etiam
3581 2140 3772 2193 repen-

2198 2218 2430 2286 tinisqtte
2479 2217 2860 2288 scriptionibus
2892 2261 2908 2286 ,
2964 2231 3187 2285 quarum
3233 2216 3308 2271 illi
3364 2226 3471 2271 tam
3526 2227 3769 2286 prompta

2193 2309 2419 2366 facultas
2444 2320 2579 2375 erat,
2622 2319 2680 2364 ut
2709 2324 2815 2363 non
2846 2309 3100 2379 pauculos
3121 2307 3385 2363 duntaxat
3430 2321 3622 2364 versus
3662 2324 3767 2365 non

2194 2400 2482 2456 meditatos
2508 2400 2756 2455 funderet
2775 2415 2806 2455 e
2834 2399 3170 2468 vestigio.....
3203 2398 3298 2454 sed
3326 2398 3469 2469 justa
3500 2399 3767 2453 interdum

2194 2501 2426 2563 utroque
2473 2492 2727 2548 orationis
2777 2507 2975 2563 genere
3024 2490 3283 2563 opuscula
3337 2492 3451 2561 pari
3496 2491 3769 2548 celeritate

2193 2593 2610 2661 pertexeret.....
2661 2584 2924 2639 Caeterum
2978 2598 3099 2638 cum
3152 2583 3273 2637 talis
3322 2582 3468 2637 omni
3523 2598 3587 2637 ex
3621 2596 3768 2652 parte

2191 2686 2479 2747 tantusque
2518 2683 2661 2733 esset
2700 2676 2974 2742 Sidonius,
3026 2676 3253 2746 ejusque
3299 2676 3496 2747 scripta
3520 2677 3768 2731 omnibus

2190 2768 2417 2823 mirifice
2443 2770 2813 2837 probarentur,
2848 2769 2958 2838 ipse
2984 2784 3122 2823 unus
3149 2768 3217 2822 de
3242 2783 3301 2822 se
3329 2770 3539 2823 modice
3562 2770 3766 2826 sentire

2189 2876 2253 2916 ac
2300 2876 2485 2923 parum
2545 2861 2645 2916 sibi
2689 2874 3066 2930 usquequaque
3111 2859 3421 2915 satisfacere
3466 2859 3764 2943 videbatur.

2188 2953 2373 3023 Itaque
2403 2963 2458 3009 et
2483 2953 2643 3008 multa
2669 2952 2998 3022 suppressit,
3030 2960 3087 3008 et
3134 2951 3377 3021 quaedam
3426 2952 3673 3019 adorsus,
3712 2965 3765 3007 nt

2187 3048 2371 3103 Attila:
2414 3047 2634 3112 bellum,
2676 3047 2857 3116 Operis
2906 3056 3167 3115 pertaesus
3199 3046 3411 3115 abjeclt.
3472 3045 3761 3101 Historiam

2185 3149 2446 3207 praeterea
2470 3137 2552 3191 sui
2577 3136 2833 3206 temporis
2878 3132 2935 3191 ut
2965 3135 3229 3192 scriberet
3275 3135 3525 3191 hortante
3572 3136 3751 3191 Leone

2185 3230 2367 3284 Eurici
2415 3229 2555 3299 regis
2613 3228 2921 3284 consiliario
2982 3227 3331 3297 detrectavit,
3384 3242 3505 3283 cum
3555 3228 3754 3284 diceret

2183 3321 2422 3375 historiae
2443 3320 2741 3374 scribendae
2765 3319 3047 3375 consilium
3072 3319 3282 3375 clericis
3306 3319 3527 3374 minime
3560 3334 3759 3376 conve-

2183 3413 2323 3468 nire.
2350 3431 2368 3464 ι
2402 3412 2516 3467 Huc
2545 3426 2713 3481 usque
2745 3410 3083 3467 Sirmondus.

2253 3503 2363 3559 VlI.
2407 3502 2558 3571 Quod
2579 3512 2844 3573 superest,
2876 3517 2994 3558 eam
3012 3502 3423 3557 Sidonianorum
3446 3502 3755 3570 editionem,

2181 3597 2444 3652 Baunium
2472 3597 2645 3652 secuti
2675 3596 2799 3667 (nt),
2835 3596 2976 3667 typis
2998 3596 3401 3665 exprimendam
3445 3594 3756 3650 tradidimus

2178 3705 2337 3759 quam
2370 3688 2598 3758 ipsemet
2630 3689 2949 3744 Sirmondus
2974 3702 3182 3741 summa
3210 3687 3487 3756 diligentia
3513 3688 3754 3756 recogni-

2140 3840 2153 3852 ,
2179 3793 2289 3837 tam
2319 3790 2374 3837 et
2394 3782 2709 3836 illustratam
2731 3779 3013 3850 evulgavit.
3044 3778 3228 3849 Neque
3257 3789 3431 3848 tamen
3449 3792 3635 3833 eorum
3654 3780 3754 3832 ulla

2180 3875 2641 3943 praetermisimus,
2673 3873 2787 3928 sive
2813 3888 2932 3942 quae
2962 3874 3015 3927 in
3046 3871 3327 3941 posteiiori
3356 3872 3594 3927 editione
3614 3872 3755 3926 Labs

2176 3968 2311 4023 beus
2342 3981 2403 4022 ex
2437 3966 2707 4023 Sirmondi
2740 3965 2948 4021 schedis
2977 3966 3193 4033 adjecit,
3221 3967 3335 4020 sive
3368 3982 3488 4037 qua:
3515 3967 3756 4021 Sirmon-

2176 4060 2458 4115 dianorum
2488 4057 2660 4113 editor
2687 4072 2754 4112 ex
2781 4056 3147 4125 compluribus
3178 4065 3289 4110 tum
3318 4057 3478 4127 regis:
3503 4066 3613 4111 tum
3633 4056 3755 4111 Col-

2175 4153 2400 4209 bertinte
2426 4149 2760 4206 biblimhecae
2786 4165 2919 4205 mss.
2952 4149 3225 4204 codicibus
3244 4149 3310 4203 ad
3333 4149 3535 4205 Sidonii
3553 4158 3753 4204 textum

2175 4245 2582 4301 emaculandum
2612 4245 2771 4299 eruit.
2805 4242 3110 4313 Adjecimus
3139 4251 3398 4313 praeterea
3422 4244 3750 4299 observatio-

2175 4352 2271 4394 nes
2302 4337 2418 4392 illas
2456 4350 2591 4406 quas
2629 4337 2683 4390 in
2714 4335 2855 4390 idem
2893 4335 3177 4411 consilium
3215 4333 3463 4390 laudatus
3488 4335 3670 4391 editor
3699 4339 3753 4391 in

2172 4428 2488 4499 praefatione
2518 4428 2587 4482 ad
2627 4436 2827 4482 tomum
2856 4426 2879 4480 ι
2906 4427 3239 4483 collectionis
3269 4426 3660 4485 Sirmondiancc
3687 4444 3752 4483 ex

2173 4520 2336 4575 variis
2366 4518 2602 4572 virorum
2627 4516 2959 4573 eruditorum
2990 4518 3241 4585 operibus
3270 4519 3577 4588 descripsit.
3610 4519 3755 4573 Non-

496 4593 759 4664 Sidonius,
787 4599 881 4665 ait,
909 4610 1065 4656 tanta:
1100 4604 1360 4674 facundia:
1397 4616 1528 4673 erat,
1568 4616 1626 4662 ut
1654 4583 1963 4681 plerumque
2001 4630 2063 4668 ea:
2095 4583 2149 4643 Β
2175 4612 2318 4668 nulla
2372 4609 2602 4680 denique
2647 4608 2845 4665 alicubi
2880 4583 3289 4680 adnotavimus,
3329 4583 3486 4667 nobis
3533 4610 3753 4666 aliunde

486 4686 764 4755 improviso
784 4689 1181 4749 luculentissime
1209 4713 1324 4767 qua:
1344 4700 1601 4768 voluisset,
1630 4702 1774 4756 nulla
1797 4704 2063 4761 obsistente

486 4793 631 4834 mora
664 4794 1003 4851 componeret.
1054 4786 1237 4857 Neque
1286 4790 1444 4846 aliter
1485 4791 1554 4848 de
1589 4794 1828 4851 antistite
1871 4807 2060 4853 nostro

555 4949 836 5074 ﬁazinBaun.
869 4954 1083 5022 praefati
1097 4956 1164 5011 ad
1195 4967 1323 5012 tom.
1350 4959 1372 5013 Ι
1399 4975 1524 5031 opp.
1552 4961 1851 5032 Sirmond.,
1908 4963 1936 5030 ε
1970 4964 2059 5021 11Δ

488 5036 590 5078 Ιυυ
619 5036 686 5074 IIII
694 5060 707 5073 .
1636 5066 1639 5073 .

586 5093 634 5170 ὁ)
674 5089 867 5170 §aron.
896 5095 961 5170 ad
988 5111 1116 5170 ann.
1139 5097 1274 5170 βει,
1308 5098 1367 5170 §§
1392 5100 1512 5169 156,
1544 5105 1693 5159 159.-

584 5162 632 5235 c)
674 5163 941 5235 Qirmond.
975 5166 1039 5219 ad
1067 5167 1221 5232 epist.
1255 5162 1468 5235 iﬁTlib.
1500 5162 1576 5228 ix.

584 5232 637 5304 ιι)
681 5232 867 5304 .Sidon.
899 5237 1054 5304 epist.
1094 5237 1182 5301 12,
1213 5239 1302 5291 lib.
1330 5232 1406 5293 ix.
1546 5258 1555 5261 '

582 5301 629 5378 ς)
670 5300 1039 5378 φερεγαὶοοη.
1074 5307 1207 5361 Hist.
1246 5308 1431 5366 Fruuc.
1465 5314 1555 5369 lib.
1589 5329 1647 5378 ll,
1676 5328 1791 5369 cat).
1820 5313 1910 5368 2i.

582 5373 635 5446 f)
675 5372 967 5446 Claudiam,
988 5392 1120 5446 pag.
1151 5377 1275 5433 417.
1408 5416 1411 5417 ν

561 5441 642 5511 (g)
677 5440 766 5495 Id.
793 5445 949 5513 epist.
976 5440 1026 5515 f,
1050 5440 1170 5519 p'ag.
1198 5450 1325 5508 455.

2175 4703 2357 4772 petita.

2264 4963 2321 5036 It)
2358 4961 2594 5036 Gennad.
2623 4963 2691 5017 de
2719 4961 2832 5036 Vir.
2861 4960 3055 5036 illustr.
3078 4977 3197 5034 cap.
3230 4964 3319 5019 92.

2266 5033 2310 5099 il
2342 5035 2475 5087 Avit.
2511 5033 2652 5086 Vien.
2680 5034 2837 5097 epist.
2871 5034 2960 5087 58.

2258 5106 2310 5175 j)
2352 5103 2436 5175 I_d.
2469 5104 2625 5175 epist.
2658 5103 2748 5156 45.

2259 5171 2316 5246 'Ir)
2357 5171 2512 5246 ςι-εει.
2541 5173 2735 5246 ΤᾹιινρ-ῃ.
2773 5172 2915 5246 ljist.
2940 5172 3139 5246 Franc.
3172 5174 3265 5229 lib.
3299 5191 3355 5242 tt,
3382 5190 3498 5246 cap.
3524 5177 3594 5233 32

2264 5241 2323 5315 ll
2350 5242 2613 5315 Sirmond.
2647 5241 2750 5315 Vit.
2781 5241 2835 5296 S.
2859 5242 3072 5315 _Sidou.,
3105 5248 3209 5299 col.
3238 5241 3352 5315 seq.

2237 5245 2307 5379 ξι)
2350 5245 2613 5296 Sirmond.
2647 5245 2750 5295 Vit.
2781 5245 2835 5296 S.
2861 5245 3072 5307 Sidou.,
3105 5248 3209 5299 col.
3238 5261 3352 5315 seq.
3453 5245 3458 5246 ⁷

2165 5384 2176 5393 .
2223 5311 2333 5393 Lm)
2368 5310 2538 5367 Baun.
2571 5311 2778 5382 praefat.
2810 5313 2875 5368 ad
2911 5313 3181 5372 Sirmond.
3220 5331 3347 5387 opp.
3376 5326 3482 5371 tom
3514 5317 3553 5384 l,
3588 5318 3615 5388 ᾖ
3656 5318 3747 5389 il,

2164 5392 2336 5437 initio.
