4140 6336
350 359 437 414 Ui
1733 359 2217 419 BOLEGOAIENA.

361 476 2868 503 mm

1818 567 2070 638 VITA

1093 715 1205 827 S.
1306 714 1836 828 SIDONII
1923 708 2831 832 APOLLINARIS

1568 892 1612 942 Δ
1641 890 1963 943 SIRMONDO
1995 892 2356 944 ADORNA'I‘A.

398 1111 676 1167 Sidonium
707 1109 1039 1164 nobilissimo
1079 1109 1218 1161 inter
1256 1105 1436 1160 Gallos
1465 1119 1683 1175 genere,
1713 1120 1774 1159 ac
1806 1122 1896 1175 pa-
1927 1111 1978 1167 Α
2005 1107 2093 1162 diu
2133 1119 2307 1161 tamen
2360 1117 2541 1176 postea
2572 1117 2876 1177 superstes,
2925 1111 3230 1177 Aprunculo
3268 1126 3544 1167 successor

332 1212 408 1256 tre
428 1216 635 1270 avoque
656 1199 923 1270 praefectis
965 1197 1219 1269 praetorio
1241 1196 1531 1250 Galliarum
1564 1205 1742 1249 natum
1776 1211 1903 1250 con-

328 1304 452 1348 stat.
486 1293 562 1348 De
591 1293 759 1362 patria
781 1306 903 1346 cum
925 1291 1013 1344 alii
1035 1290 1243 1344 diversa
1271 1287 1522 1353 sentiant,
1551 1287 1665 1356 ipse
1695 1287 1900 1356 Lugdu-

327 1401 545 1440 nensem
575 1399 633 1439 se
663 1399 769 1440 non
811 1383 978 1438 semel
1002 1398 1100 1438 nec
1139 1381 1380 1436 obscuris
1406 1380 1586 1436 verbis
1610 1380 1895 1450 signiﬁcat.

326 1475 428 1532 Sed
457 1477 643 1530 crebra
675 1475 728 1529 in
772 1474 891 1543 ejus
916 1473 1067 1527 libris
1105 1473 1472 1527 Arvernorum
1505 1472 1726 1537 mentio,
1757 1472 1897 1540 apud

325 1583 457 1637 quos
504 1567 784 1636 conjugem
835 1566 1069 1635 primum
1117 1563 1260 1618 Aviti
1292 1565 1423 1632 imp.
1466 1562 1652 1629 ﬁliam,
1703 1562 1898 1617 deinde

324 1659 628 1715 cathedram
672 1658 1030 1727 episcopalem
1073 1657 1296 1711 sortitus
1342 1665 1445 1722 est,
1477 1656 1750 1710 nonnullis
1798 1671 1895 1709 an-

321 1769 432 1808 sam
457 1752 605 1808 dedit
629 1761 688 1806 ut
715 1753 1012 1805 Arvernum
1043 1751 1465 1819 suspicarentur.
1492 1749 1734 1818 Lugduni
1767 1765 1897 1818 ergo

322 1854 502 1912 natus,
536 1852 696 1913 atque
726 1843 961 1911 optimis,
993 1843 1182 1911 quibus
1213 1851 1321 1896 tum
1350 1843 1524 1896 adhuc
1560 1843 1754 1897 referta
1782 1852 1898 1898 erat

319 1937 519 2003 Gallia,
546 1935 845 1991 liberalium
873 1935 1068 1988 artium
1109 1949 1240 1988 usus
1269 1934 1561 2003 magistris,
1600 1935 1738 1990 inter
1764 1951 1897 2004 quos

319 2027 552 2082 Ennium
578 2028 629 2081 in
665 2027 909 2096 poeticis,
938 2025 1224 2079 Eusebium
1259 2026 1311 2078 in
1337 2025 1722 2095 philosOphicis
1749 2041 1897 2082 com-

316 2126 607 2185 memorat,
651 2123 772 2173 eain
808 2118 861 2172 in
892 2118 1141 2172 omnibus
1171 2127 1358 2173 natura
1381 2128 1434 2174 et
1463 2119 1641 2175 studio
1687 2121 1894 2175 laudem

315 2218 392 2266 est
449 2216 794 2275 consecutus,
828 2217 885 2262 ut
926 2208 1260 2264 eruditorum
1313 2209 1395 2263 sui
1441 2209 1537 2262 aevi
1568 2210 1746 2280 (quod
1786 2212 1896 2266 Ma-

312 2301 474 2355 merti
515 2299 792 2354 Claudiani
825 2300 892 2354 de
922 2299 1039 2365 ipso
1067 2300 1237 2369 elogia
1269 2300 1495 2367 docent)
1537 2301 1894 2368 peritissimus

312 2406 373 2445 ac
419 2390 811 2446 disertissimus
842 2389 1146 2444 haberetur.
1199 2390 1430 2445 Poetica:
1462 2393 1724 2461 imprimis
1750 2393 1890 2447 fama

2008 1215 2113 1256 non
2137 1203 2253 1257 sine
2282 1202 2461 1256 divina
2486 1204 2843 1270 prmsensione
2868 1203 3167 1271 designato,
3201 1206 3265 1258 ad
3295 1207 3416 1260 coeli
3443 1222 3572 1274 pra:-

2006 1293 2110 1346 mia
2133 1294 2362 1347 evolavit
2380 1309 2448 1346 xu
2469 1294 2720 1347 calendas
2749 1293 3097 1363 Septembris.
3123 1296 3222 1360 Qui
3244 1295 3358 1350 dies
3382 1298 3572 1350 eximio

2004 1385 2384 1438 anniversaria:
2414 1386 2578 1454 ipsius
2612 1386 2886 1441 memoria:
2912 1388 3050 1456 apud
3077 1389 3347 1442 Arvernos
3371 1388 3575 1442 dicatus

2004 1485 2107 1542 est,
2141 1484 2197 1530 et
2242 1477 2445 1530 tumulo
2474 1477 2760 1546 inscriptus
2789 1493 2910 1533 cum
2939 1479 3230 1548 epitapliio.
3260 1479 3480 1533 Liberos
3508 1495 3569 1532 ex

2005 1568 2303 1636 Papianilla
2330 1568 2557 1637 conjuge
2601 1578 2724 1625 ante
2767 1573 3130 1640 episcOpatum
3171 1581 3450 1640 susceptos
3488 1587 3571 1625 re-

2006 1659 2542 1729 liquitApollinarem
2566 1661 2753 1725 ﬁlium,
2774 1669 2827 1714 et
2849 1662 3100 1716 Rosciam
3131 1676 3193 1716 ac
3222 1662 3564 1717 Severianam

2003 1753 2155 1808 ﬁlias.
2181 1754 2381 1819 Ingenii
2412 1769 2537 1809 vero
2559 1755 2903 1820 monimenta,
2932 1757 3170 1825 quamvis
3199 1756 3299 1810 alia
3339 1757 3563 1825 plurima

2001 1846 2293 1913 scripserit,
2342 1845 2458 1901 haec
2505 1857 2615 1899 sola
2664 1861 2782 1915 qua!
2829 1856 3032 1902 restant
3062 1848 3255 1916 publici
3282 1849 3419 1917 juris
3450 1865 3568 1904 esse

2000 1939 2190 1992 voluit.
2217 1936 2276 1992 In
2298 1939 2489 2007 quibus
2517 1952 2669 2003 sane,
2701 1953 2795 1992 seu
2819 1949 2990 1994 metro
3019 1939 3229 2005 vinctis,
3257 1955 3350 1994 seu
3385 1941 3568 1994 liberis

2000 2045 2063 2085 ac
2083 2030 2296 2096 solutis,
2322 2029 2434 2085 sive
2466 2041 2650 2085 narret
2697 2040 2788 2084 aut
2838 2031 3078 2098 suadeat,
3114 2031 3227 2086 sive
3270 2032 3447 2087 laudet
3475 2043 3564 2085 aut

1999 2122 2286 2190 vituperet,
2319 2130 2373 2177 et
2402 2123 2757 2191 quodcunque
2803 2130 3171 2192 argumentum
3220 2131 3440 2184 tractet.
3475 2138 3569 2190 par

1999 2214 2052 2268 in
2075 2215 2323 2267 omnibus
2354 2213 2578 2268 felicitas
2613 2223 2668 2268 et
2703 2215 2878 2280 copia,
2929 2223 3089 2283 atque
3133 2229 3195 2268 ea
3227 2222 3337 2268 tum
3379 2216 3568 2267 verbo-

1998 2321 2148 2370 rum,
2196 2314 2304 2358 ttnn
2354 2306 2741 2359 sententiarum
2770 2305 3023 2367 varietas,
3054 2315 3109 2357 ut
3136 2306 3267 2358 mira
3310 2306 3362 2359 in
3394 2321 3458 2360 eo
3487 2306 3566 2358 vis

1997 2399 2196 2468 ingenii
2224 2406 2279 2451 et
2307 2399 2626 2452 abundantia
2664 2399 2910 2467 quaedam
2950 2398 3209 2453 doctrinm
3238 2401 3414 2453 statim
3452 2399 3563 2453 elu-

309 2483 516 2546 clarus,
568 2499 674 2537 non
723 2483 895 2537 solum
945 2483 1085 2553 apud
1137 2485 1371 2552 aequales
1427 2485 1652 2550 amicos,
1707 2502 1888 2541 verum
1924 2489 1971 2548 Β
1998 2500 2138 2547 ceat.
2170 2492 2284 2556 Qua
2320 2491 2510 2560 opinor
2545 2491 2705 2544 ﬁebat
2738 2499 2796 2545 ut
2825 2490 2999 2545 doctis
3028 2491 3188 2546 etiam
3241 2491 3414 2545 aetatis
3456 2506 3566 2544 su:e

309 2576 476 2631 etiam
517 2575 655 2644 apud
707 2577 971 2644 principes
1010 2578 1154 2645 ipsos
1204 2577 1254 2630 in
1300 2577 1470 2645 pretio
1503 2578 1618 2631 fuit.
1652 2578 1886 2645 Quorum

308 2675 544 2729 alterum
596 2673 870 2728 declarant
923 2674 1158 2727 omnium
1209 2687 1463 2742 generum
1513 2674 1888 2743 epigrammata

305 2778 354 2822 et
384 2767 656 2830 carmina,
685 2780 802 2835 quae
847 2765 1138 2819 amicorum
1188 2774 1371 2833 rogatu
1423 2766 1584 2819 variis
1615 2766 1682 2819 de
1729 2768 1889 2821 rebus

305 2858 708 2914 ofﬁciosissime
745 2857 992 2925 scripsit;
1024 2858 1253 2911 alterum
1279 2867 1386 2911 tres
1413 2857 1742 2928 panegyrici,
1774 2858 1892 2926 qui-

306 2953 402 3007 bus
458 2953 670 3006 Avitum
720 2965 988 3014 socerum,
1034 2949 1406 3019 Majorianum.
1449 2957 1503 3002 et
1548 2949 1889 3004 Anthemium

303 3045 582 3112 Augustos
609 3040 821 3110 publice
845 3039 1101 3104 laudavit,
1133 3038 1629 3106 benevolentiaeque
1657 3055 1685 3093 a
1707 3042 1891 3110 singu-

303 3135 368 3188 lis
401 3133 638 3188 fructum
667 3131 808 3187 tulit.
839 3131 972 3186 Nam
995 3141 1046 3185 et
1076 3129 1260 3185 Romae
1283 3139 1512 3186 statuam
1540 3133 1678 3185 inter
1700 3142 1886 3202 poetas

302 3229 406 3285 sub
460 3229 617 3284 Avito
666 3227 719 3282 in
748 3227 847 3282 fori
881 3225 1096 3296 Trajani
1144 3226 1464 3281 bibliotheca
1513 3226 1725 3289 meruit,
1759 3237 1812 3282 et
1855 3241 1891 3283 a

302 3321 763 3390 Majoriano,cum
785 3321 1054 3376 circenses
1084 3320 1236 3375 daret
1259 3321 1493 3386 Arelate,
1528 3322 1751 3376 solemni
1772 3321 1889 3390 ejus

301 3413 472 3482 epulo
500 3413 640 3467 inter
664 3411 954 3468 honoratos
975 3411 1244 3467 adhibitus
1275 3419 1378 3477 est,
1405 3422 1566 3480 atque
1598 3428 1627 3465 a
1657 3414 1884 3483 Satyraa,

299 3505 467 3574 cujus
497 3499 931 3565 insimulabatur,
956 3501 1153 3556 invidia
1199 3503 1453 3570 singulari
1499 3503 1746 3571 exemplo
1773 3503 1889 3556 vin-

299 3595 546 3649 dicatus.
567 3592 648 3646 Ab
679 3591 967 3646 Anthemio
994 3591 1244 3658 denique,
1263 3600 1381 3658 post
1398 3592 1710 3644 comitivam
1728 3591 1886 3644 alias-

298 3697 417 3752 que
449 3680 639 3750 quibus
659 3689 881 3734 ornatus
904 3688 1058 3734 antea
1082 3679 1255 3732 fuerat
1280 3678 1585 3747 dignitates,
1607 3680 1889 3746 praefectus

298 3771 446 3828 Urbi
475 3779 708 3835 creatus,
738 3778 896 3839 atque
928 3771 1207 3839 patricius,
1241 3770 1493 3824 familiam
1527 3784 1700 3833 suam,
1730 3784 1886 3836 quam

1997 2584 2337 2648 hominibus,
2388 2584 2534 2638 velut
2582 2582 2797 2637 Ruricio
2847 2583 3236 2648 Lemovicensi,
3288 2583 3566 2639 obscurior

1994 2685 2152 2744 atque
2184 2676 2475 2744 interprete
2520 2689 2678 2742 egere
2723 2674 3075 2742 judicaretur.
3104 2673 3287 2743 Neque
3339 2689 3468 2729 vero
3513 2675 3563 2727 in

1995 2766 2060 2820 iis
2109 2774 2314 2820 tantum
2349 2779 2467 2834 qua:
2495 2767 2750 2819 attentius
2788 2765 3146 2820 meditabatur
3175 2775 3227 2820 et
3255 2767 3565 2822 elaborabat

1992 2866 2224 2928 quantus
2257 2868 2398 2913 esset
2422 2855 2677 2921 ostendit,
2709 2855 2804 2910 sed
2835 2857 2886 2909 in
2920 2858 3370 2924 extemporalibus
3399 2859 3560 2912 etiam

1995 2949 2397 3017 repentinisque
2418 2945 2816 3013 scriptiouibus.
2832 2947 3063 3013 Quarum
3083 2948 3161 3001 illi
3185 2960 3289 3001 tam
3320 2959 3561 3018 prompta

1994 3039 2219 3096 facultas
2251 3046 2388 3099 erat,
2428 3043 2486 3089 ut
2529 3052 2637 3090 non
2667 3039 2924 3106 pauculos
2954 3038 3210 3091 duntaxat
3239 3017 3434 3093 versus
3457 3017 3560 3091 non

1992 3130 2280 3185 meditatus
2330 3121 2577 3183 funderet
2619 3144 2650 3184 e
2689 3128 2940 3198 vestigio,
2968 3129 3124 3195 quale
3152 3128 3246 3184 fuit
3276 3129 3558 3184 distichum

1990 3238 2099 3293 quo
2126 3224 2342 3293 Satyraz
2390 3220 2709 3274 calumniam
2753 3219 3070 3289 deprecatus
3111 3230 3194 3275 est
3221 3220 3359 3290 apud
3391 3221 3558 3289 Majo-

1990 3315 2226 3380 rianum,
2269 3323 2321 3370 et
2352 3315 2578 3368 alterum
2609 3312 2937 3383 reciprocum
2967 3328 3074 3381 quo
3106 3313 3231 3366 lusit
3262 3313 3315 3367 in
3353 3323 3558 3368 torren-

1992 3413 2120 3470 tem,
2151 3414 2244 3459 aut
2277 3405 2649 3459 tetrasticltum
2693 3404 2834 3474 quod
2876 3405 2928 3458 in
2977 3404 3275 3459 Philematii
3331 3406 3556 3474 gratiam

1989 3494 2332 3561 composuit;
2367 3495 2460 3548 sed
2509 3495 2652 3564 justa
2704 3494 2970 3548 interdum
3025 3503 3249 3563 utroque
3305 3495 3562 3551 orationis

1989 3600 2186 3654 genere
2211 3587 2467 3652 opuscula
2500 3587 2612 3655 pari
2640 3585 2920 3640 celeritate
2948 3594 3271 3653 pertexeret.
3291 3586 3558 3654 Ejusmodi

1994 3681 2136 3734 enim
2187 3679 2284 3733 fuit
2312 3679 2503 3733 concio
2558 3678 2929 3743 Bituricensis,
2985 3693 3142 3746 quam
3189 3679 3372 3745 paucis
3418 3679 3562 3732 horis

1991 3769 2235 3833 dictavit,
2265 3779 2321 3822 et
2351 3769 2800 3822 Anacreonticum
2825 3782 3061 3834 carmen,
3087 3768 3227 3836 quod
3254 3769 3560 3838 Burdegalaa

295 3863 697 3932 praefectoriam
725 3877 754 3914 a
786 3862 1077 3930 majoribus
1105 3861 1409 3928 acceperat,
1452 3861 1685 3915 reddidit
1721 3861 1883 3930 patri-
1915 3859 1960 3922 (ἶ
1991 3860 2042 3915 in
2076 3859 2218 3915 Petri
2252 3860 2444 3914 librum
2489 3859 2725 3925 magistri
2774 3859 3114 3928 cpistolarum
3170 3859 3345 3914 subito
3387 3863 3559 3929 profe-

296 3961 468 4014 ciam.
501 3957 630 4012 .Nec
676 3957 846 4012 multo
895 3965 1014 4025 post
1066 3956 1315 4010 defuncto
1366 3956 1726 4009 Arvernorum
1777 3957 1889 4024 epi-

294 4065 472 4119 scopo
518 4048 804 4116 Eparehio,
836 4047 889 4102 in
942 4048 1060 4116 eius
1105 4046 1300 4127 locup,
1333 4047 1574 4115 quamvis
1625 4047 1881 4110 renitens,

293 4152 351 4197 et
402 4140 641 4196 nondum
706 4139 971 4205 clericus,
1017 4137 1274 4192 sulIectus
1327 4145 1429 4192 est.
1473 4138 1626 4203 Quod
1688 4154 1882 4192 munus

292 4251 513 4304 summa
539 4249 658 4288 cum
712 4232 974 4286 modestia
1016 4239 1345 4298 susceptura,
1379 4231 1491 4300 pari
1522 4245 1640 4283 cum
1681 4229 1882 4283 sancti-

296 4340 410 4382 tate
442 4341 506 4379 ac
545 4324 833 4392 vigilantia,
882 4321 1262 4375 turbidissimis
1310 4319 1663 4390 temporibus.
1705 4320 1880 4372 maxi-

292 4436 526 4490 masque
559 4422 693 4473 inter
723 4416 1067 4472 difﬁcultates
1097 4424 1208 4469 tum
1238 4414 1467 4482 privatas
1501 4421 1610 4466 tum
1644 4412 1881 4481 publicas

292 4511 713 4569 administravit.
774 4508 1010 4562 Primum
1057 4506 1199 4560 enim
1247 4504 1486 4558 obsessis
1545 4520 1637 4570 per
1677 4504 1880 4558 Gothos

293 4604 583 4667 Arvernis,
627 4601 848 4655 diutina:
896 4599 1279 4665 acerrimazque
1317 4595 1728 4664 oppugnationis
1766 4610 1880 4647 tuo-

291 4696 487 4751 lestias
520 4692 766 4762 pertulit;
798 4689 992 4744 deinde
1025 4689 1243 4744 redacto
1273 4702 1342 4740 ex
1367 4687 1576 4754 nepotis
1605 4688 1747 4755 Aug.
1784 4686 1879 4740 fm-

289 4790 425 4844 dere
452 4788 507 4840 in
540 4786 770 4840 hostium
803 4791 1122 4852 potestatem
1149 4781 1360 4848 oppido,
1391 4783 1458 4832 ab
1490 4780 1570 4832 his
1605 4794 1701 4847 per
1731 4780 1877 4846 lega-

291 4878 458 4934 tionis
486 4877 720 4945 speciem
757 4875 1024 4942 relegatus
1050 4871 1354 4939 aliquandiu
1384 4869 1632 4923 exsulare
1661 4877 1878 4922 coactus

290 4977 396 5023 est.
429 4967 572 5021 Tum
602 4967 712 5019 suis
745 4962 958 5017 tandem
989 4959 1395 5023 redditus,cum
1425 4961 1475 5012 in
1509 4958 1669 5012 ofﬁcii
1695 4974 1875 5012 curam

293 5064 568 5124 intentus,
598 5059 795 5113 nullam
835 5059 973 5111 inter
1000 5055 1260 5110 barbaros
1291 5053 1477 5121 optimi
1506 5053 1737 5122 pastoris
1760 5067 1878 5120 par-

288 5165 398 5211 tem
431 5155 729 5216 omitteret,
773 5167 834 5205 ac
880 5149 1134 5220 singulari
1184 5149 1236 5202 in
1283 5160 1471 5200 omnes
1522 5145 1870 5214 benignitate,

1991 3968 2137 4017 rens,
2166 3969 2286 4008 cum
2317 3952 2528 4007 eximiis
2569 3951 2711 4006 illius
2743 3953 2919 4006 saeculi
2952 3952 3121 4021 poetis
3151 3952 3434 4018 Domnulo,
3465 3953 3559 4009 Se-

1989 4047 2210 4102 veriano
2263 4058 2424 4115 atque
2463 4044 2772 4113 Lampridio
2805 4045 3123 4098 decertavit.
3153 4046 3256 4100 Sed
3291 4061 3554 4112 nunquam

1987 4140 2115 4209 quid
2149 4139 2199 4192 iu
2229 4139 2332 4192 hoc
2361 4152 2557 4206 genere
2590 4147 2769 4205 posset
2806 4138 3004 4191 clarius
3032 4137 3225 4192 enituit
3250 4154 3406 4208 quam
3437 4155 3553 4194 cum

1985 4232 2258 4286 subtracto
2286 4230 2410 4295 sibi,
2447 4237 2502 4282 ut
2532 4238 2612 4283 est
2633 4230 2771 4297 apud
2815 4229 3127 4296 Gregorium
3159 4231 3553 4295 Turonensetn,

1986 4323 2126 4378 inter
2178 4337 2326 4376 sacra
2368 4321 2548 4376 libello
2579 4337 2644 4376 ex
2675 4337 2780 4387 quo
2813 4322 3038 4376 recitare
3067 4332 3439 4386 consueverat,
3479 4334 3555 4377 to-

1986 4424 2092 4468 tam
2124 4413 2472 4468 nihilominus
2513 4413 2860 4468 dicendorum
2890 4413 3086 4468 seriem
3111 4416 3353 4481 apposite
3381 4430 3443 4468 ac
3475 4416 3552 4468 lu-

1982 4507 2226 4561 culenter
2254 4506 2528 4572 explicuit.
2552 4505 2818 4559 Caeterum
2849 4521 2970 4559 cum
2995 4506 3116 4560 talis
3142 4509 3288 4559 omni
3309 4521 3374 4561 ex
3407 4517 3553 4574 parte

1985 4609 2267 4667 tantusque
2300 4608 2441 4652 esset
2487 4597 2764 4658 Sidonius,
2814 4598 3036 4666 ejusque
3082 4599 3277 4665 scripta
3309 4599 3551 4652 omnibus

1982 4690 2208 4744 miriﬁce
2242 4690 2628 4754 probarentur,
2658 4688 2772 4754 ipse
2803 4702 2938 4739 unus
2965 4688 3034 4741 de
3074 4702 3133 4739 se
3175 4688 3382 4740 modice
3431 4703 3548 4739 sen-

1985 4782 2085 4835 tire
2131 4796 2194 4833 ac
2223 4795 2407 4846 parum
2454 4777 2557 4831 sibi
2600 4791 2977 4844 usquequaque
3003 4778 3311 4832 satisfacere
3340 4777 3552 4832 videba-

1983 4884 2087 4927 tur.
2133 4871 2313 4938 Itaque
2339 4878 2395 4924 et
2436 4871 2622 4935 multa,
2667 4878 2726 4922 ut
2757 4869 2954 4922 dictum
2998 4877 3101 4934 est,
3135 4871 3450 4938 suppressit,
3500 4884 3551 4926 et

1980 4963 2223 5033 quaedam
2255 4963 2502 5027 adorsus,
2535 4970 2590 5014 ut
2622 4960 2798 5015 Attilae
2838 4961 3060 5026 bellum,
3090 4964 3266 5030 operis
3296 4972 3552 5030 perttcsm

1982 5053 2201 5121 abiecit.
2222 5051 2506 5106 Historiam
2538 5061 2794 5119 praeterea
2826 5052 2907 5105 sui
2936 5053 3191 5119 temporis
3213 5061 3268 5105 ut
3291 5053 3547 5106 scriberet

1985 5146 2238 5200 hortante
2262 5145 2463 5210 Leone,
2503 5144 2682 5199 Eurici
2709 5146 2849 5215 regis
2871 5145 3198 5205 consiliario.
3214 5145 3550 5206 detrectavit,

289 5249 567 5317 prmcipua
600 5247 648 5298 in
677 5260 874 5313 egenos
923 5227 1310 5306 munificentia,
1344 5240 1611 5294 neminem
1653 5239 1767 5304 ipse
1795 5240 1872 5292 l-l-
1903 5223 1956 5282 Ι)
1985 5251 2106 5290 cum
2155 5236 2360 5294 diceret
2407 5234 2642 5289 historite
2691 5233 2988 5289 scribenda:
3036 5235 3316 5288 consilium
3360 5233 3554 5288 clerico

287 5347 554 5401 cesseret,
604 5338 916 5391 aemulorum
967 5344 1169 5398 tamen,
1195 5342 1250 5387 ut
1292 5346 1408 5385 mos
1446 5340 1547 5394 est,
1584 5332 1634 5384 in
1665 5346 1722 5384 se
1752 5331 1884 5404 odia.

286 5431 630 5489 concitavit:
676 5431 900 5485 duorum
952 5427 1204 5483 videlicet
1250 5427 1686 5496 presbyterorum
1715 5467 1728 5488 ,
1784 5428 1869 5494 qui

286 5524 439 5579 omni
466 5523 718 5577 Ecclesi:e
749 5537 858 5576 suae
881 5528 1146 5589 potestate
1180 5534 1274 5586 per
1302 5533 1564 5571 summam
1595 5528 1872 5570 contume-

288 5617 416 5670 liam
454 5623 694 5678 exutum,
740 5604 789 5667 in
821 5612 1083 5666 maximas
1111 5624 1292 5664 rerum
1324 5608 1559 5661 omnium
1596 5608 1871 5675 angustias

288 5710 657 5776 conjecerunt.
679 5707 784 5763 Sed
817 5706 1119 5761 diuturnam
1151 5718 1270 5758 eam
1303 5702 1508 5755 cladem
1539 5716 1660 5753 esse
1691 5700 1868 5752 divina

290 5803 422 5857 ultio
450 5816 607 5866 passa
639 5811 867 5858 nonest.
892 5803 946 5856 ln
978 5801 1243 5866 integrum
1274 5812 1401 5863 ergo
1423 5796 1732 5859 restitutus,
1767 5809 1864 5849 nec

1984 5329 2204 5384 minime
2233 5328 2541 5382 convenire.
2576 5332 2752 5397 Atque
2782 5330 2894 5381 hare
2923 5327 3036 5381 fere
3060 5328 3260 5392 omnia,
3281 5328 3554 5398 multoque

1936 5438 1939 5441 '
1979 5426 2140 5480 etiam
2171 5423 2320 5491 plura
2345 5422 2413 5476 de
2436 5421 2658 5476 Sidonio
2680 5421 2886 5475 discere
2918 5420 3041 5474 licet
3065 5437 3128 5475 ex
3154 5422 3280 5488 ipsis
3302 5421 3552 5488 operibus

1983 5517 2306 5571 Sidonianis.
2364 5514 2567 5567 Colitur
2595 5520 2772 5566 autem
2825 5512 2961 5578 apud
3012 5514 3306 5578 Arvernos,
3340 5523 3396 5565 ut
3442 5512 3550 5579 jam

1981 5623 2191 5677 quoque
2218 5606 2546 5664 monuimus.
2577 5613 2717 5657 stato
2759 5604 2844 5657 die
2881 5605 3092 5673 ritttqne
3122 5616 3427 5658 sanctorum
3456 5621 3555 5660 ttu-

1981 5715 2130 5754 mero
2157 5697 2397 5766 praeclari
2424 5695 2676 5750 antistitis
2710 5697 2984 5756 memoria,
3007 5696 3356 5764 religioseque
3377 5701 3546 5750 asser-

1984 5809 2177 5847 vantur
2207 5807 2356 5848 sacra
2403 5803 2522 5859 ejus
2569 5803 2687 5843 ossa
2719 5792 2771 5843 in
2804 5788 3019 5846 basilica
3073 5789 3390 5853 Genesiana,
3439 5805 3552 5860 quo
