4140 6336
366 416 473 475 448

1637 404 2114 469 EPISTOLARUM
2143 406 2280 469 ΜΒ.
2321 412 2343 469 l

3518 419 3625 480 NG

366 530 601 590 minibus
627 529 909 585 illustrium
933 527 1249 585 feminarum
1279 524 1438 598 digna
1477 523 1828 585 similitudine
1854 540 1948 584 ex-
1973 534 2027 594 Α
2050 532 2467 606 significaretur.
2494 538 2673 607 Pareo,
2693 542 2884 615 libens,
2915 543 2967 601 in
3002 552 3259 616 quantum
3298 544 3351 617 3
3379 543 3629 614 epistola-

368 626 581 699 pressit.
633 626 852 696 Propter
900 622 1041 697 quod
1090 624 1238 679 illum
1278 620 1464 680 caeteri
1506 623 1753 696 quique.
1781 625 1951 682 Fron-

363 722 746 787 tonianorum,
794 727 974 789 utpote
1024 726 1437 776 consectaneum
1498 718 1776 786 tumulati,
1829 734 1952 776 cum

372 823 717 873 "reternorum
757 810 970 868 dicendi
1000 826 1167 883 genus
1204 810 1531 876 imitaretur,
1570 820 1844 868 oratorum
1882 807 1956 867 si-

364 906 531 964 aliam
574 911 1034 975 nuncupaverunt.
1065 901 1091 942 ι’
1130 903 1333 974 Quibus
1371 902 1621 961 omnibus
1666 919 1800 976 ego,
1848 904 1953 962 im-

366 1015 525 1058 mane
559 999 707 1055 dictu
743 1007 857 1066 est,
886 1006 1141 1069 quantum
1183 1011 1397 1069 semper
1439 994 1646 1069 judicio
1675 1012 1797 1055 meo
1835 1012 1953 1055 ces-

372 1094 559 1160 serim,
600 1102 963 1164 quantumque
1005 1092 1327 1148 servandam
1377 1092 1601 1164 singulis
1645 1091 1957 1165 pronuntia-

371 1186 569 1252 verim,
596 1194 896 1255 temporum
935 1198 1153 1241 suorum
1179 1180 1601 1257 meritorumque
1644 1184 1957 1259 prmrogati-

375 1292 517 1333 vam.
564 1276 671 1333 Sed
700 1274 905 1333 scilicet
951 1276 1047 1332 tibi
1087 1276 1277 1347 parui,
1316 1285 1526 1350 tuasque
1575 1279 1958 1336 examinationi

374 1368 469 1424 bas
500 1382 607 1424 non
651 1367 1004 1424 recensendas
1035 1367 1161 1440 (hoc
1189 1369 1331 1424 enim
1371 1384 1557 1441 parum
1589 1369 1719 1441 est),
1746 1366 1839 1427 sed
1866 1369 1960 1427 dc-

376 1462 666 1529 fazcandas,
699 1468 759 1518 ut
786 1460 970 1527 aiunt,
1004 1460 1369 1534 limandasque
1397 1462 1666 1530 commisi,
1700 1464 1878 1520 sciens
1909 1475 1959 1522 te

378 1554 724 1612 immodicum
775 1567 896 1610 esse
943 1552 1207 1611 fautorem
1261 1570 1368 1610 non
1418 1554 1721 1612 studiorum
1775 1556 1959 1623 modo,

377 1665 563 1707 verum
587 1648 747 1705 etiam
768 1647 1151 1705 studiosorum.
1174 1647 1531 1719 Quamobrem
1558 1664 1658 1706 nos
1680 1664 1819 1705 nunc
1843 1665 1963 1721 per-

378 1760 539 1817 quam
583 1740 984 1799 hrcsitabundos
1028 1741 1082 1798 in
1117 1740 1222 1797 hoc
1262 1738 1513 1814 deinceps
1554 1742 1710 1799 fama:
1745 1743 1963 1816 pelagus

381 1837 633 1909 impellis.
665 1836 831 1893 Porro
859 1846 1037 1892 autent
1068 1850 1231 1908 super
1258 1835 1566 1908 huiusmodi
1596 1837 1852 1908 opusculo
1884 1846 1965 1893 tu-

2056 629 2131 685 ris
2160 626 2351 701 pagina
2389 630 2544 700 sinit,
2573 631 2795 692 laudans
2824 637 2877 693 in
2909 645 2961 696 te
3001 646 3109 695 tam
3147 637 3390 696 delicata:
3428 636 3629 695 sollici-

2059 721 2256 779 tudinis
2286 722 2683 796 lngenuitatcm.
2733 726 2897 801 Igitur
2938 730 3020 787 vir
3067 739 3150 787 est
3197 738 3253 787 et
3289 730 3396 789 illis
3440 728 3631 802 dignus

2059 817 2272 889 agnosci
2299 819 2387 891 qui
2431 836 2553 877 eum
2603 821 2781 879 minus
2825 822 3160 881 familiariter
3202 821 3517 881 intuentur:
3560 821 3634 879 ita

2060 926 2342 982 personam
2370 927 2521 969 suam
2556 913 2695 971 Deus
2733 913 2934 971 arbiter
2970 922 3024 973 et
3061 915 3217 983 ratio,
3264 926 3470 973 naturae
3507 929 3636 971 cun-
3666 970 3669 971 ν

2058 1013 2338 1062 summatm
2368 1003 2633 1063 felicitatis
2662 1006 2787 1064 dote
2814 1007 3039 1077 sociata,
3070 1008 3496 1065 cumulaverunt.
3526 1005 3637 1063 Mo-

2061 1114 2150 1158 res
2169 1109 2347 1156 autem
2377 1100 2767 1171 hujuscemodi,
2791 1109 2851 1158 ut
2875 1100 3120 1157 laudibus
3140 1115 3328 1158 eorum
3347 1101 3368 1139 '
3405 1099 3539 1157 nihil
3568 1114 3636 1157 ne

2061 1194 2209 1266 regni
2240 1194 2454 1266 quidem
2499 1194 2777 1252 defraudet
2813 1194 3030 1252 invidia.
3062 1193 3121 1251 Si
3147 1192 3319 1250 forma
3348 1200 3638 1265 queratur,

2062 1300 2288 1357 corpore
2313 1295 2525 1355 exacto,
2557 1286 2881 1359 longissimis
2907 1286 3143 1354 brevior,
3171 1284 3469 1357 procerior,
3508 1284 3641 1341 emi-

2065 1380 2379 1450 nentiorque
2421 1379 2798 1438 mediocribus.
2845 1377 3048 1450 Capitis
3090 1392 3226 1450 apex
3274 1376 3557 1443 rotundus,
3587 1376 3640 1432 in

2064 1487 2170 1544 quo
2202 1470 2474 1542 paululum
2497 1487 2526 1526 a
2556 1472 2780 1545 planitie
2812 1471 2999 1528 frontis
3029 1471 3084 1527 in
3113 1469 3368 1527 verticem
3393 1468 3643 1525 casaries

2066 1561 2249 1635 refuga
2289 1563 2574 1632 criSpatur.
2603 1564 2797 1621 Cervix
2827 1579 2935 1621 non
2978 1562 3129 1621 sedet
3157 1561 3356 1620 nervis.
3390 1558 3645 1616 Geminos

2067 1654 2228 1712 orbes
2254 1654 2497 1726 hispidus
2525 1656 2933 1727 superciliorum
2959 1665 3181 1712 coronat
3216 1667 3393 1711 arcus.
3423 1651 3483 1708 Si
3518 1666 3646 1708 vero

2069 1752 2191 1809 cilia
2218 1752 2524 1820 ﬂectantur,
2556 1751 2622 1809 ad
2653 1753 2820 1809 malas
2846 1752 3047 1809 medias
3069 1749 3440 1823 palpebrarum
3465 1760 3648 1817 margo

2070 1858 2238 1916 prope
2274 1844 2543 1915 pervenit.
2576 1853 2599 1892 ε
2632 1844 2857 1901 Aurium
2902 1843 3111 1915 legulae,
3143 1843 3280 1899 sicut
3312 1855 3429 1898 mos
3474 1838 3649 1911 gentis

380 1931 486 1988 tius
516 1928 963 1998 conticueramus,
988 1928 1224 1986 contenti
1258 1938 1279 1967 ο
1304 1943 1553 1987 versuum
1578 1928 1787 1989 felicius
1808 1945 1964 2001 quam
2000 1923 2047 1985 B
2075 1942 2187 2005 est,
2221 1935 2243 1970 υ
2283 1933 2512 1992 crinium
2558 1934 3011 2007 superiacentium
3053 1934 3273 2007 ﬂagellis
3318 1931 3647 2003 operiuntur.

382 2024 608 2098 peritius
668 2023 933 2080 editorum
996 2022 1295 2094 opinione,
1346 2023 1414 2081 de
1488 2039 1587 2095 qua
1646 2023 1775 2081 mihi
1824 2024 1967 2095 jam-

384 2118 595 2191 pridem
626 2116 676 2172 in
707 2125 863 2188 portu
900 2114 1087 2188 iudicii
1130 2116 1359 2189 publici,
1404 2126 1524 2189 post
1568 2116 1851 2176 lividorum
1893 2119 1969 2175 la-

385 2218 621 2266 tratuum
637 2208 829 2281 scyllas
842 2207 1169 2279 enavigatas,
1195 2208 1509 2266 sufficientis
1529 2210 1715 2283 gloriae
1735 2211 1965 2269 anchora

386 2301 560 2359 sedet.
589 2299 694 2358 Sed
722 2301 767 2357 si
797 2308 852 2356 et
896 2301 1042 2357 hisce
1075 2300 1438 2359 deliramentis
1479 2301 1772 2373 genuinum
1803 2304 1972 2361 mola-

388 2410 504 2452 rem
534 2392 731 2450 iuvidia
774 2409 882 2450 non
926 2393 1129 2464 fixerit,
1159 2403 1396 2452 actutum
1443 2395 1540 2453 tibi
1575 2411 1606 2451 a
1635 2395 1794 2455 nobis
1819 2397 1973 2454 volu-

390 2488 537 2545 mina
566 2487 935 2544 numerosiora
975 2488 1303 2559 percopiosis
1341 2489 1669 2548 scaturentia
1708 2491 1972 2549 sermoci-

394 2582 700 2646 nationibus
724 2582 1230 2654 multiplicabuntur.
1260 2584 1410 2641 Vale.

879 2720 889 2728 ο
949 2684 1283 2743 EPISTULA
1322 2686 1387 2742 ll.

705 2754 951 2812 Sidonius
978 2753 1006 2793 ἀ
1035 2758 1288 2829 Agricolas
1314 2774 1405 2813 suo
1433 2759 1668 2815 salutem.

470 2834 852 2922 S‘l‘ﬂl‘hmero
905 2849 1239 2922 postulavisti
1282 2859 1370 2918 ut,
1425 2851 1550 2924 quia
1594 2860 1618 2890 ⁸
1658 2851 1978 2911 Theodorici

399 2944 540 3015 regis
579 2943 874 3000 Gothorum
914 2944 1253 3001 commendat
1299 2946 1509 3017 populis
1560 2945 1699 3003 fama
1752 2949 1979 3007 civilita-

404 3048 539 3105 tem,
568 3035 760 3093 litteris
789 3035 883 3092 tibi
914 3036 1102 3093 formze
1131 3052 1243 3123 sua:
1271 3040 1562 3109 quantitas,
1595 3042 1718 3097 vitae
1750 3044 1981 3114 qualitas

2075 2024 2248 2083 Nasus
2287 2027 2663 2085 venustissime
2712 2028 2982 2085 incurvus.
3036 2026 3208 2084 Labra
3255 2026 3501 2094 subtilia,
3551 2039 3650 2081 nec

2076 2119 2313 2177 dilatatis
2351 2120 2463 2177 oris
2496 2120 2705 2191 angulis
2730 2120 3004 2192 ampliata.
3029 2120 3087 2177 Si
3127 2132 3254 2177 casu
3296 2118 3535 2175 dentium
3564 2131 3653 2173 se-

2078 2214 2185 2271 ries
2211 2213 2456 2269 ordinata
2483 2214 2809 2284 promineat,
2839 2214 3050 2270 niveum
3086 2212 3329 2283 protinus
3355 2222 3655 2280 repracsen-

2080 2314 2156 2362 tat
2204 2306 2461 2363 colorem.
2503 2305 2632 2363 Pilis
2670 2303 2805 2361 infra
2844 2306 3052 2361 narium
3089 2312 3242 2361 antra
3282 2301 3653 2360 fruticantibus

2080 2397 2389 2470 quotidiana
2432 2395 2682 2454 succisio.
2714 2397 2882 2453 Barba
2912 2397 3162 2453 concavis
3214 2395 3352 2451 hirta
3401 2392 3655 2463 tempori-

2081 2491 2203 2561 bus,
2232 2505 2394 2562 quam
2428 2489 2484 2546 in
2512 2488 2724 2547 subdita
2751 2490 2929 2546 vultus
2960 2496 3113 2560 parte
3147 2494 3453 2558 surgentem
3480 2484 3657 2555 stirpi-

2086 2593 2170 2639 tus
2199 2591 2383 2640 tonsor
2404 2582 2655 2638 assiduus
2681 2596 2845 2653 genas
2864 2581 2932 2639 ad
2958 2595 3123 2651 usque
3149 2577 3436 2649 forpicibus
3457 2575 3659 2635 evellit.

2085 2675 2279 2742 Menti,
2330 2673 2592 2746 gutturis,
2638 2673 2764 2731 colli
2813 2688 2920 2731 non
2965 2672 3148 2740 obesi,
3189 2671 3284 2728 sed
3331 2667 3661 2734 succulenti,

2086 2768 2256 2825 lactea
2285 2769 2458 2835 cutis,
2498 2782 2621 2836 qua:
2662 2765 2881 2837 propius
2924 2765 3165 2836 inspecta
3209 2762 3432 2833 juvenili
3472 2759 3665 2817 rubore

2082 2860 2430 2920 suffunditur.
2468 2859 2708 2931 Namque
2737 2858 2880 2917 hunc
2926 2858 3002 2917 illi
3051 2857 3246 2915 crebro
3276 2855 3516 2912 colorem
3560 2865 3666 2909 non

2087 2953 2194 3021 ira,
2228 2954 2325 3013 sed
2354 2951 2676 3011 verecundia
2707 2951 2856 3009 facit.
2885 2951 3108 3007 Teretes
3136 2947 3376 3012 humeri,
3405 2945 3564 3001 validi
3595 2944 3668 2999 la-

2092 3047 2256 3115 certi,
2283 3045 2417 3100 dura
2462 3044 2716 3111 brachia,
2750 3042 2944 3115 patulae
2985 3056 3195 3108 manus,
3226 3040 3513 3096 recedente
3551 3036 3669 3090 alvo

406 3215 559 3270 libros
579 3213 947 3296 pulcherrimos
971 3213 1200 3296 scripsit,
1218 3222 1280 3296 et
1306 3216 1396 3285 qui
1416 3215 1591 3296 dictus
1613 3225 1687 3270 est
1715 3217 1866 3296 signia
1900 3218 1983 3272 sui
2010 3217 2055 3282 C
2092 3233 2252 3289 gnum
2285 3218 2528 3296 adeptus.
2558 3219 2722 3289 Hujus
2744 3232 2871 3290 ergo
2893 3216 3068 3296 adhuc
3093 3211 3394 3296 superstitis
3423 3211 3667 3279 formam,

405 3285 662 3357 temporis,
690 3285 827 3356 quod
853 3294 1036 3340 cuncta
1062 3285 1292 3340 inritatus
1313 3294 1463 3342 esset.
1487 3286 1685 3342 Jullum
1715 3286 1980 3344 Titianum

405 3356 892 3428 utroquegnomine
932 3364 1087 3410 vocat
1129 3359 1313 3428 etiam_
1331 3358 1597 3414 Ausonius
1637 3358 1704 3414 ad
1748 3359 1981 3415 Probum

405 3422 563 3497 epist'.
597 3422 694 3493 16;
737 3425 936 3483 Iulium
977 3435 1244 3497 oratorem
1275 3426 1623 3483 Cassiodorus
1663 3429 1754 3485 lib.
1783 3446 1799 3485 l
1835 3432 1979 3486 Divi-

406 3496 594 3553 narum
628 3496 1138 3567 lttstitutionum25.
1162 3496 1325 3566 Cujus
1350 3498 1563 3567 quidem
1593 3501 1737 3553 varia
1767 3500 1984 3555 fuerunt

407 3582 733 3639 cpera,_qu:e
756 3566 823 3639 ab
844 3566 1072 3639 antiquis
1093 3566 1444 3639 scriptoribus
1464 3578 1951 3639 commemorantur
1969 3588 1984 3624 :

407 3635 466 3694 ut
495 3636 617 3709 libri
637 3635 1047 3709 Provinciaan
1066 3676 1087 3709 ,_
1111 3648 1204 3690 seu
1228 3635 1685 3709 Cosmographite,
1717 3653 1745 3692 a
1773 3638 1988 3709 Capito-

409 3710 542 3771 lino,
584 3708 768 3762 Servio
790 3716 844 3761 et
870 3704 1218 3776 cassic‘idoro;
1238 3704 1697 3776 fabulce'IE'sopim
1724 3709 1790 3763 ab
1814 3704 1987 3763 A'uso-

410 3782 530 3840 nio;
563 3777 682 3832 libri
713 3777 780 3832 de
810 3774 1144 3845 Agricultura
1170 3790 1201 3829 a
1235 3774 1515 3842 Diomede;
1545 3774 1674 3832 artis
1705 3776 1990 3835 rhetoricae

409 3848 786 3921 prrrceptauab
829 3845 1089 3921 lsidoro;_
1117 3847 1349 3921 themata
1396 3846 1683 3921 _Virgiliana
1726 3862 1754 3901 a
1780 3849 1991 3921 δεῖνῑο

412 3916 626 3976 eodeni.
665 3917 915 3973 Sidonius
945 3916 1046 3971 hoc
1075 3916 1194 3971 loco
1222 3916 1475 3986 epistolas
1498 3916 1664 3973 etiam
1705 3933 1734 3974 a
1778 3916 1993 3975 Titiano

412 3991 583 4046 editas
626 3986 915 4060 significat;
969 4001 1073 4041 non
1121 3983 1308 4060 veras,
1348 3983 1647 4060 'sed_fictas
1688 3988 1993 4045 nominibus

414 4058 693 4116 illustrium
720 4060 1066 4126 feminarum,
1094 4058 1281 4129 quales
1310 4066 1435 4114 sunt
1456 4058 1629 4115 Ovidii
1656 4074 1773 4130 quae
1806 4060 1993 4118 lleroi-

417 4131 541 4186 dum
570 4138 958 4201 nuncupantur.
1030 4196 1033 4201 η

486 4212 512 4240 η
540 4197 874 4257 Βεεῐαιοῖνυηι
898 4197 1131 4255 Cornelii
1165 4199 1470 4269 Frontonis,
1495 4199 1586 4269 qui
1618 4199 1862 4270 princeps
1890 4199 1989 4255 fuit

416 4282 688 4327 oratorum
718 4272 799 4345 sui
830 4270 1136 4345 smculi,r&
1166 4278 1369 4345 πρῷτα,
1399 4279 1456 4325 ut
1485 4280 1566 4345 est
1597 4271 1649 4326 in
1679 4270 1860 4345 Dio_n_is
1881 4272 1993 4340 epi-

418 4356 580 4418 tome,
607 4351 707 4400 τῶν
734 4343 845 4418 τρτε
876 4344 1127 4418 ἰξωίθαὶων
1157 4340 1219 4395 ἐν⁷
1242 4340 1405 4418 distat;
1442 4342 1728 4418 φερᾷμςνος.
1762 4342 1993 4418 Diversa:

418 4416 561 4469 enim
610 4428 703 4482 per
752 4410 1216 4481 singulaS'mtates
1262 4410 1472 4482 fuerunt
1501 4410 1989 4482 philosophorum,

419 4481 721 4555 poetarum,
735 4492 1014 4555 oratorum
1037 4491 1205 4555 secth
1219 4490 1271 4537 et
1286 4481 1523 4555 familias.
1551 4481 1616 4555 Ut
1641 4484 1807 4555 igitur,
1824 4494 1994 4555 poeta:

423 4550 509 4609 alii
561 4552 873 4625 Virgiliani,
920 4550 1336 4625 aliiMOvidiani,
1385 4561 1440 4607 et
1490 4550 1863 4625 iurisconsulti
1901 4554 1992 4609 alii

2093 3282 2296 3352 inm-cs.
2326 3282 2565 3346 aclioncs
2592 3282 2780 3345 omnes
2804 3282 3059 3358 graphice
3087 3282 3361 3358 describit.

2166 3359 2186 3400 ί
2222 3362 2337 3418 Hoc
2360 3360 2537 3429 addit,
2573 3362 2695 3431 quia
2726 3352 3018 3431 rarnm'cst
3047 3365 3104 3413 ut
3134 3354 3411 3431 principes
3440 3352 3552 3409 suis
3592 3352 3671 3431 in:

2089 3432 2185 3489 visi
2229 3448 2337 3487 non
2382 3424 2758 3503 sintJSbneca
2788 3428 3073 3503 g'l‘hyeste:
3125 3424 3300 3481 Simul
3344 3424 3443 3503 ista
3491 3426 3670 3478 mundi

2090 3504 2322 3558 conditor
2349 3503 2515 3569 possit
2544 3499 2702 3567 Deus,
2731 3494 2905 3555 odiuni
2929 3508 3077 3567 atquc
3100 3512 3331 3569 regnum.
3359 3494 3547 3569 Cicero
3575 3511 3670 3569 pro

2092 3574 2284 3627 Flacco
2309 3590 2322 3624 :
2444 3570 2641 3626 Facem
2681 3565 2941 3624 civitatum
2991 3565 3116 3637 quid
3157 3565 3228 3621 est
3270 3565 3477 3640 negotii
3501 3565 3671 3640 conci-

2091 3645 2235 3696 tare?
2263 3644 2317 3695 in
2348 3636 2461 3695 51m
2490 3642 2773 3711 prmsertint
2797 3641 2883 3709 qui
2912 3636 3072 3703 nuper
3097 3652 3295 3691 summa
3315 3650 3431 3688 cum
3462 3636 3670 3704 imperio

2094 3714 2280 3779 fuerit,
2316 3710 2510 3763 summo
2554 3720 2721 3763 autem
2761 3710 2814 3762 in
2857 3724 3028 3761 amore
3072 3722 3178 3760 esse
3225 3713 3430 3774 propter
3489 3720 3672 3759 nomen

2091 3784 2256 3852 ipsum
2284 3781 2482 3850 imperii
2507 3796 2609 3852 non
2636 3779 2886 3852 potuerit?
3272 3844 3303 3852 η
3388 3799 3397 3807 ο

2168 3862 2193 3899 8
2223 3844 2374 3906 Notae
2415 3859 2538 3903 sunt
2567 3844 2745 3920 ligula:
2775 3852 2825 3902 in
2869 3844 3341 3920 menmévasculis‘
3376 3853 3545 3920 instar
3574 3858 3669 3897 co-
3736 3852 3749 3867 ‘

2094 3922 2410 3977 chlearium.
2442 3915 2714 3975 Alind'est
2738 3920 3008 3983 cochlear,
3046 3916 3187 3973 aliud
3219 3915 3376 3985 ligula
3404 3931 3416 3967 :
3453 3915 3545 3968 sed
3578 3929 3674 3969 nos

2094 3992 2253 4048 hodie
2292 3990 2588 4046 cochlearia
2623 4004 2897 4055 vocamus,
2939 4004 3057 4058 quas
3100 3986 3277 4057 ligula:
3316 3993 3440 4058 sunt
3476 3987 3672 4058 verius.

2093 4064 2175 4119 Ab
2222 4065 2407 4119 harum
2452 4061 2798 4117 similitudine
2840 4055 3049 4115 aurium
3092 4055 3297 4127 legulas
3335 4055 3501 4119 dixit,
3542 4056 3665 4127 quia

2094 4148 2273 4189 curva:
2300 4143 2356 4189 et
2379 4147 2523 4188 cavas
2551 4140 2702 4197 sunt;
2735 4130 3023 4201 lolliginum
3050 4126 3176 4185 item
3207 4127 3398 4201 ligulas
3419 4126 3669 4201 eamdem

2094 4205 2164 4258 ob
2191 4218 2408 4259 causam
2441 4196 2696 4270 Apuleius
2725 4220 2736 4254 :
2767 4210 2823 4257 nt
2848 4196 3066 4267 contra,
3096 4196 3265 4257 lienis
3285 4196 3521 4270 regulam
3549 4197 3674 4270 alibi

2093 4273 2345 4330 Sidonius
2368 4283 2422 4328 ct
2448 4268 2690 4329 Alcimus
2721 4273 2905 4329 Avitus
2935 4274 3212 4334 dixerunt,
3247 4268 3408 4337 patuli
3437 4277 3491 4323 et
3518 4269 3671 4325 recti.

2098 4345 2206 4401 Nec
2264 4345 2439 4399 minus
2494 4342 2766 4413 eleganter
2821 4344 3139 4399 Severianus
3182 4338 3537 4413 Calgalensis,
3583 4340 3671 4405 qui

2099 4416 2400 4484 cymbalum
2426 4409 2643 4469 auribus
2671 4415 2855 4471 tribuit
2879 4413 3107 4484 homilia
3129 4413 3163 4467 5
3200 4411 3252 4465 in
3284 4409 3649 4484 Hexaemeron

2096 4480 2147 4542 'li
2170 4490 2291 4547 ἀκοή
2320 4484 2438 4562 ἔχει
2456 4491 2547 4562 τὴν
2576 4494 2788 4562 χρῆσιν
2816 4485 2937 4562 χιι
2964 4491 3054 4544 τήν
3070 4480 3227 4562 fidus.
3244 4481 3310 4536 Τὸ
3335 4482 3437 4562 γὰρ
3457 4481 3671 4553 «aptari-

2095 4579 2242 4628 μενον
2283 4553 2536 4627 κνᾷϐσιλον
2574 4553 2759 4628 uenisti
2785 4553 3319 4628 τόζῶονηίιθειιιιιπι
3349 4559 3528 4628 autem
3579 4563 3674 4627 pro

420 4618 803 4715 Cassianiia‘iii
830 4622 1170 4715 Proculiani:
1193 4622 1268 4705 sic
1289 4618 1536 4715 oratores
1558 4638 1618 4677 ea
1644 4623 1995 4715 mlalg-F‘I‘Oti-
2024 4618 2259 4715 D'ligula
2297 4618 2596 4696 agnoscunt
2634 4618 2794 4680 etiam
2835 4624 3123 4694 glossaria,
3150 4618 3286 4689 qua
3328 4618 3551 4692 ανστρόν
3594 4618 3674 4670 in-

421 4696 622 4777 toniani
644 4694 781 4777 dicti
800 4736 815 4761 ,
845 4694 933 4777 qui
961 4694 1246 4777 Frontonis
1266 4691 1995 4777 'imitationetn‘profiteban-

423 4778 531 4831 tur,
564 4776 617 4820 et
644 4759 876 4820 Festiani
907 4764 1151 4831 fortasse,
1192 4764 1281 4832 qui
1315 4764 1569 4817 Postumii
1618 4759 1780 4817 Festi.
1827 4763 1993 4818 Vetus
2041 4759 2053 4775 “

422 4837 719 4903 inscriptio,
750 4834 1013 4903 Pastumio
1043 4833 1243 4888 Titiano
1260 4833 1732 4903 oratorilproncpoti
1757 4840 1805 4885 et
1833 4844 1991 4887 secta-

421 4910 520 4961 tort'
548 4902 624 4962 Μ.
656 4902 905 4961 Pestumii
930 4902 1072 4959 Fosi
1100 4904 1338 4957 oratoris.

496 4977 521 5016 ιι
552 4978 665 5032 Non
691 4978 862 5031 solum
890 4974 1157 5040 Ciceroni,
1182 4988 1363 5028 verum
1391 4974 1553 5029 etiam
1577 4972 1746 5028 Plinio
1767 4981 1822 5028 et
1845 4970 1995 5041 Sym-

424 5051 635 5103 macho.
673 5047 752 5103 Ad
783 5047 902 5102 illos
938 5048 1079 5101 enim
1110 5044 1277 5108 redit,
1312 5052 1428 5113 post
1456 5058 1518 5099 ea
1563 5059 1680 5114 qua:
1708 5042 1776 5099 de
1820 5040 1993 5097 Fron~

424 5121 660 5174 tnnianis
706 5116 946 5173 inseruit.
992 5114 1101 5172 Etsi
1146 5113 1343 5185 sentio,
1385 5113 1593 5185 inquit,
1629 5129 1784 5185 quam
1826 5114 1997 5185 impar

424 5191 532 5245 illis
572 5189 820 5244 omnibus
863 5189 996 5253 sim,
1040 5186 1129 5255 qui
1175 5184 1426 5255 epistolas
1459 5182 1589 5239 snas
1616 5182 1995 5255 superioribus

428 5262 636 5316 smcnlis
660 5258 959 5323 ediderunt,
990 5254 1085 5313 tibi
1113 5254 1286 5311 tamen
1320 5255 1499 5325 parui,
1526 5266 1580 5311 et
1613 5254 1709 5309 has
1738 5269 1883 5310 meas
1910 5256 1998 5311 vel

430 5333 583 5387 fama:
612 5329 845 5396 periculo
870 5329 1042 5384 emisi.

501 5414 522 5441 ο
561 5393 949 5471 llincapparet
979 5408 1220 5468 poemata
1249 5395 1456 5453 Sidonii
1505 5393 1838 5471 ltaudopaulo
1876 5405 2001 5452 ante

429 5474 683 5544 epistolas
704 5470 758 5544 in
782 5470 1188 5544 lucemgexii‘sse=

496 5543 521 5581 ἀ
559 5541 765 5598 Sidonii
797 5542 1024 5608 sororio,
1063 5538 1367 5610 Papianilla:
1394 5537 1578 5595 uxoris
1604 5537 1785 5606 fratri,
1818 5546 1877 5594 ut
1902 5536 1998 5594 do-

424 5615 569 5670 chit
596 5612 819 5683 epistola
834 5612 940 5683 ίη,
965 5610 1060 5683 lib.
1087 5626 1144 5665 ll.

501 5695 524 5722 ο
554 5677 811 5737 iunioris.
832 5682 947 5736 Duo
977 5681 1117 5737 enim
1148 5678 1300 5747 hujus
1321 5678 1552 5736 nominis
1572 5677 1995 5748 Vesogothorum

427 5757 479 5810 in
507 5754 675 5809 Gallia
715 5768 865 5823 reges
897 5752 1145 5806 fuerunt:
1184 5750 1331 5823 prior
1356 5748 1539 5823 Vallia:
1572 5764 1872 5823 successor,
1905 5749 1996 5819 qui

427 5827 480 5881 in
510 5840 683 5896 pugna
708 5820 1048 5896 Catalaunica
1074 5822 1356 5896 occubuit:
1387 5820 1523 5878 alter
1548 5821 1663 5891 ejus
1691 5821 1853 5888 filius,
1878 5829 1999 5888 post

428 5888 768 5951 Τιιὸνῖειηοίιί
808 5893 986 5948 fratris
1011 5888 1243 5957 cuidem,
1277 5898 1415 5947 anno
1443 5907 1471 5947 a
1513 5888 1683 5961 pugna
1717 5896 1873 5946 tertio
1900 5907 1991 5945 re-

2105 4706 2491 4765 terprctantnr.

2168 4754 2205 4803 h'
2225 4766 2461 4819 Gothicae
2486 4763 2658 4833 gentis
2689 4761 2929 4833 mosfuit
2948 4772 3238 4833 caesariem
3267 4754 3666 4833 discriminare,

2097 4848 2257 4905 atque
2284 4825 2515 4905 implexa
2540 4833 2764 4905 crinium
2808 4830 3016 4895 ﬂagella
3049 4831 3362 4905 inaures-et
3401 4834 3547 4905 terga
3577 4825 3676 4880 d'e-

2098 4897 2333 4962 mittere.
2360 4897 2594 4959 lsidorus
2608 4902 2883 4967 Originum
2905 4916 3060 4955 xxnx:
3085 4897 3366 4953 Nonnulla:
3389 4904 3559 4965 gentes
3578 4911 3676 4949 nou

2095 4977 2262 5031 solum
2288 4976 2343 5029 iu
2372 4973 2606 5036 uestibus,
2635 4974 2724 5027 sed
2753 4982 2797 5026 et
2824 4973 2877 5026 in
2908 4986 3116 5040 corpore
3140 4970 3312 5030 aliqua
3339 4967 3433 5040 sibj
3463 4981 3672 5034 propria
3744 4980 3753 4989 ·

2096 5048 2240 5116 quasi
2275 5045 2497 5117 insignia
2525 5034 2810 5117 uindicant,
2838 5051 2894 5117 ut
2932 5034 3156 5117 videmus
3187 5040 3363 5117 cirros
3384 5034 3671 5117 Germanu-

2099 5107 2241 5181 rnm,
2277 5107 2461 5187 gravior
2503 5125 2548 5169 et
2580 5115 2823 5169 cinnabar
2854 5112 3156 5187 Gothorum.
3187 5109 3288 5187 tibi
3318 5108 3491 5183 cirros
3521 5107 3678 5187 intel:

2104 5188 2208 5256 ligo
2229 5176 2501 5241 in'nodum
2526 5194 2737 5256 coactos
2756 5201 2768 5238 :
2787 5185 2927 5254 quod
2952 5182 3225 5256 proprium“
3244 5178 3573 5256 Suevorum,
3586 5176 3676 5256 qui

2102 5247 2357 5326 majorem
2384 5254 2682 5312 Germania:
2712 5247 2913 5326 pariem
2940 5247 3282 5326 obtinebant,
3317 5249 3524 5326 insigne
3551 5247 3674 5326 facit

2102 5317 2318 5383 Tacitus
2344 5344 2359 5382 :
2389 5340 2583 5396 granos
2610 5317 2738 5381 vero
2778 5324 2890 5381 lucc
2936 5330 3048 5396 ipsa
3093 5320 3319 5396 crinium
3352 5317 3677 5396 ﬂ_agella__de

2103 5398 2296 5469 quibus
2335 5388 2417 5454 et"
2435 5397 2670 5467 synodus
2716 5388 3230 5469 Braearensis,_cum
3274 5389 3345 5469 d_e_
3389 5388 3678 5469 lectoribus

2104 5458 2286 5540 cavet,
2315 5486 2380 5525 uc
2407 5458 2590 5540 graues
2617 5467 2802 5540 gentili
2834 5466 2936 5540 ritu
2973 5462 3248 5540 dimittant.
3292 5460 3381 5540 Sic
3415 5458 3558 5514 enim
3601 5458 3677 5514 le-

2104 5532 2335 5610 gendum
2364 5532 2511 5610 rc'cte
2536 5532 2739 5610 monuit
2764 5535 2978 5610 Garaias
3007 5533 3242 5604 Loaysa;
3271 5532 3367 5610 sed
3396 5545 3675 5610 perperam

2103 5599 2430 5678 Exposuitde
2448 5617 2597 5665 veste
2616 5609 2746 5662 Iaica
2764 5614 2817 5678 et
2835 5603 3086 5678 oblonga,
3106 5599 3228 5678 cum
3251 5617 3313 5657 ex
3338 5599 3466 5678 ipsis
3490 5599 3676 5678 lsidori

2104 5669 2287 5737 verbis
2307 5678 2505 5750 liqueat
2523 5676 2802 5750 granos_ad
2822 5669 3236 5750 vestes'rninime
3258 5669 3546 5750 pertinere.
3559 5669 3678 5750 Cri-

2105 5752 2250 5806 nium
2286 5743 2446 5820 porro
2480 5743 2684 5820 ﬂagella
2708 5746 2933 5820 Francis
2962 5745 3162 5820 etiam,
3198 5744 3341 5820 regis
3375 5743 3674 5820 praesertim

2103 5822 2273 5891 stirpe
2288 5813 2459 5891 "natis,
2487 5813 2673 5875 in'usu
2700 5816 2862 5891 fuisse
2884 5816 3081 5872 docent
3116 5814 3372 5891 Agatbiaa
3408 5813 3678 5891 lib._v,_et

2106 5881 2395 5959 Gregorius
2420 5881 2748 5946 Turonensis
2777 5887 2870 5941 lib.
2899 5902 2977 5951 vi,
3010 5903 3126 5955 cap.
3154 5881 3253 5948 94,
3294 5893 3349 5938 at
3374 5882 3493 5938 aliis
3521 5881 3675 5936 locis.
