4140 6336
359 444 463 507 H9
1631 434 1934 498 EPISTOLt

2036 442 2115 498 JM
2156 436 2283 498 LIB.
2325 441 2344 498 ι
3510 443 3618 509 6ὅο

359 564 627 632 irascitur,
647 563 699 617 in
719 562 959 631 utrisque
980 559 1406 630 philosophatur.
1434 558 1705 614 Secundus
1729 559 1931 615 fastidit
1957 565 2005 623 Α
2036 560 2134 614 bus
2165 576 2270 616 non
2304 562 2479 616 minus
2516 563 2714 619 mulcet
2744 565 2911 620 virtus
2942 579 3176 621 nmmum
3222 579 3380 635 quam
3424 572 3616 622 cantus

359 658 438 712 vel
473 655 679 719 timere,
712 653 795 708 vel
830 652 1040 707 facere:
1071 666 1296 722 quarum
1326 651 1749 720 opportunitates
1787 666 1938 721 sper-

358 748 437 803 nit
465 745 699 811 oblatas,
746 743 937 797 transit
977 743 1271 814 oppositas.
1325 726 1451 798 Siue
1482 752 1628 798 motu
1668 744 1934 810 evaditur,

361 840 474 896 sine
499 836 728 893 colludio
754 834 955 891 evadit.
1002 835 1165 890 Putes
1194 834 1342 891 illum
1369 843 1425 891 et
1453 834 1507 891 in
1540 835 1761 891 calculis
1788 850 1936 891 arma

366 937 610 987 tractare.
655 927 777 984 Sola
803 935 886 984 est
910 926 986 982 illi
1013 941 1139 982 cura
1168 927 1436 983 vincendi.
1476 929 1534 1000 θ
1572 927 1709 983 Cum
1740 928 1930 984 luden-

358 1024 484 1078 dum
528 1031 646 1088 est,
693 1023 892 1092 regiam
939 1030 1238 1090 sequestrat
1276 1022 1537 1090 tantisper
1563 1014 1934 1090 severitatem,

355 1112 603 1168 hortatur
646 1111 713 1167 ad
755 1112 960 1181 ludum,
1006 1112 1329 1181 libertatem,
1372 1115 1932 1183 communionemque.

356 1204 543 1261 Dicam
564 1204 704 1276 quod
742 1205 949 1258 sentio:
981 1203 1130 1259 timet
1149 1204 1348 1259 timeri.
1378 1204 1618 1274 Denique
1638 1204 1939 1259 oblectatur

355 1297 718 1353 commotione
750 1296 1026 1365 superati:
1078 1304 1135 1351 et
1174 1304 1302 1352 tunc
1340 1296 1558 1351 demum
1613 1295 1786 1351 credit
1834 1296 1937 1353 sibi

359 1404 467 1445 non
506 1389 734 1445 cessisse
769 1388 1027 1458 collegam
1050 1429 1064 1452 ,
1108 1403 1231 1443 cum
1276 1389 1436 1443 fidem
1481 1389 1667 1445 fecerit
1698 1390 1938 1444 victoriae

357 1496 470 1535 suae
496 1482 620 1537 bilis
644 1482 837 1536 aliena.
882 1480 1142 1551 Quodque
1176 1481 1396 1546 mirere,
1428 1496 1571 1551 saepe
1609 1481 1697 1536 illa
1729 1481 1935 1548 laetitia,

355 1570 596 1626 minimis
620 1570 987 1626 occasionibus
1009 1570 1249 1635 veniens,
1276 1570 1570 1641 ingentium
1600 1571 1935 1641 negotiorum

354 1662 550 1717 merita
611 1660 866 1715 fortunat.
929 1660 1079 1717 Tunc
1128 1661 1471 1731 petitionibus
1517 1663 1608 1717 ditt
1672 1671 1795 1718 ante
1844 1677 1941 1733 per

356 1752 777 1824 patrociniorum
811 1750 1079 1821 naufragia
1108 1751 1338 1821 jactatis,
1370 1752 1720 1806 absolutionis
1747 1752 1938 1807 subitte

352 1848 545 1914 portus
566 1846 820 1915 aperitur.
849 1843 1002 1900 Tunc
1022 1844 1182 1899 etiam
1206 1857 1305 1913 ego
1332 1843 1535 1913 aliquid
1560 1844 1938 1900 obsecraturus

2036 652 2293 707 auditum.
2344 654 2477 708 Cum
2511 657 2834 721 surrexerit,
2882 657 3097 711 inchoat
3125 664 3413 712 nocturnas
3441 657 3614 713 aulica

2037 760 2164 814 gaza
2192 747 2493 809 custodias,
2539 748 2727 801 armati
2774 750 2935 817 regiae
2977 749 3169 804 domus
3205 749 3440 804 aditibus
3483 748 3616 803 assi-

2038 848 2213 908 stunt,
2256 841 2449 909 quibus
2481 841 2626 895 hora:
2654 840 2811 909 primi
2842 840 3053 908 soporis
3080 840 3458 910 vigilabuntur.
3503 840 3608 895 Sed

2034 930 2145 1001 jam
2176 930 2300 1002 quid
2334 946 2481 987 meas
2508 928 2648 986 istud
2680 931 2744 985 ad
2770 933 2819 1002 ’1
2845 941 3044 1000 partes,
3077 934 3167 1000 qui
3197 934 3292 988 tibi
3331 933 3613 989 indicanda

2038 1039 2146 1078 non
2194 1024 2359 1080 multa
2406 1024 2474 1080 de
2518 1039 2705 1094 regno,
2754 1024 2850 1079 sed
2880 1038 3048 1093 pauca
3077 1025 3144 1079 de
3186 1040 3313 1097 rege
3353 1025 3618 1096 promisi?

2038 1112 2211 1171 Simul
2256 1125 2309 1170 et
2352 1116 2491 1187 stylo
2534 1116 2693 1171 finem
2726 1115 2841 1171 fieri
2869 1114 3062 1171 decet:
3097 1117 3221 1185 quia
3248 1125 3303 1171 et
3329 1124 3384 1171 tu
3415 1132 3618 1187 cogno-

2039 1221 2193 1263 scere
2235 1207 2334 1263 viri
2383 1223 2491 1263 non
2540 1208 2767 1279 amplius
2808 1222 2965 1277 quam
3006 1206 3179 1263 studia
3229 1222 3617 1279 personamque

2038 1300 2277 1367 voluisti,
2308 1309 2362 1355 et
2388 1316 2485 1369 ego
2516 1316 2622 1356 non
2651 1300 2952 1367 historiam,
2976 1298 3071 1356 sed
3098 1300 3376 1370 epistolam
3404 1298 3619 1357 efficere

2042 1391 2245 1446 curavi.
2278 1390 2427 1446 Vale.

2594 1482 2931 1539 EPISTOLA
2971 1481 3061 1538 Jll.

2325 1573 2573 1629 Sidonius
2593 1572 2623 1613 ιι
2644 1573 2946 1628 Philimatio
2974 1590 3068 1629 suo
3094 1574 3331 1628 salutem.

2112 1664 2132 1719 l
2164 1678 2335 1730 nunc,
2367 1673 2422 1719 et
2454 1664 2663 1734 legibus
2699 1680 2786 1720 me
2814 1666 3045 1721 ambitus
3076 1665 3457 1735 interrogatum
3490 1676 3512 1705 ε
3536 1680 3619 1722 se-

2041 1767 2168 1812 natu
2207 1771 2393 1823 move,
2441 1772 2536 1812 cur
2581 1756 2943 1826 adipiscendae
2990 1755 3230 1827 dignitati
3272 1757 3621 1812 hereditaria:

2040 1848 2185 1903 euris
2234 1845 2581 1916 pervigilibus
2632 1847 2974 1902 incumbam:
3020 1843 3047 1883 ἀ
3089 1846 3174 1901 cui
3224 1856 3396 1916 pater,
3444 1861 3619 1918 socer,

359 1935 585 1990 feliciter
612 1934 818 2000 vincor,
849 1934 1061 2004 quando
1092 1934 1221 1988 mihi
1256 1934 1322 1989 ad
1356 1934 1457 1990 hoc
1485 1935 1660 1990 tabula
1693 1936 1847 2004 petit,
1878 1944 1938 1992 ut
1966 1933 2013 1994 B
2040 1952 2193 2004 avus,
2225 1950 2476 2007 proavus,
2522 1936 2858 2007 praefecturis
2896 1936 3119 1992 urbanis
3156 1938 3619 2008 praetorianisque,

358 2042 518 2081 causa
549 2026 805 2082 salvetur.
853 2026 1005 2081 Circa
1047 2040 1242 2081 nonam
1280 2026 1611 2083 rec'rudescit
1647 2028 1817 2083 moles
1846 2028 1935 2083 illa

358 2119 640 2191 regnandi.
671 2119 915 2175 Redeunt
939 2119 1234 2189 pulsantes,
1276 2119 1507 2175 redeunt
1532 2120 1933 2187 submoventes,

359 2211 557 2281 ubique
605 2211 867 2282 litigiosus
915 2210 1095 2266 fremit
1143 2211 1378 2267 ambitus
1419 2229 1433 2267 :
1488 2212 1576 2281 qui
1629 2220 1831 2269 tractus
1881 2214 1935 2268 in

356 2316 659 2372 vesperam,
692 2317 845 2358 ctena
874 2302 1020 2372 regia
1050 2303 1424 2372 interpellante
1454 2305 1710 2368 rarescit,
1755 2311 1810 2360 et
1839 2319 1935 2375 per

357 2393 563 2451 aulicos
609 2394 862 2465 deinceps
906 2410 1003 2465 pro
1048 2403 1395 2466 patronorum
1427 2397 1685 2452 varietate
1730 2398 1936 2468 disper-

358 2488 521 2557 gitur,
545 2502 711 2557 usque
732 2487 797 2542 ad
823 2497 1031 2557 tempus
1058 2488 1335 2543 concubia:
1362 2489 1535 2543 noctis
1557 2489 1931 2546 excubaturus.

358 2578 504 2635 Sane
546 2578 992 2644 intromittuntur,
1022 2594 1321 2650 quanquam
1366 2594 1511 2646 raro,
1546 2579 1684 2634 inter
1712 2595 1934 2636 coman-

344 2673 488 2727 ‘dum
519 2674 716 2729 mimici
744 2674 919 2739 sales,
967 2675 1039 2728 ita
1081 2684 1137 2728 ut
1182 2675 1357 2730 nullus
1405 2675 1625 2730 conviva
1673 2676 1937 2731 mordacis

360 2763 558 2834 linguae
584 2764 707 2820 felle
730 2765 970 2827 feriatur.
1001 2766 1089 2821 Sic
1114 2776 1289 2822 tamen
1317 2766 1456 2837 quod
1482 2766 1591 2821 illic
1617 2782 1714 2822 nec
1740 2782 1937 2837 organa

361 2855 670 2926 hydraulica
696 2865 921 2923 sonant,
959 2872 1060 2912 nec
1089 2857 1188 2913 sub
1216 2857 1489 2928 phonasco
1517 2860 1778 2914 vocalium
1807 2874 1938 2916 con-

358 2956 549 3002 centus
598 2948 912 3004 meditatum
964 2963 1209 3005 acroama
1242 2950 1411 3013 simul
1466 2951 1691 3005 intonat.
1749 2950 1937 3006 Nullus

361 3038 432 3093 ibi
474 3038 707 3110 lyristes,
738 3038 1043 3107 choraules,
1088 3048 1115 3077 ι
1139 3040 1509 3109 mesochorus,
1541 3040 1936 3112 tympanistria,

360 3132 576 3201 psaltria
606 3132 788 3187 canit:
822 3146 947 3202 rege
972 3133 1146 3188 solum
1175 3131 1281 3187 illis
1313 3132 1508 3189 fidibus
1533 3121 1935 3203 delinito,'qui'-

2045 2039 2068 2068 ο
2093 2030 2416 2100 magisteriis
2448 2028 2702 2098 palatinis
2729 2029 3149 2098 militaribusque
3179 2030 3501 2083 micuerunt.
3555 2028 3622 2083 Et

2039 2136 2167 2179 ecce
2192 2122 2520 2178 Gaudentius
2548 2136 2701 2176 meus
2733 2122 2989 2177 hactenus
3033 2114 3238 2176 tantum
3266 2121 3617 2187 Tribunitius,

2038 2214 2355 2269 oscitantem
2403 2221 2707 2267 nostrorum
2756 2213 2951 2266 civium
3000 2212 3259 2266 desidiam
3301 2210 3321 2249 ι
3348 2212 3619 2267 vicariano

2037 2303 2190 2373 apice
2218 2302 2567 2358 transcendit.
2602 2302 2845 2357 Mussitat
2874 2303 3088 2372 quidem
3118 2290 3372 2371 juvenem
3404 2312 3618 2357 nostro-

2034 2409 2154 2450 rum
2184 2395 2385 2449 calcata
2414 2393 2748 2464 generositas
2772 2409 2785 2447 :
2819 2394 2913 2448 sed
2942 2393 3032 2462 qui
3062 2394 3252 2447 transit
3274 2393 3616 2463 derogantes,

2036 2487 2090 2541 in
2115 2485 2217 2540 hoc
2239 2485 2411 2540 solum
2442 2494 2707 2549 movetur,
2738 2494 2795 2538 ut
2821 2483 3068 2553 gaudeat.
3104 2483 3265 2553 Igitur
3293 2494 3621 2538 venerantur

2040 2579 2314 2648 hucusque
2357 2586 2755 2647 contemptum,
2806 2590 2869 2631 ac
2924 2575 3116 2630 subita:
3157 2584 3434 2644 stupentes
3479 2575 3618 2629 dona

2039 2670 2297 2735 fortunae,
2348 2684 2506 2739 quem
2534 2673 2808 2735 {consessu
2852 2667 3247 2735 despiciebant,
3293 2667 3421 2722 sede
3448 2667 3621 2736 suspi-

2039 2764 2207 2818 ciunt.
2232 2763 2327 2818 ille
2347 2764 2523 2818 obiter
2542 2766 2862 2817 stertentum
2884 2760 3269 2815 oblatratorum
3292 2774 3450 2814 aures
3473 2760 3618 2814 rauci

2040 2869 2174 2910 voce
2205 2853 2470 2924 praeconis
2498 2853 2777 2907 everberat
2803 2867 2815 2904 :
2859 2851 2949 2920 qui
2993 2849 3047 2903 in
3083 2864 3205 2904 eum
3237 2850 3360 2906 licet
3389 2850 3619 2905 stimulis

2044 2945 2399 3000 inimicalibus
2435 2945 2758 3010 excitentur,
2801 2944 3035 2997 scamnis
3078 2951 3255 2997 tamen
3304 2943 3618 2997 amicalibus

2044 3039 2385 3109 deputantur.
2431 3048 2455 3084 ις
2497 3036 2648 3092 Unde
2696 3044 2748 3090 te
2792 3037 2953 3090 etiam
3001 3049 3098 3103 par
3142 3035 3302 3089 fuerit
3347 3034 3619 3103 privilegio

2338 3144 2387 3183 m
2420 3128 2773 3198 praefecturae,
2821 3127 2873 3181 in
2900 3124 3069 3197 hquae
3117 3126 3481 3196 participanda
3525 3126 3620 3182 de-

431 3300 458 3329 ι
488 3291 722 3346 Pertinet
748 3290 815 3345 ad
845 3290 1204 3361 pantomimos
1231 3290 1589 3357 cordacistas',
1618 3290 1709 3361 qui
1739 3288 1931 3345 corda-

2038 3286 2256 3361 doretus
2287 3284 2380 3361 lib,
2413 3301 2476 3349 v;
2509 3299 2648 3361 nunc
2678 3284 2893 3357 ἡγεμόνα
2921 3292 3021 3339 τῶν
3056 3286 3261 3361 iuguli;
3300 3287 3514 3361 τάξεων,
3562 3296 3618 3344 ιιι

357 3377 500 3438 cem,
523 3364 748 3438 αἰσχρὰν
768 3365 855 3438 θεαὶ
874 3364 1078 3438 ἀπρεπῆ
1102 3359 1652 3438 ὄρχησινιεειωιξεῃιζ
1671 3361 1765 3415 Hi8
1789 3362 1930 3438 enim

358 3432 450 3501 qui
479 3430 694 3486 crotalis
716 3432 798 3485 vel
827 3430 1074 3484 man'uum
1108 3430 1295 3500 plausu
1324 3433 1472 3501 signa
1502 3431 1692 3495 dabat,
1725 3432 1846 3501 quia
1876 3430 1929 3484 in

358 3502 540 3556 medio
564 3503 731 3557 choro
759 3510 903 3566 erat,
952 3502 1300 3556 mesochorus
1326 3500 1624 3565 dicebatur,
1655 3508 1716 3555 ut
1752 3500 1934 3555 docuit

358 3587 464 3625 nos
493 3580 646 3625 vetus
674 3569 990 3623 scholiastes
1018 3569 1291 3625 Juvenalis
1320 3571 1386 3623 ad
1417 3580 1647 3639 satyram
1681 3570 1768 3623 ff.
1816 3570 1932 3637 Quo

359 3648 616 3705 snectans
644 3640 841 3693 Plinius
862 3638 1041 3707 junior
1072 3640 1163 3694 lib.
1191 3655 1227 3692 ιι
1253 3638 1513 3708 epistolas
1530 3638 1595 3692 ad
1623 3639 1929 3704 Maximum,

359 3709 738 3763 mcsochorum
770 3724 877 3762 non
908 3709 1087 3778 inepte,
1110 3708 1244 3764 dixit
1269 3723 1390 3763 eum
1421 3709 1509 3778 qui
1548 3709 1600 3762 in
1628 3708 1932 3763 auditorum

357 3794 559 3833 corona
606 3780 817 3833 caeteris
858 3777 939 3848 ad,
975 3777 1294 3834 laudandum
1323 3777 1606 3848 {oratorem
1655 3778 1932 3833 conductis

356 3848 646 3919 plaudendi
676 3849 883 3917 signum
910 3846 1091 3919 (labat.

434 3918 459 3957 δ
484 3919 819 3988 Lugdunensi
849 3918 1180 3986 Caussidico,
1223 3918 1291 3979 de
1326 3931 1434 3987 quo
1459 3917 1557 3973 lib.
1582 3934 1634 3984 v,
1670 3917 1830 3988 epist.
1862 3917 1931 3973 17

360 3990 427 4045 ad
458 3990 728 4058 Eriphium
756 3991 872 4057 ejus
896 4003 1172 4057 generum.

433 4070 456 4097 ο
483 4059 624 4127 Lege
667 4059 950 4127 Calpurnia
996 4061 1259 4113 sancitum
1305 4059 1433 4112 olim
1484 4058 1655 4113 fuerat
1701 4058 1932 4113 ambitus

357 4126 637 4204 damnatos
664 4126 787 4201 μήτὲ
827 4126 1040 4204 ἄρχειν,
1081 4134 1205 4199 μήτε
1243 4129 1530 4200 βουλεύειν,
1575 4129 1671 4204 ita_
1687 4136 1744 4182 ιιι
1782 4128 1930 4204 a_di_t_u

359 4201 522 4253 curiae
563 4198 934 4268 honorumque
970 4198 1598 4268 perpetuo‘arcerentur.
1651 4199 1759 4253 Lex
1792 4198 1927 4253 Julia

361 4284 572 4335 poenam
600 4269 874 4338 mitigavit,
897 4267 1123 4339 eamque
1147 4268 1354 4390 redeg‘it
1379 4267 1445 4322 ad
1474 4268 1926 4337 quinquennium:

361 4348 546 4390 auctor
584 4339 680 4390 Dio
719 4342 809 4390 lib.
841 4354 1001 4390 xxva
1041 4348 1095 4390 et
1137 4354 1242 4390 LVI.
1337 4352 1486 4390 erum
1534 4338 1616 4390 lex
1656 4338 1827 4390 Julia.
1872 4348 1926 4390 ut

358 4348 546 4394 auctor
584 4339 680 4393 Dio
719 4342 809 4395 lib.
841 4354 1001 4393 xxxvi
1041 4348 1095 4393 et
1137 4354 1242 4394 Lvi.
1293 4338 1486 4392 Verum
1534 4338 1616 4392 lex
1656 4338 1827 4405 Julia,
1872 4348 1930 4394 ut

360 4410 688 4465 Modestinus
714 4408 890 4475 docet,
924 4410 975 4462 in
1007 4408 1150 4464 Urbe
1176 4409 1425 4477 cessavit,
1458 4418 1735 4477 postquam
1762 4410 1930 4478 magi-

358 4489 559 4535 stratus
584 4495 613 4533 a
644 4480 879 4549 principe
906 4481 1078 4534 creari
1114 4480 1309 4548 coepti;
1353 4489 1405 4533 et
1438 4494 1607 4547 poenae
1635 4480 1684 4533 in
1716 4493 1807 4533 eos
1838 4479 1927 4547 qui

358 4550 497 4615 apud
542 4549 834 4618 principem
874 4549 1138 4605 ambirent
1176 4549 1295 4603 alite
1336 4557 1515 4617 postea
1559 4550 1822 4613 decretae,
1871 4558 1929 4603 ut

500 4636 515 4675 ι
562 4618 691 4703 cod.
731 4620 944 4701 :l‘lieod.
998 4621 1064 4675 ad
1121 4621 1290 4703 legem
1344 4619 1533 4703 Juliam
1583 4620 1651 4673 de
1701 4621 1923 4703 ambitu.
1955 4644 2006 4703 ι)

357 4692 533 4756 Quare
561 4689 831 4757 Sidonius,
863 4703 984 4745 cum
1024 4699 1211 4745 senatu
1255 4703 1469 4743 movere
1513 4689 1658 4757 leges
1699 4689 1927 4743 ambitus

356 4761 514 4826 dixit,
543 4775 649 4814 non
680 4759 745 4814 ad
771 4761 873 4825 sui,
903 4759 998 4814 sed
1025 4760 1090 4814 ad
1117 4758 1451 4829 superiorum
1482 4767 1783 4827 temporum
1813 4773 1927 4812 mo-

356 4844 470 4901 rem
499 4829 752 4901 respexit.

423 4899 451 4937 J
481 4901 556 4955 De
579 4898 777 4967 proavo
799 4898 1003 4969 Sidonii
1023 4900 1246 4969 ejusque
1267 4898 1556 4969 honoribus
1580 4898 1711 4952 nihil
1734 4898 1929 4969 lectum

357 4970 599 5040 memini,
652 4968 980 5040 Apollinaris
1006 4967 1469 5040 ﬁavus'przefectus
1512 4969 1763 5040 prmtorio
1800 4967 1929 5022 Gal-

348 5042 547 5095 liarum
580 5034 767 5094 ‘fuerat
817 5038 1056 5108 principe
1105 5034 1341 5093 Honorio
1369 5079 1382 5102 ,
1434 5034 1585 5107 pater
1632 5038 1930 5107 imperante

352 5110 753 5179 Valentiniano.
806 5109 997 5165 Avitus
1042 5108 1274 5179 denique
1320 5123 1496 5175 socer,
1544 5117 1599 5163 et
1649 5108 1930 5177 praefectus

357 5178 513 5244 item,
564 5189 620 5234 et
662 5179 911 5249 magister
948 5178 1222 5250 utriusque
1261 5180 1497 5248 militiae,
1548 5188 1604 5233 ut
1650 5180 1759 5233 suis
1801 5179 1929 5234 locis

351 5250 687 5305 ostendetur.

344 5350 347 5355 ι
427 5331 452 5358 ε
477 5320 787 5390 Officiorum
815 5334 978 5390 :qute
1003 5319 1183 5389 palatii
1211 5319 1499 5390 magisterii
1527 5319 1785 5373 Eumenio
1808 5320 1934 5374 rhe-

355 5391 456 5444 tori
480 5404 580 5459 pro
600 5390 803 5444 scholis
824 5389 1140 5443 Eduorum.
1175 5390 1422 5459 Magister
1442 5389 1740 5443 officiorum
1770 5400 1933 5444 totam

353 5460 535 5529 palatii
568 5460 933 5529 disciplinam,
971 5473 1266 5528 omnesque
1295 5459 1600 5513 scholarum
1629 5460 1845 5513 ordines
1876 5468 1931 5513 et

354 5528 527 5600 officia
557 5528 793 5600 regebat.
827 5529 955 5584 inde
978 5543 1175 5600 nomen
1207 5529 1303 5594 illi,
1331 5531 1414 5582 vel
1432 5529 1511 5600 ab
1536 5529 1726 5584 officiis
1751 5532 1833 5584 vel
1864 5530 1932 5583 ab

354 5599 471 5654 aula
500 5598 699 5668 ipsa'et
726 5600 943 5668 palatio.
974 5598 1205 5653 Rutilius
1231 5599 1581 5653 Numatianus
1607 5616 1620 5651 :

538 5706 717 5765 omciis
737 5696 969 5776 regerem
989 5726 1097 5763 cum
1121 5714 1256 5776 regia
1281 5718 1406 5762 tecti
1431 5690 1708 5776 magister:

698 5775 1072 5836 Armigerasque
1098 5776 1163 5837 pii
1188 5775 1416 5836 principis
1441 5775 1686 5823 excubias.

356 5878 527 5936 Grcci
557 5894 766 5948 quoque
790 5894 928 5936 nunc
952 5881 1220 5952 ἠγοάρλνον
1240 5886 1340 5933 τῶν
1363 5878 1649 5948 βασιλήων,
1676 5887 1737 5932 ιιι
1757 5876 1938 5932 Theo-

2037 3356 2292 3429 Zositnus‘
2330 3356 2418 3429 lib_.
2458 3372 2514 3410 ll.
2563 3354 2776 3411 Glossaa'
2808 3364 3037 3429 nostrae,
3069 3354 3351 3429 μάγισιί-ρος
3386 3357 3618 3429 epatris»:

2034 3425 2191 3499 ᾇνομα
2209 3425 2352 3481 οὐδὲν
2377 3425 2526 3486 ἧττον
2550 3433 2639 3481 τοῦ
2665 3427 2941 3498 ἡγουμένου
2968 3425 3076 3482 τῶν
3092 3425 3298 3482 αὐλικῶν
3328 3425 3618 3499 καταλόγων

2265 3519 2396 3550 ινων.

2034 3497 2396 3619 διασηνβαίνων.
2706 3497 2711 3498 ⁷
3010 3566 3020 3577 ⁹
3123 3567 3133 3576 _
3522 3497 3530 3499 _

2114 3565 2133 3603 ί
2211 3567 2385 3619 icarizn
2431 3566 2800 3633 prtefecturaz:
2844 3567 2932 3635 qui
2973 3579 3275 3619 vicarianus
3317 3565 3508 3631 honor,
3557 3575 3613 3621 et

2033 3637 2299 3691 vicariaua
2338 3635 2568 3702 dignitas
2608 3637 2839 3704 passim,
2889 3645 2979 3688 aut
3020 3637 3180 3688 etiam
3219 3635 3412 3689 vicaria
3451 3638 3613 3690 abso-

2036 3707 2166 3771 lute,
2196 3715 2252 3758 ut
2290 3704 2358 3757 de
2388 3704 2693 3772 magisteria
2720 3706 3044 3759 dicebamus.
3078 3704 3272 3757 Vicarii
3303 3719 3429 3772 ergo
3457 3715 3611 3759 erant

2035 3777 2124 3845 qui
2165 3788 2262 3843 pro
2303 3774 2568 3845 praefectis
2604 3778 2701 3845 ιι
2736 3774 2984 3845 praztorio
3013 3774 3112 3845 sibi
3143 3774 3373 3827 creditas
3412 3775 3614 3845 aliquot

2036 3843 2437 3915 provinciarum
2466 3843 2726 3915 dioecEsEs
2754 3844 3236 3915 administrabant:
3270 3853 3335 3915 ut
3372 3843 3609 3915 ιιι-ωηεριί

2072 3915 2289 3970 rmtorio
2330 3914 2491 3968 Italiae
2520 3914 2703 3969 vicarii
2749 3923 2858 3969 tres
2905 3914 3150 3976 fuerunt,
3201 3914 3348 3967 urbis
3395 3914 3609 3981 Romte,

2060 3987 2198 4039 taliae
2223 3995 2275 4039 et
2298 3985 2520 4039 Africae:
2547 3984 2763 4039 totidem
2792 3983 3027 4054 praefecti
3056 3982 3293 4054 praetorii
3318 3982 3605 4041 Galliarum

2034 4056 2249 4121 vicarii,
2285 4069 2417 4109 unus
2450 4053 2853 4122 Hispaniarum,
2885 4056 3022 4109 alter
3053 4053 3463 4119 Britanniarum,
3499 4065 3610 4110 ter-

2033 4127 2139 4181 tius
2166 4135 2367 4194 septem
2398 4125 2787 4193 provinciarum
2814 4139 2911 4192 per
2934 4125 3155 4191 Gallias,
3184 4125 3251 4179 de
3276 4139 3382 4195 quo
3412 4125 3495 4179 hic
3524 4126 3610 4195 agi

2031 4211 2247 4250 censen.
2295 4195 2407 4249 Non
2438 4197 2579 4249 enim
2608 4195 2856 4249 audiendi
2882 4204 3010 4250 sunt
3035 4197 3123 4262 qui
3156 4204 3264 4249 tres
3294 4195 3522 4250 vicarios
3552 4197 3606 4251 iu

2031 4280 2132 4319 una
2167 4264 2337 4320 Gallia
2368 4276 2594 4334 ponunt,
2624 4280 2744 4318 cum
2777 4276 2923 4319 recte
2952 4267 3002 4319 iu
3034 4265 3229 4319 Notitia
3260 4265 3515 4330 scriptum
3540 4267 3611 4321 sit

2032 4336 2262 4389 vicarius
2291 4338 2343 4390 in
2371 4336 2659 4390 Occidente
2689 4350 2782 4390 sex
2824 4343 3024 4389 tantum
3063 4335 3261 4401 fuisse;
3315 4338 3411 4390 hos
3451 4338 3607 4389 nimi-

2032 4421 2149 4459 rum
2178 4421 2311 4475 quos
2337 4406 2787 4461 enumeravimus.
2818 4405 2951 4473 Quia
2980 4408 3137 4476 igitur
3156 4405 3337 4460 vicarii
3364 4409 3608 4473 proxumi

2028 4476 2192 4547 gradu
2223 4486 2379 4547 erant
2409 4492 2435 4529 a
2467 4477 2752 4545 prrefectis,
2792 4478 3054 4531 Ausonius
3099 4478 3148 4529 in
3200 4476 3412 4530 Mosella
3458 4477 3600 4530 vica-

2030 4546 2160 4601 riam
2183 4546 2468 4600 secundam
2493 4548 2863 4614 prtef‘ecturam
2886 4558 3061 4607 vocat.
3082 4547 3415 4614 vicariosque
3441 4547 3602 4601 ltalite

2032 4624 2086 4670 et
2112 4616 2507 4670 Britanniarum
2538 4617 2783 4685 designat
2810 4617 2891 4667 liis
2919 4615 3095 4670 verbis
3119 4631 3133 4669 :

2218 4733 2312 4777 Aut
2334 4727 2506 4777 Italum
2530 4725 2752 4787 papulas,
2774 4723 3250 4785 Aquilonigenasque
3274 4724 3527 4773 Britanno-

2217 4784 2625 4837 Praefecturarurii
2649 4784 2788 4834 titulo
2808 4784 3019 4833 tenuere
3038 4786 3268 4836 secundo.

2106 4895 2352 4953 sSuadet
2378 4904 2438 4947 ut
2468 4891 2798 4960 przel‘ecturte
2837 4889 3190 4943 assessionem
3228 4889 3331 4944 sibi
3371 4889 3603 4944 oblatam

2033 4969 2285 5035 recipiat,
2334 4972 2496 5035 atque
2542 4962 2701 5035 huius
2747 4961 2982 5014 muneris
3032 4960 3308 5035 privilegio
3344 4961 3603 5035 antiquati

2034 5031 2290 5100 honoris,
2346 5031 2565 5089 alterius
2616 5031 2845 5085 fortasse
2891 5031 3210 5084 assessionis
3255 5044 3412 5098 quam
3464 5031 3604 5098 apud

2032 5104 2289 5162 vicarium
2337 5114 2609 5174 gesserat,
2655 5102 2918 5171 jacturam
2966 5101 3238 5174 resarciat.
3288 5103 3601 5174 essessores

2033 5177 2319 5233 consiliarii
2340 5170 2735 5243 'pracfectorum
2766 5181 2977 5243 peracta
3008 5170 3192 5243 militia
3223 5170 3402 5243 multis
3443 5170 3607 5243 privi.

2035 5248 2188 5317 legiis
2213 5240 2561 5317 ornabantur,
2584 5256 2646 5317 ac
2668 5241 3137 5317 vicariisdenique
3164 5242 3293 5317 ipsis
3316 5240 3605 5317 aequaban-

2034 5311 2143 5384 tur,
2175 5316 2296 5372 cod.
2328 5314 2532 5369 Theod.
2580 5314 2649 5367 de
2697 5311 2981 5384 comitibus
3029 5312 3116 5384 qui
3169 5311 3464 5384 illustribus
3512 5327 3605 5363 as-

2037 5380 2312 5445 sederunt.
2376 5386 2489 5452 Qua
2547 5381 2897 5450 praerogativa
2949 5380 3204 5452 carebant
3251 5381 3339 5450 qui
3393 5382 3607 5434 vicariis

2042 5467 2242 5512 tantum
2298 5450 2559 5509 aut—aliis
2612 5452 2906 5506 minoribus
2952 5450 3221 5520 iudicibus
3271 5452 3602 5505 asseduram.

2036 5528 2161 5583 Ideo
2189 5527 2478 5581 verendum
2510 5524 2584 5577 ait
2612 5520 2949 5587 Philematio,
2982 5536 3048 5574 ne
3074 5523 3117 5574 si
3144 5530 3294 5575 extra
3325 5522 3606 5590 praefecto-

2037 5599 2204 5653 riante
2233 5593 2551 5650 assessionis
2592 5593 2991 5661 praerogativam
3038 5591 3092 5645 in
3128 5590 3409 5646 concilium
3441 5605 3604 5645 vene-

2040 5670 2137 5735 rit,
2175 5668 2350 5735 reipsa
2376 5666 2573 5720 sentiat
2611 5677 2671 5717 se
2699 5662 2902 5717 nullum
2933 5662 3160 5717 fructum
3188 5676 3256 5717 ex
3282 5662 3602 5717 vicariorum

2040 5739 2342 5793 assessione
2368 5742 2593 5805 cepisse.

2110 5806 2139 5844 ιι
2164 5809 2217 5861 lu
2249 5801 2449 5876 poster.
2475 5805 2629 5869 edit.,
2658 5819 2812 5864 quam
2841 5803 3269 5873 uarticipandam.
3301 5801 3388 5858 Sic
3415 5802 3467 5856 iu
3491 5801 3606 5857 aliis

2043 5876 2195 5932 libris
2222 5878 2396 5931 editis.

2778 5984 2783 5985 ν
2816 5980 2939 5995 ο-εηλρ
