4140 6336
507 316 608 387 tsi

511 534 698 591 dium:
730 548 798 591 ne
832 534 876 590 si
915 544 1061 590 extra
1094 536 1501 607 prterogativam
1533 536 1824 593 consiliarii
1857 536 1910 591 in
1938 549 2078 590 con-

510 626 689 683 cilium
710 626 940 695 veneris,
969 627 1114 683 solas
1136 629 1456 686 vicariorum
1480 632 1623 686 vices
1646 630 1821 701 egisse
1842 628 2080 685 videare.

512 716 659 772 Vale.

1017 856 1073 927 ε
1110 856 1442 917 EPISTOLA
1482 857 1570 917 tv.

797 990 1046 1049 Sidonius
1069 1003 1092 1033 ⁸
1114 994 1404 1051 Gaudentio
1430 1012 1527 1051 suo
1553 994 1793 1052 salutem.

580 1146 751 1207 Macte
776 1147 931 1215 'esto,
979 1149 1061 1205 vir
1090 1150 1448 1223 amplissime,
1498 1150 1736 1209 fascibus
1766 1149 1933 1219 partis
1963 1149 2089 1206 dole

510 1242 862 1299 meritorum:
895 1258 1123 1313 quorum
1167 1254 1224 1300 ut
1270 1243 1439 1302 titulis
1480 1244 1828 1315 apicibusque
1858 1242 2088 1314 potiare,

514 1351 617 1389 non
649 1345 919 1392 maternos
948 1337 1173 1406 reditus,
1225 1352 1329 1393 non
1375 1339 1543 1393 avitas
1591 1338 1931 1409 largitiones,
1980 1352 2089 1395 nou

513 1429 726 1482 uxorias
746 1444 1005 1499 gemmas,
1031 1447 1137 1486 non
1163 1441 1412 1502 paternas
1431 1433 1685 1504 pecunias
1708 1429 2054 1487 numeravisti
2075 1448 2088 1486 :

513 1519 633 1587 quia
665 1519 757 1574 tibi
788 1523 1091 1579 econtrario
1116 1522 1143 1561 ι»
1169 1524 1308 1594 apud
1350 1523 1609 1595 principis
1638 1525 1878 1589 domum,
1915 1524 2092 1591 insrc-

513 1620 597 1667 cta
624 1612 935 1683 sinceritas,
981 1624 1218 1687 spectata
1248 1618 1527 1687 sedulitas,
1556 1617 1793 1675 admissa
1834 1618 2091 1673 sodalitas

515 1700 659 1759 laudi
690 1702 858 1762 fuere.
892 1705 936 1761 0
963 1714 1149 1779 terque
1177 1716 1473 1779 quaterque
1501 1709 1714 1765 beatum
1744 1718 1817 1775 te,
1848 1709 1917 1765 de
1941 1708 2094 1779 cujus

1787 316 2029 384 smonn
2067 306 2513 382 APULLINARIS

510 442 768 514 posceris,
798 442 1051 513 antiquati
1081 443 1298 499 honoris
1323 444 1611 515 perniciter
1634 442 1836 501 sarcire
1863 443 2080 514 dispen-
2107 445 2163 504 Α

3662 318 3767 380 452

2753 437 3088 496 EPISTOLA
3132 438 3195 494 v.
3414 476 3421 481 .
3776 467 3783 511 ς

2504 550 2752 609 Sidonius
2776 560 2801 590 ε
2826 549 3055 606 Heronio
3084 565 3177 605 suo
3205 550 3441 605 salutem.
3782 560 3787 605 ι

2252 685 2486 744 Litteras
2516 696 2633 744 tuas
2664 686 2849 743 Romae
2884 687 3093 757 positus
3119 686 3326 755 accepi,
3358 684 3549 754 quibus
3585 698 3652 738 an
3684 698 3770 741 se-

2187 779 2421 836 cundum
2478 793 2766 837 commune
2820 779 3102 835 consilium
3156 793 3277 835 sese
3328 777 3772 849 peregrinationis

2188 887 2327 930 mea:
2373 881 2547 944 coepta
2598 880 2949 945 promoveant
2994 871 3257 929 sollicitus
3309 869 3555 942 inquiris.
3617 869 3772 924 Viam

2190 964 2352 1021 ctiam
2381 966 2593 1035 qualem
2621 964 2955 1036 qualiterque
2990 962 3337 1029 confecerim,
3370 976 3504 1032 quos
3543 969 3636 1015 aut
3671 957 3773 1012 flu-

2191 1056 2306 1112 vios
2360 1055 2587 1111 viderim
2642 1064 2918 1125 poetarum
2966 1054 3297 1111 carminibus
3347 1052 3621 1119 illustres,
3683 1055 3779 1103 aut

2192 1147 2352 1205 urbes
2382 1150 2635 1205 mcenium
2666 1148 2771 1204 situ
2800 1148 3057 1220 inclytus,
3107 1157 3199 1204 aut
3239 1155 3451 1204 montes
3493 1146 3772 1203 nominum

2191 1242 2444 1312 opinione
2465 1242 2730 1315 vulgatos,
2748 1251 2839 1298 aut
2863 1257 3082 1313 campos
3105 1241 3406 1312 praeliorum
3430 1238 3777 1309 replicatione

2193 1333 2615 1389 monstrabiles:
2668 1333 2789 1405 quia
2835 1332 3211 1403 voluptuosum
3257 1346 3499 1400 censeas,
3542 1346 3661 1400 qua:
3703 1330 3779 1386 le-

2194 1427 2375 1482 ctione
2400 1425 2765 1497 compereris,
2814 1440 2997 1482 eorum
3039 1425 3127 1497 qui
3174 1424 3509 1495 inepexcrint
3538 1422 3779 1478 fideliore

2197 1516 2451 1574 didicisse
2477 1524 2800 1572 memoratu.
2841 1515 3107 1584 Quocirca
3137 1516 3344 1587 gaudeo
3383 1525 3433 1571 te
3473 1515 3597 1584 quid
3626 1529 3779 1584 agam

2193 1624 2393 1681 cupere
2442 1623 2801 1680 cognoscere;
2851 1623 3081 1679 namque
3123 1607 3499 1679 hujuscemodi
3544 1608 3781 1663 studium

2196 1702 2224 1741 ιι
2246 1720 2313 1761 ex
2339 1704 2535 1761 affectu
2563 1705 2821 1761 interiore
2848 1704 3225 1775 proficiscitur.
3257 1704 3431 1772 ilicet,
3463 1713 3519 1760 et
3546 1704 3593 1758 si
3620 1719 3783 1760 secus

515 1795 746 1851 culmine
774 1797 929 1855 datur
957 1799 1144 1856 amicis
1172 1802 1390 1869 laetitia,
1426 1802 1604 1859 lividis
1632 1818 1819 1873 pmna,
1861 1804 2091 1874 posteris
2126 1836 2171 1899 Β
2195 1798 2483 1869 quaepiam.
2534 1797 2634 1854 θυι)
2678 1812 2782 1868 οΡθ
2828 1806 3009 1854 ωηιξη
3054 1798 3152 1854 υθί
3200 1797 3381 1853 ordiar
3418 1812 3450 1853 ³
3490 1797 3781 1863 secundis;

514 1890 714 1961 gloria;
744 1901 854 1948 tum
885 1905 1142 1965 praetcrea
1165 1898 1366 1966 vegetis
1393 1906 1447 1953 et
1469 1898 1738 1955 alacribus
1761 1898 2093 1968 exemplum,

515 1980 789 2040 desidibus
829 1987 1093 2056 etrpigris
1136 1986 1573 2055 incitamentum;
1618 1998 1675 2046 et
1716 2000 1893 2044 tamen
1932 1990 1977 2045 si
2005 1987 2098 2060 qui

515 2083 639 2129 sunt
662 2076 754 2145 qui
780 2084 834 2132 te
853 2092 1173 2149 quocunque
1194 2080 1376 2137 animo
1403 2080 1657 2151 deinceps
1680 2082 2095 2150 aemulabuntur,

513 2162 614 2220 sibi
639 2165 881 2236 forsitan,
912 2168 961 2224 si
988 2177 1042 2227 to
1068 2180 1489 2242 cnnsequantur,
1515 2173 1775 2241 debeant;
1808 2173 1907 2229 tibi
1934 2173 2100 2231 debe-

516 2254 650 2312 bunt
685 2259 870 2328 procul
894 2259 1089 2328 dubio,
1133 2262 1277 2332 quod
1313 2273 1632 2333 sequuntur.
1684 2264 1940 2332 Spectare
1966 2265 2099 2323 mihi

515 2349 736 2420 videor,
786 2352 1049 2410 bonorum
1101 2369 1233 2425 pace
1282 2356 1542 2425 praefata,
1599 2356 1745 2413 illam
1798 2358 1853 2413 in
1906 2356 2101 2415 invidis

517 2442 783 2513 ignaviam
813 2440 1212 2516 superbientem
1231 2489 1246 2513 ,
1286 2457 1344 2504 et
1383 2448 1517 2505 illud
1546 2448 1806 2506 militandi
1836 2449 2100 2506 inertibus

518 2536 783 2613 familiare
810 2537 1083 2611 fastidium
1102 2582 1117 2609 ,
1160 2555 1283 2596 cum
1311 2556 1341 2611 ξι
1371 2541 1748 2611 desperatione
1780 2540 2100 2609 crescendi,

514 2629 659 2688 inter
688 2631 979 2689 bibendum
1022 2633 1502 2704 philosophantes,
1548 2635 1711 2692 ferias
1754 2636 2105 2693 inhonorato»

517 2739 639 2780 rum
671 2724 920 2793 laudant,
950 2726 1080 2782 vitio
1108 2726 1350 2796 desidias,
1381 2742 1488 2784 non
1514 2729 1697 2784 studio
1734 2728 2097 2800 perfectionis.

518 2814 683 2885 Cujus
704 2816 993 2886 appetitus,
1020 2832 1089 2872 ne
1106 2817 1283 2873 adhuc
1307 2819 1488 2888 pueris
1510 2820 1627 2875 usui
1654 2814 1814 2887 foret,
1839 2821 2101 2891 majorum

515 2906 718 2977 judicio
750 2906 1128 2977 rejiciebatur;
1173 2908 1255 2965 sic
1291 2910 1695 2968 adolescentum
1720 2911 2105 2969 declamatiun-

442 3070 445 3071 ν
515 2998 664 3055 culas
712 2999 907 3069 pannis
960 2998 1241 3057 textilibus
1288 3013 1683 3073 comparantes,
1732 3004 2104 3075 intelligebant

517 3093 727 3163 eloquia
770 3092 1025 3164 juvenum
1074 3094 1397 3153 laboriosius
1444 3098 1629 3154 brevia
1677 3097 1902 3167 produci
1943 3112 2102 3166 quam

519 3194 765 3255 porrecta
791 3186 1012 3242 succidi.
1058 3186 1163 3243 Sed
1196 3187 1319 3241 hinc
1346 3188 1470 3257 quia
1498 3189 1599 3243 ista
1632 3188 1748 3244 haec
1777 3190 1927 3255 satis,
1957 3187 2099 3257 quod

518 3277 739 3345 subest,
787 3290 1001 3349 quaeso,
1051 3276 1447 3344 reminiscaris,
1494 3280 1630 3334 velle
1669 3293 1756 3334 me
1798 3278 1894 3333 tibi
1936 3278 2100 3334 studii

520 3368 745 3439 hujusce
792 3369 1215 3431 vicissitudinem
1268 3371 1660 3441 reponderare,
1714 3372 1771 3444 9
1814 3370 1975 3428 modo
2015 3386 2103 3430 me

520 3462 820 3519 actionibus
845 3462 1004 3533 justis
1035 3463 1178 3520 Deus
1212 3477 1457 3519 annuens
1483 3473 1536 3519 et
1564 3451 1819 3533 sospitem
1852 3471 2100 3534 prastat.

518 3564 572 3612 et
599 3555 872 3613 reducem.
904 3555 1051 3612 Vale.

491 3792 495 3797 .
590 3754 617 3783 ι
641 3743 852 3801 Vicario
880 3742 910 3796 7
940 3739 1335 3813 provinciarum
1353 3778 1369 3807 ,
1411 3742 1531 3812 ejus
1561 3739 1782 3797 honoris
1812 3738 1991 3809 apices
2015 3753 2111 3796 co-

523 3817 845 3884 dicillosque
872 3812 996 3867 tunc
1024 3812 1229 3882 adepto.

596 3887 624 3925 b
653 3879 923 3940 Anthemii
959 3884 1095 3951 Aug.
1128 3879 1312 3938 vicarii
1353 3897 1383 3937 a
1425 3881 1667 3951 principe
1696 3881 1813 3950 ipso
1844 3879 2112 3951 creabat»-

520 3966 628 4021 tur,
680 3970 789 4009 non
832 3969 861 4007 a
910 3949 1198 4023 praefectis.
1246 3949 1601 4007 Cassiodorus
1630 3949 1849 4023 senator
1886 3952 1939 4003 in
1978 3949 2109 4005 For-

521 4026 662 4080 mula
692 4024 872 4080 vicarii
900 4021 1073 4089 urbis,
1109 4024 1334 4091 Pmpria
1364 4032 1436 4077 est
1465 4021 1781 4091 jurisdictio.
1813 4036 1926 4088 qum
1953 4024 2107 4074 datur

521 4111 555 4149 a
593 4094 841 4163 principe.
892 4094 1124 4148 Proinde
1154 4092 1474 4163 Maximinus
1514 4091 1660 4145 ferox
1704 4092 1795 4145 ille
1824 4091 2106 4163 praefectus

563 4160 847 4218 rietorii'de
868 4176 975 4232 quo
999 4163 1337 4218 Marcellinus
1363 4162 1458 4217 lib.
1482 4176 1676 4223 xxviii,
1705 4176 1826 4216 cum
1858 4160 2109 4232 vicarium

572 4231 938 4303 oryplioriano
986 4233 1220 4288 delatam
1267 4241 1531 4300 cuperet.
1592 4246 1698 4286 non
1747 4246 1867 4286 eam
1919 4231 2111 4286 detulit

524 4306 657 4372 ipse,
692 4304 786 4358 sed
815 4319 844 4357 a
878 4303 1117 4373 principe
1145 4303 1471 4373 impetravit.
1512 4303 1680 4373 secus
1708 4310 1951 4356 rectores
1985 4315 2109 4370 pro-

523 4371 817 4429 vinciarum
845 4371 938 4442 qui
977 4389 1008 4426 a
1049 4371 1315 4443 irrrefectis
1346 4373 1476 4443 ipsis
1511 4372 1878 4437 mittebantur,
1924 4387 2104 4443 reum-

524 4443 893 4511 vebanturque
936 4445 1054 4498 sine
1092 4442 1307 4511 speciali
1349 4442 1665 4499 auctoritate
1709 4442 1997 4511 principis,
2050 4453 2109 4499 ut

523 4521 672 4634 Patet
698 4530 764 4570 ex
794 4510 891 4569 lib.
913 4528 969 4568 ιιι
996 4513 1080 4595 de.
1102 4512 1287 4591 Ollicio
1312 4513 1419 4596 Ριξ.
1449 4513 1687 4595 Qricntis
1712 4510 1771 4567 et
1796 4510 1987 4583 Illyrici
2007 4510 2105 4597 ,e't

545 4585 617 4634 1b.
649 4600 698 4634 ιι
731 4584 798 4634 de.
825 4585 1115 4634 Advocalts
1148 4582 1345 4634 divers.
1381 4584 1636 4634 Iudicum.
1669 4584 1956 4634 Pronterea
1987 4600 2105 4634 vnce

545 4585 617 4639 ib.
649 4600 698 4638 ix
731 4584 798 4639 de
824 4583 1115 4640 Advocatis
1148 4582 1345 4637 divers.
1375 4584 1636 4651 judicum.
1668 4582 1956 4653 Propterea
1987 4586 2106 4641 vice

523 4660 726 4709 tantum
760 4653 1093 4725 praefectorio
1132 4652 1374 4725 judicare
1401 4654 1749 4719 dicebantur;
1791 4656 2104 4719 vicariiau-

522 4730 629 4796 tem
666 4723 978 4796 vicesacra,
1012 4723 1187 4796 utqui
1217 4738 1246 4778 a
1277 4724 1516 4796 principe
1545 4725 1976 4796 jurisdictionem
2008 4727 2104 4781 lia-

2197 1893 2392 1963 quibus
2412 1893 2720 1963 primordiis
2740 1893 2977 1963 majores
2996 1892 3168 1949 nostri
3185 1894 3350 1949 etiam
3375 1892 3783 1949 sinisteritatum

2197 2000 2419 2042 suarum
2461 1985 3033 2043 relationes'evolvere
3061 1986 3497 2057 auspicabantur.
3548 1985 3785 2057 Egresso

2199 2075 2331 2132 mihi
2360 2085 2384 2116 ο
2407 2076 2768 2133 Rhodanusiae
2794 2086 2996 2133 nostra:
3023 2076 3289 2133 manibus
3316 2077 3562 2147 publicus
3589 2090 3784 2134 cursus

2200 2168 2319 2237 usui
2349 2168 2469 2236 fuit,
2494 2166 2516 2207 ι
2544 2177 2726 2240 utpote
2751 2169 2922 2226 sacris
2957 2168 3199 2240 apicibus
3236 2168 3433 2236 accito,
3476 2176 3533 2225 et
3568 2168 3784 2238 quidem

2201 2276 2300 2332 per
2325 2262 2595 2320 domicilia
2623 2264 2887 2320 sodalium
2926 2264 3493 2336 propinquorumque:
3534 2263 3626 2319 ubi
3656 2278 3788 2319 sane

2199 2370 2409 2412 moram
2430 2356 2596 2412 vianti
2618 2372 2723 2412 non
2747 2355 3065 2414 veredorum
3086 2357 3347 2426 paucitas,
3375 2355 3472 2413 sed
3492 2356 3787 2412 amicorum

2203 2448 2492 2505 multitudo
2526 2449 2759 2506 faciebat
2787 2466 2802 2504 :
2843 2464 2966 2520 qua
3000 2449 3133 2505 mibi
3172 2457 3327 2505 arcto
3358 2448 3615 2518 implicita
3641 2462 3789 2503 cout-

2200 2541 2397 2611 plexu,
2452 2541 2589 2597 itum
2637 2540 2977 2613 reditu-que
3014 2540 3227 2598 felicem
3274 2540 3606 2597 certantibus
3651 2541 3791 2596 votis

2198 2632 2669 2704 cemprecabatur.
2720 2633 2810 2689 Sic
2835 2633 3049 2703 Alpium
3078 2634 3219 2703 jngis
3260 2633 3789 2704 appropinquatum:

2200 2742 2428 2798 quarum
2460 2725 2591 2782 mihi
2616 2727 2756 2782 citus
2781 2733 2837 2781 ct
2863 2725 3035 2781 facilis
3058 2739 3338 2790 ascensus,
3362 2733 3420 2781 et
3443 2725 3582 2781 inter
3602 2724 3791 2780 utrim-

2202 2834 2309 2890 que
2344 2818 2445 2890 ιο
2472 2817 2726 2875 terrentis
2764 2817 2935 2873 latera
2979 2817 3236 2887 praerupti
3265 2816 3468 2872 cavatis
3505 2816 3559 2872 in
3598 2815 3789 2870 callem

2202 2910 2419 2967 nivibus
2448 2910 2638 2967 itinera
2668 2909 2894 2966 mollita.
2926 2908 3240 2964 Fluviorum
3266 2922 3483 2978 quoque
3501 2907 3546 2962 si
3573 2908 3659 2978 qui
3682 2922 3790 2963 nou

2205 3002 2562 3073 navigabiles,
2592 3001 2726 3057 vada
2757 3001 3066 3067 commoda,
3098 3001 3181 3055 vel
3204 3009 3352 3057 certe
3375 3000 3545 3071 pervii
3576 3009 3790 3069 pontes,

2202 3109 2343 3165 quos
2363 3093 2655 3165 antiquitas
2677 3109 2710 3149 a
2735 3092 3099 3149 fundamentis
3124 3092 3193 3148 ad
3221 3106 3391 3162 usque
3412 3105 3662 3162 aggerem
3683 3092 3792 3146 cal-

2207 3186 2362 3241 cabili
2405 3186 2556 3241 silice
2596 3192 2888 3241 crustatum
2929 3184 3182 3256 crypticis
3223 3186 3453 3240 arcubus
3482 3181 3791 3241 fornicavit.

2206 3275 2421 3332 B'Ticini
2443 3277 2738 3332 cursoriam
2757 3276 2858 3347 (sic
2874 3278 3086 3346 navigio
3108 3276 3325 3347 nomen)
3342 3275 3590 3331 ascendi:
3613 3289 3715 3345 qua
3739 3275 3793 3328 in

2206 3368 2498 3425 Eridanum
2516 3369 2667 3425 brevi
2687 3367 2920 3437 delatus,
2935 3376 2990 3425 et
3005 3377 3245 3426 cantatas
3266 3383 3412 3440 saepe
3428 3369 3793 3426 comessaliter

2206 3461 2362 3518 nobis
2377 3460 2855 3529 Phaethontiadas,
2866 3470 2926 3518 et
2944 3463 3340 3518 commentitias
3356 3462 3568 3519 arborei
3590 3461 3793 3519 metalli

2206 3555 2472 3625 lacrymas
2492 3553 2604 3610 risi.
2634 3554 2892 3611 Ulvosum
2916 3555 3224 3625 Lambrum,
3243 3557 3503 3612 cmrulum
3524 3554 3790 3621 Adduam,

2220 3739 2356 3795 siam
2387 3737 2699 3808 appellavit.

2295 3809 2315 3848 ί
2342 3807 2552 3879 Alioqui
2578 3809 2788 3878 privato
2809 3807 3020 3864 veredis
3047 3808 3274 3878 publicis
3292 3809 3367 3865 uti
3397 3824 3505 3866 non
3534 3809 3793 3878 licuisset,

2208 3896 2338 3937 cum
2379 3881 2461 3935 lex
2507 3880 2721 3935 Honorii
2755 3880 2857 3935 hoc
2884 3890 3112 3949 excepto
3150 3882 3327 3949 capite
3374 3880 3677 3938 interdicat.
3712 3880 3794 3935 Ne

2214 3954 2367 4022 quis,
2418 3952 2536 4016 ait,
2576 3951 2680 4022 sibi
2727 3949 2963 4019 deinreps
3009 3968 3213 4005 (ursum
3261 3952 3517 4020 publicum
3563 3952 3794 4019 privatus

2214 4021 2448 4091 usurpet,
2486 4021 2584 4076 nisi
2610 4036 2727 4073 cum
2754 4030 2842 4073 aut
2874 4039 2904 4074 a
2934 4023 3077 4075 nobis
3106 4032 3364 4086 eivocalnr,
3394 4034 3481 4076 aut
3509 4040 3540 4074 a
3567 4023 3792 4075 clemen-

2212 4096 2301 4147 tia:
2333 4101 2520 4145 nostra:
2556 4096 2878 4145 veneratione
2920 4093 3155 4145 discedit.
3209 4094 3372 4147 Moris
3414 4101 3591 4147 autem
3631 4091 3795 4149 fuisse

2217 4175 2273 4217 nt
2300 4178 2436 4231 quos
2484 4162 2548 4216 ad
2597 4177 2658 4215 se
2704 4163 2942 4217 accirent
2982 4163 3284 4232 principes,
3329 4165 3662 4219 evectionem
3694 4165 3795 4218 illis

2214 4233 2620 4297 concederent,
2681 4232 2918 4287 indicant
2967 4234 3159 4288 litterae
3206 4232 3501 4289 Constantii
3550 4235 3687 4301 Aug.
3732 4236 3796 4290 S.

2213 4304 2564 4359 Athanasium
2587 4305 2858 4357 evocantis
2879 4306 3019 4373 apud
3044 4305 3436 4360 Theodorctum
3460 4305 3554 4361 lib.
3576 4320 3612 4358 ιι
3633 4313 3691 4360 et
3703 4304 3796 4360 Ju-

2208 4374 2342 4445 liani
2370 4375 2436 4429 ad
2464 4375 2810 4428 Eustochium
2843 4374 2926 4428 liis
2952 4376 3152 4439 verbis,
3171 4375 3257 4435 ἧκε
3285 4378 3501 4445 μεθέξων
3523 4377 3794 4437 ὑπατείας.

2210 4444 2346 4511 "Ais:
2375 4445 2427 4501 δέ
2452 4467 2510 4501 σε
2538 4444 2782 4515 δημόσιος
2813 4445 2991 4514 δρόμος
3028 4448 3260 4517 ὀχήματι
3574 4448 3677 4514 ἑνὶ,
3712 4450 3797 4502 καὶ

2214 4539 2489 4572 «domum.

2290 4540 2593 4641 i‘iigt'i’abdn
2632 4586 2717 4640 hic
2759 4586 2907 4640 locus
2948 4601 3164 4642 cursum
3204 4586 3473 4653 publicum
3505 4602 3614 4642 non
3642 4589 3794 4657 equis

2217 4668 2422 4713 tantum
2456 4657 2822 4724 w-biculisque
2850 4659 3096 4723 stetisse,
3141 4659 3234 4713 sed
3278 4658 3497 4728 navigiis
3524 4659 3690 4714 etiam
3734 4672 3797 4713 ac

2216 4730 2567 4783 dromonibus
2599 4743 2692 4795 per
2719 4729 2967 4793 llumiuu,
3016 4729 3196 4791 lacus,
3228 4730 3407 4795 sinus,
3440 4739 3498 4783 ut
3525 4744 3613 4785 res
3643 4730 3793 4798 tulit,

521 4794 731 4869 herent.
787 4773 1214 4869 Senatoridetn,
1260 4773 1566 4869 ρῗεεᾲδᾶῖε-ιοᾶ
1602 4798 1903 4869 sententiam
1948 4798 2097 4852 dicis.
2134 4773 2188 4833 Ῑ)
2212 4773 2721 4865 ἇῖειιῖῖὺδῖἶεῗνῶἶόιι
2754 4773 3787 4869 ἐειιιένὲτιιῖῐῖῖεῖ.νῇξῖη’ἱιΙέὶιῖῙε-ξιιᾶἶ

525 4864 594 4919 Ει
622 4865 717 4921 lib.
744 4882 759 4919 ι
783 4866 905 4937 cod.
929 4864 998 4937 de
1020 4864 1201 4920 officio
1224 4865 1428 4932 vicarii,
1464 4866 1669 4921 Vicaria
1695 4867 1915 4937 dignitas
1944 4883 2105 4921 sacrae

520 4937 825 5009 cognitionis
867 4935 1015 4991 habet
1062 4945 1391 5009 potestatem,
1441 4948 1490 4993 et
1529 4935 1867 5009 Judtcationt's
1915 4948 2103 4993 nostris

520 5006 649 5061 solet
675 5016 1040 5074 reprmentare
1069 5008 1426 5062 reverentiam.

500 5087 506 5099 '
599 5087 624 5117 ε
652 5076 969 5148 Lugdunum
1000 5076 1070 5148 ab
1099 5076 1247 5148 Urbe
1276 5077 1461 5139 missa,
1493 5085 1547 5133 ut
1585 5078 1704 5131 dum
1734 5077 2102 5147 praecedentes

495 5328 507 5353 J

523 5160 588 5199 ac
614 5145 835 5218 reliqum
863 5148 1023 5217 hujus
1056 5145 1176 5202 libri
1212 5160 1401 5200 omnes
1441 5156 1634 5213 printer
1660 5145 1922 5204 ultimam.
1960 5150 2103 5205 llaec

524 5229 664 5288 vero
688 5218 1139 5288 elegantissimum
1175 5218 1275 5287 12
1306 5218 1547 5272 continet
1576 5218 1739 5275 totius
1762 5220 1971 5276 itineris
2000 5220 2105 5273 Ro-

524 5287 673 5357 mani
699 5287 1132 5357 descriptionem.

598 5352 626 5391 ιι
654 5356 710 5410 ln
740 5359 860 5411 aliis
878 5352 1056 5425 libris,
1083 5359 1166 5413 de.

601 5425 920 5500 (Lugduni,
951 5430 1137 5498 patriae
1163 5430 1376 5500 utrique
1404 5432 1723 5486 communis.
1773 5430 1838 5485 Ut
1879 5429 2095 5485 Rhoda-

528 5498 681 5581 nusia
719 5496 972 5581 Sidonio,-
1008 5500 1084 5580 sic
1113 5496 1303 5581 Araria
1337 5501 1604 5581 interdum
1643 5503 1817 5581 al_iis,_
1842 5501 1984 5581 quod
2028 5501 2095 5555 ad

526 5568 803 5638 utriusque
831 5570 1064 5625 fluminis
1091 5572 1425 5627 confluentes
1457 5574 1629 5640 posita
1659 5573 1749 5625 sit.
1793 5568 1937 5625 Alias
1962 5586 2097 5639 quo.

526 5653 631 5707 que
661 5640 819 5695 urbes
846 5641 912 5694 ad
947 5640 1260 5695 lihodauum
1290 5644 1421 5697 sitas
1456 5642 1838 5696 Rhodanitidas
1871 5642 2004 5695 dixit
2041 5644 2095 5696 in

526 5710 767 5766 carmine
791 5711 1196 5766 Anacreontico.
1234 5714 1462 5766 Irenazns
1488 5728 1616 5767 vero
1639 5715 1898 5766 rationem
1927 5713 2097 5781 ipsam

527 5785 859 5839 tractumuuc
883 5781 1023 5838 circa
1057 5780 1371 5839 Rhodanum
1403 5782 1765 5849 ιιιοδοινουσίαν,
1808 5780 2097 5838 liliodanu~

2208 4885 2316 4938 que
2344 4884 2570 4939 apparet
2609 4884 2674 4924 ex
2718 4870 2893 4924 tabula
2941 4870 3246 4936 itinerario,
3288 4884 3409 4939 qua:
3452 4874 3556 4924 iter
3585 4870 3791 4925 Verona

2209 4941 2524 4994 Ravennam
2560 4955 2654 5007 per
2685 4940 2940 5009 llostilias
2969 4940 3274 5009 designans,
3312 4940 3550 4995 Hostiliis
3580 4940 3790 4996 Raven-

2210 5026 2335 5065 nam
2366 5026 2462 5079 per
2488 5010 2686 5065 Padum
2716 5012 2816 5064 iter
2844 5008 3141 5065 faciendum
3164 5019 3339 5075 notat;
3365 5020 3419 5065 et
3441 5026 3508 5066 ex
3532 5010 3789 5067 Senators

2209 5082 2353 5148 apud
2384 5095 2543 5149 quem
2571 5080 2940 5135 Theodoricns
2978 5096 3073 5136 rex
3108 5081 3469 5136 dromonariis
3498 5081 3785 5137 Hostilian-

2208 5151 2361 5205 s'bus
2410 5152 2462 5204 in
2513 5153 2652 5205 hunc
2678 5150 2894 5204 modum
2936 5151 3122 5206 scribit
3164 5152 3259 5207 lib.
3287 5167 3324 5206 ιι
3359 5151 3679 5207 Variarum:
3726 5150 3793 5205 Et

2213 5220 2342 5293 ideo
2360 5220 2529 5273 comiti
2558 5236 2822 5293 sacrarunt
2850 5220 3180 5291 largitionum
3216 5232 3389 5275 nostra
3424 5226 3665 5293 prwrepit
3703 5239 3793 5276 att-

2214 5290 2444 5355 etoritas,
2472 5298 2527 5342 ut
2543 5290 2610 5362 in
2639 5289 2944 5345 Hostiltensi
2976 5293 3088 5345 loco
3114 5293 3353 5346 constitui
3376 5289 3604 5362 «labentis
3623 5308 3646 5347 :
3666 5308 3791 5362 qua-

2208 5370 2358 5414 tenus
2387 5360 2552 5429 ﬁscali
2583 5361 2901 5415 humanitate
2938 5363 3180 5427 recreati,
3219 5377 3463 5417 excursus
3499 5357 3616 5416 cum
3650 5357 3788 5416 vere-

2208 5431 2371 5503 uariis
2400 5447 2490 5501 per
2512 5432 2721 5503 alveum,
2737 5430 2875 5486 Padi
2906 5447 3046 5487 more
3071 5433 3221 5487 solito
3254 5434 3453 5503 faciatis
3474 5449 3497 5488 :
3522 5442 3581 5488 ut
3627 5434 3788 5487 diviso

2206 5501 2384 5557 labore
2418 5504 2563 5574 equis
2604 5501 2820 5575 publicis
2851 5503 3027 5560 debeat
3053 5501 3326 5573 subueniri,
3366 5506 3575 5575 quando
3612 5519 3787 5558 cimus

2207 5583 2367 5648 uester
2401 5592 2520 5648 non,
2543 5574 2796 5642 atteritur,
2841 5578 2931 5646 qui
2972 5593 3062 5644 per
3088 5576 3202 5631 vias
3238 5574 3461 5648 liquidas
3492 5581 3780 5648 expeditur.

2208 5643 2525 5716 Dromouari
2558 5648 2787 5716 remiges
2812 5643 3307 5704 erant'dromouum
3334 5667 3347 5704 :
3378 5643 3667 5706 dromoues
3696 5665 3786 5702 au-

2209 5722 2344 5838 teni,l
2362 5715 2635 5838 spongiam
2662 5715 2939 5786 cursori-ae,
2966 5718 3202 5788 expediti
3223 5732 3409 5777 cursus
3430 5721 3638 5791 navigia
3666 5719 3781 5774 huic

2209 5799 2286 5838 rei
2314 5810 2329 5838 ι
2352 5800 2514 5838 catum
2544 5804 2594 5838 tl.

2208 5799 2286 5838 rei
2314 5799 2594 5840 thSllttttltl.

2064 5844 2253 5885 ,κσνῆ

1900 5898 1945 5912 μοι

3134 5914 3144 5925 Ι
3178 5892 3267 5911 μί
3487 5915 3570 5932 ’,ἢ
3609 5927 3627 5935 -
