4140 6336
522 380 624 437 453

1772 348 2014 426 SlDONll
2051 354 2505 424 APOLLINARIS

3680 356 3783 413 456

526 496 610 548 vix
639 508 731 562 per
756 488 932 544 omnia
961 485 1189 554 theatra,
1211 497 1458 549 macena,
1493 482 1763 552 praetoria,
1788 480 1925 544 fora,
1961 487 2094 533 tem-
2125 485 2177 540 Α
2200 478 2339 534 servi
2382 478 2813 549 peregrinantur.
2847 473 2955 547 14
2983 472 3049 530 Et
3087 487 3227 529 nunc
3253 470 3423 542 (proli
3453 471 3696 542 pudor!)
3739 473 3783 527 si

526 589 630 655 pla,
670 581 963 655 gymnasia,
1005 589 1031 617 ι·
1063 577 1280 633 talassio
1329 575 1671 631 fescenninus
1715 573 2095 642 explicaretur.

525 679 695 746 Atque
730 675 1021 729 etiamnum
1070 669 1372 725 econtrario
1412 667 1588 721 studia
1633 664 1849 726 sileant,
1892 660 2101 731 negotia

525 768 818 838 quiescant,
864 762 1062 833 judicia
1102 761 1483 826 conticescant,
1535 757 1849 812 ditferantur
1881 753 2105 825 legatio-

528 874 643 924 nes,
675 864 828 911 vacet
854 854 1111 918 ambitus,
1134 861 1187 908 et
1212 852 1357 907 inter
1387 849 1744 905 scurrilitates
1784 847 2103 900 histrionum

530 959 672 1004 totus
711 947 983 1002 actionum
1018 944 1279 999 seriarum
1330 950 1501 997 status
1550 940 1943 1010 peregrinetur.
1988 935 2104 993 Jam

529 1038 742 1108 quidem
775 1034 923 1105 virgo
949 1032 1137 1088 tradita
1160 1040 1261 1099 est,
1291 1032 1399 1098 jam
1428 1029 1455 1068 ι’
1481 1044 1678 1084 corona
1706 1042 1957 1097 sponsus,
1996 1025 2107 1095 jam

526 1130 760 1200 palmata
806 1124 1123 1189 consularis,
1172 1124 1281 1192 jam
1311 1112 1530 1191 cyclade
1563 1120 1662 1191 13
1713 1120 1973 1190 pronuba,
2000 1118 2108 1187 jam

535 1233 653 1292 toga
683 1228 901 1275 senator
928 1219 1238 1278 honoratur,
1267 1214 1375 1284 jam
1408 1213 1655 1282 penulam
1686 1212 1907 1279 deponit
1936 1209 2111 1279 inglo-

502 1312 679 1367 -rius:
708 1320 764 1365 et
788 1308 1023 1364 nondum
1062 1316 1240 1361 tamen
1288 1313 1479 1359 cuncta
1524 1303 1882 1357 thalamorum
1917 1315 2109 1371 pompa

536 1401 863 1469 defremuit,
906 1398 1030 1468 quia
1074 1396 1303 1451 necdum
1334 1394 1448 1449 cad
1494 1393 1668 1449 mariti
1714 1392 1931 1447 domum
1979 1406 2113 1445 nova

540 1506 703 1561 nupta
729 1492 992 1562 migravit.
1038 1491 1149 1557 Qua
1191 1488 1483 1544 festivitate
1515 1488 1765 1552 decursa,
1796 1497 1995 1541 caatera
2023 1486 2116 1540 tibi

541 1585 784 1639 laborum
821 1596 1062 1636 meorum
1094 1578 1369 1634 molimina
1404 1578 1812 1643 reserabuntur,
1844 1578 1889 1630 si
1938 1588 2116 1631 tamen

541 1675 621 1731 vel
651 1685 1018 1730 consummata
1064 1671 1377 1727 solemnitas
1415 1670 1705 1740 aliquando
1748 1669 2120 1724 terminaverit

541 1767 698 1822 istam
747 1765 909 1821 totius
963 1762 1195 1819 civitatis
1249 1763 1713 1833 occupatissimam
1764 1762 2113 1817 vacationem.

544 1857 692 1914 Vale.
1462 1854 1465 1859 λ

1099 1944 1431 2001 EPISTOLA
1472 1944 1561 1999 VI.

851 2040 1097 2096 Sidonius
1119 2036 1143 2079 δ
1173 2037 1428 2107 Eutropio
1456 2053 1550 2092 suo
1574 2035 1815 2091 salutem.

615 2133 757 2189 Olim
802 2132 1017 2204 quidem
1066 2115 1454 2187 scriberetibi
1499 2130 1977 2199 concupiscebam,
2032 2133 2127 2182 sed

544 2239 684 2280 nunc
714 2225 795 2280 vel
824 2223 1056 2279 maxime
1083 2224 1353 2292 impellor,
1384 2221 1438 2276 id
1468 2229 1572 2289 est,
1598 2236 1718 2277 cum
1748 2220 1877 2274 mihi
1921 2221 2125 2274 ducens

546 2316 598 2369 in
649 2314 869 2381 Urbem,
900 2313 1116 2368 Christo
1157 2312 1513 2382 propitiante,
1548 2311 1630 2366 via
1677 2310 1930 2381 carpitur.
1984 2309 2131 2365 Scri-

548 2403 707 2459 bendi
747 2417 906 2458 causa
954 2404 1037 2459 vel
1083 2404 1217 2470 sola,
1252 2403 1338 2458 vel
1365 2403 1621 2469 maxima,
1646 2417 1749 2472 qua
1787 2411 1841 2457 te
1868 2401 2074 2457 scilicet
2099 2416 2129 2456 a

550 2495 812 2565 profundo
832 2496 1140 2551 domesticae
1166 2495 1362 2565 quietis
1387 2506 1688 2551 extractum
1711 2496 1778 2550 ad
1805 2496 2131 2565 capessenda

553 2596 575 2623 ί·
598 2586 801 2642 militiae
846 2587 1093 2656 palatium
1139 2588 1320 2641 munia
1350 2601 1557 2643 vocem.
1592 2587 1685 2642 His
1714 2587 1948 2654 additur,
1992 2588 2132 2658 quod

550 2695 771 2736 munere
806 2680 901 2736 Dei
933 2680 1025 2735 tibi
1053 2680 1302 2750 congruit
1327 2681 1449 2747 aevi,
1480 2681 1748 2750 corporis,
1790 2682 1952 2735 animi
1983 2682 2135 2752 vigor

553 2775 792 2843 integer;
820 2773 940 2827 dein
984 2773 1125 2843 quod
1159 2775 1334 2843 equis,
1360 2774 1545 2839 armis,
1583 2783 1753 2841 veste,
1784 2782 2021 2844 sumptu,
2050 2774 2133 2829 fa-

553 2866 762 2919 mulitio
806 2863 1129 2929 instructus,
1179 2865 1389 2932 solum,
1428 2866 1529 2921 nisi
1580 2865 1836 2931 fallimur,
1897 2866 2136 2933 incipere

554 2954 845 3011 formidas:
879 2964 1079 3010 etcum
1131 2956 1206 3010 sis
1245 2957 1423 3011 alacer
1474 2956 1640 3019 domi,
1689 2958 1741 3011 in
1782 2957 2136 3027 aggredienda

555 3050 982 3118 peregrinatione
1012 3049 1278 3119 trepidum
1312 3059 1363 3105 te
1395 3051 1537 3106 iners
1565 3050 1871 3121 desperatio
1900 3049 2024 3105 facit
2050 3069 2061 3102 :
2090 3052 2135 3105 si

555 3151 731 3196 tatuen
759 3142 1014 3196 senatorii
1045 3144 1264 3197 seminis
1292 3143 1475 3209 homo,
1500 3146 1591 3212 qui
1611 3144 1851 3212 quotidie
1881 3143 2137 3198 trabeatis

2206 570 2512 640 relinquare
2557 569 2695 624 inter
2721 568 3015 637 bussequas
3062 567 3380 632 rusticanos,
3428 565 3786 634 subulcosque

2206 661 2546 715 ronchantes.
2592 661 2801 730 Quippe
2855 659 2900 714 si
2948 666 3003 713 et
3050 673 3295 728 campum
3340 659 3475 713 stiva
3525 666 3787 711 tremente

2208 753 2541 823 proscindas,
2572 762 2665 807 aut
2688 752 2820 821 prati
2851 752 3043 807 ﬂoreas
3072 766 3201 820 opes
3226 751 3401 821 panda
3431 766 3625 805 curvus
3654 750 3788 804 falce

2211 844 2500 914 populeris,
2541 853 2633 897 aut
2672 844 2880 897 vineam
2927 843 3142 911 palmite
3170 856 3383 912 gravem
3430 856 3661 896 cernuus
3708 855 3788 894 ra-

2210 936 2335 989 stris
2364 935 2537 988 tossor
2564 932 2831 998 invertas;
2877 942 3004 987 tunc
3040 940 3124 987 est
3153 932 3247 987 tibi
3292 946 3500 986 summa
3546 939 3790 985 votorum

2212 1023 2506 1079 beatitudo.
2531 1024 2669 1091 Quin
2698 1024 2878 1093 potius
2901 1023 3297 1094 expergiscere,
3322 1032 3379 1078 et
3403 1023 3470 1077 ad
3502 1022 3704 1093 majora
3735 1037 3796 1076 se

2215 1115 2396 1184 pingui
2433 1115 2545 1170 otio
2584 1115 2877 1180 marcidus,
2932 1125 2990 1169 et
3035 1114 3273 1170 innervis
3308 1114 3519 1169 animus
3560 1114 3794 1169 attollat.

2214 1204 2329 1259 Non
2352 1206 2528 1260 minus
2549 1213 2631 1260 est
2660 1214 2870 1261 tuorum
2894 1205 3149 1261 natalium
3175 1206 3311 1272 viro,
3336 1219 3622 1276 personam
3643 1220 3795 1259 suam

2215 1298 2490 1363 excolere,
2522 1296 2695 1366 quam
2725 1297 2931 1352 villam.
2970 1297 3052 1353 Ad
3096 1309 3398 1353 extremum
3428 1298 3567 1369 quod
3618 1308 3671 1351 tu
3705 1297 3799 1353 tibi

2214 1390 2509 1459 juventutis
2530 1391 2842 1445 exercitium
2871 1391 3133 1460 appellas,
3159 1391 3262 1446 hoc
3285 1401 3370 1447 est
3396 1391 3562 1446 otium
3590 1399 3800 1446 vetera-

2220 1497 2434 1549 norum,
2476 1483 2529 1537 in
2559 1498 2785 1553 quorum
2828 1483 3077 1538 manibus
3122 1483 3295 1561 eiiIetis
3324 1498 3481 1539 enses
3505 1483 3799 1553 rubiginnsi

2220 1588 2341 1629 sero
2387 1573 2566 1643 ligone
2613 1584 2907 1631 mutantur.
2954 1576 3101 1642 Esto,
3135 1574 3500 1644 multiplicatis
3530 1575 3625 1629 tibi
3670 1589 3801 1644 spu-

2222 1666 2441 1721 mabunt
2471 1675 2645 1722 musta
2692 1667 2906 1731 vinetis,
2950 1669 3259 1722 innumeros
3304 1682 3515 1737 quoque
3557 1666 3804 1722 cumulos

2226 1760 2466 1829 frugibus
2494 1770 2646 1830 rupta
2676 1763 2944 1831 congestis
2972 1759 3169 1815 horrea
3202 1760 3425 1825 dabunt,
3454 1759 3678 1814 densum
3712 1772 3807 1827 pe-

2148 1855 2193 1913 B
2224 1867 2318 1908 cus
2346 1853 2581 1923 gravidis
2626 1854 2879 1910 uberibus
2923 1855 2976 1909 in
3018 1855 3299 1909 mulctram
3342 1869 3438 1924 per
3466 1861 3621 1908 antra
3664 1852 3807 1907 olida

2225 1945 2495 2000 caularum
2548 1946 2756 2015 pinguis
2788 1946 2883 2001 tibi
2927 1955 3110 2015 pastor
3156 1946 3431 2002 includet:
3469 1960 3575 2016 quo
3602 1954 3809 2016 spectat

2227 2047 2335 2092 tam
2365 2039 2647 2095 fazculento
2676 2039 3051 2109 patrimonium
3082 2041 3429 2109 promovisse
3458 2040 3806 2109 compendio;

2228 2142 2282 2188 ct
2304 2150 2410 2188 non
2428 2135 2601 2189 solum
2620 2135 2761 2191 inter
2778 2134 2901 2203 ista,
2926 2134 3042 2198 sed,
3072 2135 3212 2204 quod
3231 2144 3313 2191 est
3343 2135 3567 2205 turpius,
3592 2144 3809 2205 propter

2231 2227 2330 2280 ista
2361 2226 2619 2280 latuisse?
2649 2226 2764 2280 Non
2793 2227 3053 2295 nequiter
3077 2235 3131 2281 te
3155 2226 3368 2281 concilii
3398 2235 3659 2296 tempore,
3694 2233 3808 2295 post

2230 2318 2477 2373 sedentes
2507 2327 2892 2386 censentesque
2915 2317 3159 2389 juvenes,
3190 2318 3474 2389 inglorium
3519 2318 3804 2380 rusticum,

2231 2427 2413 2467 senem
2458 2420 2711 2478 stantem,
2740 2412 2972 2467 nobilem
3002 2411 3391 2467 latitabundum
3422 2412 3672 2481 pauperis
3711 2409 3811 2465 ho-

2234 2503 2406 2558 norati
2453 2503 2715 2558 sententia
2762 2512 2987 2573 premet,
3035 2517 3157 2557 cum
3198 2516 3290 2557 eos
3332 2517 3467 2572 quos
3496 2510 3640 2557 esset
3670 2501 3814 2556 indi-

2233 2613 2396 2668 gnum
2425 2596 2471 2651 si
2515 2596 2736 2665 vestigia
2764 2605 2946 2651 nostra
2976 2604 3351 2666 sequerentur,
3395 2593 3596 2649 videris
3625 2593 3814 2649 dolens

2234 2687 2607 2743 antecessisse.
2638 2686 2747 2743 Sed
2776 2686 2903 2757 quid
2932 2686 3123 2756 plura?
3169 2685 3224 2742 Si
3272 2686 3470 2757 pateris
3511 2684 3815 2740 hortantem

2236 2790 2520 2835 conatuum
2550 2788 2763 2835 tuorum
2807 2777 2987 2834 socius
3014 2778 3245 2848 adjutor,
3292 2776 3521 2846 prmvius
3552 2777 3816 2846 particeps

2237 2891 2349 2932 ero.
2382 2875 2476 2932 Sin
2502 2885 2680 2930 autem
2708 2874 3040 2930 illecebrosis
3067 2873 3377 2929 deliciarum
3410 2873 3647 2928 cassibus
3669 2872 3817 2927 invo-

2238 2969 2403 3034 intus,
2438 2969 2627 3033 mavis,
2662 2976 2719 3022 ut
2747 2969 2917 3033 aiunt,
2948 2966 3163 3035 Epicuri
3184 2965 3525 3035 dogmatibus
3554 2964 3815 3034 copulari,

2240 3064 2327 3132 qui
2351 3061 2556 3131 jactura
2589 3060 2800 3115 virtutis
2850 3059 3106 3123 admissa,
3152 3072 3420 3112 sumntum
3469 3056 3568 3127 15
3614 3056 3813 3111 bonum

2240 3156 2350 3209 sola
2374 3155 2617 3222 corporis
2643 3154 2914 3222 voluptate
2954 3150 3297 3217 determinat,
3330 3159 3497 3207 testor
3536 3163 3664 3205 ecce
3701 3163 3816 3203 ma-

556 3247 874 3302 Proavomm
901 3233 1220 3301 imaginibus
1260 3234 1536 3302 ίιιεετὶιυν,
1570 3235 1716 3303 ius“3
1756 3236 1933 3289 dicere
1964 3245 2138 3304 Ροιθει
2165 3214 2213 3280 C
2241 3248 2408 3315 jores,
2443 3253 2608 3300 testor
2638 3254 2884 3312 posteros
2932 3251 3163 3309 nostros,
3216 3241 3340 3297 huic
3382 3257 3469 3298 me
3513 3255 3668 3296 noxa:
3715 3253 3817 3294 nou

558 3333 726 3379 semet
754 3326 1172 3393 peregrinatum,
1205 3325 1251 3378 si
1282 3326 1452 3379 semel
1479 3335 1535 3380 et
1580 3326 1633 3379 in
1680 3325 1899 3394 juventa
1944 3326 2137 3381 viderit

560 3417 886 3473 domicilium
931 3418 1140 3489 legum,
1186 3419 1519 3490 gymnasium
1570 3420 1892 3487 litterarum,
1936 3423 2135 3477 curiam

559 3508 892 3580 dignitatum,
938 3510 1192 3566 verticem
1238 3512 1445 3578 mundi,
1490 3513 1715 3583 patriam
1761 3515 2051 3583 libertatis,
2084 3520 2135 3572 in

559 3617 661 3671 qua
690 3600 895 3669 unica?
939 3604 1099 3658 totius
1140 3612 1163 3649 κ
1191 3602 1376 3658 mundi
1420 3604 1639 3660 civitate
1684 3605 1783 3661 soli
1825 3605 2039 3662 barbari
2088 3616 2142 3663 et

634 3750 660 3778 ἰ
697 3739 785 3796 Sic
825 3738 950 3794 libri
992 3738 1209 3808 optima:
1250 3745 1415 3794 notae.
1462 3738 1566 3794 Alii
1608 3738 1876 3807 thatassia,
1904 3738 2044 3808 quod
2076 3740 2141 3794 ad

561 3825 673 3867 rem
699 3810 830 3863 nihil
863 3809 1007 3863 facit.
1040 3809 1369 3864 Talassionis
1396 3818 1573 3864 autem
1613 3817 1669 3863 et
1715 3824 1815 3865 vox
1845 3819 1899 3865 et
1927 3824 2143 3865 carmen

563 3889 744 3936 notum
773 3880 825 3933 in
851 3880 1068 3947 nuptiis.

634 3948 661 3987 ιι
692 3949 855 4003 Primi
884 3948 1171 4003 Christiani
1202 3962 1398 4004 corona
1428 3949 1482 4003 in
1512 3948 1715 4017 nuptiis
1747 3948 1827 4002 usi
1860 3964 1965 4005 non
1996 3958 2143 4004 sunt.

564 4020 695 4074 Nam
724 4033 844 4072 cum
875 4020 926 4072 in
981 4021 1216 4072 numinis
1246 4019 1471 4086 alicujus
1515 4020 1677 4073 tutela
1709 4033 1920 4073 coronae
1960 4034 2147 4074 omnes

566 4098 767 4150 essent,
792 4088 912 4142 ideo
941 4090 1295 4153 abstinebant,
1323 4104 1389 4141 ne
1417 4088 1955 4158 profanaegreligionis
1981 4091 2147 4158 parti-

565 4159 713 4226 cipes
728 4157 1065 4228 viderentur.
1094 4158 1451 4212 Tertullianus
1502 4158 1603 4228 ιη
1639 4156 1708 4211 de
1749 4156 2150 4212 Corona'mili—

569 4224 637 4282 tis
668 4245 680 4279 :
713 4224 970 4280 Coronam
994 4237 1041 4279 et
1069 4228 1262 4298 nuptiae
1287 4224 1543 4298 sponsos?
1567 4224 1611 4280 Et
1637 4229 1752 4281 ideo
1787 4245 1887 4281 non
1917 4228 2149 4283 nubimus

567 4298 804 4367 ethnicis,
830 4312 891 4349 ne
917 4311 1009 4367 nos
1030 4298 1095 4348 ad
1123 4296 1473 4350 idolota‘triam
1502 4314 1662 4367 usque
1689 4298 1964 4365 deducant,
1992 4315 2023 4352 a
2049 4316 2173 4367 qua‘

568 4366 707 4446 apud
732 4367 847 4420 illos
871 4366 1061 4446 nuptiae
1087 4367 1358 4435 incipiunt.
1384 4366 1673 4446 Postquam
1694 4367 1854 4422 desiit
1885 4369 1985 4422 hoc
2011 4366 2149 4446 peri-

570 4438 773 4503 culum,
806 4437 1084 4505 pristinum
1113 4452 1314 4491 morem
1346 4438 1578 4504 amplexi
1622 4446 1790 4492 sunt:
1824 4454 1981 4507 quem
2010 4437 2149 4493 anti-

570 4507 887 4576 quissimnm
917 4509 1053 4575 apud
1086 4508 1338 4562 Hebraeos
1366 4508 1528 4562 fuisse
1550 4509 1702 4563 testis
1724 4519 1806 4563 est
1829 4509 2035 4574 Esaias,
2058 4509 2147 4578 qui

570 4593 847 4647 sponsum
872 4592 1067 4633 corona
1115 4579 1424 4632 decoratum
1455 4578 1708 4632 describit
1736 4594 1856 4645 cap.
1881 4578 1972 4634 61.
2003 4580 2149 4633 Basi-

2247 3352 2367 3393 esse
2391 3332 2683 3393 confinem.

2795 3425 3127 3482 EPISTOLA
3165 3425 3280 3481 VII.

2584 3517 2829 3573 Sidonius
2862 3517 3127 3571 Vincentio
3148 3533 3241 3571 suo
3266 3517 3498 3572 salutem.

2323 3609 2483 3679 Angit
2532 3623 2617 3662 me
2647 3604 2673 3644 ιι
2713 3621 2869 3663 casus
2918 3608 3174 3673 Arvandi,
3227 3622 3327 3662 nec
3374 3607 3653 3662 dissimu‘o
3698 3605 3819 3675 quin

2254 3743 2333 3796 ferr.
2353 3744 2462 3806 illa,
2493 3750 2550 3794 ut
2579 3742 2794 3793 ducatur
2816 3755 2946 3793 uxor
2972 3739 3041 3792 ad
3064 3738 3245 3801 virum,
3273 3753 3373 3791 non
3400 3738 3477 3791 rir
3498 3738 3566 3789 ad
3594 3751 3821 3791 umorem.

2324 3810 2350 3849 δ
2380 3812 2509 3866 Viro
2548 3811 2739 3875 nobili,
2772 3811 2942 3864 adhuc
2970 3808 3182 3879 quidem
3216 3810 3447 3877 privato,
3479 3817 3660 3875 postea
3693 3821 3823 3875 prte-

2254 3883 2394 3938 fecto
2418 3881 2670 3951 praetorio
2697 3880 3010 3951 Galliarum,
3031 3880 3134 3951 ilih.
3165 3894 3240 3945 Ill,
3270 3879 3511 3951 epistrtt.

2328 3963 2351 3990 ο
2390 3945 2505 4007 Non
2535 3964 2678 4006 verae
2702 3950 2925 4014 militiae,
2953 3950 3045 4004 sed
3072 3963 3177 4018 quo
3199 3945 3354 4003 senSn
3381 3948 3611 4002 militare
3635 3945 3825 4014 palatio

2255 4022 2380 4076 dicti
2412 4036 2600 4076 omnes
2620 4022 2708 4090 qui
2737 4021 2788 4073 in
2815 4022 2932 4073 aula
2961 4028 3259 4081 versantur,
3289 4019 3461 4090 etiam
3481 4019 3525 4073 si
3552 4030 3699 4069 arma
3724 4032 3823 4070 non

2258 4101 2504 4159 tractent,
2536 4100 2595 4145 ut
2621 4088 2835 4155 notarii,
2860 4090 3143 4153 scriniarii,
3171 4088 3529 4157 largitionales
3550 4097 3603 4141 et.
3623 4089 3823 4154 caeteri,

2256 4163 2321 4216 de
2347 4163 2541 4230 quibus
2572 4160 2756 4215 titulus
2783 4160 2853 4215 de
2882 4159 3170 4229 privilegiis
3200 4172 3386 4213 eorum
3426 4159 3514 4230 qui
3546 4170 3701 4210 sacro
3740 4171 3828 4225 pa-

2256 4228 2382 4285 latio
2411 4232 2658 4286 militant.
2706 4228 2955 4297 Quinimo
2996 4230 3238 4284 militiam
3279 4228 3567 4297 palatinam
3599 4242 3743 4281 verte
3778 4236 3829 4281 et

2256 4312 2474 4356 armatae
2519 4302 2663 4371 leges
2691 4308 2983 4370 opponunt.
3027 4300 3149 4353 Tria
3187 4297 3593 4371 enimhomnino
3630 4298 3830 4371 militia:

2253 4387 2450 4442 genera
2476 4368 2843 4441 distinguunt:
2876 4378 3131 4442 armatam
3162 4384 3255 4424 seu
3282 4368 3586 4442 militarem,
3618 4382 3741 4436 qua:
3758 4370 3830 4442 ita

2256 4438 2433 4497 vocari
2458 4444 2620 4512 coepit
2645 4438 2923 4512 postquam
2943 4440 3144 4512 militiae
3169 4453 3361 4512 nomen
3388 4438 3453 4512 ad
3481 4438 3584 4491 alia
3607 4438 3831 4512 transla-

2257 4522 2400 4575 tum;
2432 4509 2717 4583 palatinam
2747 4509 2931 4567 eorum
2960 4512 3048 4580 qtti
3079 4509 3217 4565 intra
3245 4509 3498 4583 palatium
3523 4510 3829 4583 merebant;

2260 4578 2469 4637 tertiam
2512 4583 2838 4652 reliquorum
2885 4578 3154 4644 omnium,
3184 4580 3279 4652 qui
3304 4578 3532 4634 diversis
3550 4578 3832 4652 judicibus

574 4650 676 4727 litts
707 4648 965 4727 Seleuciae
980 4649 1047 4727 _itt
1080 4649 1261 4727 Tecla.
1285 4651 1531 4727 Χορεύσοιι
1553 4651 1652 4727 γὰρ
1680 4651 1763 4727 ἐπὶ
1789 4659 1861 4723 τῷ
1880 4658 1955 4723 σῷ
1981 4652 2136 4722 γάμῳ.

2256 4648 2713 4727 potestatibusque
2750 4649 3312 4727 apparebant,_qualis
3341 4662 3461 4727 quae
3492 4649 3680 4727 militia
3706 4664 3831 4727 pro-

572 4723 728 4795 Κᾲγὼ
762 4718 816 4774 δὲ
854 4721 1109 4795 πςριθήσω
1150 4722 1239 4795 μέν
1265 4718 1366 4783 aet,
1392 4718 1647 4795 ειριθῆοςώ
1686 4719 1740 4774 δὲ
1761 4718 2149 4795 τ-ᾤνυμφῖῳδέῷ

572 4789 651 4859 σῷ
677 4794 763 4861 τὸίν
790 4789 1091 4861 noli-suarm
1120 4791 1376 4861 Στέφᾳνον.
1401 4789 1755 4857 Theophanes
1780 4789 2035 4846 (Πιτόηίοἰ
2057 4789 2152 4844 au-

570 4858 690 4938 ctor
719 4860 781 4938 in
823 4859 1181 4938 (iopronymo.
1215 4858 1459 4938 ’ῗΕζενξεν
1500 4862 1720 4938 Εἱρήνῃν-
1750 4865 1921 4917 Λέοντι
1950 4871 2031 4938 ,τῷ
2059 4864 2151 4935 υἱῷ

572 4933 751 5015 αὐτοῖς,
779 4928 974 5015 aridior:
1006 4928 1190 4990 αὖτοὺς
1218 4931 1270 5015 iv
1293 4937 1367 5003 τῷ
1393 4937 1497 5015 vare?)
1524 4928 1615 4985 τόῦ
1638 4930 1783 5015 (ζυγίου
1814 4928 2051 5015 Στιφὰνὸυ
2080 4928 2153 5002 re?)

572 5010 665 5059 τῆς
693 4998 957 5071 βασιλείας
985 5002 1186 5071 καὶτοῦ
1214 4998 1407 5071 γάμόυέ
1433 4998 1617 5071 Ij‘enen
1648 4998 1802 5055 Leoni
1841 4998 1952 5069 ﬁlio
1996 4998 2155 5071 capts-

575 5068 729 5141 lavit,
752 5084 1001 5141 coronans
1025 5070 1141 5121 illos
1170 5068 1231 5121 in
1250 5070 1409 5121 sancti
1433 5068 1682 5137 Stephani
1725 5068 1914 5139 templo
1951 5068 2155 5141 imperii

574 5139 729 5192 simul
756 5156 815 5192 ac
841 5140 1135 5207 nuptiarum
1164 5154 1373 5192 corona.

652 5218 675 5247 ο
703 5208 967 5264 Ducenda:
986 5210 1052 5263 ad
1074 5209 1320 5263 maritum
1344 5220 1553 5280 sponsa!
1573 5208 1804 5277 primum
1826 5210 2154 5280 exemplum,

579 5278 857 5347 legemque
878 5294 909 5332 a
932 5280 1041 5333 Deo
1070 5292 1338 5342 manasse,
1366 5279 1452 5348 qui
1478 5278 1641 5332 Evam
1674 5281 1739 5333 ad
1768 5278 2028 5335 Adamum
2059 5281 2157 5336 de-

579 5349 767 5411 duxit,
819 5348 1006 5416 probat
1042 5348 1364 5403 Severianus
1408 5349 1551 5402 hom.
1585 5349 1618 5402 5
1654 5348 1707 5402 in
1739 5350 2110 5404 Hexaemeron
2142 5366 2158 5403 :

582 5420 680 5502 Ιέαί
709 5416 803 5491 ὅρα
828 5419 913 5503 τὸν
944 5420 1111 5507 νόμοέ·
1146 5426 1291 5475 πᾶσα
1316 5422 1412 5509 γὰρ
1448 5426 1572 5505 βιοῦ
1602 5425 1731 5489 φωνή
1771 5422 1971 5496 ἀρχαία
1998 5425 2161 5508 statuatis

582 5485 763 5568 ἧλιξ-ἰὴ·
802 5485 1021 5568 «puti-rue.
1060 5487 1272 5563 Ἠγα-γεν
1310 5485 1335 5568 ᾇ
1373 5485 1495 5568 ὸερς
1530 5485 1634 5568 cui
1656 5485 1892 5568 γυναῖκᾶ
1916 5492 2045 5568 πρὸς
2074 5494 2161 5545 τὸν

584 5554 741 5637 ’ρδᾱῆ
765 5554 850 5609 nati
873 5554 1065 5637 ἔμεινεν
1092 5554 1243 5637 coire
1269 5562 1420 5637 νρκος
1445 5562 1540 5620 ἕως
1571 5554 1814 5637 σήμερον,
1838 5567 1927 5618 τήν
1949 5554 2164 5637 iuuarint

587 5624 801 5707 ᾅγισλραι
817 5635 889 5696 τῷ
906 5624 1072 5707 ἆνᾷρί,
1171 5634 1256 5685 τὸν
1279 5624 1435 5707 ἅιῖδρα
1462 5633 1588 5701 πρὸς
1608 5624 2165 5707 τῇνῖγυναῖξιαῘΙιερεηι

587 5696 820 5771 inspice:
849 5696 1010 5771 σηιηῇ
1044 5702 1225 5767 quippe
1254 5696 1465 5771 antiqua
1490 5696 1588 5771 uox
1624 5696 1921 5771 Dei'regula
1962 5712 2035 5755 est
2054 5696 2159 5755 ⁷ηασ-

585 5763 733 5824 tum.
771 5763 928 5821 Duxit
954 5765 1096 5822 Deus
1116 5763 1321 5823 uxorem
1344 5763 1412 5815 de
1447 5766 1595 5818 ’μθ-ιιι·
1620 5788 1632 5800 ·
1660 5779 1704 5823 et
1727 5763 1894 5826 manet
1920 5770 2167 5842 hodieque

2255 4719 2554 4778 consularis
2583 4719 2676 4793 aut
2711 4719 3051 4793 prrefeetiana
3079 4720 3375 4793 dicebatur.
3406 4719 3674 4793 Honorius
3704 4720 3827 4787 imp.

2256 4795 2324 4849 de
2353 4795 2578 4849 diversis
2602 4789 2791 4847 officiis
2819 4801 2876 4849 et
2896 4789 3079 4861 appar.
3112 4808 3125 4843 :
3156 4789 3436 4861 Cujuslibet
3452 4790 3651 4859 judicia
3677 4805 3831 4861 appos

2256 4866 2472 4930 ritores,
2521 4866 2653 4917 inter
2693 4880 2820 4934 quos
2867 4858 3019 4916 etiam
3064 4858 3414 4934 prtefe'ctianos
3455 4858 3719 4934 locamus,
3768 4858 3831 4911 ad

2257 4928 2607 5012 quamcunque
2626 4928 2780 5012 aliain
2803 4934 3036 5012 miijliam
3065 4928 3139 4985 uel
3158 4928 3441 5012 palatinam
3466 4928 3543 4983 vel
3564 4929 3831 5012 utilitatem

2258 4999 2587 5069 transierint,
2617 5004 2903 5057 retrahendi
2935 5003 3030 5057 hos
3056 4999 3257 5071 capiam
3284 5000 3387 5053 illis
3412 5015 3540 5068 quos
3572 4999 3832 5053 deseruere

2261 5075 2553 5129 tribuimus.

2335 5142 2355 5181 ι
2398 5143 2555 5198 Orbis
2602 5141 2808 5196 scilicet
2845 5141 3105 5210 Romani,
3147 5148 3268 5209 post
3299 5138 3625 5210 Antoninum
3653 5138 3832 5202 Pium,

2262 5212 2353 5281 qui
2381 5212 2521 5280 quod
2547 5214 2805 5279 Augusto,
2840 5213 2885 5265 si
2918 5212 3067 5266 Dioni
3093 5209 3253 5281 ﬁdes,
3285 5209 3543 5281 suadebat
3570 5209 3830 5281 Mecenas,

2263 5278 2323 5336 re
2356 5278 2598 5351 perfecit,
2628 5278 2685 5335 ut
2704 5281 2791 5349 jus
2822 5281 3075 5335 Romanae
3100 5278 3330 5351 civitatis
3356 5294 3665 5351 commune
3688 5280 3833 5335 fieret

2265 5348 2512 5406 omnibus
2539 5348 2814 5420 subjectis.
2845 5351 3063 5406 Novella
3087 5348 3478 5405 781ustiniani.
3501 5352 3621 5416 Quo
3641 5348 3833 5405 factum

2265 5431 2324 5477 ut
2351 5423 2517 5477 Roma
2547 5437 2655 5476 una
2681 5423 2921 5477 omnium
2950 5423 3115 5490 patria
3146 5428 3200 5475 et
3224 5420 3410 5474 civitas
3435 5429 3581 5475 esset
3609 5437 3623 5473 :
3656 5424 3709 5473 in
3739 5434 3834 5489 qua

2263 5494 2401 5559 soli,
2431 5493 2573 5562 quod
2611 5493 2685 5546 ait
2731 5491 3035 5562 Sidonius,
3066 5490 3330 5562 peregrini
3376 5500 3737 5562 censerentur
3754 5497 3834 5544 aut

2264 5565 2403 5618 servi
2428 5560 2463 5629 ,⁷
2485 5565 2537 5617 in
2562 5577 2695 5631 quos
2718 5562 2803 5631 jns
2833 5561 2961 5615 illud
2984 5560 3175 5616 cadere
3201 5573 3306 5615 non
3336 5568 3577 5630 poterat,
3605 5571 3699 5615 aut
3724 5560 3835 5615 bar-

2265 5633 2380 5687 bari
2407 5634 2495 5701 qui
2522 5649 2627 5687 non
2657 5632 2913 5702 parebant
2935 5631 3179 5699 imperio.

2340 5714 2364 5751 s
2396 5705 2451 5757 ln
2481 5703 2747 5772 aliquibus
2777 5704 2923 5756 libris
2951 5702 3109 5757 orbis.

2344 5775 2445 5845 15
2476 5773 2503 5810 ¹¹
2532 5769 2765 5839 Arvandi
2795 5772 2952 5840 huius
2982 5772 3215 5833 praefecti
3244 5772 3482 5831 nraztorii
3522 5769 3831 5826 Galliarum.
