4140 6336
313 368 412 427 85⁸1

1578 361 2062 419 EPISTOLARUM
2101 361 2230 419 LIB.
2270 362 2312 416 1.

3443 366 3545 427 458

312 489 483 554 angat.
507 479 744 551 Namque
781 479 868 535 hic
887 493 1096 550 quoque
1125 476 1366 533 cumulus
1395 475 1597 532 accedit
1627 477 1871 534 laudibus
1898 485 1951 540 Α
1974 475 2179 532 cinctus
2207 473 2446 529 custodia
2477 489 2632 544 quam
2674 485 2936 547 potestate
2972 478 3292 546 discinctus,
3327 490 3544 553 captus,

262 560 272 609 ἶ
314 574 664 643 imperatoris,
697 573 837 643 quod
866 588 1043 626 amare
1072 572 1245 641 palam
1277 571 1403 626 licet
1445 579 1501 626 et
1526 572 1698 640 capite
1728 572 1877 625 dam-

313 674 483 722 natos.
511 666 727 720 Amicus
755 663 956 718 homini
990 664 1083 731 fui,
1115 678 1272 732 supra
1319 678 1474 732 quam
1507 679 1712 717 morum
1760 663 1877 731 ejus

311 756 530 812 facilitas
593 757 926 826 varietasque
995 755 1351 823 patiebantur.
1422 753 1669 808 Testatur
1736 754 1873 823 hoc,

310 858 523 918 prepter
553 848 723 916 ipsum
756 847 884 900 mihi
916 859 1082 914 nuper
1112 845 1308 899 invidia
1339 846 1588 909 conﬂata,
1618 845 1770 913 cujus
1793 858 1876 898 me

310 938 463 1008 paulo
513 937 854 991 incautiorem
903 935 1113 989 ﬂamma
1162 935 1439 989 detorruit.
1490 935 1595 990 Sed
1640 935 1779 1004 quod
1825 936 1873 987 in

310 1028 538 1083 amicitia
577 1030 722 1092 steti,
755 1027 884 1081 mihi
930 1027 1109 1082 debui.
1158 1027 1322 1082 Porro
1364 1036 1543 1081 autem
1591 1026 1640 1079 in
1692 1035 1874 1079 natura

308 1119 397 1174 ille
425 1134 529 1173 non
561 1119 741 1173 habuit
761 1118 1086 1188 diligentiam
1119 1119 1490 1188 perseverandi
1514 1134 1528 1172 :
1553 1118 1719 1172 libere
1745 1133 1873 1185 que-

307 1226 416 1276 ror,
449 1227 555 1265 non
606 1210 982 1265 insultatorie:
1010 1212 1128 1280 quia
1164 1210 1397 1264 ﬁdelium
1439 1209 1659 1264 consilia
1697 1209 1876 1278 despi-

307 1301 473 1365 ciens,
524 1303 750 1355 fortuna:
792 1301 1072 1355 ludibrium
1121 1317 1216 1370 per
1245 1301 1419 1354 omnia
1451 1301 1549 1354 fuit
1589 1318 1601 1352 :
1645 1301 1875 1368 denique

307 1407 411 1448 non
442 1406 564 1446 eum
593 1391 876 1461 aliquando
917 1391 1193 1454 cecidisse,
1245 1391 1336 1446 sed
1384 1400 1490 1444 tam
1535 1391 1624 1444 diu
1663 1391 1875 1445 stetisse

306 1484 425 1553 plus
473 1485 659 1537 miror.
697 1482 739 1536 Ο
767 1483 972 1553 quoties
1002 1497 1142 1550 saepe
1180 1483 1290 1551 ipse
1321 1497 1379 1537 se
1408 1483 1628 1537 adversa
1657 1497 1876 1551 perpes-

305 1590 421 1630 sum
448 1575 806 1645 gloriabatur!
850 1588 969 1628 cum
1002 1583 1176 1628 tamen
1206 1588 1302 1628 nos
1343 1575 1409 1627 ab
1437 1573 1626 1628 affectu
1659 1574 1875 1642 profun-

302 1666 455 1722 diore
487 1667 743 1720 ruituram
772 1665 885 1734 ejus
914 1664 1233 1736 quandoque
1257 1665 1608 1719 temeritatem
1650 1666 1873 1719 misera-

300 1775 503 1825 remur,
533 1758 843 1814 deﬁnientes
862 1773 968 1813 non
992 1774 1112 1813 esse
1137 1757 1365 1821 felicem,
1390 1756 1480 1827 qui
1509 1757 1607 1812 hoc
1631 1758 1874 1825 frequen-

1981 569 2380 636 destinatusque
2457 570 2697 636 pervenit
2763 571 2982 627 Romam
3035 589 3049 626 :
3106 573 3249 630 illico
3303 585 3543 646 tumens,

1982 660 2119 730 quod
2188 673 2445 729 prospero
2515 675 2672 715 cursu
2730 665 3083 731 procellosum
3146 665 3352 722 Tuscia:
3400 669 3547 724 littus

1981 751 2353 820 enavigasset,
2429 759 2679 819 tanquam
2766 754 2866 807 sibi
2939 756 3074 811 bene
3144 760 3360 814 conscio
3435 761 3548 830 ipsa

1980 843 2374 912 quodammodo
2422 845 2690 898 elementa
2736 845 3131 902 famularentur.
3187 851 3242 905 In
3290 851 3549 921 Capitolio

1980 935 2377 990 custodiebatur
2424 936 2491 988 ab
2535 935 2743 1006 hospite
2773 946 2798 973 ι
2844 939 3025 993 Flavio
3074 943 3290 1007 Asello,
3354 947 3548 1001 comite

1979 1040 2251 1080 sacrarum
2286 1026 2644 1095 largitionum,
2675 1028 2760 1095 qui
2793 1027 2966 1082 adhuc
3013 1032 3062 1083 in
3102 1047 3166 1086 eo
3199 1035 3547 1091 semifuman-

1979 1123 2085 1170 tem
2129 1116 2456 1184 prazfecturae
2485 1132 2650 1185 nuper
2674 1126 2893 1172 extorta:
2916 1119 3220 1188 dignitatem
3253 1128 3550 1181 veneraba-

1979 1216 2084 1261 tur.
2120 1208 2320 1261 Interea
2355 1208 2511 1275 legati
2537 1208 2819 1275 provincia:
2835 1209 3018 1263 Galliae
3047 1212 3338 1268 Tonantius
3369 1216 3394 1252 ι’
3419 1217 3548 1272 Fer-

1979 1299 2164 1353 reolus
2192 1298 2579 1366 praefectorius,
2615 1310 2636 1336 ο
2672 1300 2869 1354 Afranii
2893 1301 3099 1372 Syagrii
3127 1304 3358 1358 consulis
3384 1321 3412 1358 e
3445 1306 3548 1362 ﬁlia

1979 1404 2170 1459 nepos,
2203 1388 2229 1426 ἀ
2261 1391 2614 1446 Thaumastus
2641 1407 2850 1461 quoque
2871 1402 2925 1448 et
2974 1394 3277 1464 Petronius,
3321 1398 3549 1452 maxima

1979 1496 2159 1536 rerum
2195 1483 2592 1551 verborumque
2622 1484 2842 1537 scientia
2879 1486 3108 1554 praediti,
3155 1498 3208 1542 et
3239 1489 3375 1543 inter
3405 1491 3550 1558 prin-

1978 1572 2167 1640 cipalia
2202 1573 2383 1641 patriae
2437 1583 2633 1627 nostra:
2661 1574 2852 1629 decora
2886 1577 3135 1646 ponendi,
3169 1580 3420 1648 praevium
3450 1580 3550 1634 Ar—

1977 1666 2207 1719 vandum
2241 1665 2452 1733 publico
2482 1667 2699 1720 nomine
2727 1670 3026 1722 accusaturi
3060 1682 3082 1707 °
3125 1687 3246 1727 cum
3276 1679 3437 1746 geaiis
3457 1679 3553 1735 de.

1979 1759 2264 1813 cretalzbus
2307 1758 2676 1827 insequuntur.
2724 1759 2824 1825 Qui
2869 1761 3007 1815 inter
3053 1772 3247 1819 cmtera
3275 1783 3392 1836 qure
3449 1769 3551 1825 sibi

301 1862 379 1906 ter
432 1851 608 1920 potius
655 1865 810 1915 esse,
865 1865 1022 1920 quam
1077 1864 1288 1918 semper
1341 1848 1694 1918 judicaretur.
1770 1847 1873 1903 Sed
1904 1848 2334 1917 Bprovinciales
2356 1848 2560 1917 agenda
2587 1849 2987 1916 mandaverant,
3007 1852 3326 1925 interceptas
3349 1860 3552 1916 litteras

298 1943 707 2014 gubernationis
744 1958 855 1996 sua:
886 1943 1129 1998 ordinem
1160 1943 1422 2010 exposcis.
1460 1941 1615 1995 Salva
1646 1940 1769 1994 fidei
1798 1955 1876 1994 re-

298 2037 538 2091 verentia
595 2051 711 2104 quae
774 2036 945 2089 amico
1004 2036 1162 2089 etiam
1225 2034 1424 2087 afﬂicto
1472 2032 1716 2096 debetur,
1764 2046 1874 2086 rem

297 2128 536 2184 breviter
565 2142 846 2196 exponam.
896 2126 1273 2181 Prmfecturam
1315 2125 1537 2194 primam
1565 2125 1877 2193 gubernavit

297 2239 421 2278 cum
480 2237 668 2291 magna
724 2220 1120 2290 popularitate,
1174 2228 1697 2288 consequentemque
1756 2231 1872 2270 cum

295 2315 530 2371 maxima
582 2313 941 2383 populatione.
993 2313 1199 2367 Pariter
1247 2326 1409 2366 onere
1454 2310 1739 2379 depressus
1776 2309 1875 2379 ιθ

298 2409 427 2460 mris
459 2405 639 2468 alieni,
674 2413 818 2459 metu
848 2405 1170 2460 creditorum
1203 2417 1548 2459 successuros
1593 2403 1693 2456 sibi
1737 2403 1876 2470 opti-

292 2508 471 2552 mates
551 2495 916 2550 aemulabatur.
1005 2493 1253 2549 Omnium
1318 2494 1577 2562 colloquia
1662 2493 1873 2559 ridere,

290 2590 524 2646 consilia
553 2588 758 2655 rimari,
802 2588 975 2642 ofﬁcia
1022 2597 1389 2652 contemnere,
1423 2587 1529 2656 pati
1577 2586 1644 2640 de
1690 2600 1876 2640 occur-

289 2693 510 2736 rentum
568 2679 786 2733 raritate
839 2678 1236 2747 suspicionem,
1301 2678 1368 2732 de
1436 2677 1749 2732 assiduitate
1800 2676 1878 2729 fa-

289 2773 514 2828 stidium
546 2789 560 2826 :
590 2771 760 2827 donec
798 2769 903 2827 odii
935 2770 1130 2840 publici
1177 2770 1319 2825 mole
1362 2770 1612 2834 vallatus,
1649 2780 1702 2824 et
1732 2769 1878 2838 prius

289 2948 344 2995 et
370 2935 564 3008 judicii
591 2951 694 3006 quo
723 2933 1020 3008 majestatis
1047 2934 1232 3008 Romae
1263 2932 1544 3008 damnatus
1566 2941 1648 2987 est
1677 2932 1742 2987 ab
1769 2931 1882 3008 An-

293 3002 542 3070 themio,
583 3002 877 3062 meminere
911 3015 1119 3059 veteres
1166 3005 1403 3072 plerique
1455 3002 1879 3071 chronographi,

290 3081 390 3135 sed
427 3078 646 3133 nomine
674 3075 1016 3143 interpolato.
1046 3074 1428 3138 Cassiodorus,
1462 3090 1689 3142 eumque
1714 3074 1881 3127 secuti

287 3151 568 3206 Marianus
599 3156 652 3202 et
688 3147 1023 3201 Hermannus
1063 3145 1404 3199 Aravundum
1436 3152 1645 3199 vocant.
1689 3143 1881 3197 Paulus

290 3220 562 3276 diaconus
593 3217 956 3281 Servandum;
1003 3231 1108 3285 quo
1150 3216 1309 3269 etiam
1341 3214 1497 3268 modo
1541 3214 1874 3281 Sigebertns,

289 3293 468 3355 Otho,
502 3289 772 3344 Conradus
793 3286 956 3341 abbas
982 3297 1034 3341 et
1059 3286 1146 3339 alii
1175 3303 1190 3339 :
1221 3301 1404 3341 verum
1429 3301 1620 3340 nomen
1653 3299 1770 3339 cum
1800 3286 1878 3338 in-

290 3370 455 3432 tegra
488 3361 704 3432 historia
735 3358 954 3432 Sidonio
977 3357 1219 3432 debetur.
1252 3427 1308 3432 __
1361 3426 1400 3432 _
1549 3427 1560 3432 _
1668 3426 1678 3432 _
1761 3427 1791 3432 __
1868 3373 1873 3379 '

370 3426 399 3469 ὶι
436 3432 537 3498 Qui
571 3431 621 3485 in
646 3431 859 3498 antiqua
883 3429 1224 3496 inscriptione
1252 3427 1331 3481 Fl.
1361 3426 1626 3496 Eugenius
1654 3426 1878 3481 Asellus.

287 3503 417 3560 Hoc
471 3513 708 3569 tempore
753 3515 934 3569 comes
957 3508 1088 3569 erat
1125 3498 1458 3569 largitionum
1496 3515 1509 3549 :
1544 3498 1880 3569 postmodum

288 3567 599 3642 praefectus
631 3569 760 3624 Urbi
791 3567 922 3642 fuit_,
953 3568 1003 3620 in
1033 3583 1201 3642 eoque
1230 3568 1538 3634 magistratu
1570 3568 1620 3642 in
1663 3567 1878 3642 basilica

287 3636 358 3701 S.
414 3639 567 3696 Pauli
615 3654 722 3692 arte
770 3638 1012 3691 maximze
1062 3637 1260 3688 tholum
1308 3651 1428 3688 cuin
1478 3636 1737 3702 quadrato
1780 3637 1883 3688 cir-

288 3727 433 3768 cum
480 3723 624 3764 aram
665 3709 875 3762 exedrae
918 3707 1118 3759 ambitu
1153 3707 1436 3771 reparavit.
1472 3705 1710 3758 Vidimus
1751 3703 1882 3771 ipsi,

286 3797 432 3840 eum
468 3795 601 3848 opus
637 3777 809 3833 adhuc
848 3785 1076 3848 restaret
1109 3778 1284 3848 (nunc
1313 3776 1453 3848 enim
1484 3790 1728 3829 eversmn
1759 3774 1885 3843 est),

289 3845 585 3921 subjectas
628 3846 1011 3921 porphyreticis
1040 3845 1504 3921 columnis__bases_
1526 3859 1851 3921 marmoreas
1871 3886 1885 3910 ,

292 3913 474 3990 atque
501 3922 552 3975 in
585 3913 668 3975 his
698 3913 847 3973 binas
868 3918 934 3972 ad
964 3927 1243 3985 utrumque
1263 3915 1461 3970 aditum
1492 3915 1575 3972 his
1606 3915 1782 3970 verbis
1809 3913 1889 3968 in-

294 3994 561 4063 scriptas.

691 4059 795 4116 η.
839 4055 1176 4114 EUGENIUS
1215 4055 1519 4112 ASELLUS

786 4131 850 4185 ν.
891 4127 950 4182 C.
995 4125 1218 4182 PREF.
1263 4126 1423 4182 URBI

758 4198 821 4254 V.
865 4199 921 4256 S.
965 4199 1003 4253 Ι.
1042 4196 1454 4253 REPARAVIT.

371 4337 404 4378 ι’
443 4335 738 4394 Prtefectus
760 4332 935 4390 fuerat
964 4331 1198 4404 praetorii
1221 4330 1535 4388 Galliarum.
1570 4327 1626 4386 In
1653 4329 1889 4387 carmine

296 4407 692 4480 Propemptico
719 4422 733 4460 :

429 4501 530 4552 Hic
552 4499 679 4550 docti
706 4498 928 4547 invenies
964 4501 1150 4559 patrem
1174 4496 1400 4555 Tonanti,

428 4563 698 4612 Rectorem
720 4558 1042 4621 columenque
1061 4558 1342 4617 Galliarum,

429 4625 591 4675 Prisci
616 4621 898 4671 Ferreolum
931 4632 1095 4682 parem
1120 4621 1307 4682 Syagri.

296 4755 412 4810 Sed
443 4752 514 4807 de
539 4749 794 4805 Ferreolo
822 4747 1026 4803 Sidonii
1047 4745 1205 4799 afﬁne
1228 4744 1376 4812 plura
1395 4743 1460 4796 ad
1493 4743 1769 4811 epistolam
1801 4742 1888 4806 η,

296 4828 396 4882 lib.
435 4839 535 4878 vn.
571 4820 721 4875 Nunc
743 4819 869 4872 satis
893 4819 959 4871 sit
991 4829 1206 4870 monere
1237 4815 1346 4868 falli
1377 4828 1469 4868 eos
1499 4815 1591 4882 qui
1639 4815 1741 4866 hoc
1773 4814 1892 4865 loco

300 4894 643 4952 Tonantium
683 4905 709 4943 a
750 4889 1003 4941 Ferreolo
1033 4887 1384 4952 distinguunt,
1420 4885 1568 4947 quasi
1610 4883 1714 4935 duo
1746 4883 1851 4936 sint
1874 4922 1889 4946 ,

297 4982 429 5023 cum
454 4965 650 5018 unicus
672 4961 742 5013 sit
759 4957 1042 5013 Ferreolus
1066 4957 1390 5025 praenomine
1409 4953 1730 5010 Tonantius;
1751 4954 1892 5025 sient

299 5037 574 5093 Afranius
603 5031 856 5102 Syagrius
888 5043 991 5081 non
1016 5023 1264 5102 duorum,
1289 5024 1381 5102 sed
1413 5026 1570 5102 unius
1600 5030 1681 5102 est
1709 5023 1891 5090 appel-

299 5092 463 5164 latio.
496 5092 957 5171 Alioquivquatuor
985 5097 1051 5151 ab
1076 5111 1178 5171 una
1205 5094 1480 5171 provincia
1509 5092 1665 5162 legati
1689 5102 1884 5158 essent,

300 5194 433 5235 cum
471 5167 656 5242 plures
685 5167 841 5241 quam
875 5180 1054 5224 ternos
1079 5167 1215 5221 mitti
1247 5169 1388 5242 leges
1416 5174 1614 5242 vetent.

384 5261 408 5285 ε
450 5234 1047 5314 Syagrii-consulatan
1089 5251 1255 5314 quem
1301 5234 1558 5314 Gratiano
1597 5234 1890 5314 imperante

305 5333 436 5374 cum
494 5304 730 5369 Antonio
756 5313 940 5380 gessit,
982 5304 1316 5380 fasti:omnes
1345 5306 1658 5380 loquuntur,
1687 5304 1890 5380 Afranii

303 5400 636 5462 prmnomen
667 5377 804 5462 unus
828 5380 1002 5462 habet
1039 5378 1305 5457 Sidonius.
1356 5377 1505 5456 Quod
1536 5390 1658 5462 vero
1700 5377 1889 5462 Postu-

305 5446 469 5516 inum
519 5453 800 5523 Syagrium
828 5451 878 5503 in
910 5448 1309 5523 commentariis
1339 5448 1449 5500 suis
1490 5446 1720 5523 appellat
1748 5447 1892 5523 Onu-

311 5515 456 5587 frius
476 5571 493 5595 ,
531 5515 654 5579 suo'
679 5522 926 5595 nimirum
958 5533 1104 5572 more
1133 5517 1286 5580 facit,
1333 5531 1445 5595 quo
1494 5518 1632 5569 solet
1661 5517 1740 5568 vir
1767 5515 1890 5594 dili-

307 5586 697 5672 gentissimus,
757 5593 970 5672 nomina
1011 5604 1133 5670 qua:
1183 5586 1348 5672 semel
1399 5588 1449 5638 in
1503 5599 1608 5672 nuo
1647 5587 1892 5653 quapiam

310 5656 613 5738 Ennjuncta
655 5656 1060 5738 meminerittin
1087 5657 1332 5738 omnibus
1373 5656 1624 5738 copulare
1653 5671 1784 5722 quos
1813 5671 1898 5709 eo-

313 5725 442 5800 rum
469 5733 891 5806 aliquo,:affectos
914 5730 1188 5806 videt.r_Sic
1209 5725 1708 5806 enimpost'aliquot
1729 5741 1896 5806 annos

312 5797 678 5876 Atticutn'qui
702 5805 902 5872 collega
946 5801 1044 5854 fuit
1073 5799 1314 5862 Ctesarii,
1348 5799 1591 5852 Pontium
1627 5797 1899 5866 cognomi-

571 5898 842 5956 PATROL.
888 5891 1097 5951 LVIlY.

1983 1939 2314 2004 deferebant,
2349 1955 2478 2008 quas
2504 1941 2733 1994 Arvandi
2771 1942 2942 1996 scriba
2963 1955 3239 2014 correptus
3277 1949 3551 2006 dominum

1983 2031 2211 2086 dictasse
2265 2031 2630 2099 proﬁtebatur.
2682 2032 2805 2088 Haec
2859 2035 2923 2087 ad
2967 2034 2985 2072 ί
3028 2052 3206 2106 regem
3256 2041 3551 2099 Gothorum

1982 2120 2160 2174 charta
2193 2121 2470 2174 videbatur
2501 2122 2693 2184 emitti,
2727 2137 2911 2190 pacem
2938 2139 3056 2180 cum
3101 2129 3288 2184 Graeco
3329 2132 3552 2201 impera-

1983 2220 2096 2267 tore
2121 2212 2459 2280 dissuadens,
2497 2223 2519 2258 ε
2549 2213 2829 2268 Britannos
2858 2230 3019 2284 super
3046 2218 3274 2286 Ligerim
3305 2224 3436 2278 sitos
3462 2226 3555 2279 im-

1983 2303 2205 2372 pugnari
2235 2311 2487 2371 oportere
2516 2302 2911 2369 demonstrans,
2941 2305 2968 2344 h
3015 2323 3132 2363 cum
3165 2311 3554 2383 Burgundioni-

1980 2392 2077 2446 bus
2095 2392 2214 2460 jure
2243 2392 2476 2461 gentium
2503 2391 2700 2447 Gallias
2723 2395 2883 2449 dividi
2917 2397 3112 2454 debere
3132 2404 3477 2470 conﬁrmans,
3499 2419 3554 2462 et

1979 2488 2033 2542 in
2083 2489 2225 2541 hunc
2276 2489 2442 2541 ferme
2471 2488 2687 2542 modum
2738 2490 2964 2559 plurima
3017 2494 3222 2560 insana,
3255 2514 3371 2566 quae
3420 2501 3552 2554 iram

1979 2579 2091 2648 regi
2121 2579 2304 2642 feroci,
2341 2577 2553 2647 placido
2578 2582 2950 2636 verecundiam
2970 2583 3240 2642 inferran
3276 2588 3422 2644 lianc
3444 2592 3556 2660 epi-

1980 2672 2170 2725 stolam
2220 2671 2365 2724 laesae
2399 2671 2497 2740 17
2523 2671 2814 2739 majestatis
2861 2675 3083 2731 crimine
3108 2677 3358 2734 ardenter
3394 2682 3536 2749 juris

1987 2766 2215 2820 consulti
2258 2765 2766 2834 interpretabantur.
2794 2766 2875 2821 Me
2906 2778 2959 2822 et
2993 2769 3006 2804 ί
3042 2771 3364 2840 Auxanium,
3413 2789 3554 2844 pra:-

1988 2934 2101 2993 nat,
2151 2925 2274 2994 quia
2315 2925 2561 2978 Pontium
2605 2927 2839 2980 Atticum
2864 2942 2959 2995 per
2985 2943 3045 2982 ea
3094 2939 3331 2995 tempora
3383 2934 3554 2989 virum

1987 2995 2564 3071 clarissimumlegerat
2586 3011 2600 3047 :
2621 3010 2740 3048 cum
2774 3007 2955 3071 tamen
2977 3013 3040 3071 ex
3070 2999 3244 3071 lapide
3270 3005 3554 3071 sepulcrali

1986 3067 2075 3135 qui
2109 3066 2533 3137 Romaavisitur,
2573 3076 2778 3137 certum
2819 3068 2888 3120 sit
2932 3067 3088 3120 Attici
3138 3069 3292 3137 hujus
3323 3066 3556 3128 consulis

1985 3134 2530 3206 eognomenNonium
2565 3135 2749 3202 fuisse,
2780 3151 2884 3192 non
2917 3137 3181 3192 Pontium.
3207 3134 3296 3194 Sic
3324 3151 3376 3195 et
3397 3143 3554 3196 Mari-

1985 3205 2155 3277 niani,
2179 3205 2545 3273 Asclepiodori
2567 3208 2813 3277 collegia,
2839 3209 3053 3262 nomina
3073 3211 3422 3277 concinnam,
3451 3213 3559 3266 Ru-

1987 3279 2109 3331 fium
2136 3276 2512 3330 Prtetextatnm
2564 3276 2914 3330 Mariniannm
2947 3279 3097 3331 ﬁnxit
3136 3295 3230 3347 pro
3281 3281 3359 3335 Fl.
3403 3276 3557 3337 Avito

1985 3347 2303 3418 Mariniano,
2351 3357 2407 3400 ut
2450 3347 2645 3418 inalio
2691 3362 2960 3403 marmore
3004 3353 3329 3416 appellatur:
3372 3360 3425 3406 et
3460 3368 3556 3418 ι)ιο

1985 3419 2238 3473 Petronio
2259 3416 2488 3470 Maximo
2518 3417 2719 3471 Sidonii
2746 3419 2939 3483 nostri,
2970 3420 3213 3473 Anicium
3246 3416 3551 3476 Maximum.

1989 3490 2293 3560 Eodemque
2324 3487 2478 3560 modo
2501 3488 2552 3540 in
2583 3488 2701 3540 aliis
2729 3489 3112 3560 compluribus,
3165 3492 3265 3560 16
3307 3509 3438 3559 quos
3471 3495 3555 3547 hic

1991 3559 2246 3628 persequi
2270 3557 2550 3609 consilium
2591 3572 2696 3610 non
2731 3568 2831 3612 est.
2859 3558 2932 3612 Dc
2957 3557 3386 3628 Syagrio"a'utem
3411 3563 3559 3618 dice-

1994 3626 2078 3681 tur
2102 3627 2163 3679 ad
2197 3626 2386 3678 librum
2416 3643 2468 3678 v.

2065 3694 2098 3770 ᾖ
2125 3697 2449 3770 Thaumasto
2471 3695 2794 3770 Apollinaris
2827 3696 2983 3770 fratri
3001 3698 3286 3770 scribitlih.
3317 3716 3368 3762 v,
3397 3703 3548 3770 epist.

1992 3767 2046 3833 ϐ,
2070 3765 2322 3819 Petronio
2362 3764 2682 3832 Arelatensi,
2711 3775 2768 3819 ut
2796 3780 2939 3834 reor,
2967 3767 3346 3835 jurisconsulto
3375 3764 3466 3824 lib.
3499 3788 3558 3840 ιι,

1991 3852 2023 3890 v
2054 3844 2104 3890 et
2136 3851 2246 3888 VIII.

2065 3917 2088 3943 ε·
2111 3905 2669 3972 ρυωψτονίηοίτιιῐυῐη
2699 3905 2967 3961 decretum
2995 3906 3060 3962 de
3083 3909 3312 3962 Arvandi
3339 3926 3552 3967 accusas

1997 3975 2143 4032 tione
2171 3975 2704 4048 continebantgquod
2727 3975 2860 4048 infra
2891 3979 3209 4045 provinciale
3230 3981 3554 4048 mandatum,

1994 4048 2186 4116 pagina
2208 4041 2490 4101 decretalis
2520 4041 2713 4099 dicitur
2733 4046 2784 4100 in
2815 4041 3070 4102 concione
3100 4049 3434 4106 Bituricensi.
3462 4041 3556 4108 Le;

2032 4119 2101 4170 ati
2145 4117 2286 4190 enim
2335 4118 2450 4190 sine
2481 4117 2710 4190 civitatis
2751 4127 2842 4170 aut
2880 4119 3164 4190 provincia:
3201 4135 3229 4173 a
3260 4136 3360 4190 qua
3409 4124 3559 4178 missi

2021 4189 2212 4257 uerunt
2240 4186 2439 4241 decreti
2473 4187 2667 4240 tabulis
2713 4201 2818 4242 non
2850 4189 3220 4244 audiebantur.
3251 4186 3312 4244 Il.
3343 4208 3401 4257 ιι,
3434 4194 3556 4249 cod.

1995 4256 2231 4324 Theod.,
2258 4257 2324 4312 de
2355 4258 2559 4325 legatis.

2071 4326 2091 4365 ί
2125 4327 2399 4390 Euricum,
2432 4327 2522 4396 qui
2555 4327 2888 4402 Theoderico
2916 4329 3088 4402 fratri,
3115 4330 3180 4402 die
3208 4347 3314 4402 quo
3339 4332 3491 4402 epist.
3526 4336 3561 4388 2

1997 4398 2219 4462 dictum,
2260 4408 2597 4452 successerat
2636 4407 2758 4452 ante
2807 4399 3094 4455 biennium.
3125 4398 3342 4456 Graecus
3372 4398 3558 4460 autem

1998 4469 2288 4538 imperator
2307 4482 2530 4537 quocum
2555 4468 2737 4538 pacem
2764 4470 2875 4523 ﬁeri
2900 4472 3111 4524 nolebat
3132 4472 3434 4537 Arvandus,
3455 4491 3559 4529 non

2001 4536 2089 4610 est
2108 4538 2237 4610 Leo,
2263 4536 2349 4606 qui
2383 4542 2561 4610 procul
2593 4536 2841 4610 a'Gothis
2859 4541 2910 4592 in
2933 4541 3149 4594 Oriente
3171 4536 3443 4610 regnabat,
3465 4546 3558 4598 sed

1919 4601 1974 4660 D
1999 4601 2336 4673 Anthemius,
2383 4601 2477 4680 ξιιιί
2509 4608 2731 4680 Romam
2755 4625 2784 4662 e
2811 4609 3017 4680 Graecia
3057 4601 3294 4674 venerat,
3336 4601 3560 4680 ideoque

1997 4680 2062 4731 ab
2093 4680 2340 4732 Arvando
2368 4677 2586 4730 Graecus
2617 4679 2744 4742 imp.
2780 4692 2872 4742 per
2899 4679 3181 4730 ludibrium
3226 4677 3486 4746 vocatur,
3506 4693 3563 4736 ut

1995 4748 2322 4870 Elticliinerc
2371 4746 2554 4801 Galala
2591 4756 2644 4800 et
2671 4747 2945 4800 Graeculus
2980 4749 3117 4814 apud
3164 4749 3461 4804 Ennodium
3507 4753 3560 4807 in

2017 4834 2131 4870 ‘mn
2155 4833 2314 4869 tanto.

2017 4833 2314 4870 amunamo.

2045 4834 2444 4959 pgiltngi'nlgricos.
2461 4885 2538 4938 Ne
2564 4886 2682 4959 quis
2703 4885 2767 4959 de
2790 4885 3060 4959 Britannia
3088 4886 3256 4943 insula
3281 4891 3560 4959 cogitaret,

1996 4966 2176 5029 notam
2232 4956 2427 5022 adjecit
2475 4971 2586 5029 qua
2620 4957 2881 5029 Britones
2949 4958 3180 5013 Gallicos
3244 4956 3560 5029 designavit.

1999 5027 2222 5099 florum,
2240 5026 2661 5099 cumiscripserit
2684 5027 2953 5099 Sidonius,
2977 5044 3068 5084 rex
3099 5029 3193 5083 fuit
3223 5026 3523 5086 Riotliimus
3544 5074 3561 5099 ,

1999 5097 2046 5150 is
2072 5113 2226 5167 quem
2256 5098 2500 5161 Euricns,
2524 5105 2584 5150 ut
2606 5097 2900 5152 Jornandes
2921 5098 2976 5152 in
2999 5099 3196 5154 Geticis
3227 5109 3427 5166 narrat,
3449 5097 3564 5156 An;

1999 5167 2200 5249 themio
2224 5171 2360 5237 Aug.
2390 5169 2656 5237 suppetias
2688 5168 2948 5224 ferentem
2989 5169 3056 5224 ad
3100 5171 3357 5224 Bituricas
3385 5172 3566 5241 proﬂi-

2034 5252 2161 5290 τινιῑ.

2034 5246 2112 5289 τιν’
2149 5277 2161 5290 .

1997 5253 2033 5390 ἶ
2072 5246 2903 5390 leumBritanniditrArmoricis,
2942 5311 3041 5390 sic"
3066 5310 3470 5390 Burgundiones
3510 5315 3566 5370 in

2001 5377 2260 5447 Sequanis
2284 5387 2336 5433 et
2365 5379 2604 5434 ﬁnitimis
2641 5380 2828 5434 Galliae
2864 5381 3074 5448 populis
3116 5377 3270 5437 sedes
3314 5383 3565 5440 ﬁxerant.

1999 5448 2113 5503 Rex
2139 5459 2331 5523 autem
2353 5450 2560 5523 illorum
2584 5451 2958 5523 hoc_tempore_
2981 5449 3320 5518 Gundeucus,
3354 5455 3565 5523 opinor,

2004 5533 2098 5596 seu
2126 5519 2472 5596 Qundnicius,
2499 5521 2830 5574 Gnndobaldi
2862 5530 2914 5596 et
2939 5520 3158 5596 fratrum
3191 5519 3406 5596 parens:

2078 5589 2092 5625 ί
2130 5589 2473 5643 Prmfectorio
2495 5599 2646 5657 patre
2669 5601 2846 5643 uatum
2871 5590 3101 5645 Arvandi
3130 5589 3309 5648 verbis
3327 5609 3448 5648 mox
3471 5595 3569 5650 do~

2000 5659 2159 5734 c_ebit.
2209 5660 2312 5734 Sed
2355 5662 2625 5734 Auxanios
2662 5661 2716 5734 i_n
2748 5659 2912 5734 Gallia
2948 5670 3143 5734 praeter
3173 5663 3312 5717 hunc
3339 5666 3570 5734 insignes

2000 5729 2134 5809 duos
2164 5730 2350 5809 eadem
2384 5730 2735 5809 artasnhabuit.
2775 5732 2945 5809 linum
2970 5733 3296 5801 episcopum,
3330 5737 3417 5803 qui
3445 5729 3569 5788 cum

2000 5798 2200 5854 Fausto
2248 5800 2465 5855 Rciensi
2507 5800 2732 5856 Romam
2781 5801 2853 5856 de
2901 5798 3168 5857 Her—meti;
3213 5798 3576 5860 Narbonensis

3068 5893 3149 5956 15
