  <div class='ocr_page' id='page_1' title='image "/cluster/home/n/w/nwhite01/storage/ocr_20150623/58/hvd.32044015706401/235.png"; bbox 0 0 4140 6336; ppageno 0'>
   <div class='ocr_carea' id='block_1_1' title="bbox 488 371 593 431">
    <p class='ocr_par' dir='ltr' id='par_1_1' title="bbox 488 371 593 431">
     <span class='ocr_line' id='line_1_1' title="bbox 488 371 593 431; baseline 0 -1"><span class='ocrx_word' id='word_1_1' title='bbox 488 371 593 431; x_wconf 71' lang='grc'><strong>439</strong></span> 
     </span>
    </p>
   </div>
   <div class='ocr_carea' id='block_1_2' title="bbox 1739 366 2464 429">
    <p class='ocr_par' dir='ltr' id='par_1_2' title="bbox 1739 366 2464 429">
     <span class='ocr_line' id='line_1_2' title="bbox 1739 366 2464 429; baseline 0.001 -3"><span class='ocrx_word' id='word_1_2' title='bbox 1739 368 1983 427; x_wconf 72' lang='grc' dir='ltr'>διυοΝιι</span> <span class='ocrx_word' id='word_1_3' title='bbox 2021 366 2464 429; x_wconf 67' lang='lat' dir='ltr'><strong>APOLLINARI!)</strong></span> 
     </span>
    </p>
   </div>
   <div class='ocr_carea' id='block_1_3' title="bbox 3623 367 3737 427">
    <p class='ocr_par' dir='ltr' id='par_1_3' title="bbox 3623 367 3737 427">
     <span class='ocr_line' id='line_1_3' title="bbox 3623 367 3737 427; baseline 0 0"><span class='ocrx_word' id='word_1_4' title='bbox 3623 367 3737 427; x_wconf 65' lang='lat'><strong>460</strong></span> 
     </span>
    </p>
   </div>
   <div class='ocr_carea' id='block_1_4' title="bbox 488 480 3728 555">
    <p class='ocr_par' dir='ltr' id='par_1_4' title="bbox 488 480 3728 555">
     <span class='ocr_line' id='line_1_4' title="bbox 488 480 3728 555; baseline -0.002 -12"><span class='ocrx_word' id='word_1_5' title='bbox 488 487 875 544; x_wconf 87' lang='lat' dir='ltr'><strong>stantisstmum</strong></span> <span class='ocrx_word' id='word_1_6' title='bbox 916 484 1086 539; x_wconf 92' lang='lat' dir='ltr'><strong>virum</strong></span> <span class='ocrx_word' id='word_1_7' title='bbox 1104 524 1118 550; x_wconf 94' lang='lat'><strong>,</strong></span> <span class='ocrx_word' id='word_1_8' title='bbox 1164 491 1416 540; x_wconf 90' lang='lat' dir='ltr'><strong>tractatus</strong></span> <span class='ocrx_word' id='word_1_9' title='bbox 1446 482 1548 539; x_wconf 91' lang='lat' dir='ltr'><strong>iste</strong></span> <span class='ocrx_word' id='word_1_10' title='bbox 1594 497 1702 539; x_wconf 90' lang='lat' dir='ltr'><strong>non</strong></span> <span class='ocrx_word' id='word_1_11' title='bbox 1740 484 1915 551; x_wconf 77' lang='lat' dir='ltr'><strong>latuit,</strong></span> <span class='ocrx_word' id='word_1_12' title='bbox 1966 486 2055 555; x_wconf 88' lang='lat' dir='ltr'><strong>qui</strong></span> <span class='ocrx_word' id='word_1_13' title='bbox 2079 488 2135 547; x_wconf 76' lang='grc' dir='ltr'><strong>Α</strong></span> <span class='ocrx_word' id='word_1_14' title='bbox 2165 493 2224 540; x_wconf 83' lang='grc' dir='ltr'><strong>ιιι</strong></span> <span class='ocrx_word' id='word_1_15' title='bbox 2251 485 2417 540; x_wconf 89' lang='lat' dir='ltr'><strong>moris</strong></span> <span class='ocrx_word' id='word_1_16' title='bbox 2443 490 2548 551; x_wconf 90' lang='lat' dir='ltr'><strong>est,</strong></span> <span class='ocrx_word' id='word_1_17' title='bbox 2570 497 2601 538; x_wconf 91' lang='lat' dir='ltr'><strong>e</strong></span> <span class='ocrx_word' id='word_1_18' title='bbox 2621 482 2838 553; x_wconf 75' lang='lat' dir='ltr'><strong>regione</strong></span> <span class='ocrx_word' id='word_1_19' title='bbox 2858 481 3180 539; x_wconf 86' lang='lat' dir='ltr'><strong>consistunt.</strong></span> <span class='ocrx_word' id='word_1_20' title='bbox 3203 481 3437 541; x_wconf 75' lang='lat' dir='ltr'><strong>Offertur</strong></span> <span class='ocrx_word' id='word_1_21' title='bbox 3451 480 3728 552; x_wconf 83' lang='lat' dir='ltr'><strong>praefecto-</strong></span> 
     </span>
    </p>
   </div>
   <div class='ocr_carea' id='block_1_5' title="bbox 488 574 2055 646">
    <p class='ocr_par' dir='ltr' id='par_1_5' title="bbox 488 574 2055 646">
     <span class='ocr_line' id='line_1_5' title="bbox 488 574 2055 646; baseline -0.001 -12"><span class='ocrx_word' id='word_1_22' title='bbox 488 577 721 634; x_wconf 73' lang='lat' dir='ltr'><strong>Arvandi</strong></span> <span class='ocrx_word' id='word_1_23' title='bbox 774 574 1061 639; x_wconf 77' lang='lat' dir='ltr'><strong>amicitias,</strong></span> <span class='ocrx_word' id='word_1_24' title='bbox 1094 589 1306 644; x_wconf 88' lang='lat' dir='ltr'><strong>quoquo</strong></span> <span class='ocrx_word' id='word_1_25' title='bbox 1353 589 1548 646; x_wconf 90' lang='lat' dir='ltr'><strong>genere</strong></span> <span class='ocrx_word' id='word_1_26' title='bbox 1597 577 1862 642; x_wconf 85' lang='lat' dir='ltr'><strong>incursas,</strong></span> <span class='ocrx_word' id='word_1_27' title='bbox 1916 576 2055 632; x_wconf 91' lang='lat' dir='ltr'><strong>inter</strong></span> 
     </span>
    </p>
   </div>
   <div class='ocr_carea' id='block_1_6' title="bbox 488 665 2053 739">
    <p class='ocr_par' dir='ltr' id='par_1_6' title="bbox 488 665 2053 739">
     <span class='ocr_line' id='line_1_6' title="bbox 488 665 2053 739; baseline 0 -14"><span class='ocrx_word' id='word_1_28' title='bbox 488 669 657 736; x_wconf 81' lang='lat' dir='ltr'><strong>ipsius</strong></span> <span class='ocrx_word' id='word_1_29' title='bbox 685 669 903 723; x_wconf 84' lang='lat' dir='ltr'><strong>adversa</strong></span> <span class='ocrx_word' id='word_1_30' title='bbox 934 665 1122 731; x_wconf 86' lang='lat' dir='ltr'><strong>vitare,</strong></span> <span class='ocrx_word' id='word_1_31' title='bbox 1159 667 1433 736; x_wconf 86' lang='lat' dir='ltr'><strong>perfidum,</strong></span> <span class='ocrx_word' id='word_1_32' title='bbox 1469 668 1775 736; x_wconf 90' lang='lat' dir='ltr'><strong>barbarum,</strong></span> <span class='ocrx_word' id='word_1_33' title='bbox 1801 669 2053 739; x_wconf 88' lang='lat' dir='ltr'><strong>ignavum</strong></span> 
     </span>
    </p>
   </div>
   <div class='ocr_carea' id='block_1_7' title="bbox 490 758 2051 831">
    <p class='ocr_par' dir='ltr' id='par_1_7' title="bbox 490 758 2051 831">
     <span class='ocr_line' id='line_1_7' title="bbox 490 758 2051 831; baseline -0.001 -13"><span class='ocrx_word' id='word_1_34' title='bbox 490 760 946 831; x_wconf 73' lang='lat' dir='ltr'><strong>computabamus.</strong></span> <span class='ocrx_word' id='word_1_35' title='bbox 972 758 1270 815; x_wconf 87' lang='lat' dir='ltr'><strong>Deferimtts</strong></span> <span class='ocrx_word' id='word_1_36' title='bbox 1312 761 1470 830; x_wconf 86' lang='lat' dir='ltr'><strong>igitur</strong></span> <span class='ocrx_word' id='word_1_37' title='bbox 1500 761 1631 816; x_wconf 88' lang='lat' dir='ltr'><strong>nih.l</strong></span> <span class='ocrx_word' id='word_1_38' title='bbox 1658 762 1761 817; x_wconf 88' lang='lat' dir='ltr'><strong>tale</strong></span> <span class='ocrx_word' id='word_1_39' title='bbox 1791 763 2051 817; x_wconf 83' lang='lat' dir='ltr'><strong>metuenti</strong></span> 
     </span>
    </p>
   </div>
   <div class='ocr_carea' id='block_1_8' title="bbox 491 851 2055 923">
    <p class='ocr_par' dir='ltr' id='par_1_8' title="bbox 491 851 2055 923">
     <span class='ocr_line' id='line_1_8' title="bbox 491 851 2055 923; baseline 0.001 -17"><span class='ocrx_word' id='word_1_40' title='bbox 491 862 519 892; x_wconf 83' lang='grc' dir='ltr'><strong>ι</strong></span> <span class='ocrx_word' id='word_1_41' title='bbox 548 861 710 907; x_wconf 89' lang='lat' dir='ltr'><strong>totam</strong></span> <span class='ocrx_word' id='word_1_42' title='bbox 741 851 1140 921; x_wconf 86' lang='lat' dir='ltr'><strong>perimacltiam,</strong></span> <span class='ocrx_word' id='word_1_43' title='bbox 1165 868 1321 923; x_wconf 90' lang='lat' dir='ltr'><strong>quam</strong></span> <span class='ocrx_word' id='word_1_44' title='bbox 1345 868 1552 908; x_wconf 90' lang='lat' dir='ltr'><strong>summo</strong></span> <span class='ocrx_word' id='word_1_45' title='bbox 1572 852 1796 909; x_wconf 85' lang='lat' dir='ltr'><strong>artificio</strong></span> <span class='ocrx_word' id='word_1_46' title='bbox 1828 868 1978 910; x_wconf 86' lang='lat' dir='ltr'><strong>acres</strong></span> <span class='ocrx_word' id='word_1_47' title='bbox 2001 861 2055 909; x_wconf 92' lang='lat' dir='ltr'><strong>et</strong></span> 
     </span>
    </p>
   </div>
   <div class='ocr_carea' id='block_1_9' title="bbox 488 944 2052 1016">
    <p class='ocr_par' dir='ltr' id='par_1_9' title="bbox 488 944 2052 1016">
     <span class='ocr_line' id='line_1_9' title="bbox 488 944 2052 1016; baseline 0.001 -15"><span class='ocrx_word' id='word_1_48' title='bbox 488 945 718 1001; x_wconf 79' lang='lat' dir='ltr'><strong>flammei</strong></span> <span class='ocrx_word' id='word_1_49' title='bbox 735 944 837 1000; x_wconf 91' lang='lat' dir='ltr'><strong>viri</strong></span> <span class='ocrx_word' id='word_1_50' title='bbox 854 945 1101 1001; x_wconf 87' lang='lat' dir='ltr'><strong>occulere</strong></span> <span class='ocrx_word' id='word_1_51' title='bbox 1122 946 1174 999; x_wconf 92' lang='lat' dir='ltr'><strong>in</strong></span> <span class='ocrx_word' id='word_1_52' title='bbox 1197 952 1405 1015; x_wconf 84' lang='lat' dir='ltr'><strong>tempus</strong></span> <span class='ocrx_word' id='word_1_53' title='bbox 1421 944 1607 1016; x_wconf 87' lang='lat' dir='ltr'><strong>judicii</strong></span> <span class='ocrx_word' id='word_1_54' title='bbox 1630 946 2052 1003; x_wconf 86' lang='lat' dir='ltr'><strong>meditabantur:</strong></span> 
     </span>
    </p>
   </div>
   <div class='ocr_carea' id='block_1_10' title="bbox 487 1038 2057 1106">
    <p class='ocr_par' dir='ltr' id='par_1_10' title="bbox 487 1038 2057 1106">
     <span class='ocr_line' id='line_1_10' title="bbox 487 1038 2057 1106; baseline -0.001 -10"><span class='ocrx_word' id='word_1_55' title='bbox 487 1039 696 1096; x_wconf 81' lang='lat' dir='ltr'><strong>scilicet</strong></span> <span class='ocrx_word' id='word_1_56' title='bbox 736 1048 792 1093; x_wconf 95' lang='lat' dir='ltr'><strong>ut</strong></span> <span class='ocrx_word' id='word_1_57' title='bbox 820 1038 1180 1095; x_wconf 87' lang='lat' dir='ltr'><strong>adversarium</strong></span> <span class='ocrx_word' id='word_1_58' title='bbox 1212 1040 1506 1106; x_wconf 89' lang='lat' dir='ltr'><strong>incautum,</strong></span> <span class='ocrx_word' id='word_1_59' title='bbox 1539 1050 1592 1095; x_wconf 91' lang='lat' dir='ltr'><strong>et</strong></span> <span class='ocrx_word' id='word_1_60' title='bbox 1633 1039 1872 1096; x_wconf 87' lang='lat' dir='ltr'><strong>consiliis</strong></span> <span class='ocrx_word' id='word_1_61' title='bbox 1900 1039 2057 1095; x_wconf 90' lang='lat' dir='ltr'><strong>soda-</strong></span> 
     </span>
    </p>
   </div>
   <div class='ocr_carea' id='block_1_11' title="bbox 488 1129 2060 1201">
    <p class='ocr_par' dir='ltr' id='par_1_11' title="bbox 488 1129 2060 1201">
     <span class='ocr_line' id='line_1_11' title="bbox 488 1129 2060 1201; baseline 0.003 -18"><span class='ocrx_word' id='word_1_62' title='bbox 488 1129 617 1184; x_wconf 90' lang='lat' dir='ltr'><strong>lium</strong></span> <span class='ocrx_word' id='word_1_63' title='bbox 647 1130 941 1199; x_wconf 81' lang='lat' dir='ltr'><strong>repudiatis</strong></span> <span class='ocrx_word' id='word_1_64' title='bbox 962 1131 1189 1185; x_wconf 61' lang='lat' dir='ltr'><strong>sibi&#39;soli</strong></span> <span class='ocrx_word' id='word_1_65' title='bbox 1213 1140 1415 1186; x_wconf 88' lang='lat' dir='ltr'><strong>temere</strong></span> <span class='ocrx_word' id='word_1_66' title='bbox 1439 1130 1694 1186; x_wconf 86' lang='lat' dir='ltr'><strong>ﬁdentem</strong></span> <span class='ocrx_word' id='word_1_67' title='bbox 1727 1130 2060 1201; x_wconf 80' lang='lat' dir='ltr'><strong>professione</strong></span> 
     </span>
    </p>
   </div>
   <div class='ocr_carea' id='block_1_12' title="bbox 487 1221 2062 1293">
    <p class='ocr_par' dir='ltr' id='par_1_12' title="bbox 487 1221 2062 1293">
     <span class='ocr_line' id='line_1_12' title="bbox 487 1221 2062 1293; baseline 0.002 -19"><span class='ocrx_word' id='word_1_68' title='bbox 487 1222 733 1291; x_wconf 86' lang='lat' dir='ltr'><strong>responsi</strong></span> <span class='ocrx_word' id='word_1_69' title='bbox 766 1221 1048 1290; x_wconf 63' lang='lat' dir='ltr'><strong>praecipitis</strong></span> <span class='ocrx_word' id='word_1_70' title='bbox 1089 1222 1445 1278; x_wconf 86' lang='lat' dir='ltr'><strong>involverent.</strong></span> <span class='ocrx_word' id='word_1_71' title='bbox 1474 1222 1707 1278; x_wconf 90' lang='lat' dir='ltr'><strong>Dicimus</strong></span> <span class='ocrx_word' id='word_1_72' title='bbox 1748 1238 1904 1293; x_wconf 90' lang='lat' dir='ltr'><strong>ergo,</strong></span> <span class='ocrx_word' id='word_1_73' title='bbox 1937 1222 2062 1292; x_wconf 90' lang='lat' dir='ltr'><strong>quid</strong></span> 
     </span>
    </p>
   </div>
   <div class='ocr_carea' id='block_1_13' title="bbox 487 1312 2058 1385">
    <p class='ocr_par' dir='ltr' id='par_1_13' title="bbox 487 1312 2058 1385">
     <span class='ocr_line' id='line_1_13' title="bbox 487 1312 2058 1385; baseline 0.003 -19"><span class='ocrx_word' id='word_1_74' title='bbox 487 1312 665 1378; x_wconf 90' lang='lat' dir='ltr'><strong>nobis,</strong></span> <span class='ocrx_word' id='word_1_75' title='bbox 715 1314 841 1383; x_wconf 92' lang='lat' dir='ltr'><strong>quid</strong></span> <span class='ocrx_word' id='word_1_76' title='bbox 880 1315 1067 1368; x_wconf 86' lang='lat' dir='ltr'><strong>amicis</strong></span> <span class='ocrx_word' id='word_1_77' title='bbox 1114 1315 1490 1370; x_wconf 84' lang='lat' dir='ltr'><strong>secretioribus</strong></span> <span class='ocrx_word' id='word_1_78' title='bbox 1551 1325 1718 1371; x_wconf 91' lang='lat' dir='ltr'><strong>tutum</strong></span> <span class='ocrx_word' id='word_1_79' title='bbox 1767 1326 2058 1385; x_wconf 84' lang='lat' dir='ltr'><strong>putaretur.</strong></span> 
     </span>
    </p>
   </div>
   <div class='ocr_carea' id='block_1_14' title="bbox 488 1404 2061 1479">
    <p class='ocr_par' dir='ltr' id='par_1_14' title="bbox 488 1404 2061 1479">
     <span class='ocr_line' id='line_1_14' title="bbox 488 1404 2061 1479; baseline 0.001 -18"><span class='ocrx_word' id='word_1_80' title='bbox 488 1404 786 1461; x_wconf 89' lang='lat' dir='ltr'><strong>Suademus</strong></span> <span class='ocrx_word' id='word_1_81' title='bbox 810 1406 882 1460; x_wconf 90' lang='lat' dir='ltr'><strong>ttil</strong></span> <span class='ocrx_word' id='word_1_82' title='bbox 912 1407 1062 1475; x_wconf 90' lang='lat' dir='ltr'><strong>quasi</strong></span> <span class='ocrx_word' id='word_1_83' title='bbox 1084 1408 1201 1462; x_wconf 83' lang='lat' dir='ltr'><strong>leve</strong></span> <span class='ocrx_word' id='word_1_84' title='bbox 1227 1407 1530 1475; x_wconf 83' lang='lat' dir='ltr'><strong>fatendum,</strong></span> <span class='ocrx_word' id='word_1_85' title='bbox 1562 1408 1605 1462; x_wconf 89' lang='lat' dir='ltr'><strong>si</strong></span> <span class='ocrx_word' id='word_1_86' title='bbox 1634 1408 1761 1479; x_wconf 85' lang='lat' dir='ltr'><strong>quid</strong></span> <span class='ocrx_word' id='word_1_87' title='bbox 1789 1410 1855 1463; x_wconf 90' lang='lat' dir='ltr'><strong>ab</strong></span> <span class='ocrx_word' id='word_1_88' title='bbox 1887 1409 2061 1463; x_wconf 88' lang='lat' dir='ltr'><strong>inimi-</strong></span> 
     </span>
    </p>
   </div>
   <div class='ocr_carea' id='block_1_15' title="bbox 487 1498 2060 1571">
    <p class='ocr_par' dir='ltr' id='par_1_15' title="bbox 487 1498 2060 1571">
     <span class='ocr_line' id='line_1_15' title="bbox 487 1498 2060 1571; baseline 0.004 -20"><span class='ocrx_word' id='word_1_89' title='bbox 487 1498 566 1551; x_wconf 89' lang='lat' dir='ltr'><strong>cis</strong></span> <span class='ocrx_word' id='word_1_90' title='bbox 590 1498 747 1552; x_wconf 90' lang='lat' dir='ltr'><strong>etiam</strong></span> <span class='ocrx_word' id='word_1_91' title='bbox 777 1514 872 1566; x_wconf 89' lang='lat' dir='ltr'><strong>pro</strong></span> <span class='ocrx_word' id='word_1_92' title='bbox 889 1499 1161 1554; x_wconf 87' lang='lat' dir='ltr'><strong>levissimo</strong></span> <span class='ocrx_word' id='word_1_93' title='bbox 1186 1499 1516 1569; x_wconf 86' lang='lat' dir='ltr'><strong>flagitaretur</strong></span> <span class='ocrx_word' id='word_1_94' title='bbox 1539 1519 1551 1554; x_wconf 92' lang='lat'><strong>:</strong></span> <span class='ocrx_word' id='word_1_95' title='bbox 1583 1502 1751 1571; x_wconf 87' lang='lat' dir='ltr'><strong>ipsam</strong></span> <span class='ocrx_word' id='word_1_96' title='bbox 1783 1501 1929 1556; x_wconf 89' lang='lat' dir='ltr'><strong>illam</strong></span> <span class='ocrx_word' id='word_1_97' title='bbox 1951 1501 2060 1557; x_wconf 90' lang='lat' dir='ltr'><strong>dis-</strong></span> 
     </span>
    </p>
   </div>
   <div class='ocr_carea' id='block_1_16' title="bbox 490 1589 2065 1663">
    <p class='ocr_par' dir='ltr' id='par_1_16' title="bbox 490 1589 2065 1663">
     <span class='ocr_line' id='line_1_16' title="bbox 490 1589 2065 1663; baseline 0.003 -19"><span class='ocrx_word' id='word_1_98' title='bbox 490 1589 885 1645; x_wconf 87' lang='lat' dir='ltr'><strong>simulationem</strong></span> <span class='ocrx_word' id='word_1_99' title='bbox 915 1590 1379 1647; x_wconf 86' lang='lat' dir='ltr'><strong>tribulosissimam</strong></span> <span class='ocrx_word' id='word_1_100' title='bbox 1412 1592 1547 1660; x_wconf 90' lang='lat' dir='ltr'><strong>fore,</strong></span> <span class='ocrx_word' id='word_1_101' title='bbox 1580 1608 1683 1663; x_wconf 88' lang='lat' dir='ltr'><strong>quo</strong></span> <span class='ocrx_word' id='word_1_102' title='bbox 1715 1593 1924 1648; x_wconf 83' lang='lat' dir='ltr'><strong>facilius</strong></span> <span class='ocrx_word' id='word_1_103' title='bbox 1946 1609 2065 1662; x_wconf 88' lang='lat' dir='ltr'><strong>per-</strong></span> 
     </span>
    </p>
   </div>
   <div class='ocr_carea' id='block_1_17' title="bbox 489 1683 2065 1754">
    <p class='ocr_par' dir='ltr' id='par_1_17' title="bbox 489 1683 2065 1754">
     <span class='ocr_line' id='line_1_17' title="bbox 489 1683 2065 1754; baseline 0.003 -19"><span class='ocrx_word' id='word_1_104' title='bbox 489 1683 757 1736; x_wconf 81' lang='lat' dir='ltr'><strong>suasionis</strong></span> <span class='ocrx_word' id='word_1_105' title='bbox 787 1684 1127 1737; x_wconf 86' lang='lat' dir='ltr'><strong>securitatem</strong></span> <span class='ocrx_word' id='word_1_106' title='bbox 1160 1683 1434 1738; x_wconf 89' lang='lat' dir='ltr'><strong>inferrent.</strong></span> <span class='ocrx_word' id='word_1_107' title='bbox 1465 1683 1667 1750; x_wconf 84' lang='lat' dir='ltr'><strong>Quibus</strong></span> <span class='ocrx_word' id='word_1_108' title='bbox 1697 1684 1907 1754; x_wconf 83' lang='lat' dir='ltr'><strong>agnitis,</strong></span> <span class='ocrx_word' id='word_1_109' title='bbox 1943 1700 2065 1753; x_wconf 94' lang='lat' dir='ltr'><strong>pro-</strong></span> 
     </span>
    </p>
   </div>
   <div class='ocr_carea' id='block_1_18' title="bbox 489 1775 2061 1847">
    <p class='ocr_par' dir='ltr' id='par_1_18' title="bbox 489 1775 2061 1847">
     <span class='ocr_line' id='line_1_18' title="bbox 489 1775 2061 1847; baseline 0.001 -18"><span class='ocrx_word' id='word_1_110' title='bbox 489 1775 616 1844; x_wconf 89' lang='lat' dir='ltr'><strong>ripit</strong></span> <span class='ocrx_word' id='word_1_111' title='bbox 664 1789 821 1841; x_wconf 89' lang='lat' dir='ltr'><strong>sese;</strong></span> <span class='ocrx_word' id='word_1_112' title='bbox 872 1784 1031 1845; x_wconf 88' lang='lat' dir='ltr'><strong>atque</strong></span> <span class='ocrx_word' id='word_1_113' title='bbox 1077 1777 1129 1829; x_wconf 92' lang='lat' dir='ltr'><strong>in</strong></span> <span class='ocrx_word' id='word_1_114' title='bbox 1178 1777 1417 1831; x_wconf 90' lang='lat' dir='ltr'><strong>convicia</strong></span> <span class='ocrx_word' id='word_1_115' title='bbox 1461 1777 1634 1831; x_wconf 91' lang='lat' dir='ltr'><strong>subita</strong></span> <span class='ocrx_word' id='word_1_116' title='bbox 1666 1792 2061 1847; x_wconf 88' lang='lat' dir='ltr'><strong>prorumpens:</strong></span> 
     </span>
    </p>
   </div>
   <div class='ocr_carea' id='block_1_19' title="bbox 2164 575 3728 647">
    <p class='ocr_par' dir='ltr' id='par_1_19' title="bbox 2164 575 3728 647">
     <span class='ocr_line' id='line_1_19' title="bbox 2164 575 3728 647; baseline 0 -15"><span class='ocrx_word' id='word_1_117' title='bbox 2164 577 2291 645; x_wconf 90' lang='lat' dir='ltr'><strong>riis,</strong></span> <span class='ocrx_word' id='word_1_118' title='bbox 2321 586 2446 633; x_wconf 89' lang='lat' dir='ltr'><strong>ante</strong></span> <span class='ocrx_word' id='word_1_119' title='bbox 2466 575 2844 647; x_wconf 80' lang='lat' dir='ltr'><strong>propositionis</strong></span> <span class='ocrx_word' id='word_1_120' title='bbox 2892 575 3190 642; x_wconf 78' lang='lat' dir='ltr'><strong>exordium,</strong></span> <span class='ocrx_word' id='word_1_121' title='bbox 3224 576 3312 644; x_wconf 77' lang='lat' dir='ltr'><strong>ius</strong></span> <span class='ocrx_word' id='word_1_122' title='bbox 3339 576 3579 632; x_wconf 80' lang='lat' dir='ltr'><strong>sedendi.</strong></span> <span class='ocrx_word' id='word_1_123' title='bbox 3630 578 3728 632; x_wconf 77' lang='lat' dir='ltr'><strong>Ar-</strong></span> 
     </span>
    </p>
   </div>
   <div class='ocr_carea' id='block_1_20' title="bbox 2166 669 3817 739">
    <p class='ocr_par' dir='ltr' id='par_1_20' title="bbox 2166 669 3817 739">
     <span class='ocr_line' id='line_1_20' title="bbox 2166 669 3817 739; baseline -0.001 -14"><span class='ocrx_word' id='word_1_124' title='bbox 2166 670 2370 725; x_wconf 88' lang='lat' dir='ltr'><strong>vandus</strong></span> <span class='ocrx_word' id='word_1_125' title='bbox 2390 669 2500 739; x_wconf 90' lang='lat' dir='ltr'><strong>jam</strong></span> <span class='ocrx_word' id='word_1_126' title='bbox 2546 678 2670 724; x_wconf 93' lang='lat' dir='ltr'><strong>tunc</strong></span> <span class='ocrx_word' id='word_1_127' title='bbox 2713 669 2912 725; x_wconf 79' lang='lat' dir='ltr'><strong>infelici</strong></span> <span class='ocrx_word' id='word_1_128' title='bbox 2943 670 3265 739; x_wconf 86' lang='lat' dir='ltr'><strong>impudentia</strong></span> <span class='ocrx_word' id='word_1_129' title='bbox 3306 670 3514 724; x_wconf 90' lang='lat' dir='ltr'><strong>concito</strong></span> <span class='ocrx_word' id='word_1_130' title='bbox 3541 684 3728 739; x_wconf 83' lang='lat' dir='ltr'><strong>gressu</strong></span> <span class='ocrx_word' id='word_1_131' title='bbox 3814 682 3817 689; x_wconf 93' lang='lat'>&#39;</span> 
     </span>
    </p>
   </div>
   <div class='ocr_carea' id='block_1_21' title="bbox 2164 762 3724 834">
    <p class='ocr_par' dir='ltr' id='par_1_21' title="bbox 2164 762 3724 834">
     <span class='ocr_line' id='line_1_21' title="bbox 2164 762 3724 834; baseline 0.001 -17"><span class='ocrx_word' id='word_1_132' title='bbox 2164 763 2356 818; x_wconf 87' lang='lat' dir='ltr'><strong>mediis</strong></span> <span class='ocrx_word' id='word_1_133' title='bbox 2398 778 2561 834; x_wconf 91' lang='lat' dir='ltr'><strong>prope</strong></span> <span class='ocrx_word' id='word_1_134' title='bbox 2599 762 2835 831; x_wconf 77' lang='lat' dir='ltr'><strong>iudicum</strong></span> <span class='ocrx_word' id='word_1_135' title='bbox 2867 762 3070 818; x_wconf 86' lang='lat' dir='ltr'><strong>sinibus</strong></span> <span class='ocrx_word' id='word_1_136' title='bbox 3099 763 3373 833; x_wconf 79' lang='lat' dir='ltr'><strong>ingeritur.</strong></span> <span class='ocrx_word' id='word_1_137' title='bbox 3410 762 3724 834; x_wconf 70' lang='lat' dir='ltr'><strong>Ferreolus,</strong></span> 
     </span>
    </p>
   </div>
   <div class='ocr_carea' id='block_1_22' title="bbox 2164 854 3730 925">
    <p class='ocr_par' dir='ltr' id='par_1_22' title="bbox 2164 854 3730 925">
     <span class='ocr_line' id='line_1_22' title="bbox 2164 854 3730 925; baseline 0 -14"><span class='ocrx_word' id='word_1_138' title='bbox 2164 854 2679 911; x_wconf 82' lang='lat' dir='ltr'><strong>circumsistentibus</strong></span> <span class='ocrx_word' id='word_1_139' title='bbox 2707 854 2872 910; x_wconf 87' lang='lat' dir='ltr'><strong>latera</strong></span> <span class='ocrx_word' id='word_1_140' title='bbox 2900 854 3142 925; x_wconf 76' lang='lat' dir='ltr'><strong>collegis,</strong></span> <span class='ocrx_word' id='word_1_141' title='bbox 3188 855 3488 911; x_wconf 77' lang='lat' dir='ltr'><strong>verecunde</strong></span> <span class='ocrx_word' id='word_1_142' title='bbox 3509 870 3570 911; x_wconf 87' lang='lat' dir='ltr'><strong>ac</strong></span> <span class='ocrx_word' id='word_1_143' title='bbox 3598 856 3730 911; x_wconf 83' lang='lat' dir='ltr'><strong>leni-</strong></span> 
     </span>
    </p>
   </div>
   <div class='ocr_carea' id='block_1_23' title="bbox 2164 945 3727 1017">
    <p class='ocr_par' dir='ltr' id='par_1_23' title="bbox 2164 945 3727 1017">
     <span class='ocr_line' id='line_1_23' title="bbox 2164 945 3727 1017; baseline -0.003 -13"><span class='ocrx_word' id='word_1_144' title='bbox 2164 955 2248 1004; x_wconf 92' lang='lat' dir='ltr'><strong>ter</strong></span> <span class='ocrx_word' id='word_1_145' title='bbox 2268 947 2322 1002; x_wconf 93' lang='lat' dir='ltr'><strong>in</strong></span> <span class='ocrx_word' id='word_1_146' title='bbox 2355 946 2463 1001; x_wconf 91' lang='lat' dir='ltr'><strong>imo</strong></span> <span class='ocrx_word' id='word_1_147' title='bbox 2501 946 2875 1007; x_wconf 88' lang='lat' dir='ltr'><strong>subselliorum</strong></span> <span class='ocrx_word' id='word_1_148' title='bbox 2917 946 3095 1017; x_wconf 85' lang='lat' dir='ltr'><strong>capite</strong></span> <span class='ocrx_word' id='word_1_149' title='bbox 3134 945 3395 1007; x_wconf 81' lang='lat' dir='ltr'><strong>consedit,</strong></span> <span class='ocrx_word' id='word_1_150' title='bbox 3427 947 3496 1000; x_wconf 88' lang='lat' dir='ltr'><strong>ita</strong></span> <span class='ocrx_word' id='word_1_151' title='bbox 3540 955 3595 1000; x_wconf 91' lang='lat' dir='ltr'><strong>ut</strong></span> <span class='ocrx_word' id='word_1_152' title='bbox 3624 962 3727 1001; x_wconf 90' lang='lat' dir='ltr'><strong>non</strong></span> 
     </span>
    </p>
   </div>
   <div class='ocr_carea' id='block_1_24' title="bbox 2164 1040 3727 1109">
    <p class='ocr_par' dir='ltr' id='par_1_24' title="bbox 2164 1040 3727 1109">
     <span class='ocr_line' id='line_1_24' title="bbox 2164 1040 3727 1109; baseline 0.001 -14"><span class='ocrx_word' id='word_1_153' title='bbox 2164 1042 2341 1096; x_wconf 89' lang='lat' dir='ltr'><strong>minus</strong></span> <span class='ocrx_word' id='word_1_154' title='bbox 2367 1040 2596 1109; x_wconf 83' lang='lat' dir='ltr'><strong>legatum</strong></span> <span class='ocrx_word' id='word_1_155' title='bbox 2638 1054 2698 1096; x_wconf 90' lang='lat' dir='ltr'><strong>se</strong></span> <span class='ocrx_word' id='word_1_156' title='bbox 2724 1056 2880 1109; x_wconf 90' lang='lat' dir='ltr'><strong>quam</strong></span> <span class='ocrx_word' id='word_1_157' title='bbox 2911 1050 3212 1096; x_wconf 90' lang='lat' dir='ltr'><strong>senatorem</strong></span> <span class='ocrx_word' id='word_1_158' title='bbox 3254 1042 3727 1096; x_wconf 84' lang='lat' dir='ltr'><strong>reminisceretur:</strong></span> 
     </span>
    </p>
   </div>
   <div class='ocr_carea' id='block_1_25' title="bbox 2170 1132 3726 1203">
    <p class='ocr_par' dir='ltr' id='par_1_25' title="bbox 2170 1132 3726 1203">
     <span class='ocr_line' id='line_1_25' title="bbox 2170 1132 3726 1203; baseline 0.001 -16"><span class='ocrx_word' id='word_1_159' title='bbox 2170 1133 2287 1203; x_wconf 90' lang='lat' dir='ltr'><strong>plus</strong></span> <span class='ocrx_word' id='word_1_160' title='bbox 2308 1133 2377 1188; x_wconf 91' lang='lat' dir='ltr'><strong>ob</strong></span> <span class='ocrx_word' id='word_1_161' title='bbox 2393 1133 2493 1187; x_wconf 87' lang='lat' dir='ltr'><strong>hoc</strong></span> <span class='ocrx_word' id='word_1_162' title='bbox 2523 1142 2704 1202; x_wconf 90' lang='lat' dir='ltr'><strong>postea</strong></span> <span class='ocrx_word' id='word_1_163' title='bbox 2729 1132 2973 1186; x_wconf 91' lang='lat' dir='ltr'><strong>laudatus</strong></span> <span class='ocrx_word' id='word_1_164' title='bbox 2996 1132 3415 1201; x_wconf 89' lang='lat' dir='ltr'><strong>honoratusque.</strong></span> <span class='ocrx_word' id='word_1_165' title='bbox 3444 1132 3577 1186; x_wconf 91' lang='lat' dir='ltr'><strong>Dum</strong></span> <span class='ocrx_word' id='word_1_166' title='bbox 3593 1132 3726 1199; x_wconf 75' lang='lat' dir='ltr'><strong>hinc,</strong></span> 
     </span>
    </p>
   </div>
   <div class='ocr_carea' id='block_1_26' title="bbox 2165 1223 3730 1295">
    <p class='ocr_par' dir='ltr' id='par_1_26' title="bbox 2165 1223 3730 1295">
     <span class='ocr_line' id='line_1_26' title="bbox 2165 1223 3730 1295; baseline -0.001 -14"><span class='ocrx_word' id='word_1_167' title='bbox 2165 1235 2219 1281; x_wconf 91' lang='lat' dir='ltr'><strong>et</strong></span> <span class='ocrx_word' id='word_1_168' title='bbox 2267 1227 2362 1295; x_wconf 92' lang='lat' dir='ltr'><strong>qui</strong></span> <span class='ocrx_word' id='word_1_169' title='bbox 2401 1240 2679 1295; x_wconf 90' lang='lat' dir='ltr'><strong>procerum</strong></span> <span class='ocrx_word' id='word_1_170' title='bbox 2719 1223 3017 1290; x_wconf 86' lang='lat' dir='ltr'><strong>defuerant,</strong></span> <span class='ocrx_word' id='word_1_171' title='bbox 3056 1224 3357 1289; x_wconf 91' lang='lat' dir='ltr'><strong>adfuerunt,</strong></span> <span class='ocrx_word' id='word_1_172' title='bbox 3404 1234 3730 1295; x_wconf 87' lang='lat' dir='ltr'><strong>consurgunt</strong></span> 
     </span>
    </p>
   </div>
   <div class='ocr_carea' id='block_1_27' title="bbox 2168 1314 3729 1386">
    <p class='ocr_par' dir='ltr' id='par_1_27' title="bbox 2168 1314 3729 1386">
     <span class='ocr_line' id='line_1_27' title="bbox 2168 1314 3729 1386; baseline -0.001 -17"><span class='ocrx_word' id='word_1_173' title='bbox 2168 1325 2365 1386; x_wconf 90' lang='lat' dir='ltr'><strong>partes,</strong></span> <span class='ocrx_word' id='word_1_174' title='bbox 2398 1315 2661 1385; x_wconf 83' lang='lat' dir='ltr'><strong>legatique</strong></span> <span class='ocrx_word' id='word_1_175' title='bbox 2689 1322 3009 1384; x_wconf 86' lang='lat' dir='ltr'><strong>preponunt.</strong></span> <span class='ocrx_word' id='word_1_176' title='bbox 3058 1314 3317 1383; x_wconf 82' lang='lat' dir='ltr'><strong>Epistula,</strong></span> <span class='ocrx_word' id='word_1_177' title='bbox 3350 1322 3468 1383; x_wconf 91' lang='lat' dir='ltr'><strong>post</strong></span> <span class='ocrx_word' id='word_1_178' title='bbox 3513 1314 3729 1385; x_wconf 85' lang='lat' dir='ltr'><strong>provin-</strong></span> 
     </span>
    </p>
   </div>
   <div class='ocr_carea' id='block_1_28' title="bbox 2164 1402 3731 1475">
    <p class='ocr_par' dir='ltr' id='par_1_28' title="bbox 2164 1402 3731 1475">
     <span class='ocr_line' id='line_1_28' title="bbox 2164 1402 3731 1475; baseline 0 -14"><span class='ocrx_word' id='word_1_179' title='bbox 2164 1406 2297 1461; x_wconf 88' lang='lat' dir='ltr'><strong>ciale</strong></span> <span class='ocrx_word' id='word_1_180' title='bbox 2320 1405 2627 1460; x_wconf 90' lang='lat' dir='ltr'><strong>mandatum</strong></span> <span class='ocrx_word' id='word_1_181' title='bbox 2647 1405 2799 1474; x_wconf 87' lang='lat' dir='ltr'><strong>cujus</strong></span> <span class='ocrx_word' id='word_1_182' title='bbox 2821 1420 2981 1475; x_wconf 87' lang='lat' dir='ltr'><strong>supra</strong></span> <span class='ocrx_word' id='word_1_183' title='bbox 3010 1402 3210 1458; x_wconf 91' lang='lat' dir='ltr'><strong>mentio</strong></span> <span class='ocrx_word' id='word_1_184' title='bbox 3232 1402 3367 1459; x_wconf 87' lang='lat' dir='ltr'><strong>facta</strong></span> <span class='ocrx_word' id='word_1_185' title='bbox 3394 1414 3498 1473; x_wconf 92' lang='lat' dir='ltr'><strong>est,</strong></span> <span class='ocrx_word' id='word_1_186' title='bbox 3528 1404 3731 1475; x_wconf 82' lang='lat' dir='ltr'><strong>profer-</strong></span> 
     </span>
    </p>
   </div>
   <div class='ocr_carea' id='block_1_29' title="bbox 2167 1496 3732 1569">
    <p class='ocr_par' dir='ltr' id='par_1_29' title="bbox 2167 1496 3732 1569">
     <span class='ocr_line' id='line_1_29' title="bbox 2167 1496 3732 1569; baseline -0.001 -14"><span class='ocrx_word' id='word_1_187' title='bbox 2167 1508 2289 1564; x_wconf 91' lang='lat' dir='ltr'><strong>tur;</strong></span> <span class='ocrx_word' id='word_1_188' title='bbox 2328 1508 2486 1569; x_wconf 90' lang='lat' dir='ltr'><strong>atque</strong></span> <span class='ocrx_word' id='word_1_189' title='bbox 2534 1513 2654 1554; x_wconf 87' lang='lat' dir='ltr'><strong>cum</strong></span> <span class='ocrx_word' id='word_1_190' title='bbox 2686 1499 2885 1553; x_wconf 80' lang='lat' dir='ltr'><strong>sensim</strong></span> <span class='ocrx_word' id='word_1_191' title='bbox 2930 1498 3267 1564; x_wconf 86' lang='lat' dir='ltr'><strong>recitaretur,</strong></span> <span class='ocrx_word' id='word_1_192' title='bbox 3300 1496 3579 1553; x_wconf 79' lang='lat' dir='ltr'><strong>Arvandus</strong></span> <span class='ocrx_word' id='word_1_193' title='bbox 3609 1512 3732 1553; x_wconf 91' lang='lat' dir='ltr'><strong>nec-</strong></span> 
     </span>
    </p>
   </div>
   <div class='ocr_carea' id='block_1_30' title="bbox 2167 1588 3732 1660">
    <p class='ocr_par' dir='ltr' id='par_1_30' title="bbox 2167 1588 3732 1660">
     <span class='ocr_line' id='line_1_30' title="bbox 2167 1588 3732 1660; baseline -0.001 -14"><span class='ocrx_word' id='word_1_194' title='bbox 2167 1590 2292 1646; x_wconf 92' lang='lat' dir='ltr'><strong>dum</strong></span> <span class='ocrx_word' id='word_1_195' title='bbox 2322 1590 2676 1660; x_wconf 88' lang='lat' dir='ltr'><strong>interrogatus</strong></span> <span class='ocrx_word' id='word_1_196' title='bbox 2704 1603 2763 1645; x_wconf 91' lang='lat' dir='ltr'><strong>se</strong></span> <span class='ocrx_word' id='word_1_197' title='bbox 2793 1589 3021 1644; x_wconf 83' lang='lat' dir='ltr'><strong>dictasse</strong></span> <span class='ocrx_word' id='word_1_198' title='bbox 3047 1589 3356 1659; x_wconf 84' lang='lat' dir='ltr'><strong>proclamat.</strong></span> <span class='ocrx_word' id='word_1_199' title='bbox 3389 1588 3732 1658; x_wconf 79' lang='lat' dir='ltr'><strong>ReSpondere</strong></span> 
     </span>
    </p>
   </div>
   <div class='ocr_carea' id='block_1_31' title="bbox 2166 1679 3732 1752">
    <p class='ocr_par' dir='ltr' id='par_1_31' title="bbox 2166 1679 3732 1752">
     <span class='ocr_line' id='line_1_31' title="bbox 2166 1679 3732 1752; baseline 0 -15"><span class='ocrx_word' id='word_1_200' title='bbox 2166 1683 2347 1752; x_wconf 88' lang='lat' dir='ltr'><strong>legati,</strong></span> <span class='ocrx_word' id='word_1_201' title='bbox 2371 1696 2669 1752; x_wconf 87' lang='lat' dir='ltr'><strong>quanquam</strong></span> <span class='ocrx_word' id='word_1_202' title='bbox 2698 1679 2851 1736; x_wconf 87' lang='lat' dir='ltr'><strong>valde</strong></span> <span class='ocrx_word' id='word_1_203' title='bbox 2874 1681 3115 1751; x_wconf 85' lang='lat' dir='ltr'><strong>nequiter</strong></span> <span class='ocrx_word' id='word_1_204' title='bbox 3148 1688 3420 1736; x_wconf 88' lang='lat' dir='ltr'><strong>constaret</strong></span> <span class='ocrx_word' id='word_1_205' title='bbox 3450 1680 3589 1751; x_wconf 91' lang='lat' dir='ltr'><strong>quod</strong></span> <span class='ocrx_word' id='word_1_206' title='bbox 3621 1681 3732 1750; x_wconf 86' lang='lat' dir='ltr'><strong>ipse</strong></span> 
     </span>
    </p>
   </div>
   <div class='ocr_carea' id='block_1_32' title="bbox 2168 1774 3821 1843">
    <p class='ocr_par' dir='ltr' id='par_1_32' title="bbox 2168 1774 3821 1843">
     <span class='ocr_line' id='line_1_32' title="bbox 2168 1774 3821 1843; baseline -0.002 -13"><span class='ocrx_word' id='word_1_207' title='bbox 2168 1775 2440 1831; x_wconf 86' lang='lat' dir='ltr'><strong>dictasset.</strong></span> <span class='ocrx_word' id='word_1_208' title='bbox 2472 1779 2541 1830; x_wconf 84' lang='lat' dir='ltr'><strong>At</strong></span> <span class='ocrx_word' id='word_1_209' title='bbox 2566 1776 2655 1830; x_wconf 90' lang='lat' dir='ltr'><strong>ubi</strong></span> <span class='ocrx_word' id='word_1_210' title='bbox 2685 1790 2743 1829; x_wconf 90' lang='lat' dir='ltr'><strong>se</strong></span> <span class='ocrx_word' id='word_1_211' title='bbox 2780 1774 2961 1830; x_wconf 84' lang='lat' dir='ltr'><strong>furens</strong></span> <span class='ocrx_word' id='word_1_212' title='bbox 2990 1774 3096 1841; x_wconf 89' lang='lat' dir='ltr'><strong>ille,</strong></span> <span class='ocrx_word' id='word_1_213' title='bbox 3136 1785 3497 1843; x_wconf 85' lang='lat' dir='ltr'><strong>quantumque</strong></span> <span class='ocrx_word' id='word_1_214' title='bbox 3520 1774 3732 1830; x_wconf 88' lang='lat' dir='ltr'><strong>caderet</strong></span> <span class='ocrx_word' id='word_1_215' title='bbox 3818 1794 3821 1799; x_wconf 44' lang='grc'><em>⁴</em></span> 
     </span>
    </p>
   </div>
   <div class='ocr_carea' id='block_1_33' title="bbox 488 1864 3729 1939">
    <p class='ocr_par' dir='ltr' id='par_1_33' title="bbox 488 1864 3729 1939">
     <span class='ocr_line' id='line_1_33' title="bbox 488 1864 3729 1939; baseline -0.001 -18"><span class='ocrx_word' id='word_1_216' title='bbox 488 1866 647 1921; x_wconf 78' lang='lat' dir='ltr'><strong>Abite</strong></span> <span class='ocrx_word' id='word_1_217' title='bbox 677 1866 990 1937; x_wconf 87' lang='lat' dir='ltr'><strong>degeneres,</strong></span> <span class='ocrx_word' id='word_1_218' title='bbox 1020 1868 1211 1938; x_wconf 90' lang='lat' dir='ltr'><strong>inquit,</strong></span> <span class='ocrx_word' id='word_1_219' title='bbox 1252 1877 1305 1923; x_wconf 93' lang='lat' dir='ltr'><strong>et</strong></span> <span class='ocrx_word' id='word_1_220' title='bbox 1335 1868 1687 1938; x_wconf 64' lang='lat' dir='ltr'><strong>prmfectoriis</strong></span> <span class='ocrx_word' id='word_1_221' title='bbox 1717 1871 1953 1938; x_wconf 86' lang='lat' dir='ltr'><strong>patribus</strong></span> <span class='ocrx_word' id='word_1_222' title='bbox 1974 1872 2057 1923; x_wconf 87' lang='lat' dir='ltr'><strong>in-</strong></span> <span class='ocrx_word' id='word_1_223' title='bbox 2088 1864 2138 1925; x_wconf 84' lang='lat' dir='ltr'><strong>B</strong></span> <span class='ocrx_word' id='word_1_224' title='bbox 2166 1867 2400 1936; x_wconf 82' lang='lat' dir='ltr'><strong>ignarus,</strong></span> <span class='ocrx_word' id='word_1_225' title='bbox 2433 1868 2513 1922; x_wconf 90' lang='lat' dir='ltr'><strong>bis</strong></span> <span class='ocrx_word' id='word_1_226' title='bbox 2557 1876 2744 1939; x_wconf 69' lang='lat' dir='ltr'><strong>ti-rque</strong></span> <span class='ocrx_word' id='word_1_227' title='bbox 2773 1866 2999 1936; x_wconf 85' lang='lat' dir='ltr'><strong>repetita</strong></span> <span class='ocrx_word' id='word_1_228' title='bbox 3035 1864 3371 1921; x_wconf 86' lang='lat' dir='ltr'><strong>confessione</strong></span> <span class='ocrx_word' id='word_1_229' title='bbox 3412 1865 3729 1929; x_wconf 87' lang='lat' dir='ltr'><strong>transfodit,</strong></span> 
     </span>
    </p>
   </div>
   <div class='ocr_carea' id='block_1_34' title="bbox 489 1958 2060 2033">
    <p class='ocr_par' dir='ltr' id='par_1_34' title="bbox 489 1958 2060 2033">
     <span class='ocr_line' id='line_1_34' title="bbox 489 1958 2060 2033; baseline 0.003 -20"><span class='ocrx_word' id='word_1_230' title='bbox 489 1958 675 2029; x_wconf 88' lang='lat' dir='ltr'><strong>digni,</strong></span> <span class='ocrx_word' id='word_1_231' title='bbox 709 1975 829 2015; x_wconf 92' lang='lat' dir='ltr'><strong>cum</strong></span> <span class='ocrx_word' id='word_1_232' title='bbox 874 1964 976 2016; x_wconf 87' lang='lat' dir='ltr'><strong>hac</strong></span> <span class='ocrx_word' id='word_1_233' title='bbox 1028 1961 1410 2031; x_wconf 80' lang='lat' dir='ltr'><strong>superforanea</strong></span> <span class='ocrx_word' id='word_1_234' title='bbox 1458 1963 1846 2033; x_wconf 81' lang='lat' dir='ltr'><strong>trepidatione:</strong></span> <span class='ocrx_word' id='word_1_235' title='bbox 1888 1964 2019 2018; x_wconf 91' lang='lat' dir='ltr'><strong>mihi</strong></span> <span class='ocrx_word' id='word_1_236' title='bbox 2046 2005 2060 2029; x_wconf 95' lang='lat'><strong>,</strong></span> 
     </span>
    </p>
   </div>
   <div class='ocr_carea' id='block_1_35' title="bbox 489 2053 2065 2125">
    <p class='ocr_par' dir='ltr' id='par_1_35' title="bbox 489 2053 2065 2125">
     <span class='ocr_line' id='line_1_35' title="bbox 489 2053 2065 2125; baseline 0.002 -18"><span class='ocrx_word' id='word_1_237' title='bbox 489 2054 615 2124; x_wconf 88' lang='lat' dir='ltr'><strong>quia</strong></span> <span class='ocrx_word' id='word_1_238' title='bbox 639 2053 767 2107; x_wconf 88' lang='lat' dir='ltr'><strong>nihil</strong></span> <span class='ocrx_word' id='word_1_239' title='bbox 813 2053 1127 2125; x_wconf 85' lang='lat' dir='ltr'><strong>intelligitis,</strong></span> <span class='ocrx_word' id='word_1_240' title='bbox 1169 2055 1305 2109; x_wconf 87' lang='lat' dir='ltr'><strong>hanc</strong></span> <span class='ocrx_word' id='word_1_241' title='bbox 1337 2055 1534 2123; x_wconf 82' lang='lat' dir='ltr'><strong>negetii</strong></span> <span class='ocrx_word' id='word_1_242' title='bbox 1558 2068 1764 2125; x_wconf 87' lang='lat' dir='ltr'><strong>partem</strong></span> <span class='ocrx_word' id='word_1_243' title='bbox 1792 2057 1947 2110; x_wconf 88' lang='lat' dir='ltr'><strong>sinite</strong></span> <span class='ocrx_word' id='word_1_244' title='bbox 1973 2072 2065 2110; x_wconf 89' lang='lat' dir='ltr'><strong>cu-</strong></span> 
     </span>
    </p>
   </div>
   <div class='ocr_carea' id='block_1_36' title="bbox 486 2146 2062 2204">
    <p class='ocr_par' dir='ltr' id='par_1_36' title="bbox 486 2146 2062 2204">
     <span class='ocr_line' id='line_1_36' title="bbox 486 2146 2062 2204; baseline 0 -2"><span class='ocrx_word' id='word_1_245' title='bbox 486 2147 732 2202; x_wconf 87' lang='lat' dir='ltr'><strong>randam.</strong></span> <span class='ocrx_word' id='word_1_246' title='bbox 765 2146 904 2202; x_wconf 88' lang='lat' dir='ltr'><strong>Satis</strong></span> <span class='ocrx_word' id='word_1_247' title='bbox 947 2147 1200 2201; x_wconf 81' lang='lat' dir='ltr'><strong>Arvando</strong></span> <span class='ocrx_word' id='word_1_248' title='bbox 1238 2148 1558 2202; x_wconf 80' lang='lat' dir='ltr'><strong>conscientia</strong></span> <span class='ocrx_word' id='word_1_249' title='bbox 1582 2162 1675 2202; x_wconf 83' lang='lat' dir='ltr'><strong>siia</strong></span> <span class='ocrx_word' id='word_1_250' title='bbox 1706 2149 1937 2204; x_wconf 87' lang='lat' dir='ltr'><strong>sufficit:</strong></span> <span class='ocrx_word' id='word_1_251' title='bbox 1973 2149 2062 2202; x_wconf 85' lang='lat' dir='ltr'><strong>vix</strong></span> 
     </span>
    </p>
   </div>
   <div class='ocr_carea' id='block_1_37' title="bbox 485 2238 2064 2306">
    <p class='ocr_par' dir='ltr' id='par_1_37' title="bbox 485 2238 2064 2306">
     <span class='ocr_line' id='line_1_37' title="bbox 485 2238 2064 2306; baseline -0.002 -12"><span class='ocrx_word' id='word_1_252' title='bbox 485 2238 619 2294; x_wconf 84' lang='lat' dir='ltr'><strong>illud</strong></span> <span class='ocrx_word' id='word_1_253' title='bbox 649 2239 905 2306; x_wconf 87' lang='lat' dir='ltr'><strong>dignabor</strong></span> <span class='ocrx_word' id='word_1_254' title='bbox 926 2238 1227 2302; x_wconf 87' lang='lat' dir='ltr'><strong>admittere,</strong></span> <span class='ocrx_word' id='word_1_255' title='bbox 1253 2246 1312 2292; x_wconf 90' lang='lat' dir='ltr'><strong>ut</strong></span> <span class='ocrx_word' id='word_1_256' title='bbox 1331 2239 1577 2292; x_wconf 87' lang='lat' dir='ltr'><strong>advocati</strong></span> <span class='ocrx_word' id='word_1_257' title='bbox 1604 2238 1733 2292; x_wconf 87' lang='lat' dir='ltr'><strong>mihi</strong></span> <span class='ocrx_word' id='word_1_258' title='bbox 1757 2239 1809 2292; x_wconf 91' lang='lat' dir='ltr'><strong>in</strong></span> <span class='ocrx_word' id='word_1_259' title='bbox 1840 2238 2064 2293; x_wconf 78' lang='lat' dir='ltr'><strong>actioni-</strong></span> 
     </span>
    </p>
   </div>
   <div class='ocr_carea' id='block_1_38' title="bbox 488 2328 2060 2397">
    <p class='ocr_par' dir='ltr' id='par_1_38' title="bbox 488 2328 2060 2397">
     <span class='ocr_line' id='line_1_38' title="bbox 488 2328 2060 2397; baseline 0.001 -15"><span class='ocrx_word' id='word_1_260' title='bbox 488 2328 591 2382; x_wconf 87' lang='lat' dir='ltr'><strong>bus</strong></span> <span class='ocrx_word' id='word_1_261' title='bbox 619 2329 1031 2397; x_wconf 88' lang='lat' dir='ltr'><strong>repetundarum</strong></span> <span class='ocrx_word' id='word_1_262' title='bbox 1058 2329 1480 2397; x_wconf 86' lang='lat' dir='ltr'><strong>patrocinentur.</strong></span> <span class='ocrx_word' id='word_1_263' title='bbox 1507 2328 1839 2384; x_wconf 85' lang='lat' dir='ltr'><strong>Discediinus</strong></span> <span class='ocrx_word' id='word_1_264' title='bbox 1862 2332 2060 2397; x_wconf 91' lang='lat' dir='ltr'><strong>tristes,</strong></span> 
     </span>
    </p>
   </div>
   <div class='ocr_carea' id='block_1_39' title="bbox 488 2420 2067 2491">
    <p class='ocr_par' dir='ltr' id='par_1_39' title="bbox 488 2420 2067 2491">
     <span class='ocr_line' id='line_1_39' title="bbox 488 2420 2067 2491; baseline 0.002 -18"><span class='ocrx_word' id='word_1_265' title='bbox 488 2429 544 2473; x_wconf 91' lang='lat' dir='ltr'><strong>et</strong></span> <span class='ocrx_word' id='word_1_266' title='bbox 573 2434 680 2473; x_wconf 91' lang='lat' dir='ltr'><strong>non</strong></span> <span class='ocrx_word' id='word_1_267' title='bbox 722 2420 891 2488; x_wconf 90' lang='lat' dir='ltr'><strong>magis</strong></span> <span class='ocrx_word' id='word_1_268' title='bbox 940 2420 1131 2487; x_wconf 83' lang='lat' dir='ltr'><strong>injuria</strong></span> <span class='ocrx_word' id='word_1_269' title='bbox 1172 2435 1329 2489; x_wconf 92' lang='lat' dir='ltr'><strong>quam</strong></span> <span class='ocrx_word' id='word_1_270' title='bbox 1379 2435 1612 2475; x_wconf 67' lang='lat' dir='ltr'><strong>maerore</strong></span> <span class='ocrx_word' id='word_1_271' title='bbox 1662 2421 1900 2475; x_wconf 87' lang='lat' dir='ltr'><strong>confusi:</strong></span> <span class='ocrx_word' id='word_1_272' title='bbox 1947 2421 2067 2491; x_wconf 89' lang='lat' dir='ltr'><strong>quis</strong></span> 
     </span>
    </p>
   </div>
   <div class='ocr_carea' id='block_1_40' title="bbox 489 2509 2064 2582">
    <p class='ocr_par' dir='ltr' id='par_1_40' title="bbox 489 2509 2064 2582">
     <span class='ocr_line' id='line_1_40' title="bbox 489 2509 2064 2582; baseline 0.001 -16"><span class='ocrx_word' id='word_1_273' title='bbox 489 2509 632 2567; x_wconf 86' lang='lat' dir='ltr'><strong>enim</strong></span> <span class='ocrx_word' id='word_1_274' title='bbox 665 2510 993 2565; x_wconf 89' lang='lat' dir='ltr'><strong>medicorum</strong></span> <span class='ocrx_word' id='word_1_275' title='bbox 1018 2510 1138 2579; x_wconf 88' lang='lat' dir='ltr'><strong>jure</strong></span> <span class='ocrx_word' id='word_1_276' title='bbox 1164 2518 1459 2578; x_wconf 85' lang='lat' dir='ltr'><strong>moveatur,</strong></span> <span class='ocrx_word' id='word_1_277' title='bbox 1494 2512 1703 2581; x_wconf 91' lang='lat' dir='ltr'><strong>quoties</strong></span> <span class='ocrx_word' id='word_1_278' title='bbox 1725 2512 2064 2582; x_wconf 90' lang='lat' dir='ltr'><strong>desperatum</strong></span> 
     </span>
    </p>
   </div>
   <div class='ocr_carea' id='block_1_41' title="bbox 489 2600 2066 2674">
    <p class='ocr_par' dir='ltr' id='par_1_41' title="bbox 489 2600 2066 2674">
     <span class='ocr_line' id='line_1_41' title="bbox 489 2600 2066 2674; baseline 0.001 -18"><span class='ocrx_word' id='word_1_279' title='bbox 489 2601 639 2656; x_wconf 81' lang='lat' dir='ltr'><strong>furor</strong></span> <span class='ocrx_word' id='word_1_280' title='bbox 673 2600 939 2669; x_wconf 67' lang='lat' dir='ltr'><strong>arripiat?</strong></span> <span class='ocrx_word' id='word_1_281' title='bbox 966 2601 1110 2656; x_wconf 87' lang='lat' dir='ltr'><strong>Inter</strong></span> <span class='ocrx_word' id='word_1_282' title='bbox 1138 2600 1255 2657; x_wconf 72' lang='lat' dir='ltr'><strong>hinc</strong></span> <span class='ocrx_word' id='word_1_283' title='bbox 1282 2616 1406 2657; x_wconf 91' lang='lat' dir='ltr'><strong>reus</strong></span> <span class='ocrx_word' id='word_1_284' title='bbox 1437 2614 1621 2657; x_wconf 90' lang='lat' dir='ltr'><strong>noster</strong></span> <span class='ocrx_word' id='word_1_285' title='bbox 1642 2618 1821 2657; x_wconf 90' lang='lat' dir='ltr'><strong>aream</strong></span> <span class='ocrx_word' id='word_1_286' title='bbox 1854 2603 2066 2674; x_wconf 82' lang='lat' dir='ltr'><strong>Capito-</strong></span> 
     </span>
    </p>
   </div>
   <div class='ocr_carea' id='block_1_42' title="bbox 488 2689 2068 2761">
    <p class='ocr_par' dir='ltr' id='par_1_42' title="bbox 488 2689 2068 2761">
     <span class='ocr_line' id='line_1_42' title="bbox 488 2689 2068 2761; baseline 0.001 -16"><span class='ocrx_word' id='word_1_287' title='bbox 488 2689 651 2745; x_wconf 91' lang='lat' dir='ltr'><strong>linam</strong></span> <span class='ocrx_word' id='word_1_288' title='bbox 684 2706 1003 2761; x_wconf 67' lang='lat' dir='ltr'><strong>percurrere</strong></span> <span class='ocrx_word' id='word_1_289' title='bbox 1041 2692 1288 2747; x_wconf 87' lang='lat' dir='ltr'><strong>albatus:</strong></span> <span class='ocrx_word' id='word_1_290' title='bbox 1332 2693 1493 2747; x_wconf 91' lang='lat' dir='ltr'><strong>modo</strong></span> <span class='ocrx_word' id='word_1_291' title='bbox 1522 2692 1763 2748; x_wconf 87' lang='lat' dir='ltr'><strong>subdolis</strong></span> <span class='ocrx_word' id='word_1_292' title='bbox 1793 2693 2068 2749; x_wconf 89' lang='lat' dir='ltr'><strong>salutatio-</strong></span> 
     </span>
    </p>
   </div>
   <div class='ocr_carea' id='block_1_43' title="bbox 489 2784 2067 2855">
    <p class='ocr_par' dir='ltr' id='par_1_43' title="bbox 489 2784 2067 2855">
     <span class='ocr_line' id='line_1_43' title="bbox 489 2784 2067 2855; baseline 0 -16"><span class='ocrx_word' id='word_1_293' title='bbox 489 2784 648 2839; x_wconf 86' lang='lat' dir='ltr'><strong>nibus</strong></span> <span class='ocrx_word' id='word_1_294' title='bbox 693 2784 860 2855; x_wconf 90' lang='lat' dir='ltr'><strong>pasci,</strong></span> <span class='ocrx_word' id='word_1_295' title='bbox 893 2784 1054 2840; x_wconf 91' lang='lat' dir='ltr'><strong>modo</strong></span> <span class='ocrx_word' id='word_1_296' title='bbox 1096 2794 1379 2852; x_wconf 89' lang='lat' dir='ltr'><strong>crepantes</strong></span> <span class='ocrx_word' id='word_1_297' title='bbox 1406 2785 1769 2840; x_wconf 86' lang='lat' dir='ltr'><strong>adulationum</strong></span> <span class='ocrx_word' id='word_1_298' title='bbox 1808 2786 1977 2841; x_wconf 89' lang='lat' dir='ltr'><strong>bullas</strong></span> <span class='ocrx_word' id='word_1_299' title='bbox 2008 2793 2067 2841; x_wconf 91' lang='lat' dir='ltr'><strong>ttt</strong></span> 
     </span>
    </p>
   </div>
   <div class='ocr_carea' id='block_1_44' title="bbox 487 2875 2069 2953">
    <p class='ocr_par' dir='ltr' id='par_1_44' title="bbox 487 2875 2069 2953">
     <span class='ocr_line' id='line_1_44' title="bbox 487 2875 2069 2953; baseline 0.001 -22"><span class='ocrx_word' id='word_1_300' title='bbox 487 2884 876 2945; x_wconf 78' lang='lat' dir='ltr'><strong>recognoscens</strong></span> <span class='ocrx_word' id='word_1_301' title='bbox 906 2875 1141 2931; x_wconf 90' lang='lat' dir='ltr'><strong>libenter</strong></span> <span class='ocrx_word' id='word_1_302' title='bbox 1183 2876 1386 2940; x_wconf 85' lang='lat' dir='ltr'><strong>audire,</strong></span> <span class='ocrx_word' id='word_1_303' title='bbox 1431 2878 1533 2953; x_wconf 69' lang='grc' dir='ltr'>ιε</span> <span class='ocrx_word' id='word_1_304' title='bbox 1577 2877 1735 2932; x_wconf 90' lang='lat' dir='ltr'><strong>modo</strong></span> <span class='ocrx_word' id='word_1_305' title='bbox 1783 2877 1982 2943; x_wconf 88' lang='lat' dir='ltr'><strong>serica,</strong></span> <span class='ocrx_word' id='word_1_306' title='bbox 2013 2886 2069 2933; x_wconf 91' lang='lat' dir='ltr'><strong>et</strong></span> 
     </span>
    </p>
   </div>
   <div class='ocr_carea' id='block_1_45' title="bbox 486 2958 2067 3039">
    <p class='ocr_par' dir='ltr' id='par_1_45' title="bbox 486 2958 2067 3039">
     <span class='ocr_line' id='line_1_45' title="bbox 486 2958 2067 3039; baseline 0.001 -16"><span class='ocrx_word' id='word_1_307' title='bbox 486 2982 748 3039; x_wconf 85' lang='lat' dir='ltr'><strong>gemmas,</strong></span> <span class='ocrx_word' id='word_1_308' title='bbox 778 2978 831 3024; x_wconf 91' lang='lat' dir='ltr'><strong>et</strong></span> <span class='ocrx_word' id='word_1_309' title='bbox 856 2970 1084 3037; x_wconf 89' lang='lat' dir='ltr'><strong>pretiosa</strong></span> <span class='ocrx_word' id='word_1_310' title='bbox 1116 2958 1338 3038; x_wconf 69' lang='lat' dir='ltr'><strong>quicque</strong></span> <span class='ocrx_word' id='word_1_311' title='bbox 1370 2960 1743 3037; x_wconf 81' lang='lat' dir='ltr'><strong>trapezitarum</strong></span> <span class='ocrx_word' id='word_1_312' title='bbox 1792 2968 2067 3029; x_wconf 79' lang='lat' dir='ltr'><strong>involucra</strong></span> 
     </span>
    </p>
   </div>
   <div class='ocr_carea' id='block_1_46' title="bbox 488 3058 2068 3129">
    <p class='ocr_par' dir='ltr' id='par_1_46' title="bbox 488 3058 2068 3129">
     <span class='ocr_line' id='line_1_46' title="bbox 488 3058 2068 3129; baseline 0 -15"><span class='ocrx_word' id='word_1_313' title='bbox 488 3058 693 3124; x_wconf 89' lang='lat' dir='ltr'><strong>rimari,</strong></span> <span class='ocrx_word' id='word_1_314' title='bbox 727 3068 781 3114; x_wconf 93' lang='lat' dir='ltr'><strong>et</strong></span> <span class='ocrx_word' id='word_1_315' title='bbox 801 3058 955 3128; x_wconf 90' lang='lat' dir='ltr'><strong>quasi</strong></span> <span class='ocrx_word' id='word_1_316' title='bbox 978 3067 1312 3114; x_wconf 90' lang='lat' dir='ltr'><strong>mercaturus</strong></span> <span class='ocrx_word' id='word_1_317' title='bbox 1352 3058 1638 3129; x_wconf 87' lang='lat' dir='ltr'><strong>inspicere,</strong></span> <span class='ocrx_word' id='word_1_318' title='bbox 1667 3074 1947 3128; x_wconf 88' lang='lat' dir='ltr'><strong>prensare,</strong></span> <span class='ocrx_word' id='word_1_319' title='bbox 1974 3059 2068 3114; x_wconf 88' lang='lat' dir='ltr'><strong>de-</strong></span> 
     </span>
    </p>
   </div>
   <div class='ocr_carea' id='block_1_47' title="bbox 488 3148 2062 3220">
    <p class='ocr_par' dir='ltr' id='par_1_47' title="bbox 488 3148 2062 3220">
     <span class='ocr_line' id='line_1_47' title="bbox 488 3148 2062 3220; baseline 0.001 -16"><span class='ocrx_word' id='word_1_320' title='bbox 488 3151 741 3220; x_wconf 85' lang='lat' dir='ltr'><strong>pretiare,</strong></span> <span class='ocrx_word' id='word_1_321' title='bbox 772 3148 1080 3214; x_wconf 87' lang='lat' dir='ltr'><strong>devolvere,</strong></span> <span class='ocrx_word' id='word_1_322' title='bbox 1111 3148 1322 3203; x_wconf 85' lang='lat' dir='ltr'><strong>etinter</strong></span> <span class='ocrx_word' id='word_1_323' title='bbox 1344 3149 1606 3219; x_wconf 80' lang='lat' dir='ltr'><strong>agendum</strong></span> <span class='ocrx_word' id='word_1_324' title='bbox 1645 3148 1865 3203; x_wconf 89' lang='lat' dir='ltr'><strong>multum</strong></span> <span class='ocrx_word' id='word_1_325' title='bbox 1890 3148 1960 3206; x_wconf 88' lang='lat' dir='ltr'><strong>de</strong></span> <span class='ocrx_word' id='word_1_326' title='bbox 1983 3150 2062 3206; x_wconf 80' lang='lat' dir='ltr'><strong>le-</strong></span> 
     </span>
    </p>
   </div>
   <div class='ocr_carea' id='block_1_48' title="bbox 488 3236 2140 3311">
    <p class='ocr_par' dir='ltr' id='par_1_48' title="bbox 488 3236 2140 3311">
     <span class='ocr_line' id='line_1_48' title="bbox 488 3236 2140 3311; baseline 0.001 -18"><span class='ocrx_word' id='word_1_327' title='bbox 488 3240 662 3311; x_wconf 86' lang='lat' dir='ltr'><strong>gibus,</strong></span> <span class='ocrx_word' id='word_1_328' title='bbox 693 3238 761 3295; x_wconf 91' lang='lat' dir='ltr'><strong>de</strong></span> <span class='ocrx_word' id='word_1_329' title='bbox 791 3238 1148 3309; x_wconf 89' lang='lat' dir='ltr'><strong>temporibus,</strong></span> <span class='ocrx_word' id='word_1_330' title='bbox 1180 3236 1245 3293; x_wconf 93' lang='lat' dir='ltr'><strong>de</strong></span> <span class='ocrx_word' id='word_1_331' title='bbox 1276 3247 1489 3307; x_wconf 89' lang='lat' dir='ltr'><strong>senatu,</strong></span> <span class='ocrx_word' id='word_1_332' title='bbox 1522 3239 1595 3293; x_wconf 90' lang='lat' dir='ltr'><strong>de</strong></span> <span class='ocrx_word' id='word_1_333' title='bbox 1627 3239 1863 3310; x_wconf 85' lang='lat' dir='ltr'><strong>principe</strong></span> <span class='ocrx_word' id='word_1_334' title='bbox 1892 3241 2063 3310; x_wconf 91' lang='lat' dir='ltr'><strong>queri,</strong></span> <span class='ocrx_word' id='word_1_335' title='bbox 2093 3239 2140 3306; x_wconf 79' lang='grc' dir='ltr'><strong>ϐ</strong></span> 
     </span>
    </p>
   </div>
   <div class='ocr_carea' id='block_1_49' title="bbox 490 3328 2062 3401">
    <p class='ocr_par' dir='ltr' id='par_1_49' title="bbox 490 3328 2062 3401">
     <span class='ocr_line' id='line_1_49' title="bbox 490 3328 2062 3401; baseline 0.001 -17"><span class='ocrx_word' id='word_1_336' title='bbox 490 3329 634 3401; x_wconf 87' lang='lat' dir='ltr'><strong>quod</strong></span> <span class='ocrx_word' id='word_1_337' title='bbox 665 3343 725 3385; x_wconf 86' lang='lat' dir='ltr'><strong>se</strong></span> <span class='ocrx_word' id='word_1_338' title='bbox 764 3344 871 3384; x_wconf 88' lang='lat' dir='ltr'><strong>non</strong></span> <span class='ocrx_word' id='word_1_339' title='bbox 903 3329 1210 3397; x_wconf 89' lang='lat' dir='ltr'><strong>priusquam</strong></span> <span class='ocrx_word' id='word_1_340' title='bbox 1260 3328 1612 3395; x_wconf 89' lang='lat' dir='ltr'><strong>discuterent,</strong></span> <span class='ocrx_word' id='word_1_341' title='bbox 1660 3330 2062 3387; x_wconf 87' lang='lat' dir='ltr'><strong>ulciscerentur.</strong></span> 
     </span>
    </p>
   </div>
   <div class='ocr_carea' id='block_1_50' title="bbox 490 3420 2062 3492">
    <p class='ocr_par' dir='ltr' id='par_1_50' title="bbox 490 3420 2062 3492">
     <span class='ocr_line' id='line_1_50' title="bbox 490 3420 2062 3492; baseline 0.003 -17"><span class='ocrx_word' id='word_1_342' title='bbox 490 3420 651 3476; x_wconf 87' lang='lat' dir='ltr'><strong>Pauci</strong></span> <span class='ocrx_word' id='word_1_343' title='bbox 674 3420 957 3475; x_wconf 87' lang='lat' dir='ltr'><strong>mediidies</strong></span> <span class='ocrx_word' id='word_1_344' title='bbox 973 3438 987 3487; x_wconf 89' lang='lat'><strong>;</strong></span> <span class='ocrx_word' id='word_1_345' title='bbox 1006 3420 1049 3475; x_wconf 95' lang='lat' dir='ltr'><strong>it</strong></span> <span class='ocrx_word' id='word_1_346' title='bbox 1070 3421 1121 3475; x_wconf 92' lang='lat' dir='ltr'><strong>in</strong></span> <span class='ocrx_word' id='word_1_347' title='bbox 1155 3421 1519 3476; x_wconf 89' lang='lat' dir='ltr'><strong>tractatorium</strong></span> <span class='ocrx_word' id='word_1_348' title='bbox 1544 3422 1793 3492; x_wconf 89' lang='lat' dir='ltr'><strong>frequens</strong></span> <span class='ocrx_word' id='word_1_349' title='bbox 1816 3434 2062 3491; x_wconf 87' lang='lat' dir='ltr'><strong>senatus;</strong></span> 
     </span>
    </p>
   </div>
   <div class='ocr_carea' id='block_1_51' title="bbox 491 3512 2067 3582">
    <p class='ocr_par' dir='ltr' id='par_1_51' title="bbox 491 3512 2067 3582">
     <span class='ocr_line' id='line_1_51' title="bbox 491 3512 2067 3582; baseline 0.003 -15"><span class='ocrx_word' id='word_1_350' title='bbox 491 3512 571 3568; x_wconf 84' lang='lat' dir='ltr'><strong>sic</strong></span> <span class='ocrx_word' id='word_1_351' title='bbox 595 3520 718 3581; x_wconf 87' lang='lat' dir='ltr'><strong>post</strong></span> <span class='ocrx_word' id='word_1_352' title='bbox 747 3512 983 3582; x_wconf 88' lang='lat' dir='ltr'><strong>comperi</strong></span> <span class='ocrx_word' id='word_1_353' title='bbox 1012 3530 1023 3563; x_wconf 91' lang='lat'><strong>:</strong></span> <span class='ocrx_word' id='word_1_354' title='bbox 1071 3526 1192 3567; x_wconf 89' lang='lat' dir='ltr'><strong>nam</strong></span> <span class='ocrx_word' id='word_1_355' title='bbox 1225 3512 1365 3567; x_wconf 89' lang='lat' dir='ltr'><strong>inter</strong></span> <span class='ocrx_word' id='word_1_356' title='bbox 1407 3512 1504 3568; x_wconf 86' lang='lat' dir='ltr'><strong>ista</strong></span> <span class='ocrx_word' id='word_1_357' title='bbox 1532 3512 1902 3570; x_wconf 79' lang='lat' dir='ltr'><strong>discesseram.</strong></span> <span class='ocrx_word' id='word_1_358' title='bbox 1935 3515 2067 3571; x_wconf 81' lang='lat' dir='ltr'><strong>Pro-</strong></span> 
     </span>
    </p>
   </div>
   <div class='ocr_carea' id='block_1_52' title="bbox 490 3602 2064 3675">
    <p class='ocr_par' dir='ltr' id='par_1_52' title="bbox 490 3602 2064 3675">
     <span class='ocr_line' id='line_1_52' title="bbox 490 3602 2064 3675; baseline 0.004 -17"><span class='ocrx_word' id='word_1_359' title='bbox 490 3604 633 3659; x_wconf 88' lang='lat' dir='ltr'><strong>cedit</strong></span> <span class='ocrx_word' id='word_1_360' title='bbox 672 3612 855 3657; x_wconf 90' lang='lat' dir='ltr'><strong>noster</strong></span> <span class='ocrx_word' id='word_1_361' title='bbox 883 3602 949 3655; x_wconf 90' lang='lat' dir='ltr'><strong>ad</strong></span> <span class='ocrx_word' id='word_1_362' title='bbox 980 3604 1181 3657; x_wconf 91' lang='lat' dir='ltr'><strong>curiam</strong></span> <span class='ocrx_word' id='word_1_363' title='bbox 1211 3602 1368 3670; x_wconf 91' lang='lat' dir='ltr'><strong>paulo</strong></span> <span class='ocrx_word' id='word_1_364' title='bbox 1402 3613 1525 3659; x_wconf 91' lang='lat' dir='ltr'><strong>ante</strong></span> <span class='ocrx_word' id='word_1_365' title='bbox 1548 3603 1803 3661; x_wconf 88' lang='lat' dir='ltr'><strong>detonsus</strong></span> <span class='ocrx_word' id='word_1_366' title='bbox 1824 3606 2064 3675; x_wconf 86' lang='lat' dir='ltr'><strong>pumica-</strong></span> 
     </span>
    </p>
   </div>
   <div class='ocr_carea' id='block_1_53' title="bbox 492 3694 2059 3768">
    <p class='ocr_par' dir='ltr' id='par_1_53' title="bbox 492 3694 2059 3768">
     <span class='ocr_line' id='line_1_53' title="bbox 492 3694 2059 3768; baseline 0.001 -15"><span class='ocrx_word' id='word_1_367' title='bbox 492 3702 703 3765; x_wconf 68' lang='lat' dir='ltr'><strong>tusiiue,</strong></span> <span class='ocrx_word' id='word_1_368' title='bbox 732 3711 856 3752; x_wconf 90' lang='lat' dir='ltr'><strong>cum</strong></span> <span class='ocrx_word' id='word_1_369' title='bbox 872 3703 1215 3750; x_wconf 88' lang='lat' dir='ltr'><strong>accusatores</strong></span> <span class='ocrx_word' id='word_1_370' title='bbox 1242 3694 1568 3765; x_wconf 89' lang='lat' dir='ltr'><strong>semipullati</strong></span> <span class='ocrx_word' id='word_1_371' title='bbox 1590 3706 1748 3768; x_wconf 92' lang='lat' dir='ltr'><strong>atque</strong></span> <span class='ocrx_word' id='word_1_372' title='bbox 1791 3700 2059 3766; x_wconf 89' lang='lat' dir='ltr'><strong>concreti,</strong></span> 
     </span>
    </p>
   </div>
   <div class='ocr_carea' id='block_1_54' title="bbox 491 3786 2065 3857">
    <p class='ocr_par' dir='ltr' id='par_1_54' title="bbox 491 3786 2065 3857">
     <span class='ocr_line' id='line_1_54' title="bbox 491 3786 2065 3857; baseline 0.002 -13"><span class='ocrx_word' id='word_1_373' title='bbox 491 3787 805 3844; x_wconf 76' lang='lat' dir='ltr'><strong>nuntiosba</strong></span> <span class='ocrx_word' id='word_1_374' title='bbox 835 3786 1153 3843; x_wconf 88' lang='lat' dir='ltr'><strong>decemviris</strong></span> <span class='ocrx_word' id='word_1_375' title='bbox 1196 3787 1554 3857; x_wconf 92' lang='lat' dir='ltr'><strong>operirentur,</strong></span> <span class='ocrx_word' id='word_1_376' title='bbox 1603 3798 1656 3845; x_wconf 90' lang='lat' dir='ltr'><strong>et</strong></span> <span class='ocrx_word' id='word_1_377' title='bbox 1695 3790 1759 3844; x_wconf 89' lang='lat' dir='ltr'><strong>ab</strong></span> <span class='ocrx_word' id='word_1_378' title='bbox 1805 3790 2065 3849; x_wconf 88' lang='lat' dir='ltr'><strong>industria</strong></span> 
     </span>
    </p>
   </div>
   <div class='ocr_carea' id='block_1_55' title="bbox 490 3879 2070 3949">
    <p class='ocr_par' dir='ltr' id='par_1_55' title="bbox 490 3879 2070 3949">
     <span class='ocr_line' id='line_1_55' title="bbox 490 3879 2070 3949; baseline 0.001 -12"><span class='ocrx_word' id='word_1_379' title='bbox 490 3880 718 3949; x_wconf 68' lang='lat' dir='ltr'><strong>Squalidi</strong></span> <span class='ocrx_word' id='word_1_380' title='bbox 745 3880 1144 3949; x_wconf 74' lang='lat' dir='ltr'><strong>praeripuissent</strong></span> <span class='ocrx_word' id='word_1_381' title='bbox 1167 3895 1258 3937; x_wconf 89' lang='lat' dir='ltr'><strong>reo</strong></span> <span class='ocrx_word' id='word_1_382' title='bbox 1281 3879 1514 3937; x_wconf 85' lang='lat' dir='ltr'><strong>debitam</strong></span> <span class='ocrx_word' id='word_1_383' title='bbox 1535 3882 1937 3939; x_wconf 87' lang='lat' dir='ltr'><strong>miserationem</strong></span> <span class='ocrx_word' id='word_1_384' title='bbox 1967 3885 2070 3941; x_wconf 86' lang='lat' dir='ltr'><strong>sub</strong></span> 
     </span>
    </p>
   </div>
   <div class='ocr_carea' id='block_1_56' title="bbox 492 3970 2064 4043">
    <p class='ocr_par' dir='ltr' id='par_1_56' title="bbox 492 3970 2064 4043">
     <span class='ocr_line' id='line_1_56' title="bbox 492 3970 2064 4043; baseline 0 -14"><span class='ocrx_word' id='word_1_385' title='bbox 492 3972 692 4029; x_wconf 86' lang='lat' dir='ltr'><strong>invidia</strong></span> <span class='ocrx_word' id='word_1_386' title='bbox 722 3970 1136 4027; x_wconf 83' lang='lat' dir='ltr'><strong>sordidatorum.</strong></span> <span class='ocrx_word' id='word_1_387' title='bbox 1169 3970 1328 4025; x_wconf 88' lang='lat' dir='ltr'><strong>Citati</strong></span> <span class='ocrx_word' id='word_1_388' title='bbox 1368 3970 1829 4040; x_wconf 87' lang='lat' dir='ltr'><strong>intromittuntur;</strong></span> <span class='ocrx_word' id='word_1_389' title='bbox 1862 3986 2064 4043; x_wconf 88' lang='lat' dir='ltr'><strong>partes,</strong></span> 
     </span>
    </p>
   </div>
   <div class='ocr_carea' id='block_1_57' title="bbox 492 4103 2061 4174">
    <p class='ocr_par' dir='ltr' id='par_1_57' title="bbox 492 4103 2061 4174">
     <span class='ocr_line' id='line_1_57' title="bbox 492 4103 2061 4174; baseline -0.001 -11"><span class='ocrx_word' id='word_1_390' title='bbox 492 4122 655 4163; x_wconf 75' lang='lat' dir='ltr'><strong>cau~a</strong></span> <span class='ocrx_word' id='word_1_391' title='bbox 683 4107 887 4174; x_wconf 86' lang='lat' dir='ltr'><strong>legatus</strong></span> <span class='ocrx_word' id='word_1_392' title='bbox 919 4104 1083 4174; x_wconf 85' lang='lat' dir='ltr'><strong>Hilari</strong></span> <span class='ocrx_word' id='word_1_393' title='bbox 1113 4118 1261 4171; x_wconf 66' lang='lat' dir='ltr'><strong>papae</strong></span> <span class='ocrx_word' id='word_1_394' title='bbox 1284 4103 1489 4174; x_wconf 79' lang='lat' dir='ltr'><strong>synodo</strong></span> <span class='ocrx_word' id='word_1_395' title='bbox 1521 4104 1776 4169; x_wconf 88' lang='lat' dir='ltr'><strong>interfuit,</strong></span> <span class='ocrx_word' id='word_1_396' title='bbox 1807 4115 1866 4160; x_wconf 88' lang='lat' dir='ltr'><strong>ut</strong></span> <span class='ocrx_word' id='word_1_397' title='bbox 1895 4106 2061 4161; x_wconf 84' lang='lat' dir='ltr'><strong>Hilari</strong></span> 
     </span>
    </p>
   </div>
   <div class='ocr_carea' id='block_1_58' title="bbox 492 4172 2062 4257">
    <p class='ocr_par' dir='ltr' id='par_1_58' title="bbox 492 4172 2062 4257">
     <span class='ocr_line' id='line_1_58' title="bbox 492 4172 2062 4257; baseline -0.001 -26"><span class='ocrx_word' id='word_1_398' title='bbox 492 4172 1037 4257; x_wconf 13' lang='lat' dir='ltr'><strong>epistolagﬁtestantur.</strong></span> <span class='ocrx_word' id='word_1_399' title='bbox 1053 4172 1293 4257; x_wconf 81' lang='lat' dir='ltr'><strong>Alterum</strong></span> <span class='ocrx_word' id='word_1_400' title='bbox 1310 4173 1578 4257; x_wconf 74' lang='lat' dir='ltr'><strong>abbatem,</strong></span> <span class='ocrx_word' id='word_1_401' title='bbox 1600 4174 1876 4257; x_wconf 71' lang='lat' dir='ltr'><strong>Sidoniani</strong></span> <span class='ocrx_word' id='word_1_402' title='bbox 1900 4177 2062 4257; x_wconf 76' lang='lat' dir='ltr'><strong>Abra-</strong></span> 
     </span>
    </p>
   </div>
   <div class='ocr_carea' id='block_1_59' title="bbox 491 4244 2056 4373">
    <p class='ocr_par' dir='ltr' id='par_1_59' title="bbox 491 4244 2056 4373">
     <span class='ocr_line' id='line_1_59' title="bbox 491 4244 2056 4314; baseline -0.004 -12"><span class='ocrx_word' id='word_1_403' title='bbox 491 4244 575 4302; x_wconf 66' lang='lat' dir='ltr'><strong>bie</strong></span> <span class='ocrx_word' id='word_1_404' title='bbox 597 4246 733 4314; x_wconf 86' lang='lat' dir='ltr'><strong>apud</strong></span> <span class='ocrx_word' id='word_1_405' title='bbox 760 4248 1028 4297; x_wconf 80' lang='lat' dir='ltr'><strong>Arvernos</strong></span> <span class='ocrx_word' id='word_1_406' title='bbox 1044 4256 1438 4297; x_wconf 84' lang='lat' dir='ltr'><strong>successorem:</strong></span> <span class='ocrx_word' id='word_1_407' title='bbox 1463 4244 1529 4300; x_wconf 92' lang='lat' dir='ltr'><strong>de</strong></span> <span class='ocrx_word' id='word_1_408' title='bbox 1548 4259 1655 4313; x_wconf 89' lang='lat' dir='ltr'><strong>quo</strong></span> <span class='ocrx_word' id='word_1_409' title='bbox 1673 4244 1764 4298; x_wconf 88' lang='lat' dir='ltr'><strong>lib.</strong></span> <span class='ocrx_word' id='word_1_410' title='bbox 1791 4259 1882 4311; x_wconf 87' lang='lat' dir='ltr'><strong>vn,</strong></span> <span class='ocrx_word' id='word_1_411' title='bbox 1899 4246 2056 4312; x_wconf 81' lang='lat' dir='ltr'><strong>epist.</strong></span> 
     </span>
     <span class='ocr_line' id='line_1_60' title="bbox 492 4312 1047 4373; baseline -0.018 0"><span class='ocrx_word' id='word_1_412' title='bbox 492 4318 560 4373; x_wconf 76' lang='lat' dir='ltr'><strong>l7</strong></span> <span class='ocrx_word' id='word_1_413' title='bbox 590 4320 654 4370; x_wconf 90' lang='lat' dir='ltr'><strong>ad</strong></span> <span class='ocrx_word' id='word_1_414' title='bbox 688 4312 1047 4369; x_wconf 72' lang='lat' dir='ltr'><strong>Volusianu‘m.</strong></span> 
     </span>
    </p>
   </div>
   <div class='ocr_carea' id='block_1_60' title="bbox 566 4383 2061 4452">
    <p class='ocr_par' dir='ltr' id='par_1_60' title="bbox 566 4383 2061 4452">
     <span class='ocr_line' id='line_1_61' title="bbox 566 4383 2061 4452; baseline -0.001 -13"><span class='ocrx_word' id='word_1_415' title='bbox 566 4397 591 4423; x_wconf 82' lang='grc' dir='ltr'><strong>ι</strong></span> <span class='ocrx_word' id='word_1_416' title='bbox 614 4386 806 4439; x_wconf 83' lang='lat' dir='ltr'><strong>Tutum</strong></span> <span class='ocrx_word' id='word_1_417' title='bbox 837 4389 1101 4449; x_wconf 75' lang='lat' dir='ltr'><strong>suscepta:</strong></span> <span class='ocrx_word' id='word_1_418' title='bbox 1146 4383 1503 4437; x_wconf 88' lang='lat' dir='ltr'><strong>accusationis</strong></span> <span class='ocrx_word' id='word_1_419' title='bbox 1544 4383 1785 4438; x_wconf 91' lang='lat' dir='ltr'><strong>ordinem</strong></span> <span class='ocrx_word' id='word_1_420' title='bbox 1816 4395 1871 4440; x_wconf 91' lang='lat' dir='ltr'><strong>et</strong></span> <span class='ocrx_word' id='word_1_421' title='bbox 1898 4400 2061 4452; x_wconf 89' lang='lat' dir='ltr'><strong>appa-</strong></span> 
     </span>
    </p>
   </div>
   <div class='ocr_carea' id='block_1_61' title="bbox 492 4453 2059 4523">
    <p class='ocr_par' dir='ltr' id='par_1_61' title="bbox 492 4453 2059 4523">
     <span class='ocr_line' id='line_1_62' title="bbox 492 4453 2059 4523; baseline 0.001 -13"><span class='ocrx_word' id='word_1_422' title='bbox 492 4467 687 4512; x_wconf 89' lang='lat' dir='ltr'><strong>ratum.</strong></span> <span class='ocrx_word' id='word_1_423' title='bbox 718 4455 897 4523; x_wconf 84' lang='lat' dir='ltr'><strong>Legati</strong></span> <span class='ocrx_word' id='word_1_424' title='bbox 927 4454 1091 4515; x_wconf 84' lang='lat' dir='ltr'><strong>enim,</strong></span> <span class='ocrx_word' id='word_1_425' title='bbox 1123 4468 1244 4507; x_wconf 87' lang='lat' dir='ltr'><strong>eum</strong></span> <span class='ocrx_word' id='word_1_426' title='bbox 1292 4453 1488 4523; x_wconf 84' lang='lat' dir='ltr'><strong>duplici</strong></span> <span class='ocrx_word' id='word_1_427' title='bbox 1518 4455 1727 4508; x_wconf 88' lang='lat' dir='ltr'><strong>actione</strong></span> <span class='ocrx_word' id='word_1_428' title='bbox 1752 4456 2059 4511; x_wconf 81' lang='lat' dir='ltr'><strong>Arvandum</strong></span> 
     </span>
    </p>
   </div>
   <div class='ocr_carea' id='block_1_62' title="bbox 2174 1957 3735 2029">
    <p class='ocr_par' dir='ltr' id='par_1_62' title="bbox 2174 1957 3735 2029">
     <span class='ocr_line' id='line_1_63' title="bbox 2174 1957 3735 2029; baseline -0.002 -16"><span class='ocrx_word' id='word_1_429' title='bbox 2174 1959 2275 2029; x_wconf 80' lang='lat'><strong>19</strong></span> <span class='ocrx_word' id='word_1_430' title='bbox 2305 1958 2627 2013; x_wconf 90' lang='lat' dir='ltr'><strong>acclamatur</strong></span> <span class='ocrx_word' id='word_1_431' title='bbox 2669 1958 2734 2013; x_wconf 90' lang='lat' dir='ltr'><strong>ab</strong></span> <span class='ocrx_word' id='word_1_432' title='bbox 2769 1957 3183 2021; x_wconf 83' lang='lat' dir='ltr'><strong>accusatoribus,</strong></span> <span class='ocrx_word' id='word_1_433' title='bbox 3210 1957 3574 2012; x_wconf 88' lang='lat' dir='ltr'><strong>conclamatur</strong></span> <span class='ocrx_word' id='word_1_434' title='bbox 3594 1972 3622 2011; x_wconf 90' lang='lat' dir='ltr'><strong>a</strong></span> <span class='ocrx_word' id='word_1_435' title='bbox 3647 1957 3735 2026; x_wconf 88' lang='lat' dir='ltr'><strong>ju-</strong></span> 
     </span>
    </p>
   </div>
   <div class='ocr_carea' id='block_1_63' title="bbox 2169 2048 3733 2119">
    <p class='ocr_par' dir='ltr' id='par_1_63' title="bbox 2169 2048 3733 2119">
     <span class='ocr_line' id='line_1_64' title="bbox 2169 2048 3733 2119; baseline -0.001 -15"><span class='ocrx_word' id='word_1_436' title='bbox 2169 2048 2402 2117; x_wconf 86' lang='lat' dir='ltr'><strong>dicibus,</strong></span> <span class='ocrx_word' id='word_1_437' title='bbox 2446 2066 2598 2105; x_wconf 89' lang='lat' dir='ltr'><strong>reum</strong></span> <span class='ocrx_word' id='word_1_438' title='bbox 2632 2051 2770 2104; x_wconf 57' lang='lat' dir='ltr'><strong>laesae</strong></span> <span class='ocrx_word' id='word_1_439' title='bbox 2816 2050 3110 2119; x_wconf 73' lang='lat' dir='ltr'><strong>maiestatis</strong></span> <span class='ocrx_word' id='word_1_440' title='bbox 3154 2051 3495 2105; x_wconf 87' lang='lat' dir='ltr'><strong>confitentem</strong></span> <span class='ocrx_word' id='word_1_441' title='bbox 3542 2049 3733 2104; x_wconf 90' lang='lat' dir='ltr'><strong>teneri.</strong></span> 
     </span>
    </p>
   </div>
   <div class='ocr_carea' id='block_1_64' title="bbox 2167 2141 3735 2211">
    <p class='ocr_par' dir='ltr' id='par_1_64' title="bbox 2167 2141 3735 2211">
     <span class='ocr_line' id='line_1_65' title="bbox 2167 2141 3735 2211; baseline -0.001 -14"><span class='ocrx_word' id='word_1_442' title='bbox 2167 2141 2249 2197; x_wconf 83' lang='lat' dir='ltr'><strong>Ad</strong></span> <span class='ocrx_word' id='word_1_443' title='bbox 2274 2142 2395 2209; x_wconf 89' lang='lat' dir='ltr'><strong>hoc,</strong></span> <span class='ocrx_word' id='word_1_444' title='bbox 2429 2153 2482 2198; x_wconf 87' lang='lat' dir='ltr'><strong>et</strong></span> <span class='ocrx_word' id='word_1_445' title='bbox 2510 2144 2742 2198; x_wconf 91' lang='lat' dir='ltr'><strong>millibus</strong></span> <span class='ocrx_word' id='word_1_446' title='bbox 2771 2142 3116 2198; x_wconf 89' lang='lat' dir='ltr'><strong>formularum</strong></span> <span class='ocrx_word' id='word_1_447' title='bbox 3156 2142 3288 2211; x_wconf 86' lang='lat' dir='ltr'><strong>juris</strong></span> <span class='ocrx_word' id='word_1_448' title='bbox 3325 2142 3376 2196; x_wconf 91' lang='lat' dir='ltr'><strong>id</strong></span> <span class='ocrx_word' id='word_1_449' title='bbox 3408 2143 3735 2196; x_wconf 87' lang='lat' dir='ltr'><strong>sancientum</strong></span> 
     </span>
    </p>
   </div>
   <div class='ocr_carea' id='block_1_65' title="bbox 2162 2232 3735 2305">
    <p class='ocr_par' dir='ltr' id='par_1_65' title="bbox 2162 2232 3735 2305">
     <span class='ocr_line' id='line_1_66' title="bbox 2162 2232 3735 2305; baseline -0.002 -15"><span class='ocrx_word' id='word_1_450' title='bbox 2162 2234 2521 2305; x_wconf 88' lang='lat' dir='ltr'><strong>jugulabatur.</strong></span> <span class='ocrx_word' id='word_1_451' title='bbox 2537 2234 2670 2289; x_wconf 90' lang='lat' dir='ltr'><strong>Tum</strong></span> <span class='ocrx_word' id='word_1_452' title='bbox 2687 2233 2899 2289; x_wconf 90' lang='lat' dir='ltr'><strong>demum</strong></span> <span class='ocrx_word' id='word_1_453' title='bbox 2926 2234 3222 2289; x_wconf 89' lang='lat' dir='ltr'><strong>laboriosus</strong></span> <span class='ocrx_word' id='word_1_454' title='bbox 3241 2232 3387 2288; x_wconf 87' lang='lat' dir='ltr'><strong>tarda</strong></span> <span class='ocrx_word' id='word_1_455' title='bbox 3408 2232 3735 2303; x_wconf 79' lang='lat' dir='ltr'><strong>paenitudine</strong></span> 
     </span>
    </p>
   </div>
   <div class='ocr_carea' id='block_1_66' title="bbox 2170 2324 3734 2397">
    <p class='ocr_par' dir='ltr' id='par_1_66' title="bbox 2170 2324 3734 2397">
     <span class='ocr_line' id='line_1_67' title="bbox 2170 2324 3734 2397; baseline -0.004 -15"><span class='ocrx_word' id='word_1_456' title='bbox 2170 2327 2503 2397; x_wconf 88' lang='lat' dir='ltr'><strong>loquacitatis</strong></span> <span class='ocrx_word' id='word_1_457' title='bbox 2530 2326 2858 2395; x_wconf 89' lang='lat' dir='ltr'><strong>impalluisse</strong></span> <span class='ocrx_word' id='word_1_458' title='bbox 2893 2324 3223 2394; x_wconf 87' lang='lat' dir='ltr'><strong>perhibetur,</strong></span> <span class='ocrx_word' id='word_1_459' title='bbox 3257 2333 3378 2380; x_wconf 78' lang='lat' dir='ltr'><strong>Sero</strong></span> <span class='ocrx_word' id='word_1_460' title='bbox 3407 2338 3734 2394; x_wconf 82' lang='lat' dir='ltr'><strong>cognoscens</strong></span> 
     </span>
    </p>
   </div>
   <div class='ocr_carea' id='block_1_67' title="bbox 2170 2416 3819 2488">
    <p class='ocr_par' dir='ltr' id='par_1_67' title="bbox 2170 2416 3819 2488">
     <span class='ocr_line' id='line_1_68' title="bbox 2170 2416 3819 2488; baseline -0.001 -15"><span class='ocrx_word' id='word_1_461' title='bbox 2170 2433 2327 2488; x_wconf 87' lang='lat' dir='ltr'><strong>posse</strong></span> <span class='ocrx_word' id='word_1_462' title='bbox 2349 2433 2498 2473; x_wconf 92' lang='lat' dir='ltr'><strong>reum</strong></span> <span class='ocrx_word' id='word_1_463' title='bbox 2530 2417 2823 2488; x_wconf 79' lang='lat' dir='ltr'><strong>maiestatis</strong></span> <span class='ocrx_word' id='word_1_464' title='bbox 2847 2419 3173 2487; x_wconf 87' lang='lat' dir='ltr'><strong>pronuntiari</strong></span> <span class='ocrx_word' id='word_1_465' title='bbox 3198 2417 3357 2472; x_wconf 89' lang='lat' dir='ltr'><strong>etiam</strong></span> <span class='ocrx_word' id='word_1_466' title='bbox 3383 2432 3506 2472; x_wconf 93' lang='lat' dir='ltr'><strong>eum</strong></span> <span class='ocrx_word' id='word_1_467' title='bbox 3526 2416 3616 2485; x_wconf 87' lang='lat' dir='ltr'><strong>qui</strong></span> <span class='ocrx_word' id='word_1_468' title='bbox 3635 2431 3735 2471; x_wconf 90' lang='lat' dir='ltr'><strong>non</strong></span> <span class='ocrx_word' id='word_1_469' title='bbox 3816 2440 3819 2441; x_wconf 51' lang='grc' dir='ltr'><em>ν</em></span> 
     </span>
    </p>
   </div>
   <div class='ocr_carea' id='block_1_68' title="bbox 2170 2502 3736 2579">
    <p class='ocr_par' dir='ltr' id='par_1_68' title="bbox 2170 2502 3736 2579">
     <span class='ocr_line' id='line_1_69' title="bbox 2170 2502 3736 2579; baseline -0.003 -14"><span class='ocrx_word' id='word_1_470' title='bbox 2170 2509 2472 2565; x_wconf 75' lang='lat' dir='ltr'><strong>affectasset</strong></span> <span class='ocrx_word' id='word_1_471' title='bbox 2517 2509 2752 2563; x_wconf 83' lang='lat' dir='ltr'><strong>habitum</strong></span> <span class='ocrx_word' id='word_1_472' title='bbox 2802 2502 3230 2579; x_wconf 86' lang='lat' dir='ltr'><strong>purpuratorum.</strong></span> <span class='ocrx_word' id='word_1_473' title='bbox 3269 2508 3558 2564; x_wconf 75' lang='lat' dir='ltr'><strong>(‘onfestim</strong></span> <span class='ocrx_word' id='word_1_474' title='bbox 3586 2508 3736 2575; x_wconf 84' lang='lat' dir='ltr'><strong>privi-</strong></span> 
     </span>
    </p>
   </div>
   <div class='ocr_carea' id='block_1_69' title="bbox 2169 2599 3735 2671">
    <p class='ocr_par' dir='ltr' id='par_1_69' title="bbox 2169 2599 3735 2671">
     <span class='ocr_line' id='line_1_70' title="bbox 2169 2599 3735 2671; baseline -0.002 -17"><span class='ocrx_word' id='word_1_475' title='bbox 2169 2600 2321 2670; x_wconf 84' lang='lat' dir='ltr'><strong>legiis</strong></span> <span class='ocrx_word' id='word_1_476' title='bbox 2352 2601 2580 2671; x_wconf 62' lang='lat' dir='ltr'><strong>gemina:</strong></span> <span class='ocrx_word' id='word_1_477' title='bbox 2601 2599 2963 2669; x_wconf 61' lang='lat' dir='ltr'><strong>praefecturae,</strong></span> <span class='ocrx_word' id='word_1_478' title='bbox 2996 2615 3151 2669; x_wconf 90' lang='lat' dir='ltr'><strong>quam</strong></span> <span class='ocrx_word' id='word_1_479' title='bbox 3184 2614 3278 2667; x_wconf 89' lang='lat' dir='ltr'><strong>per</strong></span> <span class='ocrx_word' id='word_1_480' title='bbox 3316 2599 3735 2669; x_wconf 86' lang='lat' dir='ltr'><strong>quinquennium</strong></span> 
     </span>
    </p>
   </div>
   <div class='ocr_carea' id='block_1_70' title="bbox 2168 2689 3737 2762">
    <p class='ocr_par' dir='ltr' id='par_1_70' title="bbox 2168 2689 3737 2762">
     <span class='ocr_line' id='line_1_71' title="bbox 2168 2689 3737 2762; baseline -0.003 -14"><span class='ocrx_word' id='word_1_481' title='bbox 2168 2692 2408 2762; x_wconf 87' lang='lat' dir='ltr'><strong>repetitis</strong></span> <span class='ocrx_word' id='word_1_482' title='bbox 2451 2691 2682 2747; x_wconf 91' lang='lat' dir='ltr'><strong>fascibus</strong></span> <span class='ocrx_word' id='word_1_483' title='bbox 2726 2701 2977 2760; x_wconf 82' lang='lat' dir='ltr'><strong>rexerat,</strong></span> <span class='ocrx_word' id='word_1_484' title='bbox 3022 2701 3399 2761; x_wconf 79' lang='lat' dir='ltr'><strong>exauguratus,</strong></span> <span class='ocrx_word' id='word_1_485' title='bbox 3429 2698 3484 2745; x_wconf 93' lang='lat' dir='ltr'><strong>et</strong></span> <span class='ocrx_word' id='word_1_486' title='bbox 3522 2689 3737 2760; x_wconf 77' lang='lat' dir='ltr'><strong>plebeia-</strong></span> 
     </span>
    </p>
   </div>
   <div class='ocr_carea' id='block_1_71' title="bbox 2169 2782 3738 2853">
    <p class='ocr_par' dir='ltr' id='par_1_71' title="bbox 2169 2782 3738 2853">
     <span class='ocr_line' id='line_1_72' title="bbox 2169 2782 3738 2853; baseline -0.003 -14"><span class='ocrx_word' id='word_1_487' title='bbox 2169 2784 2383 2840; x_wconf 72' lang='lat' dir='ltr'><strong>familia:</strong></span> <span class='ocrx_word' id='word_1_488' title='bbox 2405 2800 2510 2839; x_wconf 92' lang='lat' dir='ltr'><strong>non</strong></span> <span class='ocrx_word' id='word_1_489' title='bbox 2538 2792 2596 2839; x_wconf 92' lang='lat' dir='ltr'><strong>ut</strong></span> <span class='ocrx_word' id='word_1_490' title='bbox 2636 2783 2869 2853; x_wconf 89' lang='lat' dir='ltr'><strong>additus,</strong></span> <span class='ocrx_word' id='word_1_491' title='bbox 2894 2783 2987 2839; x_wconf 91' lang='lat' dir='ltr'><strong>sed</strong></span> <span class='ocrx_word' id='word_1_492' title='bbox 3018 2792 3074 2838; x_wconf 91' lang='lat' dir='ltr'><strong>ut</strong></span> <span class='ocrx_word' id='word_1_493' title='bbox 3102 2782 3363 2851; x_wconf 89' lang='lat' dir='ltr'><strong>redditus,</strong></span> <span class='ocrx_word' id='word_1_494' title='bbox 3396 2782 3603 2852; x_wconf 91' lang='lat' dir='ltr'><strong>publico</strong></span> <span class='ocrx_word' id='word_1_495' title='bbox 3623 2796 3738 2836; x_wconf 89' lang='lat' dir='ltr'><strong>car-</strong></span> 
     </span>
    </p>
   </div>
   <div class='ocr_carea' id='block_1_72' title="bbox 2167 2873 3734 2945">
    <p class='ocr_par' dir='ltr' id='par_1_72' title="bbox 2167 2873 3734 2945">
     <span class='ocr_line' id='line_1_73' title="bbox 2167 2873 3734 2945; baseline -0.004 -14"><span class='ocrx_word' id='word_1_496' title='bbox 2167 2875 2278 2931; x_wconf 88' lang='lat' dir='ltr'><strong>ceri</strong></span> <span class='ocrx_word' id='word_1_497' title='bbox 2326 2875 2661 2945; x_wconf 87' lang='lat' dir='ltr'><strong>adjudicatus</strong></span> <span class='ocrx_word' id='word_1_498' title='bbox 2702 2886 2803 2930; x_wconf 85' lang='lat' dir='ltr'><strong>est.</strong></span> <span class='ocrx_word' id='word_1_499' title='bbox 2847 2873 2984 2929; x_wconf 88' lang='lat' dir='ltr'><strong>illud</strong></span> <span class='ocrx_word' id='word_1_500' title='bbox 3033 2888 3161 2931; x_wconf 87' lang='lat' dir='ltr'><strong>sane</strong></span> <span class='ocrx_word' id='word_1_501' title='bbox 3190 2873 3734 2936; x_wconf 65' lang='lat' dir='ltr'><strong>aerumnosissimum,</strong></span> 
     </span>
    </p>
   </div>
   <div class='ocr_carea' id='block_1_73' title="bbox 2168 2963 3736 3037">
    <p class='ocr_par' dir='ltr' id='par_1_73' title="bbox 2168 2963 3736 3037">
     <span class='ocr_line' id='line_1_74' title="bbox 2168 2963 3736 3037; baseline -0.004 -14"><span class='ocrx_word' id='word_1_502' title='bbox 2168 2968 2306 3025; x_wconf 88' lang='lat' dir='ltr'><strong>sicut</strong></span> <span class='ocrx_word' id='word_1_503' title='bbox 2330 2982 2618 3025; x_wconf 85' lang='lat' dir='ltr'><strong>narravere</strong></span> <span class='ocrx_word' id='word_1_504' title='bbox 2639 2967 2729 3037; x_wconf 92' lang='lat' dir='ltr'><strong>qui</strong></span> <span class='ocrx_word' id='word_1_505' title='bbox 2745 2965 3017 3032; x_wconf 88' lang='lat' dir='ltr'><strong>viderant,</strong></span> <span class='ocrx_word' id='word_1_506' title='bbox 3041 2966 3183 3037; x_wconf 90' lang='lat' dir='ltr'><strong>quod</strong></span> <span class='ocrx_word' id='word_1_507' title='bbox 3200 2966 3322 3035; x_wconf 88' lang='lat' dir='ltr'><strong>quia</strong></span> <span class='ocrx_word' id='word_1_508' title='bbox 3351 2980 3409 3023; x_wconf 85' lang='lat' dir='ltr'><strong>se</strong></span> <span class='ocrx_word' id='word_1_509' title='bbox 3428 2964 3525 3021; x_wconf 90' lang='lat' dir='ltr'><strong>sub</strong></span> <span class='ocrx_word' id='word_1_510' title='bbox 3552 2963 3736 3018; x_wconf 88' lang='lat' dir='ltr'><strong>atratis</strong></span> 
     </span>
    </p>
   </div>
   <div class='ocr_carea' id='block_1_74' title="bbox 2170 3064 3739 3136">
    <p class='ocr_par' dir='ltr' id='par_1_74' title="bbox 2170 3064 3739 3136">
     <span class='ocr_line' id='line_1_75' title="bbox 2170 3064 3739 3136; baseline -0.003 -11"><span class='ocrx_word' id='word_1_511' title='bbox 2170 3069 2570 3126; x_wconf 84' lang='lat' dir='ltr'><strong>accusatoribus</strong></span> <span class='ocrx_word' id='word_1_512' title='bbox 2610 3074 2927 3124; x_wconf 80' lang='lat' dir='ltr'><strong>exornatum</strong></span> <span class='ocrx_word' id='word_1_513' title='bbox 2978 3066 3087 3136; x_wconf 91' lang='lat' dir='ltr'><strong>ille,</strong></span> <span class='ocrx_word' id='word_1_514' title='bbox 3123 3066 3451 3135; x_wconf 85' lang='lat' dir='ltr'><strong>politumque</strong></span> <span class='ocrx_word' id='word_1_515' title='bbox 3472 3064 3739 3134; x_wconf 78' lang='lat' dir='ltr'><strong>iudicibus</strong></span> 
     </span>
    </p>
   </div>
   <div class='ocr_carea' id='block_1_75' title="bbox 2171 3164 3733 3241">
    <p class='ocr_par' dir='ltr' id='par_1_75' title="bbox 2171 3164 3733 3241">
     <span class='ocr_line' id='line_1_76' title="bbox 2171 3164 3733 3241; baseline -0.006 -14"><span class='ocrx_word' id='word_1_516' title='bbox 2171 3171 2446 3239; x_wconf 86' lang='lat' dir='ltr'><strong>intulerat,</strong></span> <span class='ocrx_word' id='word_1_517' title='bbox 2477 3169 2634 3241; x_wconf 90' lang='lat' dir='ltr'><strong>paulo</strong></span> <span class='ocrx_word' id='word_1_518' title='bbox 2662 3177 2781 3239; x_wconf 93' lang='lat' dir='ltr'><strong>post</strong></span> <span class='ocrx_word' id='word_1_519' title='bbox 2808 3183 2927 3223; x_wconf 89' lang='lat' dir='ltr'><strong>cum</strong></span> <span class='ocrx_word' id='word_1_520' title='bbox 2954 3166 3243 3225; x_wconf 89' lang='lat' dir='ltr'><strong>duceretur</strong></span> <span class='ocrx_word' id='word_1_521' title='bbox 3265 3165 3529 3235; x_wconf 86' lang='lat' dir='ltr'><strong>addictus,</strong></span> <span class='ocrx_word' id='word_1_522' title='bbox 3552 3164 3733 3236; x_wconf 89' lang='lat' dir='ltr'><strong>miser,</strong></span> 
     </span>
    </p>
   </div>
   <div class='ocr_carea' id='block_1_76' title="bbox 2169 3270 3737 3339">
    <p class='ocr_par' dir='ltr' id='par_1_76' title="bbox 2169 3270 3737 3339">
     <span class='ocr_line' id='line_1_77' title="bbox 2169 3270 3737 3339; baseline -0.004 -8"><span class='ocrx_word' id='word_1_523' title='bbox 2169 3289 2271 3331; x_wconf 89' lang='lat' dir='ltr'><strong>nec</strong></span> <span class='ocrx_word' id='word_1_524' title='bbox 2294 3272 2613 3328; x_wconf 87' lang='lat' dir='ltr'><strong>miserabilis</strong></span> <span class='ocrx_word' id='word_1_525' title='bbox 2635 3282 2772 3328; x_wconf 87' lang='lat' dir='ltr'><strong>erat.</strong></span> <span class='ocrx_word' id='word_1_526' title='bbox 2788 3271 2917 3336; x_wconf 86' lang='lat' dir='ltr'><strong>Quis</strong></span> <span class='ocrx_word' id='word_1_527' title='bbox 2932 3270 3076 3327; x_wconf 86' lang='lat' dir='ltr'><strong>enim</strong></span> <span class='ocrx_word' id='word_1_528' title='bbox 3098 3284 3259 3338; x_wconf 85' lang='lat' dir='ltr'><strong>super</strong></span> <span class='ocrx_word' id='word_1_529' title='bbox 3278 3278 3421 3327; x_wconf 88' lang='lat' dir='ltr'><strong>statu</strong></span> <span class='ocrx_word' id='word_1_530' title='bbox 3441 3270 3558 3339; x_wconf 83' lang='lat' dir='ltr'><strong>ejus</strong></span> <span class='ocrx_word' id='word_1_531' title='bbox 3580 3270 3737 3325; x_wconf 89' lang='lat' dir='ltr'><strong>nimis</strong></span> 
     </span>
    </p>
   </div>
   <div class='ocr_carea' id='block_1_77' title="bbox 2170 3368 3736 3441">
    <p class='ocr_par' dir='ltr' id='par_1_77' title="bbox 2170 3368 3736 3441">
     <span class='ocr_line' id='line_1_78' title="bbox 2170 3368 3736 3441; baseline -0.003 -12"><span class='ocrx_word' id='word_1_532' title='bbox 2170 3374 2553 3437; x_wconf 79' lang='lat' dir='ltr'><strong>inﬂecteretur,</strong></span> <span class='ocrx_word' id='word_1_533' title='bbox 2584 3386 2740 3441; x_wconf 88' lang='lat' dir='ltr'><strong>quem</strong></span> <span class='ocrx_word' id='word_1_534' title='bbox 2771 3368 2977 3427; x_wconf 86' lang='lat' dir='ltr'><strong>videret</strong></span> <span class='ocrx_word' id='word_1_535' title='bbox 3004 3378 3307 3424; x_wconf 89' lang='lat' dir='ltr'><strong>accuratum</strong></span> <span class='ocrx_word' id='word_1_536' title='bbox 3338 3369 3736 3439; x_wconf 87' lang='lat' dir='ltr'><strong>delibutumque</strong></span> 
     </span>
    </p>
   </div>
   <div class='ocr_carea' id='block_1_78' title="bbox 2170 3468 3816 3541">
    <p class='ocr_par' dir='ltr' id='par_1_78' title="bbox 2170 3468 3816 3541">
     <span class='ocr_line' id='line_1_79' title="bbox 2170 3468 3816 3541; baseline -0.003 -11"><span class='ocrx_word' id='word_1_537' title='bbox 2170 3473 2404 3530; x_wconf 86' lang='lat' dir='ltr'><strong>latomiis</strong></span> <span class='ocrx_word' id='word_1_538' title='bbox 2430 3480 2520 3527; x_wconf 93' lang='lat' dir='ltr'><strong>aut</strong></span> <span class='ocrx_word' id='word_1_539' title='bbox 2546 3470 2815 3540; x_wconf 88' lang='lat' dir='ltr'><strong>ergastulo</strong></span> <span class='ocrx_word' id='word_1_540' title='bbox 2842 3468 3065 3526; x_wconf 73' lang='lat' dir='ltr'><strong>inferri?</strong></span> <span class='ocrx_word' id='word_1_541' title='bbox 3095 3470 3201 3533; x_wconf 89' lang='lat' dir='ltr'><strong>Sed</strong></span> <span class='ocrx_word' id='word_1_542' title='bbox 3230 3469 3507 3540; x_wconf 88' lang='lat' dir='ltr'><strong>etjudicio</strong></span> <span class='ocrx_word' id='word_1_543' title='bbox 3538 3470 3622 3525; x_wconf 80' lang='lat' dir='ltr'><strong>vix</strong></span> <span class='ocrx_word' id='word_1_544' title='bbox 3643 3484 3735 3541; x_wconf 92' lang='lat' dir='ltr'><strong>per</strong></span> <span class='ocrx_word' id='word_1_545' title='bbox 3808 3496 3816 3503; x_wconf 69' lang='grc' dir='ltr'><strong><em>ο</em></strong></span> 
     </span>
    </p>
   </div>
   <div class='ocr_carea' id='block_1_79' title="bbox 2169 3569 3737 3640">
    <p class='ocr_par' dir='ltr' id='par_1_79' title="bbox 2169 3569 3737 3640">
     <span class='ocr_line' id='line_1_80' title="bbox 2169 3569 3737 3640; baseline -0.003 -12"><span class='ocrx_word' id='word_1_546' title='bbox 2169 3572 2556 3630; x_wconf 85' lang='lat' dir='ltr'><strong>hebdomadem</strong></span> <span class='ocrx_word' id='word_1_547' title='bbox 2588 3570 2851 3640; x_wconf 89' lang='lat' dir='ltr'><strong>duplicem</strong></span> <span class='ocrx_word' id='word_1_548' title='bbox 2880 3569 3376 3637; x_wconf 87' lang='lat' dir='ltr'><strong>comperendinato,</strong></span> <span class='ocrx_word' id='word_1_549' title='bbox 3400 3571 3573 3639; x_wconf 89' lang='lat' dir='ltr'><strong>capite</strong></span> <span class='ocrx_word' id='word_1_550' title='bbox 3600 3569 3737 3625; x_wconf 89' lang='lat' dir='ltr'><strong>mul-</strong></span> 
     </span>
    </p>
   </div>
   <div class='ocr_carea' id='block_1_80' title="bbox 2169 3669 3735 3751">
    <p class='ocr_par' dir='ltr' id='par_1_80' title="bbox 2169 3669 3735 3751">
     <span class='ocr_line' id='line_1_81' title="bbox 2169 3669 3735 3751; baseline -0.002 -21"><span class='ocrx_word' id='word_1_551' title='bbox 2169 3682 2332 3740; x_wconf 89' lang='lat' dir='ltr'><strong>tatus,</strong></span> <span class='ocrx_word' id='word_1_552' title='bbox 2355 3674 2412 3729; x_wconf 94' lang='lat' dir='ltr'><strong>in</strong></span> <span class='ocrx_word' id='word_1_553' title='bbox 2437 3674 2711 3744; x_wconf 52' lang='lat' dir='ltr'><strong>ainsulam</strong></span> <span class='ocrx_word' id='word_1_554' title='bbox 2734 3671 3007 3747; x_wconf 85' lang='lat' dir='ltr'><strong>conjectus</strong></span> <span class='ocrx_word' id='word_1_555' title='bbox 3029 3680 3113 3731; x_wconf 88' lang='lat' dir='ltr'><strong>est</strong></span> <span class='ocrx_word' id='word_1_556' title='bbox 3136 3669 3400 3751; x_wconf 76' lang='lat' dir='ltr'><strong>serpentis</strong></span> <span class='ocrx_word' id='word_1_557' title='bbox 3424 3671 3693 3742; x_wconf 79' lang='lat' dir='ltr'><strong>Epidaurii</strong></span> <span class='ocrx_word' id='word_1_558' title='bbox 3718 3689 3735 3727; x_wconf 87' lang='lat'><strong>:</strong></span> 
     </span>
    </p>
   </div>
   <div class='ocr_carea' id='block_1_81' title="bbox 2173 3771 3738 3844">
    <p class='ocr_par' dir='ltr' id='par_1_81' title="bbox 2173 3771 3738 3844">
     <span class='ocr_line' id='line_1_82' title="bbox 2173 3771 3738 3844; baseline 0 -14"><span class='ocrx_word' id='word_1_559' title='bbox 2173 3775 2262 3830; x_wconf 90' lang='lat' dir='ltr'><strong>ubi</strong></span> <span class='ocrx_word' id='word_1_560' title='bbox 2294 3788 2463 3844; x_wconf 91' lang='lat' dir='ltr'><strong>usque</strong></span> <span class='ocrx_word' id='word_1_561' title='bbox 2488 3774 2553 3828; x_wconf 88' lang='lat' dir='ltr'><strong>ad</strong></span> <span class='ocrx_word' id='word_1_562' title='bbox 2586 3772 2921 3828; x_wconf 88' lang='lat' dir='ltr'><strong>inimicorum</strong></span> <span class='ocrx_word' id='word_1_563' title='bbox 2942 3771 3183 3827; x_wconf 89' lang='lat' dir='ltr'><strong>dolorem</strong></span> <span class='ocrx_word' id='word_1_564' title='bbox 3210 3772 3611 3839; x_wconf 88' lang='lat' dir='ltr'><strong>devenustatus,</strong></span> <span class='ocrx_word' id='word_1_565' title='bbox 3634 3782 3687 3829; x_wconf 91' lang='lat' dir='ltr'><strong>et</strong></span> <span class='ocrx_word' id='word_1_566' title='bbox 3707 3787 3738 3830; x_wconf 84' lang='lat' dir='ltr'><strong>a</strong></span> 
     </span>
    </p>
   </div>
   <div class='ocr_carea' id='block_1_82' title="bbox 2174 3874 3736 3935">
    <p class='ocr_par' dir='ltr' id='par_1_82' title="bbox 2174 3874 3736 3935">
     <span class='ocr_line' id='line_1_83' title="bbox 2174 3874 3736 3935; baseline -0.003 -1"><span class='ocrx_word' id='word_1_567' title='bbox 2174 3878 2334 3935; x_wconf 90' lang='lat' dir='ltr'><strong>rebus</strong></span> <span class='ocrx_word' id='word_1_568' title='bbox 2361 3877 2607 3934; x_wconf 88' lang='lat' dir='ltr'><strong>humanis</strong></span> <span class='ocrx_word' id='word_1_569' title='bbox 2636 3877 2799 3935; x_wconf 90' lang='lat' dir='ltr'><strong>veluti</strong></span> <span class='ocrx_word' id='word_1_570' title='bbox 2826 3877 3029 3933; x_wconf 90' lang='lat' dir='ltr'><strong>vomitu</strong></span> <span class='ocrx_word' id='word_1_571' title='bbox 3055 3874 3280 3931; x_wconf 71' lang='lat' dir='ltr'><strong>fortunre</strong></span> <span class='ocrx_word' id='word_1_572' title='bbox 3310 3874 3614 3929; x_wconf 91' lang='lat' dir='ltr'><strong>nauseantis</strong></span> <span class='ocrx_word' id='word_1_573' title='bbox 3641 3889 3736 3929; x_wconf 78' lang='lat' dir='ltr'><strong>ex-</strong></span> 
     </span>
    </p>
   </div>
   <div class='ocr_carea' id='block_1_83' title="bbox 2176 3974 3737 4049">
    <p class='ocr_par' dir='ltr' id='par_1_83' title="bbox 2176 3974 3737 4049">
     <span class='ocr_line' id='line_1_84' title="bbox 2176 3974 3737 4049; baseline 0 -15"><span class='ocrx_word' id='word_1_574' title='bbox 2176 3988 2382 4049; x_wconf 85' lang='lat' dir='ltr'><strong>sputus,</strong></span> <span class='ocrx_word' id='word_1_575' title='bbox 2415 3994 2557 4034; x_wconf 94' lang='lat' dir='ltr'><strong>nunc</strong></span> <span class='ocrx_word' id='word_1_576' title='bbox 2577 3974 2604 4014; x_wconf 73' lang='grc' dir='ltr'>ἀ</span> <span class='ocrx_word' id='word_1_577' title='bbox 2632 3992 2699 4033; x_wconf 80' lang='lat' dir='ltr'><strong>ex</strong></span> <span class='ocrx_word' id='word_1_578' title='bbox 2725 3987 2907 4032; x_wconf 89' lang='lat' dir='ltr'><strong>vetere</strong></span> <span class='ocrx_word' id='word_1_579' title='bbox 2955 3974 3414 4031; x_wconf 88' lang='lat' dir='ltr'><strong>senatusconsulto</strong></span> <span class='ocrx_word' id='word_1_580' title='bbox 3453 3974 3737 4034; x_wconf 85' lang='lat' dir='ltr'><strong>Tiberiano</strong></span> 
     </span>
    </p>
   </div>
   <div class='ocr_carea' id='block_1_84' title="bbox 2171 4104 3737 4179">
    <p class='ocr_par' dir='ltr' id='par_1_84' title="bbox 2171 4104 3737 4179">
     <span class='ocr_line' id='line_1_85' title="bbox 2171 4104 3737 4179; baseline -0.003 -15"><span class='ocrx_word' id='word_1_581' title='bbox 2171 4109 2305 4179; x_wconf 89' lang='lat' dir='ltr'><strong>dens</strong></span> <span class='ocrx_word' id='word_1_582' title='bbox 2351 4108 2705 4179; x_wconf 81' lang='lat' dir='ltr'><strong>Hieronymus</strong></span> <span class='ocrx_word' id='word_1_583' title='bbox 2750 4106 3379 4179; x_wconf 75' lang='lat' dir='ltr'><strong>adversusVigilantium</strong></span> <span class='ocrx_word' id='word_1_584' title='bbox 3404 4146 3418 4170; x_wconf 91' lang='lat'><strong>,</strong></span> <span class='ocrx_word' id='word_1_585' title='bbox 3453 4104 3737 4179; x_wconf 69' lang='lat' dir='ltr'><strong>Senatorio:</strong></span> 
     </span>
    </p>
   </div>
   <div class='ocr_carea' id='block_1_85' title="bbox 2169 4175 3736 4248">
    <p class='ocr_par' dir='ltr' id='par_1_85' title="bbox 2169 4175 3736 4248">
     <span class='ocr_line' id='line_1_86' title="bbox 2169 4175 3736 4248; baseline -0.004 -16"><span class='ocrx_word' id='word_1_586' title='bbox 2169 4178 2397 4232; x_wconf 78' lang='lat' dir='ltr'><strong>videlicet</strong></span> <span class='ocrx_word' id='word_1_587' title='bbox 2426 4175 2691 4248; x_wconf 29' lang='lat' dir='ltr'><strong>dignitatis,</strong></span> <span class='ocrx_word' id='word_1_588' title='bbox 2714 4188 2850 4241; x_wconf 65' lang='lat' dir='ltr'><strong>sunt,</strong></span> <span class='ocrx_word' id='word_1_589' title='bbox 2882 4175 3267 4248; x_wconf 49' lang='lat' dir='ltr'><strong>inquinatum:</strong></span> <span class='ocrx_word' id='word_1_590' title='bbox 3298 4177 3429 4239; x_wconf 79' lang='lat' dir='ltr'><strong>inter</strong></span> <span class='ocrx_word' id='word_1_591' title='bbox 3456 4175 3736 4248; x_wconf 71' lang='lat' dir='ltr'><strong>homicidas</strong></span> 
     </span>
    </p>
   </div>
   <div class='ocr_carea' id='block_1_86' title="bbox 2170 4245 3733 4314">
    <p class='ocr_par' dir='ltr' id='par_1_86' title="bbox 2170 4245 3733 4314">
     <span class='ocr_line' id='line_1_87' title="bbox 2170 4245 3733 4314; baseline 0 -14"><span class='ocrx_word' id='word_1_592' title='bbox 2170 4250 2424 4302; x_wconf 81' lang='lat' dir='ltr'><strong>teterrima</strong></span> <span class='ocrx_word' id='word_1_593' title='bbox 2453 4245 2671 4311; x_wconf 64' lang='lat' dir='ltr'><strong>carcere,</strong></span> <span class='ocrx_word' id='word_1_594' title='bbox 2700 4249 2786 4302; x_wconf 84' lang='lat' dir='ltr'><strong>sed</strong></span> <span class='ocrx_word' id='word_1_595' title='bbox 2815 4250 2866 4301; x_wconf 87' lang='lat' dir='ltr'><strong>in</strong></span> <span class='ocrx_word' id='word_1_596' title='bbox 2896 4246 3053 4299; x_wconf 85' lang='lat' dir='ltr'><strong>libera</strong></span> <span class='ocrx_word' id='word_1_597' title='bbox 3074 4247 3377 4314; x_wconf 74' lang='lat' dir='ltr'><strong>honesteque</strong></span> <span class='ocrx_word' id='word_1_598' title='bbox 3406 4245 3654 4309; x_wconf 81' lang='lat' dir='ltr'><strong>custodia,</strong></span> <span class='ocrx_word' id='word_1_599' title='bbox 3681 4247 3733 4300; x_wconf 82' lang='lat' dir='ltr'><strong>in</strong></span> 
     </span>
    </p>
   </div>
   <div class='ocr_carea' id='block_1_87' title="bbox 2171 4315 3745 4385">
    <p class='ocr_par' dir='ltr' id='par_1_87' title="bbox 2171 4315 3745 4385">
     <span class='ocr_line' id='line_1_88' title="bbox 2171 4315 3745 4385; baseline -0.001 -16"><span class='ocrx_word' id='word_1_600' title='bbox 2171 4316 2580 4377; x_wconf 80' lang='lat' dir='ltr'><strong>Fortunatorum</strong></span> <span class='ocrx_word' id='word_1_601' title='bbox 2600 4319 2801 4383; x_wconf 72' lang='lat' dir='ltr'><strong>insulis,</strong></span> <span class='ocrx_word' id='word_1_602' title='bbox 2818 4327 2864 4373; x_wconf 83' lang='lat' dir='ltr'><strong>et</strong></span> <span class='ocrx_word' id='word_1_603' title='bbox 2886 4319 2939 4372; x_wconf 83' lang='lat' dir='ltr'><strong>in</strong></span> <span class='ocrx_word' id='word_1_604' title='bbox 2956 4316 3161 4384; x_wconf 78' lang='lat' dir='ltr'><strong>Campis</strong></span> <span class='ocrx_word' id='word_1_605' title='bbox 3186 4315 3371 4385; x_wconf 81' lang='lat' dir='ltr'><strong>Elysiis</strong></span> <span class='ocrx_word' id='word_1_606' title='bbox 3388 4315 3745 4371; x_wconf 66' lang='lat' dir='ltr'><strong>recludantur;</strong></span> 
     </span>
    </p>
   </div>
   <div class='ocr_carea' id='block_1_88' title="bbox 2170 4386 3732 4458">
    <p class='ocr_par' dir='ltr' id='par_1_88' title="bbox 2170 4386 3732 4458">
     <span class='ocr_line' id='line_1_89' title="bbox 2170 4386 3732 4458; baseline -0.001 -17"><span class='ocrx_word' id='word_1_607' title='bbox 2170 4387 2297 4458; x_wconf 71' lang='lat' dir='ltr'><strong>Post</strong></span> <span class='ocrx_word' id='word_1_608' title='bbox 2322 4388 2436 4443; x_wconf 67' lang='lat' dir='ltr'><strong>haec</strong></span> <span class='ocrx_word' id='word_1_609' title='bbox 2474 4399 2749 4449; x_wconf 75' lang='lat' dir='ltr'><strong>comperto</strong></span> <span class='ocrx_word' id='word_1_610' title='bbox 2783 4389 2890 4458; x_wconf 87' lang='lat' dir='ltr'><strong>jam</strong></span> <span class='ocrx_word' id='word_1_611' title='bbox 2919 4387 3141 4458; x_wconf 86' lang='lat' dir='ltr'><strong>crimine</strong></span> <span class='ocrx_word' id='word_1_612' title='bbox 3172 4386 3618 4458; x_wconf 76' lang='lat' dir='ltr'><strong>publicocarceri</strong></span> <span class='ocrx_word' id='word_1_613' title='bbox 3642 4386 3732 4440; x_wconf 82' lang='lat' dir='ltr'><strong>ad-</strong></span> 
     </span>
    </p>
   </div>
   <div class='ocr_carea' id='block_1_89' title="bbox 2169 4455 3738 4525">
    <p class='ocr_par' dir='ltr' id='par_1_89' title="bbox 2169 4455 3738 4525">
     <span class='ocr_line' id='line_1_90' title="bbox 2169 4455 3738 4525; baseline -0.003 -14"><span class='ocrx_word' id='word_1_614' title='bbox 2169 4457 2382 4513; x_wconf 89' lang='lat' dir='ltr'><strong>dicitur.</strong></span> <span class='ocrx_word' id='word_1_615' title='bbox 2421 4459 2708 4513; x_wconf 84' lang='lat' dir='ltr'><strong>Venuleius</strong></span> <span class='ocrx_word' id='word_1_616' title='bbox 2733 4455 2796 4513; x_wconf 73' lang='lat' dir='ltr'><strong>d.</strong></span> <span class='ocrx_word' id='word_1_617' title='bbox 2819 4458 2961 4521; x_wconf 91' lang='lat' dir='ltr'><strong>cod.,</strong></span> <span class='ocrx_word' id='word_1_618' title='bbox 3004 4459 3037 4512; x_wconf 92' lang='grc' dir='ltr'><strong>Ι.</strong></span> <span class='ocrx_word' id='word_1_619' title='bbox 3070 4457 3140 4510; x_wconf 82' lang='grc'><strong>5;</strong></span> <span class='ocrx_word' id='word_1_620' title='bbox 3176 4456 3237 4509; x_wconf 84' lang='lat' dir='ltr'><strong>Si</strong></span> <span class='ocrx_word' id='word_1_621' title='bbox 3284 4455 3544 4525; x_wconf 72' lang='lat' dir='ltr'><strong>confessus</strong></span> <span class='ocrx_word' id='word_1_622' title='bbox 3583 4456 3738 4524; x_wconf 73' lang='lat' dir='ltr'><strong>fuerit</strong></span> 
     </span>
    </p>
   </div>
   <div class='ocr_carea' id='block_1_90' title="bbox 491 4522 3737 4598">
    <p class='ocr_par' dir='ltr' id='par_1_90' title="bbox 491 4522 3737 4598">
     <span class='ocr_line' id='line_1_91' title="bbox 491 4522 3737 4598; baseline -0.001 -17"><span class='ocrx_word' id='word_1_623' title='bbox 491 4526 705 4598; x_wconf 83' lang='lat' dir='ltr'><strong>aggredi</strong></span> <span class='ocrx_word' id='word_1_624' title='bbox 729 4522 945 4598; x_wconf 74' lang='lat' dir='ltr'><strong>liceret,</strong></span> <span class='ocrx_word' id='word_1_625' title='bbox 966 4523 1257 4598; x_wconf 78' lang='lat' dir='ltr'><strong>majestatis</strong></span> <span class='ocrx_word' id='word_1_626' title='bbox 1284 4522 1354 4576; x_wconf 90' lang='lat' dir='ltr'><strong>ob</strong></span> <span class='ocrx_word' id='word_1_627' title='bbox 1377 4524 1584 4598; x_wconf 83' lang='lat' dir='ltr'><strong>litteras</strong></span> <span class='ocrx_word' id='word_1_628' title='bbox 1602 4526 1668 4598; x_wconf 78' lang='lat' dir='ltr'><strong>ad</strong></span> <span class='ocrx_word' id='word_1_629' title='bbox 1695 4524 1943 4598; x_wconf 81' lang='lat' dir='ltr'><strong>Euricum</strong></span> <span class='ocrx_word' id='word_1_630' title='bbox 1967 4528 2061 4581; x_wconf 91' lang='lat' dir='ltr'><strong>da-</strong></span> <span class='ocrx_word' id='word_1_631' title='bbox 2086 4522 2141 4583; x_wconf 88' lang='lat' dir='ltr'><strong>D</strong></span> <span class='ocrx_word' id='word_1_632' title='bbox 2165 4544 2300 4598; x_wconf 73' lang='lat' dir='ltr'><strong>reus,</strong></span> <span class='ocrx_word' id='word_1_633' title='bbox 2327 4530 2485 4582; x_wconf 83' lang='lat' dir='ltr'><strong>donec</strong></span> <span class='ocrx_word' id='word_1_634' title='bbox 2514 4530 2576 4582; x_wconf 84' lang='lat' dir='ltr'><strong>de</strong></span> <span class='ocrx_word' id='word_1_635' title='bbox 2597 4545 2656 4581; x_wconf 86' lang='lat' dir='ltr'><strong>eo</strong></span> <span class='ocrx_word' id='word_1_636' title='bbox 2687 4529 3040 4598; x_wconf 78' lang='lat' dir='ltr'><strong>pronuntietur</strong></span> <span class='ocrx_word' id='word_1_637' title='bbox 3069 4528 3121 4581; x_wconf 85' lang='lat' dir='ltr'><strong>in</strong></span> <span class='ocrx_word' id='word_1_638' title='bbox 3151 4526 3353 4580; x_wconf 84' lang='lat' dir='ltr'><strong>vincula</strong></span> <span class='ocrx_word' id='word_1_639' title='bbox 3382 4522 3737 4598; x_wconf 28' lang='lat' dir='ltr'><strong>‘pubiicacon-</strong></span> 
     </span>
    </p>
   </div>
   <div class='ocr_carea' id='block_1_91' title="bbox 492 4593 2061 4663">
    <p class='ocr_par' dir='ltr' id='par_1_91' title="bbox 492 4593 2061 4663">
     <span class='ocr_line' id='line_1_92' title="bbox 492 4593 2061 4663; baseline 0.001 -12"><span class='ocrx_word' id='word_1_640' title='bbox 492 4593 591 4660; x_wconf 77' lang='lat' dir='ltr'><strong>tas,</strong></span> <span class='ocrx_word' id='word_1_641' title='bbox 616 4604 672 4650; x_wconf 94' lang='lat' dir='ltr'><strong>et</strong></span> <span class='ocrx_word' id='word_1_642' title='bbox 691 4594 1101 4663; x_wconf 81' lang='lat' dir='ltr'><strong>repetundarum</strong></span> <span class='ocrx_word' id='word_1_643' title='bbox 1124 4593 1195 4647; x_wconf 91' lang='lat' dir='ltr'><strong>ob</strong></span> <span class='ocrx_word' id='word_1_644' title='bbox 1215 4602 1371 4648; x_wconf 86' lang='lat' dir='ltr'><strong>notas</strong></span> <span class='ocrx_word' id='word_1_645' title='bbox 1393 4602 1513 4661; x_wconf 87' lang='lat' dir='ltr'><strong>post</strong></span> <span class='ocrx_word' id='word_1_646' title='bbox 1534 4594 1702 4648; x_wconf 84' lang='lat' dir='ltr'><strong>rioris</strong></span> <span class='ocrx_word' id='word_1_647' title='bbox 1734 4595 2061 4661; x_wconf 67' lang='lat' dir='ltr'><strong>praefecturae</strong></span> 
     </span>
    </p>
   </div>
   <div class='ocr_carea' id='block_1_92' title="bbox 491 4664 2058 4736">
    <p class='ocr_par' dir='ltr' id='par_1_92' title="bbox 491 4664 2058 4736">
     <span class='ocr_line' id='line_1_93' title="bbox 491 4664 2058 4736; baseline 0 -15"><span class='ocrx_word' id='word_1_648' title='bbox 491 4667 860 4736; x_wconf 84' lang='lat' dir='ltr'><strong>populationes</strong></span> <span class='ocrx_word' id='word_1_649' title='bbox 884 4680 899 4728; x_wconf 89' lang='lat'><strong>;</strong></span> <span class='ocrx_word' id='word_1_650' title='bbox 928 4664 1095 4717; x_wconf 84' lang='lat' dir='ltr'><strong>solam</strong></span> <span class='ocrx_word' id='word_1_651' title='bbox 1120 4664 1257 4736; x_wconf 86' lang='lat' dir='ltr'><strong>banc</strong></span> <span class='ocrx_word' id='word_1_652' title='bbox 1286 4678 1394 4731; x_wconf 66' lang='lat' dir='ltr'><strong>prie</strong></span> <span class='ocrx_word' id='word_1_653' title='bbox 1422 4680 1481 4736; x_wconf 86' lang='lat' dir='ltr'><strong>se</strong></span> <span class='ocrx_word' id='word_1_654' title='bbox 1503 4664 1763 4731; x_wconf 88' lang='lat' dir='ltr'><strong>ferebant,</strong></span> <span class='ocrx_word' id='word_1_655' title='bbox 1796 4666 1863 4721; x_wconf 90' lang='lat' dir='ltr'><strong>de</strong></span> <span class='ocrx_word' id='word_1_656' title='bbox 1894 4667 2058 4734; x_wconf 86' lang='lat' dir='ltr'><strong>maje-</strong></span> 
     </span>
    </p>
   </div>
   <div class='ocr_carea' id='block_1_93' title="bbox 490 4734 2057 4805">
    <p class='ocr_par' dir='ltr' id='par_1_93' title="bbox 490 4734 2057 4805">
     <span class='ocr_line' id='line_1_94' title="bbox 490 4734 2057 4805; baseline 0.001 -13"><span class='ocrx_word' id='word_1_657' title='bbox 490 4734 627 4792; x_wconf 82' lang='lat' dir='ltr'><strong>state</strong></span> <span class='ocrx_word' id='word_1_658' title='bbox 675 4736 850 4790; x_wconf 79' lang='lat' dir='ltr'><strong>studio</strong></span> <span class='ocrx_word' id='word_1_659' title='bbox 896 4734 1324 4798; x_wconf 88' lang='lat' dir='ltr'><strong>dissimulabant,</strong></span> <span class='ocrx_word' id='word_1_660' title='bbox 1372 4744 1430 4788; x_wconf 92' lang='lat' dir='ltr'><strong>ut</strong></span> <span class='ocrx_word' id='word_1_661' title='bbox 1472 4734 1743 4791; x_wconf 89' lang='lat' dir='ltr'><strong>incautum</strong></span> <span class='ocrx_word' id='word_1_662' title='bbox 1776 4736 1830 4790; x_wconf 89' lang='lat' dir='ltr'><strong>in</strong></span> <span class='ocrx_word' id='word_1_663' title='bbox 1858 4735 2057 4805; x_wconf 88' lang='lat' dir='ltr'><strong>judicio</strong></span> 
     </span>
    </p>
   </div>
   <div class='ocr_carea' id='block_1_94' title="bbox 488 4806 1322 4875">
    <p class='ocr_par' dir='ltr' id='par_1_94' title="bbox 488 4806 1322 4875">
     <span class='ocr_line' id='line_1_95' title="bbox 488 4806 1322 4875; baseline -0.008 -12"><span class='ocrx_word' id='word_1_664' title='bbox 488 4811 913 4875; x_wconf 82' lang='lat' dir='ltr'><strong>imparatnmque</strong></span> <span class='ocrx_word' id='word_1_665' title='bbox 937 4806 1322 4875; x_wconf 88' lang='lat' dir='ltr'><strong>opprimerent.</strong></span> 
     </span>
    </p>
   </div>
   <div class='ocr_carea' id='block_1_95' title="bbox 556 4874 2054 4946">
    <p class='ocr_par' dir='ltr' id='par_1_95' title="bbox 556 4874 2054 4946">
     <span class='ocr_line' id='line_1_96' title="bbox 556 4874 2054 4946; baseline 0.004 -20"><span class='ocrx_word' id='word_1_666' title='bbox 556 4874 584 4915; x_wconf 66' lang='grc' dir='ltr'><strong>Β</strong></span> <span class='ocrx_word' id='word_1_667' title='bbox 606 4875 832 4943; x_wconf 83' lang='lat' dir='ltr'><strong>Quidam</strong></span> <span class='ocrx_word' id='word_1_668' title='bbox 856 4876 1137 4943; x_wconf 83' lang='lat' dir='ltr'><strong>legendum</strong></span> <span class='ocrx_word' id='word_1_669' title='bbox 1156 4874 1447 4944; x_wconf 81' lang='lat' dir='ltr'><strong>conjiciunt</strong></span> <span class='ocrx_word' id='word_1_670' title='bbox 1464 4890 1496 4927; x_wconf 90' lang='lat' dir='ltr'><strong>a</strong></span> <span class='ocrx_word' id='word_1_671' title='bbox 1513 4876 1734 4946; x_wconf 72' lang='lat' dir='ltr'><strong>quinque</strong></span> <span class='ocrx_word' id='word_1_672' title='bbox 1758 4876 1878 4931; x_wconf 85' lang='lat' dir='ltr'><strong>viris</strong></span> <span class='ocrx_word' id='word_1_673' title='bbox 1893 4892 1914 4932; x_wconf 89' lang='lat'><strong>:</strong></span> <span class='ocrx_word' id='word_1_674' title='bbox 1930 4879 2054 4946; x_wconf 90' lang='lat' dir='ltr'><strong>quia</strong></span> 
     </span>
    </p>
   </div>
   <div class='ocr_carea' id='block_1_96' title="bbox 486 4944 2054 5015">
    <p class='ocr_par' dir='ltr' id='par_1_96' title="bbox 486 4944 2054 5015">
     <span class='ocr_line' id='line_1_97' title="bbox 486 4944 2054 5015; baseline 0 -12"><span class='ocrx_word' id='word_1_675' title='bbox 486 4947 696 5003; x_wconf 88' lang='lat' dir='ltr'><strong>scilicet</strong></span> <span class='ocrx_word' id='word_1_676' title='bbox 723 4948 790 5001; x_wconf 88' lang='lat' dir='ltr'><strong>de</strong></span> <span class='ocrx_word' id='word_1_677' title='bbox 814 4955 987 5013; x_wconf 77' lang='lat' dir='ltr'><strong>capite</strong></span> <span class='ocrx_word' id='word_1_678' title='bbox 1010 4954 1274 4999; x_wconf 81' lang='lat' dir='ltr'><strong>senatoris</strong></span> <span class='ocrx_word' id='word_1_679' title='bbox 1303 4959 1425 5000; x_wconf 90' lang='lat' dir='ltr'><strong>cum</strong></span> <span class='ocrx_word' id='word_1_680' title='bbox 1455 4944 1706 5013; x_wconf 71' lang='lat' dir='ltr'><strong>praefecto</strong></span> <span class='ocrx_word' id='word_1_681' title='bbox 1728 4946 1886 5002; x_wconf 88' lang='lat' dir='ltr'><strong>Urbis</strong></span> <span class='ocrx_word' id='word_1_682' title='bbox 1911 4944 2054 5015; x_wconf 86' lang='lat' dir='ltr'><strong>judi-</strong></span> 
     </span>
    </p>
   </div>
   <div class='ocr_carea' id='block_1_97' title="bbox 487 5016 2050 5087">
    <p class='ocr_par' dir='ltr' id='par_1_97' title="bbox 487 5016 2050 5087">
     <span class='ocr_line' id='line_1_98' title="bbox 487 5016 2050 5087; baseline 0.001 -15"><span class='ocrx_word' id='word_1_683' title='bbox 487 5019 680 5073; x_wconf 85' lang='lat' dir='ltr'><strong>cabant</strong></span> <span class='ocrx_word' id='word_1_684' title='bbox 701 5018 934 5084; x_wconf 85' lang='lat' dir='ltr'><strong>quinque</strong></span> <span class='ocrx_word' id='word_1_685' title='bbox 957 5025 1234 5087; x_wconf 75' lang='lat' dir='ltr'><strong>senatores</strong></span> <span class='ocrx_word' id='word_1_686' title='bbox 1263 5024 1411 5087; x_wconf 82' lang='lat' dir='ltr'><strong>sorte</strong></span> <span class='ocrx_word' id='word_1_687' title='bbox 1434 5016 1598 5081; x_wconf 89' lang='lat' dir='ltr'><strong>ducti,</strong></span> <span class='ocrx_word' id='word_1_688' title='bbox 1623 5032 1688 5087; x_wconf 81' lang='lat' dir='ltr'><strong>ex</strong></span> <span class='ocrx_word' id='word_1_689' title='bbox 1717 5017 1836 5087; x_wconf 83' lang='lat' dir='ltr'><strong>lege</strong></span> <span class='ocrx_word' id='word_1_690' title='bbox 1866 5018 2050 5073; x_wconf 85' lang='lat' dir='ltr'><strong>ultima</strong></span> 
     </span>
    </p>
   </div>
   <div class='ocr_carea' id='block_1_98' title="bbox 484 5082 2050 5155">
    <p class='ocr_par' dir='ltr' id='par_1_98' title="bbox 484 5082 2050 5155">
     <span class='ocr_line' id='line_1_99' title="bbox 484 5082 2050 5155; baseline 0.001 -13"><span class='ocrx_word' id='word_1_691' title='bbox 484 5089 607 5142; x_wconf 90' lang='lat' dir='ltr'><strong>cod.</strong></span> <span class='ocrx_word' id='word_1_692' title='bbox 639 5082 846 5143; x_wconf 79' lang='lat' dir='ltr'><strong>Tlteod.</strong></span> <span class='ocrx_word' id='word_1_693' title='bbox 880 5086 977 5155; x_wconf 78' lang='lat'><strong>17</strong></span> <span class='ocrx_word' id='word_1_694' title='bbox 1015 5084 1083 5139; x_wconf 88' lang='lat' dir='ltr'><strong>de</strong></span> <span class='ocrx_word' id='word_1_695' title='bbox 1109 5082 1518 5150; x_wconf 81' lang='lat' dir='ltr'><strong>.Iurisdictiune,</strong></span> <span class='ocrx_word' id='word_1_696' title='bbox 1563 5096 1619 5141; x_wconf 92' lang='lat' dir='ltr'><strong>et</strong></span> <span class='ocrx_word' id='word_1_697' title='bbox 1640 5086 1677 5143; x_wconf 93' lang='lat' dir='ltr'><strong>l.</strong></span> <span class='ocrx_word' id='word_1_698' title='bbox 1720 5082 1815 5143; x_wconf 74' lang='grc' dir='ltr'>ιιῖι</span> <span class='ocrx_word' id='word_1_699' title='bbox 1860 5088 1928 5144; x_wconf 90' lang='lat' dir='ltr'><strong>de</strong></span> <span class='ocrx_word' id='word_1_700' title='bbox 1971 5105 2050 5144; x_wconf 85' lang='lat' dir='ltr'><strong>ac-</strong></span> 
     </span>
    </p>
   </div>
   <div class='ocr_carea' id='block_1_99' title="bbox 483 5155 2050 5226">
    <p class='ocr_par' dir='ltr' id='par_1_99' title="bbox 483 5155 2050 5226">
     <span class='ocr_line' id='line_1_100' title="bbox 483 5155 2050 5226; baseline 0.004 -19"><span class='ocrx_word' id='word_1_701' title='bbox 483 5158 864 5217; x_wconf 83' lang='lat' dir='ltr'><strong>cusationibus.</strong></span> <span class='ocrx_word' id='word_1_702' title='bbox 893 5155 1047 5226; x_wconf 73' lang='lat' dir='ltr'><strong>Quod</strong></span> <span class='ocrx_word' id='word_1_703' title='bbox 1070 5168 1211 5226; x_wconf 79' lang='lat' dir='ltr'><strong>sane</strong></span> <span class='ocrx_word' id='word_1_704' title='bbox 1232 5162 1353 5222; x_wconf 78' lang='lat' dir='ltr'><strong>post</strong></span> <span class='ocrx_word' id='word_1_705' title='bbox 1381 5155 1586 5226; x_wconf 78' lang='lat' dir='ltr'><strong>Sidonii</strong></span> <span class='ocrx_word' id='word_1_706' title='bbox 1624 5156 1784 5213; x_wconf 85' lang='lat' dir='ltr'><strong>etiam</strong></span> <span class='ocrx_word' id='word_1_707' title='bbox 1810 5167 2050 5226; x_wconf 86' lang='lat' dir='ltr'><strong>tempora</strong></span> 
     </span>
    </p>
   </div>
   <div class='ocr_carea' id='block_1_100' title="bbox 484 5224 2051 5293">
    <p class='ocr_par' dir='ltr' id='par_1_100' title="bbox 484 5224 2051 5293">
     <span class='ocr_line' id='line_1_101' title="bbox 484 5224 2051 5293; baseline 0.003 -14"><span class='ocrx_word' id='word_1_708' title='bbox 484 5228 846 5291; x_wconf 88' lang='lat' dir='ltr'><strong>observatum,</strong></span> <span class='ocrx_word' id='word_1_709' title='bbox 899 5224 1074 5293; x_wconf 89' lang='lat' dir='ltr'><strong>prodit</strong></span> <span class='ocrx_word' id='word_1_710' title='bbox 1121 5224 1381 5293; x_wconf 88' lang='lat' dir='ltr'><strong>judicium</strong></span> <span class='ocrx_word' id='word_1_711' title='bbox 1429 5225 1607 5279; x_wconf 88' lang='lat' dir='ltr'><strong>Basilii</strong></span> <span class='ocrx_word' id='word_1_712' title='bbox 1651 5235 1706 5281; x_wconf 86' lang='lat' dir='ltr'><strong>et</strong></span> <span class='ocrx_word' id='word_1_713' title='bbox 1747 5224 2051 5283; x_wconf 64' lang='lat' dir='ltr'><strong>Prmteitati</strong></span> 
     </span>
    </p>
   </div>
   <div class='ocr_carea' id='block_1_101' title="bbox 484 5294 2053 5361">
    <p class='ocr_par' dir='ltr' id='par_1_101' title="bbox 484 5294 2053 5361">
     <span class='ocr_line' id='line_1_102' title="bbox 484 5294 2053 5361; baseline 0.004 -14"><span class='ocrx_word' id='word_1_714' title='bbox 484 5298 627 5361; x_wconf 86' lang='lat' dir='ltr'><strong>apud</strong></span> <span class='ocrx_word' id='word_1_715' title='bbox 676 5295 1051 5355; x_wconf 70' lang='lat' dir='ltr'><strong>Cassiodorum</strong></span> <span class='ocrx_word' id='word_1_716' title='bbox 1080 5295 1116 5349; x_wconf 74' lang='grc'><strong>4</strong></span> <span class='ocrx_word' id='word_1_717' title='bbox 1145 5294 1440 5355; x_wconf 65' lang='grc' dir='ltr'><strong>νεΐίδιιιω.</strong></span> <span class='ocrx_word' id='word_1_718' title='bbox 1470 5296 1575 5353; x_wconf 83' lang='lat' dir='ltr'><strong>Sed</strong></span> <span class='ocrx_word' id='word_1_719' title='bbox 1626 5296 1682 5353; x_wconf 85' lang='lat' dir='ltr'><strong>in</strong></span> <span class='ocrx_word' id='word_1_720' title='bbox 1726 5296 2053 5355; x_wconf 88' lang='lat' dir='ltr'><strong>decemviris</strong></span> 
     </span>
    </p>
   </div>
   <div class='ocr_carea' id='block_1_102' title="bbox 473 5362 1527 5429">
    <p class='ocr_par' dir='ltr' id='par_1_102' title="bbox 473 5362 1527 5429">
     <span class='ocr_line' id='line_1_103' title="bbox 473 5362 1527 5429; baseline 0 -11"><span class='ocrx_word' id='word_1_721' title='bbox 473 5362 587 5429; x_wconf 75' lang='lat' dir='ltr'><strong>,boc</strong></span> <span class='ocrx_word' id='word_1_722' title='bbox 613 5365 731 5421; x_wconf 86' lang='lat' dir='ltr'><strong>loco</strong></span> <span class='ocrx_word' id='word_1_723' title='bbox 753 5365 868 5421; x_wconf 86' lang='lat' dir='ltr'><strong>libri</strong></span> <span class='ocrx_word' id='word_1_724' title='bbox 889 5382 1076 5425; x_wconf 89' lang='lat' dir='ltr'><strong>omnes</strong></span> <span class='ocrx_word' id='word_1_725' title='bbox 1097 5368 1456 5423; x_wconf 85' lang='lat' dir='ltr'><strong>consentiunt.</strong></span> <span class='ocrx_word' id='word_1_726' title='bbox 1526 5404 1527 5407; x_wconf 58' lang='grc' dir='ltr'><strong>η</strong></span> 
     </span>
    </p>
   </div>
   <div class='ocr_carea' id='block_1_103' title="bbox 560 5434 2052 5516">
    <p class='ocr_par' dir='ltr' id='par_1_103' title="bbox 560 5434 2052 5516">
     <span class='ocr_line' id='line_1_104' title="bbox 560 5434 2052 5516; baseline 0.003 -27"><span class='ocrx_word' id='word_1_727' title='bbox 560 5434 921 5516; x_wconf 51' lang='lat' dir='ltr'><strong>silisculapii.</strong></span> <span class='ocrx_word' id='word_1_728' title='bbox 945 5437 1162 5516; x_wconf 74' lang='lat' dir='ltr'><strong>Triplex</strong></span> <span class='ocrx_word' id='word_1_729' title='bbox 1184 5437 1363 5516; x_wconf 75' lang='lat' dir='ltr'><strong>itaque</strong></span> <span class='ocrx_word' id='word_1_730' title='bbox 1388 5438 1442 5492; x_wconf 92' lang='lat' dir='ltr'><strong>in</strong></span> <span class='ocrx_word' id='word_1_731' title='bbox 1469 5436 1571 5493; x_wconf 91' lang='lat' dir='ltr'><strong>hoc</strong></span> <span class='ocrx_word' id='word_1_732' title='bbox 1589 5436 1793 5516; x_wconf 76' lang='lat' dir='ltr'><strong>judicio</strong></span> <span class='ocrx_word' id='word_1_733' title='bbox 1804 5438 2052 5516; x_wconf 74' lang='lat' dir='ltr'><strong>__Arva_ndi</strong></span> 
     </span>
    </p>
   </div>
   <div class='ocr_carea' id='block_1_104' title="bbox 472 5504 2052 5593">
    <p class='ocr_par' dir='ltr' id='par_1_104' title="bbox 472 5504 2052 5593">
     <span class='ocr_line' id='line_1_105' title="bbox 472 5504 2052 5593; baseline 0 0"><span class='ocrx_word' id='word_1_734' title='bbox 472 5505 770 5593; x_wconf 36' lang='lat' dir='ltr'><strong>setosis...</strong></span> <span class='ocrx_word' id='word_1_735' title='bbox 789 5504 1021 5593; x_wconf 57' lang='grc' dir='ltr'><strong>Ρνίπψη)</strong></span> <span class='ocrx_word' id='word_1_736' title='bbox 1036 5508 1186 5593; x_wconf 56' lang='grc' dir='ltr'><strong>βαίη)</strong></span> <span class='ocrx_word' id='word_1_737' title='bbox 1215 5504 1397 5593; x_wconf 60' lang='grc' dir='ltr'>μδσξςδ</span> <span class='ocrx_word' id='word_1_738' title='bbox 1422 5504 1685 5593; x_wconf 46' lang='lat' dir='ltr'><strong>suavitas</strong></span> <span class='ocrx_word' id='word_1_739' title='bbox 1705 5509 1935 5593; x_wconf 59' lang='grc' dir='ltr'><strong>ινθάίιυτ,</strong></span> <span class='ocrx_word' id='word_1_740' title='bbox 1955 5510 2052 5593; x_wconf 62' lang='lat'><strong>13°-</strong></span> 
     </span>
    </p>
   </div>
   <div class='ocr_carea' id='block_1_105' title="bbox 482 5576 2050 5649">
    <p class='ocr_par' dir='ltr' id='par_1_105' title="bbox 482 5576 2050 5649">
     <span class='ocr_line' id='line_1_106' title="bbox 482 5576 2050 5649; baseline 0.005 -21"><span class='ocrx_word' id='word_1_741' title='bbox 482 5576 609 5649; x_wconf 70' lang='lat' dir='ltr'><strong>apiti</strong></span> <span class='ocrx_word' id='word_1_742' title='bbox 632 5577 845 5649; x_wconf 76' lang='lat' dir='ltr'><strong>Asello:</strong></span> <span class='ocrx_word' id='word_1_743' title='bbox 873 5576 1013 5641; x_wconf 76' lang='lat' dir='ltr'><strong>quod</strong></span> <span class='ocrx_word' id='word_1_744' title='bbox 1036 5577 1265 5635; x_wconf 83' lang='lat' dir='ltr'><strong>hominis</strong></span> <span class='ocrx_word' id='word_1_745' title='bbox 1289 5578 1537 5649; x_wconf 75' lang='lat' dir='ltr'><strong>dignitati</strong></span> <span class='ocrx_word' id='word_1_746' title='bbox 1576 5577 1829 5637; x_wconf 84' lang='lat' dir='ltr'><strong>tributum</strong></span> <span class='ocrx_word' id='word_1_747' title='bbox 1857 5588 1943 5635; x_wconf 84' lang='lat' dir='ltr'><strong>est</strong></span> <span class='ocrx_word' id='word_1_748' title='bbox 1958 5579 2050 5649; x_wconf 89' lang='lat' dir='ltr'><strong>ju-</strong></span> 
     </span>
    </p>
   </div>
   <div class='ocr_carea' id='block_1_106' title="bbox 472 5638 2050 5712">
    <p class='ocr_par' dir='ltr' id='par_1_106' title="bbox 472 5638 2050 5712">
     <span class='ocr_line' id='line_1_107' title="bbox 472 5638 2050 5712; baseline 0.003 -11"><span class='ocrx_word' id='word_1_749' title='bbox 472 5638 626 5701; x_wconf 47' lang='lat' dir='ltr'><strong>idicio</strong></span> <span class='ocrx_word' id='word_1_750' title='bbox 648 5638 1221 5712; x_wconf 66' lang='grc' dir='ltr'>ιιοιιόιιιιιοοιιειιιιιιο,</span> <span class='ocrx_word' id='word_1_751' title='bbox 1257 5662 1325 5705; x_wconf 79' lang='lat' dir='ltr'><strong>ex</strong></span> <span class='ocrx_word' id='word_1_752' title='bbox 1346 5638 1386 5705; x_wconf 83' lang='grc' dir='ltr'><strong>Ῐ.</strong></span> <span class='ocrx_word' id='word_1_753' title='bbox 1412 5648 1438 5703; x_wconf 79' lang='grc'><strong>1</strong></span> <span class='ocrx_word' id='word_1_754' title='bbox 1462 5648 1518 5705; x_wconf 91' lang='lat' dir='ltr'><strong>d.</strong></span> <span class='ocrx_word' id='word_1_755' title='bbox 1554 5650 1622 5707; x_wconf 85' lang='lat' dir='ltr'><strong>de</strong></span> <span class='ocrx_word' id='word_1_756' title='bbox 1645 5650 1886 5705; x_wconf 85' lang='lat' dir='ltr'><strong>custodia</strong></span> <span class='ocrx_word' id='word_1_757' title='bbox 1927 5638 2050 5706; x_wconf 75' lang='lat' dir='ltr'><strong>reo-</strong></span> 
     </span>
    </p>
   </div>
   <div class='ocr_carea' id='block_1_107' title="bbox 472 5714 2119 5789">
    <p class='ocr_par' dir='ltr' id='par_1_107' title="bbox 472 5714 2119 5789">
     <span class='ocr_line' id='line_1_108' title="bbox 472 5714 2119 5789; baseline 0.004 -19"><span class='ocrx_word' id='word_1_758' title='bbox 472 5718 625 5770; x_wconf 78' lang='lat' dir='ltr'><strong>&#39;rum.</strong></span> <span class='ocrx_word' id='word_1_759' title='bbox 653 5714 796 5789; x_wconf 71' lang='lat' dir='ltr'><strong>Reos</strong></span> <span class='ocrx_word' id='word_1_760' title='bbox 819 5716 961 5789; x_wconf 89' lang='lat' dir='ltr'><strong>enim</strong></span> <span class='ocrx_word' id='word_1_761' title='bbox 996 5716 1252 5789; x_wconf 85' lang='lat' dir='ltr'><strong>dignitate</strong></span> <span class='ocrx_word' id='word_1_762' title='bbox 1276 5719 1615 5789; x_wconf 83' lang='lat' dir='ltr'><strong>conspicuos,</strong></span> <span class='ocrx_word' id='word_1_763' title='bbox 1647 5729 1706 5776; x_wconf 92' lang='lat' dir='ltr'><strong>ut</strong></span> <span class='ocrx_word' id='word_1_764' title='bbox 1729 5732 2044 5788; x_wconf 83' lang='lat' dir='ltr'><strong>senatores,</strong></span> 
     </span>
    </p>
   </div>
   <div class='ocr_carea' id='block_1_108' title="bbox 2158 4592 3739 4670">
    <p class='ocr_par' dir='ltr' id='par_1_108' title="bbox 2158 4592 3739 4670">
     <span class='ocr_line' id='line_1_109' title="bbox 2158 4592 3739 4670; baseline -0.001 -19"><span class='ocrx_word' id='word_1_765' title='bbox 2158 4592 2418 4670; x_wconf 74' lang='lat' dir='ltr'><strong>jicieiidus</strong></span> <span class='ocrx_word' id='word_1_766' title='bbox 2443 4608 2538 4652; x_wconf 80' lang='lat' dir='ltr'><strong>est.</strong></span> <span class='ocrx_word' id='word_1_767' title='bbox 2568 4592 2716 4670; x_wconf 82' lang='lat' dir='ltr'><strong>Nunc</strong></span> <span class='ocrx_word' id='word_1_768' title='bbox 2741 4592 2970 4670; x_wconf 85' lang='lat' dir='ltr'><strong>denique</strong></span> <span class='ocrx_word' id='word_1_769' title='bbox 2997 4598 3238 4670; x_wconf 76' lang='lat' dir='ltr'><strong>iudicum</strong></span> <span class='ocrx_word' id='word_1_770' title='bbox 3266 4592 3544 4670; x_wconf 70' lang='lat' dir='ltr'><strong>sententiis</strong></span> <span class='ocrx_word' id='word_1_771' title='bbox 3586 4595 3739 4670; x_wconf 44' lang='lat' dir='ltr'><strong>dam:</strong></span> 
     </span>
    </p>
   </div>
   <div class='ocr_carea' id='block_1_109' title="bbox 2167 4665 3737 4735">
    <p class='ocr_par' dir='ltr' id='par_1_109' title="bbox 2167 4665 3737 4735">
     <span class='ocr_line' id='line_1_110' title="bbox 2167 4665 3737 4735; baseline -0.001 -13"><span class='ocrx_word' id='word_1_772' title='bbox 2167 4665 2324 4723; x_wconf 86' lang='lat' dir='ltr'><strong>natus</strong></span> <span class='ocrx_word' id='word_1_773' title='bbox 2373 4670 2427 4721; x_wconf 90' lang='lat' dir='ltr'><strong>in</strong></span> <span class='ocrx_word' id='word_1_774' title='bbox 2474 4668 2700 4722; x_wconf 88' lang='lat' dir='ltr'><strong>insulam</strong></span> <span class='ocrx_word' id='word_1_775' title='bbox 2742 4665 3045 4723; x_wconf 87' lang='lat' dir='ltr'><strong>Tiberinam</strong></span> <span class='ocrx_word' id='word_1_776' title='bbox 3101 4668 3405 4735; x_wconf 87' lang='lat' dir='ltr'><strong>conjicitur,</strong></span> <span class='ocrx_word' id='word_1_777' title='bbox 3446 4665 3621 4720; x_wconf 90' lang='lat' dir='ltr'><strong>donec</strong></span> <span class='ocrx_word' id='word_1_778' title='bbox 3667 4668 3737 4721; x_wconf 88' lang='lat' dir='ltr'><strong>ad</strong></span> 
     </span>
    </p>
   </div>
   <div class='ocr_carea' id='block_1_110' title="bbox 2167 4737 2777 4808">
    <p class='ocr_par' dir='ltr' id='par_1_110' title="bbox 2167 4737 2777 4808">
     <span class='ocr_line' id='line_1_111' title="bbox 2167 4737 2777 4808; baseline 0.003 -16"><span class='ocrx_word' id='word_1_779' title='bbox 2167 4739 2462 4808; x_wconf 82' lang='lat' dir='ltr'><strong>principem</strong></span> <span class='ocrx_word' id='word_1_780' title='bbox 2494 4737 2777 4794; x_wconf 87' lang='lat' dir='ltr'><strong>referatur.</strong></span> 
     </span>
    </p>
   </div>
   <div class='ocr_carea' id='block_1_111' title="bbox 2236 4806 3738 4877">
    <p class='ocr_par' dir='ltr' id='par_1_111' title="bbox 2236 4806 3738 4877">
     <span class='ocr_line' id='line_1_112' title="bbox 2236 4806 3738 4877; baseline -0.001 -15"><span class='ocrx_word' id='word_1_781' title='bbox 2236 4806 2264 4849; x_wconf 73' lang='grc' dir='ltr'><strong>ἀ</strong></span> <span class='ocrx_word' id='word_1_782' title='bbox 2291 4806 2443 4876; x_wconf 79' lang='lat' dir='ltr'><strong>Quod</strong></span> <span class='ocrx_word' id='word_1_783' title='bbox 2465 4808 2661 4863; x_wconf 79' lang='lat' dir='ltr'><strong>Tiberii</strong></span> <span class='ocrx_word' id='word_1_784' title='bbox 2686 4808 2906 4877; x_wconf 78' lang='lat' dir='ltr'><strong>Augusti</strong></span> <span class='ocrx_word' id='word_1_785' title='bbox 2940 4808 3092 4872; x_wconf 84' lang='lat' dir='ltr'><strong>jussu</strong></span> <span class='ocrx_word' id='word_1_786' title='bbox 3121 4807 3315 4862; x_wconf 87' lang='lat' dir='ltr'><strong>factum</strong></span> <span class='ocrx_word' id='word_1_787' title='bbox 3344 4814 3449 4870; x_wconf 88' lang='lat' dir='ltr'><strong>est,</strong></span> <span class='ocrx_word' id='word_1_788' title='bbox 3474 4814 3538 4877; x_wconf 21' lang='lat' dir='ltr'><strong>Aut</strong></span> <span class='ocrx_word' id='word_1_789' title='bbox 3562 4819 3738 4877; x_wconf 67' lang='lat' dir='ltr'><strong>picum</strong></span> 
     </span>
    </p>
   </div>
   <div class='ocr_carea' id='block_1_112' title="bbox 2162 4875 3736 4944">
    <p class='ocr_par' dir='ltr' id='par_1_112' title="bbox 2162 4875 3736 4944">
     <span class='ocr_line' id='line_1_113' title="bbox 2162 4875 3736 4944; baseline -0.004 -10"><span class='ocrx_word' id='word_1_790' title='bbox 2162 4875 2533 4934; x_wconf 85' lang='lat' dir='ltr'><strong>damnatorum</strong></span> <span class='ocrx_word' id='word_1_791' title='bbox 2556 4895 2584 4932; x_wconf 91' lang='lat' dir='ltr'><strong>a</strong></span> <span class='ocrx_word' id='word_1_792' title='bbox 2616 4875 2875 4935; x_wconf 81' lang='lat' dir='ltr'><strong>senatuin</strong></span> <span class='ocrx_word' id='word_1_793' title='bbox 2915 4878 3179 4933; x_wconf 89' lang='lat' dir='ltr'><strong>decimum</strong></span> <span class='ocrx_word' id='word_1_794' title='bbox 3215 4890 3429 4944; x_wconf 85' lang='lat' dir='ltr'><strong>semper</strong></span> <span class='ocrx_word' id='word_1_795' title='bbox 3454 4875 3598 4930; x_wconf 90' lang='lat' dir='ltr'><strong>diem</strong></span> <span class='ocrx_word' id='word_1_796' title='bbox 3632 4876 3736 4929; x_wconf 86' lang='lat' dir='ltr'><strong>dif-</strong></span> 
     </span>
    </p>
   </div>
   <div class='ocr_carea' id='block_1_113' title="bbox 2162 4946 3732 5014">
    <p class='ocr_par' dir='ltr' id='par_1_113' title="bbox 2162 4946 3732 5014">
     <span class='ocr_line' id='line_1_114' title="bbox 2162 4946 3732 5014; baseline -0.003 -10"><span class='ocrx_word' id='word_1_797' title='bbox 2162 4948 2464 5014; x_wconf 84' lang='lat' dir='ltr'><strong>ferrentur;</strong></span> <span class='ocrx_word' id='word_1_798' title='bbox 2497 4960 2556 5004; x_wconf 90' lang='lat' dir='ltr'><strong>ut</strong></span> <span class='ocrx_word' id='word_1_799' title='bbox 2577 4959 2795 5005; x_wconf 90' lang='lat' dir='ltr'><strong>narrant</strong></span> <span class='ocrx_word' id='word_1_800' title='bbox 2838 4948 3053 5004; x_wconf 88' lang='lat' dir='ltr'><strong>Tacitus</strong></span> <span class='ocrx_word' id='word_1_801' title='bbox 3091 4963 3147 5003; x_wconf 91' lang='grc' dir='ltr'><strong>ιιι</strong></span> <span class='ocrx_word' id='word_1_802' title='bbox 3176 4946 3394 5010; x_wconf 77' lang='lat' dir='ltr'><strong>Annal.,</strong></span> <span class='ocrx_word' id='word_1_803' title='bbox 3423 4955 3475 5000; x_wconf 91' lang='lat' dir='ltr'><strong>et</strong></span> <span class='ocrx_word' id='word_1_804' title='bbox 3510 4946 3609 5001; x_wconf 91' lang='lat' dir='ltr'><strong>Dio</strong></span> <span class='ocrx_word' id='word_1_805' title='bbox 3635 4946 3732 5000; x_wconf 89' lang='lat' dir='ltr'><strong>lib.</strong></span> 
     </span>
    </p>
   </div>
   <div class='ocr_carea' id='block_1_114' title="bbox 2162 5017 3737 5089">
    <p class='ocr_par' dir='ltr' id='par_1_114' title="bbox 2162 5017 3737 5089">
     <span class='ocr_line' id='line_1_115' title="bbox 2162 5017 3737 5089; baseline -0.004 -13"><span class='ocrx_word' id='word_1_806' title='bbox 2162 5035 2290 5076; x_wconf 79' lang='lat' dir='ltr'><strong>Lvn.</strong></span> <span class='ocrx_word' id='word_1_807' title='bbox 2321 5020 2518 5077; x_wconf 77' lang='lat' dir='ltr'><strong>Verum</strong></span> <span class='ocrx_word' id='word_1_808' title='bbox 2556 5020 2807 5075; x_wconf 78' lang='lat' dir='ltr'><strong>Arvando</strong></span> <span class='ocrx_word' id='word_1_809' title='bbox 2836 5034 2991 5089; x_wconf 73' lang='lat' dir='ltr'><strong>pinna</strong></span> <span class='ocrx_word' id='word_1_810' title='bbox 3028 5033 3133 5073; x_wconf 91' lang='lat' dir='ltr'><strong>non</strong></span> <span class='ocrx_word' id='word_1_811' title='bbox 3163 5017 3486 5089; x_wconf 24' lang='grc' dir='ltr'><strong>ιολξεάλδο</strong></span> <span class='ocrx_word' id='word_1_812' title='bbox 3524 5017 3737 5071; x_wconf 88' lang='lat' dir='ltr'><strong>dierum</strong></span> 
     </span>
    </p>
   </div>
   <div class='ocr_carea' id='block_1_115' title="bbox 2162 5085 3739 5165">
    <p class='ocr_par' dir='ltr' id='par_1_115' title="bbox 2162 5085 3739 5165">
     <span class='ocr_line' id='line_1_116' title="bbox 2162 5085 3739 5165; baseline -0.006 -19"><span class='ocrx_word' id='word_1_813' title='bbox 2162 5092 2336 5165; x_wconf 81' lang='lat' dir='ltr'><strong>spatio</strong></span> <span class='ocrx_word' id='word_1_814' title='bbox 2364 5090 2546 5145; x_wconf 81' lang='lat' dir='ltr'><strong>dilata.</strong></span> <span class='ocrx_word' id='word_1_815' title='bbox 2572 5090 2748 5165; x_wconf 78' lang='lat' dir='ltr'><strong>Quare</strong></span> <span class='ocrx_word' id='word_1_816' title='bbox 2765 5085 2947 5165; x_wconf 79' lang='lat' dir='ltr'><strong>Justus</strong></span> <span class='ocrx_word' id='word_1_817' title='bbox 2977 5088 3187 5157; x_wconf 86' lang='lat' dir='ltr'><strong>Lipsius</strong></span> <span class='ocrx_word' id='word_1_818' title='bbox 3227 5085 3511 5165; x_wconf 66' lang='lat' dir='ltr'><strong>$idonium</strong></span> <span class='ocrx_word' id='word_1_819' title='bbox 3538 5100 3739 5165; x_wconf 58' lang='lat' dir='ltr'><strong>meme.</strong></span> 
     </span>
    </p>
   </div>
   <div class='ocr_carea' id='block_1_116' title="bbox 2162 5155 3739 5230">
    <p class='ocr_par' dir='ltr' id='par_1_116' title="bbox 2162 5155 3739 5230">
     <span class='ocr_line' id='line_1_117' title="bbox 2162 5155 3739 5230; baseline -0.003 -15"><span class='ocrx_word' id='word_1_820' title='bbox 2162 5155 2242 5215; x_wconf 82' lang='lat' dir='ltr'><strong>ria</strong></span> <span class='ocrx_word' id='word_1_821' title='bbox 2266 5162 2471 5230; x_wconf 90' lang='lat' dir='ltr'><strong>lapsum</strong></span> <span class='ocrx_word' id='word_1_822' title='bbox 2493 5155 2722 5226; x_wconf 79' lang='lat' dir='ltr'><strong>censuit,</strong></span> <span class='ocrx_word' id='word_1_823' title='bbox 2738 5160 2831 5230; x_wconf 91' lang='lat' dir='ltr'><strong>qui</strong></span> <span class='ocrx_word' id='word_1_824' title='bbox 2848 5155 3312 5230; x_wconf 71' lang='lat' dir='ltr'><strong>senatusconsulto</strong></span> <span class='ocrx_word' id='word_1_825' title='bbox 3335 5155 3622 5230; x_wconf 67' lang='lat' dir='ltr'><strong>Tiberiano</strong></span> <span class='ocrx_word' id='word_1_826' title='bbox 3642 5156 3739 5230; x_wconf 77' lang='lat' dir='ltr'><strong>tri-</strong></span> 
     </span>
    </p>
   </div>
   <div class='ocr_carea' id='block_1_117' title="bbox 2162 5225 3742 5300">
    <p class='ocr_par' dir='ltr' id='par_1_117' title="bbox 2162 5225 3742 5300">
     <span class='ocr_line' id='line_1_118' title="bbox 2162 5225 3742 5300; baseline -0.006 -16"><span class='ocrx_word' id='word_1_827' title='bbox 2162 5230 2289 5286; x_wconf 91' lang='lat' dir='ltr'><strong>buat</strong></span> <span class='ocrx_word' id='word_1_828' title='bbox 2317 5225 2469 5300; x_wconf 80' lang='lat' dir='ltr'><strong>quod</strong></span> <span class='ocrx_word' id='word_1_829' title='bbox 2490 5225 2769 5300; x_wconf 77' lang='lat' dir='ltr'><strong>proprium</strong></span> <span class='ocrx_word' id='word_1_830' title='bbox 2794 5238 2910 5285; x_wconf 87' lang='lat' dir='ltr'><strong>erat</strong></span> <span class='ocrx_word' id='word_1_831' title='bbox 2948 5230 3079 5300; x_wconf 87' lang='lat' dir='ltr'><strong>legis</strong></span> <span class='ocrx_word' id='word_1_832' title='bbox 3109 5226 3497 5300; x_wconf 69' lang='lat' dir='ltr'><strong>Theodosianze</strong></span> <span class='ocrx_word' id='word_1_833' title='bbox 3535 5225 3596 5281; x_wconf 81' lang='lat' dir='ltr'><strong>Si</strong></span> <span class='ocrx_word' id='word_1_834' title='bbox 3626 5226 3742 5300; x_wconf 45' lang='lat' dir='ltr'><strong>oin:</strong></span> 
     </span>
    </p>
   </div>
   <div class='ocr_carea' id='block_1_118' title="bbox 2142 5296 3742 5371">
    <p class='ocr_par' dir='ltr' id='par_1_118' title="bbox 2142 5296 3742 5371">
     <span class='ocr_line' id='line_1_119' title="bbox 2142 5296 3742 5371; baseline -0.003 -17"><span class='ocrx_word' id='word_1_835' title='bbox 2142 5296 2349 5371; x_wconf 48' lang='grc' dir='ltr'><strong>⁸,ἀίειν-εξ</strong></span> <span class='ocrx_word' id='word_1_836' title='bbox 2380 5296 2506 5371; x_wconf 66' lang='grc' dir='ltr'><strong>ωας</strong></span> <span class='ocrx_word' id='word_1_837' title='bbox 2536 5296 2604 5355; x_wconf 84' lang='lat' dir='ltr'><strong>de</strong></span> <span class='ocrx_word' id='word_1_838' title='bbox 2632 5302 2825 5371; x_wconf 77' lang='lat' dir='ltr'><strong>pinnis,</strong></span> <span class='ocrx_word' id='word_1_839' title='bbox 2857 5315 2975 5370; x_wconf 84' lang='lat' dir='ltr'><strong>quae</strong></span> <span class='ocrx_word' id='word_1_840' title='bbox 3004 5296 3121 5354; x_wconf 79' lang='lat' dir='ltr'><strong>dies</strong></span> <span class='ocrx_word' id='word_1_841' title='bbox 3141 5299 3211 5361; x_wconf 76' lang='lat'><strong>50</strong></span> <span class='ocrx_word' id='word_1_842' title='bbox 3245 5311 3456 5371; x_wconf 66' lang='lat' dir='ltr'><strong>pinnam</strong></span> <span class='ocrx_word' id='word_1_843' title='bbox 3479 5296 3742 5371; x_wconf 80' lang='lat' dir='ltr'><strong>suspendi</strong></span> 
     </span>
    </p>
   </div>
   <div class='ocr_carea' id='block_1_119' title="bbox 2147 5362 3739 5441">
    <p class='ocr_par' dir='ltr' id='par_1_119' title="bbox 2147 5362 3739 5441">
     <span class='ocr_line' id='line_1_120' title="bbox 2147 5362 3739 5441; baseline -0.003 -18"><span class='ocrx_word' id='word_1_844' title='bbox 2147 5362 2493 5441; x_wconf 31' lang='lat' dir='ltr'><strong>‘jussitLSed</strong></span> <span class='ocrx_word' id='word_1_845' title='bbox 2546 5362 2648 5426; x_wconf 74' lang='lat' dir='ltr'><strong>nos</strong></span> <span class='ocrx_word' id='word_1_846' title='bbox 2676 5362 2994 5441; x_wconf 66' lang='lat' dir='ltr'><strong>politiss&#39;imo</strong></span> <span class='ocrx_word' id='word_1_847' title='bbox 3039 5371 3155 5425; x_wconf 89' lang='lat' dir='ltr'><strong>viro</strong></span> <span class='ocrx_word' id='word_1_848' title='bbox 3184 5362 3443 5441; x_wconf 73' lang='lat' dir='ltr'><strong>assentiri</strong></span> <span class='ocrx_word' id='word_1_849' title='bbox 3482 5362 3589 5422; x_wconf 69' lang='lat' dir='ltr'><strong>res</strong></span> <span class='ocrx_word' id='word_1_850' title='bbox 3620 5365 3739 5432; x_wconf 84' lang='lat' dir='ltr'><strong>ipsa</strong></span> 
     </span>
    </p>
   </div>
   <div class='ocr_carea' id='block_1_120' title="bbox 2161 5436 3743 5507">
    <p class='ocr_par' dir='ltr' id='par_1_120' title="bbox 2161 5436 3743 5507">
     <span class='ocr_line' id='line_1_121' title="bbox 2161 5436 3743 5507; baseline 0.002 -15"><span class='ocrx_word' id='word_1_851' title='bbox 2161 5436 2326 5494; x_wconf 78' lang='lat' dir='ltr'><strong>vetat.</strong></span> <span class='ocrx_word' id='word_1_852' title='bbox 2354 5440 2561 5495; x_wconf 80' lang='lat' dir='ltr'><strong>Etenim</strong></span> <span class='ocrx_word' id='word_1_853' title='bbox 2590 5436 2690 5495; x_wconf 66' lang='lat' dir='ltr'><strong>lex&#39;</strong></span> <span class='ocrx_word' id='word_1_854' title='bbox 2716 5441 3023 5507; x_wconf 83' lang='lat' dir='ltr'><strong>Theodosii,</strong></span> <span class='ocrx_word' id='word_1_855' title='bbox 3052 5451 3112 5496; x_wconf 93' lang='lat' dir='ltr'><strong>ut</strong></span> <span class='ocrx_word' id='word_1_856' title='bbox 3140 5437 3303 5494; x_wconf 87' lang='lat' dir='ltr'><strong>verba</strong></span> <span class='ocrx_word' id='word_1_857' title='bbox 3329 5436 3621 5507; x_wconf 83' lang='lat' dir='ltr'><strong>declarant,</strong></span> <span class='ocrx_word' id='word_1_858' title='bbox 3647 5450 3743 5495; x_wconf 78' lang='lat' dir='ltr'><strong>so—</strong></span> 
     </span>
    </p>
   </div>
   <div class='ocr_carea' id='block_1_121' title="bbox 2164 5506 3739 5581">
    <p class='ocr_par' dir='ltr' id='par_1_121' title="bbox 2164 5506 3739 5581">
     <span class='ocr_line' id='line_1_122' title="bbox 2164 5506 3739 5581; baseline -0.004 -17"><span class='ocrx_word' id='word_1_859' title='bbox 2164 5511 2266 5565; x_wconf 90' lang='lat' dir='ltr'><strong>lius</strong></span> <span class='ocrx_word' id='word_1_860' title='bbox 2296 5512 2548 5581; x_wconf 80' lang='lat' dir='ltr'><strong>principis</strong></span> <span class='ocrx_word' id='word_1_861' title='bbox 2575 5516 2867 5567; x_wconf 89' lang='lat' dir='ltr'><strong>sententias</strong></span> <span class='ocrx_word' id='word_1_862' title='bbox 2893 5506 3159 5577; x_wconf 87' lang='lat' dir='ltr'><strong>coercuit,</strong></span> <span class='ocrx_word' id='word_1_863' title='bbox 3200 5506 3739 5581; x_wconf 61' lang='lat' dir='ltr'><strong>senatusconsultum</strong></span> 
     </span>
    </p>
   </div>
   <div class='ocr_carea' id='block_1_122' title="bbox 2164 5574 3743 5652">
    <p class='ocr_par' dir='ltr' id='par_1_122' title="bbox 2164 5574 3743 5652">
     <span class='ocr_line' id='line_1_123' title="bbox 2164 5574 3743 5652; baseline -0.003 -17"><span class='ocrx_word' id='word_1_864' title='bbox 2164 5581 2277 5635; x_wconf 84' lang='lat' dir='ltr'><strong>sola</strong></span> <span class='ocrx_word' id='word_1_865' title='bbox 2296 5574 2523 5637; x_wconf 64' lang='lat' dir='ltr'><strong>senatus</strong></span> <span class='ocrx_word' id='word_1_866' title='bbox 2547 5581 2764 5652; x_wconf 85' lang='lat' dir='ltr'><strong>judicia,</strong></span> <span class='ocrx_word' id='word_1_867' title='bbox 2794 5592 2852 5637; x_wconf 92' lang='lat' dir='ltr'><strong>ut</strong></span> <span class='ocrx_word' id='word_1_868' title='bbox 2873 5582 2971 5637; x_wconf 92' lang='lat' dir='ltr'><strong>Dio</strong></span> <span class='ocrx_word' id='word_1_869' title='bbox 2988 5574 3155 5652; x_wconf 74' lang='lat' dir='ltr'><strong>notat.</strong></span> <span class='ocrx_word' id='word_1_870' title='bbox 3183 5578 3419 5635; x_wconf 84' lang='lat' dir='ltr'><strong>Arvandi</strong></span> <span class='ocrx_word' id='word_1_871' title='bbox 3441 5591 3568 5633; x_wconf 86' lang='lat' dir='ltr'><strong>vero</strong></span> <span class='ocrx_word' id='word_1_872' title='bbox 3594 5574 3743 5652; x_wconf 79' lang='lat' dir='ltr'><strong>judi-</strong></span> 
     </span>
    </p>
   </div>
   <div class='ocr_carea' id='block_1_123' title="bbox 2160 5645 3745 5721">
    <p class='ocr_par' dir='ltr' id='par_1_123' title="bbox 2160 5645 3745 5721">
     <span class='ocr_line' id='line_1_124' title="bbox 2160 5645 3745 5721; baseline -0.002 -15"><span class='ocrx_word' id='word_1_873' title='bbox 2160 5651 2303 5706; x_wconf 89' lang='lat' dir='ltr'><strong>cium</strong></span> <span class='ocrx_word' id='word_1_874' title='bbox 2334 5645 2657 5706; x_wconf 84' lang='lat' dir='ltr'><strong>senaiorium</strong></span> <span class='ocrx_word' id='word_1_875' title='bbox 2683 5654 2801 5716; x_wconf 91' lang='lat' dir='ltr'><strong>fuit,</strong></span> <span class='ocrx_word' id='word_1_876' title='bbox 2827 5666 2890 5707; x_wconf 90' lang='lat' dir='ltr'><strong>ac</strong></span> <span class='ocrx_word' id='word_1_877' title='bbox 2917 5649 3223 5721; x_wconf 80' lang='lat' dir='ltr'><strong>proindeex</strong></span> <span class='ocrx_word' id='word_1_878' title='bbox 3242 5645 3745 5721; x_wconf 77' lang='lat' dir='ltr'><strong>senatusconsulto,</strong></span> 
     </span>
    </p>
   </div>
   <div class='ocr_carea' id='block_1_124' title="bbox 2160 5717 3741 5791">
    <p class='ocr_par' dir='ltr' id='par_1_124' title="bbox 2160 5717 3741 5791">
     <span class='ocr_line' id='line_1_125' title="bbox 2160 5717 3741 5791; baseline -0.003 -16"><span class='ocrx_word' id='word_1_879' title='bbox 2160 5736 2271 5777; x_wconf 91' lang='lat' dir='ltr'><strong>non</strong></span> <span class='ocrx_word' id='word_1_880' title='bbox 2298 5735 2363 5777; x_wconf 78' lang='lat' dir='ltr'><strong>ex</strong></span> <span class='ocrx_word' id='word_1_881' title='bbox 2392 5724 2508 5791; x_wconf 87' lang='lat' dir='ltr'><strong>lege</strong></span> <span class='ocrx_word' id='word_1_882' title='bbox 2534 5717 2939 5779; x_wconf 60' lang='lat' dir='ltr'><strong>moderandum.</strong></span> <span class='ocrx_word' id='word_1_883' title='bbox 2964 5721 3117 5790; x_wconf 86' lang='lat' dir='ltr'><strong>Quod</strong></span> <span class='ocrx_word' id='word_1_884' title='bbox 3144 5720 3305 5791; x_wconf 85' lang='lat' dir='ltr'><strong>igitur</strong></span> <span class='ocrx_word' id='word_1_885' title='bbox 3323 5720 3405 5791; x_wconf 11' lang='lat'><strong>‘30</strong></span> <span class='ocrx_word' id='word_1_886' title='bbox 3428 5717 3547 5791; x_wconf 80' lang='lat' dir='ltr'><strong>dies</strong></span> <span class='ocrx_word' id='word_1_887' title='bbox 3568 5730 3741 5791; x_wconf 73' lang='lat' dir='ltr'><strong>sena-</strong></span> 
     </span>
    </p>
   </div>
   <div class='ocr_carea' id='block_1_125' title="bbox 472 5784 3753 5873">
    <p class='ocr_par' dir='ltr' id='par_1_125' title="bbox 472 5784 3753 5873">
     <span class='ocr_line' id='line_1_126' title="bbox 472 5784 3753 5873; baseline -0.001 -26"><span class='ocrx_word' id='word_1_888' title='bbox 472 5796 608 5847; x_wconf 67' lang='lat' dir='ltr'><strong>.Iﬂll</strong></span> <span class='ocrx_word' id='word_1_889' title='bbox 625 5787 969 5850; x_wconf 71' lang='lat' dir='ltr'><strong>probationes</strong></span> <span class='ocrx_word' id='word_1_890' title='bbox 1007 5787 1218 5844; x_wconf 80' lang='lat' dir='ltr'><strong>carceri</strong></span> <span class='ocrx_word' id='word_1_891' title='bbox 1261 5807 1368 5847; x_wconf 88' lang='lat' dir='ltr'><strong>non</strong></span> <span class='ocrx_word' id='word_1_892' title='bbox 1393 5784 1730 5852; x_wconf 76' lang='lat' dir='ltr'><strong>addicebant.</strong></span> <span class='ocrx_word' id='word_1_893' title='bbox 1760 5794 1879 5860; x_wconf 76' lang='lat' dir='ltr'><strong>Quo</strong></span> <span class='ocrx_word' id='word_1_894' title='bbox 1902 5784 2045 5850; x_wconf 45' lang='lat' dir='ltr'><strong>alin-&#39;-</strong></span> <span class='ocrx_word' id='word_1_895' title='bbox 2084 5786 2111 5849; x_wconf 60' lang='grc' dir='ltr'>ξ</span> <span class='ocrx_word' id='word_1_896' title='bbox 2142 5784 2492 5873; x_wconf 16' lang='grc' dir='ltr'><strong>ἰωκοιωιῶ</strong></span> <span class='ocrx_word' id='word_1_897' title='bbox 2511 5793 2755 5855; x_wconf 77' lang='lat' dir='ltr'><strong>ascribit.</strong></span> <span class='ocrx_word' id='word_1_898' title='bbox 2771 5784 3087 5855; x_wconf 59' lang='lat' dir='ltr'><strong>armenium</strong></span> <span class='ocrx_word' id='word_1_899' title='bbox 3112 5784 3191 5844; x_wconf 67' lang='grc' dir='ltr'><strong>θεῖ</strong></span> <span class='ocrx_word' id='word_1_900' title='bbox 3214 5789 3279 5844; x_wconf 79' lang='lat' dir='ltr'><strong>ad</strong></span> <span class='ocrx_word' id='word_1_901' title='bbox 3304 5789 3420 5844; x_wconf 72' lang='lat' dir='ltr'><strong>dies</strong></span> <span class='ocrx_word' id='word_1_902' title='bbox 3448 5784 3753 5845; x_wconf 61' lang='lat' dir='ltr'><strong>illvm</strong></span> 
     </span>
    </p>
   </div>
  </div>
