4140 6336
350 325 446 395 ισι

1631 334 2109 403 EPISTOL-ABUM
2147 336 2277 401 LIB.
2316 361 2358 397 ι.

3485 337 3594 419 at.

351 443 562 514 triginta
592 442 797 500 dierum
830 446 993 511 vitam
1024 455 1144 517 post
1170 449 1488 505 sententiam
1512 452 1696 519 trahit,
1720 466 1913 509 uncum
1940 457 1996 531 Α
2020 459 2132 519 tur,
2178 450 2397 509 student
2421 452 2540 520 pila:
2567 467 2752 519 senes,
2779 455 2881 525 31
2910 450 3042 509 alea
3080 450 3337 527 juvenes,
3376 460 3398 488 θ
3426 453 3592 519 armis

350 548 400 611 et
421 539 720 611 gemonias,
753 550 807 595 et
835 541 1079 608 laqueum
1113 559 1205 613 per
1231 544 1392 601 horas
1423 547 1711 605 turbulenti
1739 550 1919 622 carni-

350 630 458 697 ficis
481 630 821 697 horrescens.
851 631 956 687 Nos
978 633 1219 702 quidem,
1246 645 1404 705 prout
1433 637 1692 706 valemus,
1724 640 1917 696 absen-

350 732 426 780 tes
456 734 852 795 praesentesque
883 736 1005 781 vota
1035 726 1279 794 facimus,
1335 746 1522 799 preces
1572 733 1919 804 supplicatio-

347 833 546 890 nesque
596 820 951 889 geminamus,
996 829 1053 875 ut
1100 835 1363 892 suspenso
1410 824 1519 879 ictu
1566 827 1676 894 jam
1700 825 1920 895 jamque

346 913 614 968 mucronis
643 913 863 979 exserti,
898 914 1071 983 pietas
1112 915 1347 985 Augusm
1376 920 1724 985 seminecem,
1753 933 1918 988 quan-

342 1018 498 1073 quam
525 1003 632 1074 20
656 1003 937 1073 publicatis
978 1004 1156 1072 bonis,
1189 1006 1272 1061 vel
1303 1015 1331 1043 ι
1358 1008 1550 1063 exsilio
1589 1018 1917 1064 muneretur.

343 1095 434 1151 illo
468 1107 665 1161 tamen,
715 1112 811 1152 seu
840 1106 1114 1167 exspectat
1154 1108 1390 1155 extrema
1418 1116 1672 1172 qumque,
1700 1117 1798 1157 seu
1823 1117 1919 1158 su-

340 1188 543 1257 stinet,
572 1187 839 1245 infelicius
881 1190 1011 1245 nihil
1035 1199 1152 1259 est,
1182 1192 1228 1247 si
1271 1200 1392 1263 post
1420 1201 1495 1247 tot
1536 1203 1689 1249 notas
1715 1193 1919 1252 inustas

339 1279 819 1350 contumeliasque,
849 1282 1049 1355 aliquid
1099 1297 1241 1339 nunc
1279 1284 1509 1355 amplius
1552 1300 1711 1357 quam
1737 1285 1919 1344 vivere

338 1368 512 1425 timet.
558 1370 706 1426 Vale.

876 1463 1208 1521 EPISTULA
1251 1465 1386 1523 νιιι.

610 1552 862 1610 Sidonius
883 1553 911 1593 δ
943 1553 1265 1612 Candidiano
1296 1573 1388 1611 suo
1416 1558 1651 1615 salutent.

398 1645 602 1701 Morari
647 1662 732 1702 me
759 1647 942 1703 Romae
994 1649 1425 1720 congratularis:
1471 1651 1524 1706 id
1557 1661 1734 1708 tamen
1763 1652 1917 1722 quasi

332 1739 544 1804 facete,
589 1750 644 1796 et
686 1740 1052 1811 fatigationum
1085 1743 1284 1799 salibus
1333 1744 1601 1799 admixtis.
1651 1744 1744 1801 Ais
1770 1745 1913 1801 enim

2022 540 2269 609 eunuchi,
2305 543 2498 599 litteris
2530 544 2792 601 fmderati.
2815 545 2895 601 Tu
2932 545 3051 602 vide
3075 546 3248 616 qualis
3286 544 3355 600 sit
3378 544 3586 613 civitas,

2024 638 2112 693 ubi
2156 636 2251 693 tibi
2282 637 2362 693 lar
2390 636 2667 693 familiaris
2694 640 2962 707 incolitur,
2995 655 3113 709 quae
3147 638 3166 678 ί
3201 638 3405 695 facilius
3432 640 3588 696 terri-

2022 730 2218 786 torium
2259 730 2431 799 potuit
2475 730 2674 786 habere
2718 747 2876 800 quam
2926 740 3144 787 terram.
3178 733 3436 801 Quocirca
3479 749 3592 789 me-

2021 832 2203 877 mento
2228 822 2457 877 innoxiis
2487 821 2851 892 Transalpinis
2872 838 2991 879 esse
3006 825 3329 893 parcendum
3345 868 3359 891 ,
3400 825 3592 896 quibus

2019 916 2141 973 eteli
2181 915 2265 971 sui
2286 915 2413 970 dote
2436 916 2725 984 contentis,
2760 930 2865 970 non
2886 917 3104 985 grandis
3132 918 3301 987 gloria
3326 918 3505 987 datur,
3543 917 3589 973 si

2019 1005 2344 1063 deteriorum
2366 1007 2657 1063 collatione
2676 1007 2991 1064 clarescant.
3018 1008 3163 1063 Vale.

2565 1139 2898 1197 EPISTOLA
2934 1138 3027 1194 IX.

2324 1257 2573 1313 Sidonius
2606 1266 2630 1305 8
2662 1255 2890 1310 Heronio
2929 1270 3023 1310 suo
3049 1253 3283 1310 salutem.

2088 1370 2214 1426 Post
2238 1371 2446 1441 nuptias
2470 1371 2680 1440 patricii
2707 1370 3007 1436 Ricimeris,
3029 1369 3081 1425 id
3107 1378 3209 1435 est,
3234 1374 3355 1439 post
3375 1368 3587 1438 imperii

1910 1458 1915 1461 Α
2017 1467 2294 1535 utriusque
2340 1479 2472 1534 opes
2519 1464 2855 1528 eventilatas,
2901 1463 3115 1517 tandem
3163 1461 3395 1516 reditum
3428 1461 3591 1516 estin

2016 1555 2287 1625 publicam
2315 1555 2618 1610 serietatem
2643 1600 2658 1625 ,
2706 1568 2826 1625 qua:
2852 1553 3011 1608 rebus
3052 1550 3334 1607 actitandis
3371 1550 3589 1621 jsnuam

2015 1662 2369 1718 campumque
2400 1647 2666 1717 patefecit.
2690 1646 2898 1702 Interea
2939 1658 3036 1699 nos
3065 1640 3092 1680 ιι
3131 1643 3278 1698 Pauli
3309 1641 3592 1713 praefecto-

2015 1739 2080 1795 rii
2112 1748 2215 1794 tam
2260 1738 2500 1795 doctrina
2548 1752 2705 1808 quam
2755 1736 3040 1791 sanctitate
3092 1733 3408 1790 venerandis
3465 1733 3593 1787 lari-

330 1832 573 1902 gaudere
600 1841 675 1900 te,
705 1834 846 1904 quod
878 1834 1164 1905 aliquando
1193 1838 1528 1893 necessarius
1552 1846 1672 1892 llius
1703 1838 1910 1893 videam
1942 1823 1991 1885 Β
2017 1828 2116 1885 bus
2168 1830 2415 1900 excepti,
2455 1829 2682 1885 comiter
2725 1826 2937 1883 blanda:
2990 1824 3363 1894 hospitalitatis
3405 1822 3595 1879 officiis

328 1926 528 1994 solem,
544 1942 700 1994 quem
726 1927 909 1997 utique
932 1943 1053 1981 raro
1073 1927 1275 1983 bibitor
1298 1930 1543 1985 Ataricus
1567 1929 1911 2000 inspexerim.

326 2016 564 2071 Nebulas
594 2017 738 2071 enim
770 2017 902 2072 mihi
946 2033 1186 2073 meorum
1237 2019 1669 2091 Lugdunensium
1716 2036 1917 2091 exprov

324 2107 478 2175 bras,
521 2119 575 2164 et
595 2110 736 2165 diem
785 2110 1030 2180 quereris
1071 2112 1222 2167 nobis
1264 2113 1522 2167 matutina
1566 2113 1793 2184 caligine
1819 2113 1915 2168 ob-

324 2212 596 2259 structum
625 2203 714 2257 vix
747 2203 1043 2259 meridiano
1078 2205 1284 2260 fervore
1312 2205 1558 2260 reserari.
1594 2206 1658 2261 Et
1685 2213 1738 2259 tu
1782 2205 1912 2261 mihi

325 2294 445 2349 lucc
500 2296 600 2349 ista
629 2292 920 2349 Cmsenatis
961 2295 1103 2351 furni
1135 2296 1306 2365 potius
1344 2312 1502 2365 quam
1539 2297 1719 2367 oppidi
1747 2312 1909 2355 verna

324 2379 683 2435 deblateras?
708 2381 782 2435 De
806 2382 958 2449 cujus
982 2383 1171 2437 natalis
1195 2382 1289 2437 tibi
1318 2383 1441 2447 soli,
1481 2383 1564 2438 vel
1583 2382 1912 2453 jocunditate

322 2472 408 2527 vel
436 2470 767 2537 commodo;
801 2472 924 2541 quid
948 2473 1106 2528 etiam
1130 2475 1246 2543 ipse
1259 2474 1506 2540 sentires,
1548 2475 1672 2529 dum
1690 2478 1905 2546 migras,

316 2563 607 2619 indicasti:
641 2565 711 2619 ita
754 2572 932 2619 tamen
972 2568 1111 2636 quod
1157 2575 1208 2622 te
1235 2566 1503 2622 Ravennae
1533 2569 1740 2624 felicius
1762 2584 1913 2624 exsu-

315 2653 550 2717 lantem,
603 2654 821 2711 auribus
870 2655 1085 2711 Padano
1124 2657 1292 2713 culice
1318 2657 1594 2727 perfossis,
1619 2660 1913 2729 municipa-

315 2746 447 2802 lium
482 2761 734 2801 ranarum
758 2745 950 2816 loquax
971 2748 1124 2803 turba
1148 2748 1479 2803 circumsilit.
1510 2749 1564 2803 ln
1594 2765 1697 2821 qua
1719 2751 1909 2819 palude

314 2836 698 2895 indesinenter
728 2852 905 2894 rerum
938 2839 1175 2894 omnium
1208 2840 1323 2910 lege
1361 2856 1631 2909 perversa,
1661 2843 1796 2897 muri
1824 2858 1911 2897 ca-

314 2931 479 2998 dunt,
511 2948 665 3003 aqum
692 2942 865 2999 stant,
905 2938 1079 2987 turres
1104 2933 1272 2988 fluunt
1292 2973 1307 2999 ,
1341 2948 1504 2987 naves
1533 2935 1719 2989 sedent
1746 2976 1759 2999 ,
1783 2937 1911 3005 aegri

312 3022 691 3089 deambulant,
720 3021 912 3076 medici
939 3024 1139 3091 jaceat,
1172 3022 1353 3091 algent
1386 3023 1601 3091 balnea,
1635 3022 1908 3079 domicilia

313 3112 681 3183 conflagrant,
724 3112 914 3167 sitiunt
940 3113 1069 3179 vivi,
1103 3121 1286 3167 natant
1323 3113 1540 3182 sepulti,
1574 3115 1797 3185 vigilant
1824 3115 1908 3170 fu-

314 3218 430 3273 res,
465 3203 745 3259 dormiunt
788 3213 1103 3274 potestates,
1137 3214 1158 3245 ο
1193 3203 1504 3261 fenerautur
1529 3206 1711 3263 clerici
1732 3252 1747 3278 ,
1786 3208 1907 3280 Syri
1932 3191 1981 3257 C

312 3296 593 3364 psallunt,
625 3294 652 3333 ά
681 3296 1044 3366 negotiatores
1085 3297 1351 3367 militant,
1384 3299 1582 3356 milites
1632 3303 1906 3372 negotian-

311 3458 782 3517 senatusconsulti
800 3458 1092 3529 accessisse
1114 3468 1295 3526 postea
1320 3459 1450 3529 (quo
1470 3468 1711 3529 tempore
1732 3461 1907 3517 incer-

307 3530 460 3598 tum)
496 3528 611 3583 dies
638 3529 770 3582 alios
794 3528 885 3593 20,
919 3536 976 3582 et
1018 3536 1195 3583 tamen
1239 3528 1413 3583 eidem
1446 3528 1910 3587 senatusconsulto

306 3597 562 3655 tributos
588 3598 776 3668 fuisse,
798 3612 905 3666 quo
920 3612 1070 3668 more
1092 3598 1298 3667 legibus
1322 3597 1494 3662 Juliis,
1530 3600 1755 3668 aliisque
1777 3603 1911 3656 mul-

307 3680 370 3726 ta
406 3682 540 3737 quae
562 3667 665 3721 illis
694 3678 877 3735 postea
898 3666 1104 3734 adjecta
1125 3666 1361 3733 fuerunt,
1394 3668 1554 3724 tribui
1576 3666 1755 3725 solere
1773 3672 1910 3739 juris

305 3740 659 3807 interpretes
678 3738 1054 3792 observarunt.

387 3817 419 3845 ι
456 3808 578 3862 Hoc
604 3807 809 3862 Sidonii
843 3808 1089 3877 precibus
1115 3808 1448 3864 concessisse
1468 3808 1679 3864 videtur
1701 3810 1909 3866 Anthe-

300 3880 486 3936 mius.
520 3877 651 3932 Nam
675 3878 1049 3943 Cassiodorus,
1073 3878 1269 3934 Paulus
1291 3878 1549 3935 diaconus
1576 3891 1631 3935 et
1660 3881 1771 3948 alii,
1811 3882 1912 3935 Ar-

301 3949 561 4005 vandum
588 3949 741 4020 jussu
770 3949 1040 4005 Anthemii
1060 3964 1167 4005 non
1195 3959 1389 4020 morte,
1422 3951 1516 4007 sed
1547 3952 1737 4007 exsilio
1766 3953 1910 4007 muis

303 4030 490 4077 latum
526 4019 786 4074 scribunt.

376 4091 410 4132 ιι
439 4089 574 4146 Fuit
598 4092 640 4143 is
668 4092 915 4145 Caesenas
941 4092 1132 4158 patria,
1164 4091 1259 4147 sed
1289 4092 1449 4147 domo
1472 4092 1775 4148 Ravennas.
1806 4094 1911 4148 Ra-

301 4176 557 4218 vennam
589 4162 729 4214 enim
778 4162 1051 4228 migrarat.
1081 4162 1218 4217 Huic
1274 4178 1400 4218 vero
1451 4165 1803 4232 cognominis,
1854 4174 1909 4219 et

301 4233 400 4303 qui
437 4247 545 4302 per
573 4240 783 4305 aetatem
822 4246 953 4287 avus
1001 4242 1121 4288 esse
1153 4234 1342 4302 potuit,
1368 4233 1725 4289 (landidianus
1750 4236 1904 4305 alter,

342 4306 399 4358 ui
426 4301 627 4358 Contra
666 4301 927 4374 Joannem
979 4301 1261 4374 tyrannum
1288 4305 1354 4358 ad
1394 4306 1699 4361 Ravennam
1741 4301 1907 4361 multa

322 4372 870 4447 brtiter_ges_sit:__de
898 4372 1013 4443 quo
1049 4377 1187 4430 inter
1235 4375 1370 4431 alios
1406 4374 1822 4447 Olympiodorus
1854 4381 1908 4433 in

302 4444 594 4510 e'xcerptis
622 4443 814 4496 l’liotii.

383 4517 501 4587 18
536 4524 560 4552 ε
596 4513 789 4588 Procul
832 4524 986 4568 erant
1023 4529 1054 4568 a
1086 4516 1284 4588 fenoris
1322 4525 1527 4586 quaestu
1548 4517 1750 4585 clerici,
1774 4534 1907 4588 quos

302 4584 538 4667 quiquo
563 4585 724 4639 modo
752 4584 1060 4667 fenerentur
1079 4584 1909 4667 ordinehm—overi,‘xabatprzeeat

301 4665 391 4733 ςοῦ
425 4660 889 4733 xixs‘aouncanones
915 4656 1125 4724 jubent.
1152 4658 1516 4733 At_Syr_orum
1557 4677 1643 4716 ars
1691 4656 1907 4730 propria

301 4725 581 4782 fenerar’i.
615 4726 790 4800 Quare
820 4729 1077 4796 Syrorum
1104 4725 1319 4800 nomine
1345 4725 1708 4786 feneratorum
1742 4725 1909 4800 genus

300 4811 471 4852 omne
494 4799 815 4865 complexus
837 4807 938 4860 est,
965 4807 1021 4851 ut
1038 4798 1315 4854 Salvianus
1339 4800 1432 4854 lib.
1456 4815 1509 4854 tv
1525 4801 1592 4855 de
1613 4798 1906 4856 Providen-

240 4866 245 4919 ἕ
301 4868 375 4921 tia
404 4885 447 4942 :_
479 4867 882 4942 Consideremus
909 4868 1051 4942 solas
1096 4870 1559 4942 negotiatorum‘et
1599 4873 1903 4942 Syricorum

300 4940 552 4993 omnium
576 4938 774 5002 turbas,
800 4954 916 5008 qua:
946 4938 1193 5008 majorem
1218 4941 1377 5008 ferme
1403 4938 1668 4995 civitatum
1697 4942 1903 4998 univer-

299 5023 585 5079 versarum
611 5020 804 5076 partem
831 5018 1163 5079 occuparunt.

373 5077 402 5116 ει
434 5080 565 5135 Non
594 5080 765 5151 solum
786 5077 1018 5151 armata,
1045 5078 1141 5135 sed
1163 5081 1306 5137 omni
1332 5096 1550 5151 prorsus
1586 5083 1772 5139 militia
1803 5098 1899 5141 ne-

300 5151 615 5219 gotiatores
646 5148 915 5218 prohibiti.
948 5150 1117 5207 Cod.:
1149 5148 1519 5221 Negoti'atores
1543 5168 1612 5209 ne
1644 5154 1893 5211 militent.

300 5221 575 5295 Militibus
607 5234 818 5295 rursum
850 5236 957 5275 non
982 5223 1093 5295 sola
1139 5232 1460 5295 mercatura,
1504 5225 1601 5281 sed
1629 5227 1897 5295 aliaquo-

339 5307 409 5346 ue
437 5291 644 5359 privati
674 5306 802 5345 usus
827 5293 1036 5361 negotia
1076 5293 1376 5350 interdicta.
1402 5294 1725 5352 Ambrosius
1753 5291 1847 5351 lib.
1884 5312 1903 5352 ι

301 5307 371 5417 ge
392 5362 653 5417 Officiis:
679 5360 881 5416 Etenim
917 5365 955 5416 si
980 5364 1019 5417 is
1041 5365 1123 5417 aui
1148 5365 1438 5417 imperatori
1466 5366 1650 5417 militat
1673 5385 1704 5417 a
1732 5383 1903 5417 susce-

340 5378 371 5417 e
392 5362 653 5435 Officiis;
678 5360 881 5435 Etenim
908 5360 955 5416 ist'
980 5364 1019 5417 is
1041 5365 1127 5435 qui
1148 5365 1438 5435 imperatori
1466 5366 1650 5422 militat
1673 5385 1704 5421 a
1732 5383 1904 5422 susce-

302 5433 586 5503 ptionibus
607 5432 793 5499 litium,
820 5443 938 5489 actu
962 5432 1275 5505 negotiorum
1296 5438 1600 5505 forensium,
1620 5440 1906 5493 venditione

303 5508 572 5579 mercium
623 5505 925 5579 prohibetur
955 5504 1204 5579 immanis
1249 5505 1479 5579 legibus;
1521 5519 1709 5577 quanto
1738 5510 1904 5579 magis

304 5577 394 5649 qui
436 5574 572 5649 ﬁdei
597 5584 787 5649 exercet
814 5575 1052 5629 militiam
1068 5574 1128 5628 ab
1152 5578 1289 5630 omni
1299 5574 1413 5632 'usu
1430 5574 1786 5649 negotiationis
1814 5574 1904 5634 6b-

304 5645 501 5700 stt'nere
525 5644 698 5698 debet.

306 5762 351 5796 ._
382 5715 1140 5796 °_Mtlitare_eu_taucho§_jure
1161 5733 1267 5773 non
1295 5720 1532 5796 potuisse
1561 5722 1732 5791 arguit
1760 5721 1844 5796 lex
1872 5724 1909 5777 «1

305 5780 371 5845 ι
389 5786 469 5846 de
490 5801 560 5845 re
576 5785 800 5847 militari
826 5804 843 5845 :
873 5798 929 5848 et
954 5780 1358 5863 Claudianus'in
1386 5780 1721 5863 Eutropiu'm,
1744 5794 1906 5853 Arma

2017 1922 2419 1978 excolebamur.
2480 1921 2647 1976 Porro
2695 1932 2801 1973 non
2857 1918 2960 1973 isto
3007 1916 3286 1987 quisquam
3341 1914 3461 1968 viro
3511 1920 3596 1968 est

2016 2016 2069 2070 in
2128 2015 2274 2071 omni
2331 2015 2526 2069 artium
2580 2027 2780 2083 genere
2825 2008 3179 2081 praestantior.
3226 2007 3367 2062 Deus
3417 2008 3590 2075 bone,

2014 2124 2134 2181 qua:
2164 2109 2254 2164 ille
2283 2104 2736 2177 propositionibus
2767 2102 3046 2173 aenigmata
3070 2141 3085 2164 ,
3129 2098 3404 2154 sententiis
3441 2098 3593 2153 sche-

2014 2207 2154 2255 mata
2181 2239 2197 2265 ,
2268 2197 2505 2254 versibus
2572 2203 2878 2260 commata,
2943 2190 3122 2267 digitis
3193 2189 3595 2263 mechanemata

2014 2291 2176 2349 facit?
2214 2292 2344 2347 illud
2373 2300 2555 2347 tamen
2585 2290 2637 2344 in
2676 2288 2866 2345 eodem
2894 2286 3191 2343 studiorum
3217 2284 3454 2340 omnium
3484 2284 3595 2339 cul-

2011 2400 2135 2440 men
2178 2383 2490 2450 antevenit,
2537 2382 2678 2453 quod
2726 2380 2888 2435 habet
2929 2379 3053 2433 huic
3079 2377 3331 2433 eminenti
3360 2374 3595 2431 scientiae

2010 2476 2393 2531 conscientiam
2440 2473 2795 2545 superiorem.
2842 2470 3006 2542 igitur
3039 2483 3130 2539 per
3161 2468 3302 2522 hunc
3341 2468 3592 2536 primum,

2010 2568 2056 2620 si
2087 2569 2205 2636 quis
2233 2582 2445 2638 quoquo
2476 2566 2633 2620 modo
2672 2564 2846 2619 aulam
2876 2560 3058 2634 gratia:
3093 2561 3300 2625 aditus,
3332 2559 3551 2631 exploro
3577 2574 3592 2613 :

2011 2671 2129 2712 cum
2163 2657 2264 2711 hoc
2289 2656 2525 2723 confero,
2557 2657 2772 2725 quinam
2804 2653 3138 2724 potissimum
3170 2666 3450 2722 procerum
3475 2665 3595 2719 spe-

2013 2750 2110 2803 bus
2142 2750 2341 2804 valeret
2366 2749 2565 2804 nostris
2595 2748 2868 2818 opitulari.
2896 2746 3004 2801 Nec
3033 2761 3162 2802 sane
3187 2745 3350 2799 multa
3379 2754 3595 2800 cuncta-

2012 2840 2105 2905 tio,
2140 2840 2261 2911 quia
2294 2839 2467 2909 pauci,
2499 2841 2567 2894 de
2595 2854 2821 2910 quorum
2852 2837 3097 2906 eligendo
3121 2835 3413 2906 patrocinio
3438 2835 3595 2891 dubi-

2011 2939 2234 2985 taretur.
2292 2930 2459 2985 Erant
2506 2930 2726 3001 quidem
2788 2929 2840 2983 in
2888 2937 3074 2983 senatu
3124 2928 3365 2998 plerique
3407 2927 3597 2996 opibus

2011 3021 2177 3089 culti,
2207 3037 2404 3093 genere
2441 3024 2546 3093 22
2587 3020 2877 3086 sublimes,
2921 3028 3077 3074 aetate
3123 3032 3343 3090 graves,
3373 3016 3597 3074 consilio

2013 3114 2207 3181 utiles,
2249 3114 2507 3185 dignitate
2548 3113 2715 3181 elati,
2757 3114 3067 3183 dignatione
3114 3126 3469 3168 communes:
3500 3110 3598 3169 sed

2012 3219 2220 3269 servata
2252 3225 2384 3282 pace
2408 3209 2768 3281 reliquorum,
2798 3209 2906 3265 duo
2942 3205 3325 3277 fastigatissimi
3351 3205 3599 3262 consula-

2012 3318 2121 3369 res,
2159 3301 2176 3341 ί
2212 3300 2519 3359 Gennadius
2546 3300 2815 3369 Avienus,
2849 3298 2945 3356 eti
2983 3297 3195 3354 Caecina
3226 3296 3452 3354 Basilius
3486 3310 3597 3369 pra:

2012 3463 2244 3532 relinque
2273 3462 2416 3516 uiris.
2451 3460 2720 3516 Foederati
2739 3468 2941 3527 autem,
2971 3473 3107 3530 quos
3134 3460 3328 3516 iterum
3357 3460 3601 3532 nominat

2011 3532 2107 3586 lib.
2136 3529 2193 3595 ιι,
2225 3531 2445 3600 epistola
2492 3546 2616 3596 xm,
2649 3533 2877 3585 militum
2917 3529 3086 3599 genus
3116 3540 3279 3600 erant
3300 3546 3330 3584 e
3357 3529 3597 3586 barbaris

2010 3599 2281 3671 gentibus,
2326 3616 2445 3671 quae
2478 3616 2575 3669 pro
2621 3601 2874 3671 Romanis
2904 3599 3232 3671 principibus
3258 3599 3593 3671 fmilitabant.

2012 3668 2068 3725 lu
2092 3672 2283 3740 quibus
2334 3668 2484 3722 facile
2527 3672 2793 3739 principes
2824 3668 3133 3740 Gothipqui
3174 3683 3205 3723 a
3245 3670 3597 3726 Constantino

2013 3738 2241 3811 primum
2290 3738 2541 3811 conducti
2592 3740 2971 3794 fcederatorum
3025 3738 3150 3811 inde
3178 3754 3383 3811 nomen
3426 3740 3598 3795 sortiti

2013 3808 2350 3886 ξυιιιεῐόςτθοῐ
2374 3809 2663 3886 φοιδοράῖρι
2694 3812 2743 3864 in
2777 3812 3008 3886 epitome
3024 3808 3485 3886 Novella}_Grazcae
3507 3812 3594 3865 11.

2012 3882 2117 3937 Sed
2152 3879 2440 3936 fmderatos
2464 3879 2527 3935 ei
2564 3881 2681 3935 aliis
2725 3883 2887 3935 etiam
2930 3879 3177 3951 gentibus
3219 3879 3394 3951 dictos
3441 3881 3600 3951 docet

2012 3952 2426 4024 Olympiodorus
2454 3953 2504 4005 in
2530 3954 2798 4022 excerptis
2815 3952 3009 4011 Photii,
3028 3959 3081 4004 et
3107 3950 3312 4004 novella
3334 3950 3397 4005 51
3423 3950 3600 4024 Theo-

2012 4023 2170 4091 doSii,
2200 4038 2317 4093 quae
2348 4027 2671 4077 Sarracenos
2705 4025 2995 4077 foederatos
3025 4029 3430 4077 commemorat.
3463 4023 3595 4079 Item

2013 4095 2309 4163 Procopius
2337 4110 2353 4147 ι
2386 4095 2509 4148 belli
2536 4094 2758 4148 Persici.

2088 4164 2108 4204 ι
2142 4162 2368 4234 Propter
2408 4164 2757 4219 circumfusas
2782 4162 3022 4232 paludes,
3059 4178 3180 4232 quas
3205 4171 3365 4217 terra;
3390 4173 3592 4231 partem

2012 4246 2293 4306 occupant,
2328 4237 2552 4305 ejusque
2583 4251 2734 4288 usum
2770 4244 2987 4306 negant.
3038 4234 3134 4289 Est
3182 4236 3326 4288 enim
3381 4238 3595 4305 pmpric

2012 4305 2159 4363 terra
2179 4324 2295 4376 quae
2325 4317 2506 4360 aratur
2536 4318 2591 4361 et
2610 4307 2831 4360 colitur:
2863 4305 3195 4360 territorium
3222 4319 3437 4375 quoquo
3461 4307 3595 4361 civi-

2012 4380 2138 4433 tatis
2172 4378 2301 4433 fiues
2330 4387 2383 4432 et
2407 4379 2526 4445 jura
2553 4376 2864 4433 tenduntur.

2087 4450 2217 4521 SrAd
2236 4466 2391 4521 quem
2416 4448 2629 4517 scripsit
2651 4450 2936 4521 epistolam
2964 4448 3020 4512 5,
3040 4446 3191 4516 cujus
3220 4445 3594 4521 haut_quodam

2014 4520 2174 4576 modo
2204 4517 2523 4576 succidanea
2569 4528 2689 4582 est,
2732 4519 2939 4587 reliqua
2968 4531 3297 4587 persequens
3343 4517 3597 4587 Romanae

2013 4592 2367 4657 narrationis,
2426 4603 2547 4644 cum
2594 4585 2983 4657 praefecturam
3018 4588 3162 4641 urbis
3220 4586 3446 4653 adeptus
3482 4585 3595 4654 jam

2015 4673 2176 4718 esset.

2084 4733 2115 4769 ίι
2140 4732 2214 4786 De
2235 4732 2336 4785 hoc
2359 4728 2564 4785 Sidonii
2589 4728 2797 4796 hospite
2817 4726 2983 4780 Paulo
3005 4739 3165 4796 quem
3187 4732 3467 4794 tantopere
3487 4725 3598 4780 lau-

2013 4801 2124 4867 dat,
2155 4801 2284 4855 nihil
2317 4806 2674 4868 compertum.

2089 4866 2115 4909 ί
2134 4872 2349 4939 Collega
2372 4866 2732 4939 Valentiniani
2753 4867 2888 4936 Aug.
2908 4867 3139 4939 septimo
3158 4866 3274 4936 ejus
3294 4866 3593 4939 consulatu,

2011 4957 2154 4999 anno
2190 4936 2391 4997 Christi
2416 4940 2543 4996 450.
2586 4936 2750 4993 Vetus
2776 4936 3055 5005 inscriptio
3083 4936 3268 4993 Romae
3297 4938 3351 4992 in
3378 4936 3599 4993 basilica

2010 5014 2079 5073 Β.
2109 5013 2261 5071 Pauli
2294 5030 2308 5064 :

3454 5075 3562 5135 FL.

2085 5220 2101 5273 l
2144 5220 2341 5289 Quinto
2370 5215 2636 5289 antehzec
2660 5229 2801 5289 anno
2823 5214 3011 5289 consul
3040 5228 3160 5289 cum
3187 5212 3427 5289 Yiviano.
3458 5212 3603 5270 Fue-

2009 5300 2095 5349 rat
2117 5282 2257 5348 idEm
2290 5299 2342 5346 et
2372 5287 2654 5359 praefectus
2681 5282 2834 5358 priet.
2863 5282 3155 5359 Italiaejper
3178 5282 3382 5359 aliquot
3395 5298 3595 5359 annos,

2012 5373 2069 5419 et
2096 5354 2455 5433 patricius,'ut
2479 5354 2740 5433 testantur
2760 5356 2983 5433 novellae
3005 5354 3283 5433 Maioriani
3318 5365 3370 5433 e_t
3390 5354 3601 5433 Severi.

2011 5425 2142 5490 Post
2171 5434 2312 5488 hunc
2339 5425 2516 5487 autem
2541 5428 2811 5493 Basilium,
2840 5425 3059 5497 duoialii
3082 5425 3198 5497 ejus
3216 5425 3451 5497 n0minis
3473 5439 3602 5497 con-

2011 5506 2159 5561 sules
2186 5505 2332 5559 iuere
2363 5520 2377 5555 :
2402 5515 2537 5555 unus
2564 5500 2753 5553 ultimo
2770 5510 2911 5553 anno
2933 5495 3211 5562 Odoacris,
3234 5496 3325 5565 qui
3352 5495 3419 5551 ad
3442 5496 3599 5565 hujus

2014 5577 2185 5633 nostri
2213 5573 2502 5630 discrimen
2530 5568 2757 5625 Basilius
2778 5569 2959 5639 junior
2984 5568 3175 5624 dicitur
3194 5583 3223 5623 a
3248 5567 3605 5639 Cassiodoro,

2019 5650 2111 5719 qui
2132 5657 2185 5702 et
2212 5646 2325 5714 ipse
2346 5636 2900 5719 praefectusprmtorio
2920 5638 3083 5719 Italia:
3102 5653 3164 5719 ac
3189 5640 3437 5709 patricius
3460 5636 3557 5719 fuit
3585 5654 3599 5689 :

2016 5708 2158 5775 alter
2202 5708 2457 5771 anno-15
2505 5710 2827 5777 Iustiniani,
2885 5708 3276 5765 ordinariorum
3324 5708 3609 5763 consulum

2014 5797 2341 5861 postremus.
2365 5812 2436 5827 -—
2475 5781 2599 5840 Haec
2626 5791 2753 5838 nota
2780 5776 2846 5837 ad
2874 5796 2995 5854 pag.
3023 5782 3127 5857 ιθ
3162 5781 3420 5850 pertinet.
3444 5776 3613 5857 Eutr.
