4140 6336
509 368 617 429 ωδ

1780 366 2020 423 SIDONII
2058 362 2509 424 APOLLINARIS

3661 358 3767 423 ιιι

509 482 721 539 caeteris
772 477 1253 551 conspiciebantur.
1298 475 1360 530 lli
1403 476 1455 531 in
1502 477 1829 546 amplissimo
1875 482 2085 547 ordine,
2113 486 2168 544 Α
2196 481 2317 549 cili,
2350 491 2541 537 neuter
2578 487 2889 550 sumptuoso
2919 498 2934 537 :
2961 478 3055 537 sed
3085 482 3128 536 si
3171 488 3455 552 utrumque
3485 479 3765 551 coluisses,

507 576 741 646 seposita
784 584 808 611 ⁸
849 570 1195 643 prterogativa
1252 570 1415 639 partis
1465 580 1719 637 armatae,
1764 570 1921 628 facile
1969 584 2091 643 post

504 674 857 739 purpuratum
880 663 1172 734 principem
1202 661 1465 732 principes
1495 671 1665 718 erant.
1697 663 1802 719 Sed
1825 665 1964 721 inter
1989 667 2088 722 lios

506 771 738 828 quoque,
765 768 1069 825 quanquam
1100 753 1381 822 stupendi,
1414 761 1590 807 tamen
1625 754 1760 809 varii
1790 769 2001 823 mores,
2034 767 2088 812 et

505 850 647 921 genii
677 848 851 919 potius
882 861 1038 916 quam
1068 846 1265 915 ingenii
1297 846 1607 906 similitudo.
1648 847 1825 903 Fabor
1862 863 2088 919 namque

504 959 669 1014 super
696 943 777 997 bis
804 941 976 1010 aliqua
1004 938 1345 994 succinctius.
1391 940 1630 995 Avienus
1660 938 1722 993 ad
1750 939 2085 997 consulatum

504 1036 754 1093 felicitate
780 1077 792 1101 ,
831 1032 1058 1087 Basilius
1086 1032 1287 1086 virtute
1319 1038 1657 1100 pervenerat.
1702 1031 1883 1100 Itaque
1914 1030 2086 1100 digni-

504 1139 671 1185 tatum
718 1128 770 1182 in
806 1126 1009 1181 Avieno
1044 1123 1271 1192 iocunda
1312 1123 1593 1187 velocitas,
1644 1124 1698 1176 in
1738 1122 1933 1177 BaSilio
1967 1137 2087 1197 sera

503 1218 859 1275 numerositas
881 1215 1293 1286 prmdicabatur.
1316 1213 1614 1283 Utrumque
1641 1212 1874 1283 quidem,
1903 1213 1945 1267 si
1975 1213 2087 1268 fors

503 1310 704 1377 laribus
732 1306 1162 1379 egrediebantur,
1191 1305 1432 1359 arctabat
1457 1305 1726 1359 clientium
1754 1304 1972 1374 praevia,
1997 1320 2087 1373 pe-

503 1403 775 1470 dissequa,
803 1397 1123 1455 circumfusa
1156 1396 1483 1467 populositas
1510 1413 1522 1449 :
1554 1395 1648 1450 sed
1680 1396 1835 1465 longe
1862 1395 1913 1448 in
1948 1396 2089 1463 pari-

502 1495 606 1552 bus
634 1495 881 1564 dispares
907 1490 1165 1545 sodalium
1190 1502 1312 1558 spes
1338 1495 1394 1543 et
1421 1487 1638 1556 spiritus
1659 1493 1830 1563 erant.
1855 1486 2089 1540 Avienus

505 1590 554 1643 si
584 1588 710 1658 quid
740 1595 943 1657 poterat
969 1624 985 1650 ,
1036 1586 1087 1637 in
1136 1583 1258 1636 filiis
1284 1626 1298 1651 ,
1330 1582 1539 1651 generis
1565 1622 1579 1646 ,
1620 1580 1872 1635 fratribus
1904 1596 2092 1649 prove-

504 1679 698 1735 hendis
728 1676 1081 1740 moliebatur;
1119 1688 1345 1742 cumque
1385 1686 1597 1740 semper
1626 1671 1932 1727 domesticis
1958 1685 2089 1726 can-

507 1774 704 1831 didatis
730 1771 1149 1840 destringeretur
1173 1809 1187 1832 ,
1236 1781 1362 1835 erga
1402 1764 1766 1834 expediendas
1796 1764 2089 1819 forinsecus

2193 572 2403 627 facilius
2441 573 2507 627 ab
2549 572 2751 627 Avieno
2791 571 3231 639 familiaritatem,
3266 588 3296 628 a
3332 573 3529 629 Basilio
3560 572 3765 630 beneﬁ-

2191 664 2332 719 cium
2362 664 2776 734 consequebare.
2814 665 3015 733 Quibus
3044 665 3134 721 diu
3184 666 3431 737 utrinque
3459 666 3682 734 libratis,
3714 666 3767 723 id

2191 765 2446 812 tractatus
2487 766 2704 814 mutuus
2744 760 3097 828 temperavit,
3138 769 3198 816 ut
3234 770 3504 817 reservata
3541 758 3769 817 senioris

2189 847 2490 902 consularis
2520 849 2623 918 23
2653 850 2973 915 reverentia,
2999 850 3051 905 in
3074 850 3288 906 domum
3308 851 3458 921 cujus
3482 866 3581 907 nec
3607 850 3765 907 nimis

2188 951 2311 993 raro
2331 938 2745 1005 ventitabamus,
2776 940 3055 996 Basilianis
3080 941 3255 1012 potius
3283 942 3767 1013 frequentatoribus

2188 1030 2593 1098 applicaremur.
2632 1030 2771 1085 Ilicet
2813 1030 2940 1086 dum
2973 1048 3069 1102 per
3108 1033 3247 1088 hunc
3274 1034 3664 1104 amplissimum
3690 1034 3770 1089 vi-

2188 1137 2305 1176 rum
2335 1122 2533 1191 aliquid
2564 1123 2631 1177 de
2675 1123 2953 1193 legationis
2997 1126 3255 1181 Arvernae
3286 1126 3630 1196 petitionibus
3658 1126 3767 1180 ela-

2187 1214 2474 1282 boramus,
2522 1231 2648 1272 ecce
2692 1216 2927 1272 calendte
2970 1217 3272 1287 Januarite,
3300 1235 3421 1290 quin
3469 1218 3497 1258 δ
3546 1219 3766 1289 Augusti

2190 1308 2425 1362 consulis
2453 1323 2573 1363 mox
2605 1308 2764 1362 futuri
2808 1310 3159 1379 repetendum
3195 1310 3346 1366 fastis
3380 1325 3576 1366 nomen
3607 1324 3769 1380 oppe-

2189 1398 2483 1456 riebantur.
2517 1399 2666 1453 Tunc
2697 1406 2975 1467 patronus,
3008 1415 3031 1439 υ
3063 1401 3176 1466 Eia,
3209 1402 3401 1469 inquit,
3430 1402 3566 1458 Solii
3596 1415 3768 1467 meus,

2189 1504 2488 1559 quanquam
2535 1490 2767 1558 suscepti
2813 1489 2970 1545 officii
3001 1505 3164 1546 onere
3203 1491 3500 1561 pressaris,
3550 1505 3771 1547 exseras

2189 1581 2311 1635 νυιο
2337 1582 2389 1634 in
2416 1580 2727 1649 obsequium
2751 1581 2875 1635 novi
2899 1582 3134 1635 consulis
3160 1589 3395 1637 veterem
3424 1594 3652 1647 musam,
3682 1596 3771 1638 vo—

2192 1672 2355 1727 tivum
2394 1673 2661 1742 quippiam
2714 1674 2799 1728 vel
2840 1674 3195 1729 tumultuariis
3237 1674 3429 1729 fidibus
3470 1674 3770 1730 carminan-

2195 1773 2323 1819 tem.
2394 1765 2651 1819 Prtebebo
2710 1763 3041 1821 admittendo
3093 1766 3335 1832 aditum,
3383 1767 3774 1838 recitaturoque

507 1863 851 1921 ambientium
875 1860 1221 1916 necessitates
1248 1857 1422 1911 minus
1448 1856 1689 1910 valenter
1719 1855 1908 1910 efﬁcax
1936 1864 2050 1909 erat
2075 1872 2087 1907 :
2124 1863 2169 1923 Β
2198 1856 2443 1911 solatium
2472 1896 2486 1921 ,
2529 1858 2882 1927 recitantique
2924 1858 3253 1929 suffragium.
3286 1860 3342 1915 Si
3385 1861 3511 1931 quid
3550 1870 3777 1931 experto

506 1966 562 2013 et
588 1957 643 2012 in
675 1957 775 2010 hoc
804 1953 1155 2009 Corvinorum
1188 1949 1401 2003 familiae
1435 1948 1660 2003 Deciana
1688 1947 2089 2017 praeferebatur,

506 2048 649 2119 quod
681 2045 857 2116 qualia
896 2042 1215 2112 impetrabat
1257 2041 1465 2096 cinctus
1505 2041 1741 2095 Avienus
1785 2040 1933 2107 suis,
1969 2040 2092 2094 talia

504 2139 811 2197 conferebat
842 2136 1068 2191 Basilius
1097 2134 1386 2189 discinctus
1416 2133 1624 2187 alienis.
1667 2131 1853 2187 Avieni
1882 2132 2094 2186 animus

505 2234 667 2298 totis,
699 2237 754 2284 et
780 2228 917 2295 cito,
964 2226 1059 2281 sed
1103 2224 1514 2288 infructuosius;
1564 2222 1744 2277 Basilii
1787 2224 2001 2292 paucis,
2042 2233 2097 2277 et

505 2339 652 2394 sero,
676 2322 769 2380 sed
798 2319 1131 2379 commodius
1160 2317 1517 2388 aperiebatur.
1551 2314 1750 2370 Neuter
1776 2315 1923 2369 aditu
1951 2316 2095 2371 diffi-

714 2482 821 2538 FL.
845 2473 1231 2534 CELERINUS
1266 2473 1329 2525 ν.
1359 2472 1422 2525 D.
1454 2470 1885 2531 SQRINIARIUS

718 2554 850 2607 lNL.
881 2545 1225 2603 PATRICIIE
1252 2542 1445 2598 SEDIS
1475 2542 1624 2595 DEI’.
1656 2542 1738 2594 ID.
1773 2540 1889 2594 ΝΟ-

714 2621 923 2678 VEMB.
972 2618 1035 2673 Ι).
1086 2616 1150 2671 Ν.
1208 2615 1313 2671 FL.
1375 2610 1886 2667 VALENTIMANO

719 2691 882 2747 AUG.
916 2689 1025 2744 VII.
1078 2688 1165 2742 ET
1204 2684 1460 2741 AVIENO
1503 2684 1567 2736 V.
1598 2682 1659 2737 Ο.
1696 2682 1881 2736 COSS.

507 2785 678 2848 Idem,
718 2783 934 2836 biennio
982 2796 1009 2833 a
1058 2774 1881 2848 consulatullionorilicacum‘
1917 2772 2096 2825 Leone

506 2835 695 2925 iia'g'nb
723 2835 803 2906 ad
840 2851 1055 2925 Attilam
1090 2835 1407 2925 regemnfs
1440 2844 1723 2925 lepra-tione]
1751 2845 2091 2925 functusest,

505 2937 569 2982 ut
593 2912 658 2980 cx
686 2925 931 2991 Pr05peri
960 2912 1227 2973 Chronico
1253 2912 1409 2991 didici
1439 2934 1449 2966 :
1480 2912 1817 2991 cuiusverba
1837 2916 1947 2991 _lioc
1977 2912 2093 2967 loco

503 3006 789 3065 propterea
820 2983 1128 3065 subjiciam,
1173 2988 1310 3065 quod
1355 2985 1719 3065 ineluctabilis
1749 2992 1804 3065 et
1837 2983 2097 3065 hactenus

504 3054 757 3123 inaudita:
786 3063 863 3117 rei
890 3054 1132 3115 notitiam
1163 3054 1461 3121 continent,
1486 3072 1605 3109 cum
1636 3056 1685 3107 in
1709 3054 1934 3122 vulgatis
1959 3054 2090 3107 Pro-

507 3138 654 3206 speri
700 3134 1044 3206 editionibus
1072 3129 1405 3184 desideretur
1434 3143 1446 3179 :
1477 3129 1555 3180 sic
1592 3134 1769 3180 autem
1811 3126 2009 3179 habent
2039 3125 2093 3178 in

507 3201 724 3275 antiquo
752 3201 1050 3271 exetnplari
1089 3218 1101 3251 :

847 3308 1159 3349 HEBCULANO
1204 3308 1269 3345 ET
1316 3304 1568 3342 SPOBATIO
1618 3304 1758 3344 COSS.

585 3391 743 3443 Attila
788 3387 1141 3452 redintegratis
1180 3383 1367 3435 viribus
1399 3398 1522 3450 quas
1552 3382 1602 3434 in
1634 3380 1803 3434 Gallia
1832 3381 2093 3448 amiserat,

506 3461 721 3518 Italiam
748 3457 942 3527 ingredi
972 3448 1063 3528 per
1094 3448 1663 3528 Pannoitiasiittendit,
1698 3454 1825 3528 nihil
1839 3453 1978 3528 duce
2006 3469 2098 3528 no-

506 3543 614 3587 stro
636 3532 779 3585 Aetio
802 3524 1079 3582 secundum
1100 3526 1287 3596 prioris
1313 3524 1429 3596 belli
1453 3539 1603 3596 opera
1628 3525 1995 3596 prospiciente;
2026 3525 2096 3575 ita

503 3614 637 3656 utne
653 3600 871 3654 clusuris
883 3598 1083 3664 quidem
1098 3593 1301 3665 Alpium
1314 3594 1491 3660 quibus
1510 3594 1673 3645 hostes
1690 3593 1942 3663 prohiberi
1957 3605 2095 3661 pote-

504 3683 620 3726 rant
649 3668 1014 3726 uteretur:hoc
1038 3664 1203 3720 solum
1232 3668 1338 3734 spei
1367 3664 1471 3717 suis
1495 3679 1755 3732 superesse
1772 3665 2091 3734 existimans,

503 3747 548 3797 si
570 3745 629 3796 ab
652 3742 791 3797 omni
806 3740 960 3793 Italia
977 3753 1092 3791 cum
1113 3733 1416 3804 imperatore
1437 3762 1457 3785 tu
1472 3735 1729 3787 is'cederet.
1753 3733 1857 3788 Sed
1868 3751 1983 3787 cum
2000 3735 2094 3788 hoc

502 3817 709 3884 plenum
737 3810 996 3866 dedecoris
1033 3819 1078 3860 et
1107 3808 1319 3884 periculi
1348 3806 1631 3884 videretur,
1660 3807 1937 3884 continuit
1958 3822 2094 3884 vere-

503 3876 692 3939 cundia
720 3893 907 3936 metum
931 3921 945 3943 ,
976 3888 1022 3931 et
1050 3876 1120 3931 tot
1159 3879 1409 3930 nobilium
1446 3877 1817 3941 provinciarum
1845 3876 2092 3929 latissima

502 3956 757 4008 eversione
781 3952 971 4005 credita
994 3959 1066 4001 est
1086 3949 1279 4001 sa‘vitia
1301 3957 1347 4000 et
1374 3947 1628 4015 cupiditas
1650 3945 1850 3997 hostilis
1869 3946 2086 4015 expleta.

505 4024 754 4091 Nihilque
785 4024 916 4074 inter
942 4020 1111 4091 omnia
1143 4018 1355 4091 consilia
1398 4016 1643 4084 principis
1672 4031 1732 4067 ac
1761 4025 1961 4091 senatus
2001 4034 2091 4084 po-

460 4114 463 4119 '
501 4087 714 4165 pulique
734 4090 953 4165 Romani
971 4088 1226 4165 salubrius
1250 4088 1407 4139 risum
1430 4096 1523 4149 est,
1543 4102 1693 4165 queam
1716 4094 1767 4136 ut
1791 4087 2091 4165 per-legatos

503 4155 611 4233 pax
631 4155 1050 4233 'truculentissimi
1080 4158 1210 4233 regis
1240 4166 1574 4233 expeteretur.
1620 4155 1855 4233 Suscepit
1882 4155 2093 4233 hoc_ne-

501 4226 698 4303 gotium
711 4246 823 4303 eum
834 4230 938 4303 viro
952 4228 1207 4281 consulari
1214 4229 1431 4303 .Avieno,
1452 4235 1503 4303 et
1516 4227 1622 4303 viro
1645 4226 1962 4303 prtefectorio
1979 4226 2092 4279 Tri-

501 4294 634 4373 getio
680 4302 998 4356 beatissimus
1025 4314 1171 4373 papa
1202 4296 1302 4373 Leo
1344 4297 1557 4373 auxilia
1578 4294 1673 4373 Qei
1718 4296 1913 4373 fretus,
1946 4313 2088 4373 quem

502 4365 652 4427 sciret
686 4387 949 4440 nunquam
983 4365 1179 4437 piorum
1228 4366 1485 4440 laboribus
1524 4366 1765 4440 defuisse.
1804 4365 1916 4440 Nec
1944 4367 2089 4440 aliud

500 4453 730 4497 secutum
758 4435 908 4511 quam
938 4435 1325 4511 prwsumpserat
1352 4436 1500 4511 ﬁdes.
1534 4435 1675 4511 Nam
1706 4446 1812 4490 tota
1840 4438 2089 4511 legatione

501 4508 779 4583 dignanter
802 4508 1143 4583 acceptaLita
1167 4509 1365 4583 summi
1392 4508 1669 4583 sacerdotis
1703 4508 1973 4583 praesentia
1990 4523 2090 4583 rex

500 4576 703 4653 ga'visus
729 4591 829 4647 est,
872 4576 929 4653 ut
958 4580 1088 4635 bello
1124 4576 1365 4653 abstineri
1391 4576 1710 4648 praeciperet,
1744 4590 1787 4632 et
1816 4579 1951 4631 ultra
1980 4577 2088 4631 Da-

499 4650 710 4708 nubium
741 4652 990 4721 promissa
1015 4666 1139 4721 pace
1166 4650 1458 4721 discederet.

574 4735 601 4762 ι
640 4718 768 4779 Pars
788 4734 990 4776 armata
1016 4718 1136 4786 est,
1164 4720 1250 4775 cui
1279 4719 1564 4789 opponitur
1591 4719 1782 4775 civilis.
1817 4718 1873 4773 In
1910 4720 2079 4775 Pane-

496 4795 680 4866 gyrico
726 4793 1040 4864 Maioriani,
1088 4790 1156 4847 de
1208 4791 1365 4845 Petro
1422 4791 1678 4860 magistro
1733 4791 2078 4861 cpistolarum

498 4881 613 4935 eius
656 4885 669 4920 :
986 4904 1019 4919 ν,

622 4958 713 5015 Qui
740 4969 848 5005 cum
866 4955 1018 5005 civilis
1037 4954 1291 5015 dispenset
1323 4952 1472 5013 partis
1507 4952 1738 5011 habenas,

620 5020 842 5069 Sustinet
862 5019 1033 5067 armati
1055 5028 1211 5065 curas.

494 5126 747 5196 Vegetius
777 5126 903 5181 item
937 5124 1171 5196 Benatus
1198 5122 1290 5176 lib.
1316 5138 1334 5196 ξ
1366 5137 1381 5176 :
1411 5121 1601 5196 Plures
1628 5122 1862 5196 militiam
1894 5139 2073 5196 seque-

494 5194 678 5249 bantur
700 5205 949 5249 armatam
973 5210 991 5249 :
1018 5194 1232 5247 necdum
1256 5194 1389 5246 enim
1414 5210 1531 5263 pars
1557 5194 1714 5246 civilis
1734 5195 2073 5263 ﬂorentiorem

491 5266 777 5319 abduxerat
795 5269 1128 5336 juventutem.
1161 5263 1218 5316 In
1248 5263 1332 5317 illa
1365 5273 1650 5336 censentur
1680 5264 1769 5336 qui
1791 5278 1937 5317 arma
1965 5273 2075 5336 tra-

493 5345 678 5398 ctant;
727 5333 907 5390 in'hac
935 5335 1027 5404 qui
1054 5336 1200 5404 leges
1224 5373 1237 5398 ,
1285 5342 1339 5389 et
1362 5333 1561 5402 reliqua
1590 5334 1762 5387 stu-lia
1793 5336 1954 5403 pacis.
2008 5333 2078 5388 Ut

493 5421 622 5471 ergo
644 5406 910 5472 duplicem
941 5405 1043 5459 hoc
1075 5406 1193 5458 loco
1229 5413 1470 5457 senatuin
1501 5404 1774 5473 distinguit
1803 5404 2071 5469 Sidonius,

492 5476 571 5528 sic
600 5474 864 5542 duplicem
894 5475 1102 5529 Maximi
1136 5476 1263 5543 imp.
1296 5475 1470 5529 aulam
1502 5473 1754 5530 Paulinus
1798 5474 1889 5530 lib.
1921 5490 1976 5529 nt
2006 5474 2072 5529 de

490 5544 609 5600 Vita
634 5544 693 5600 S.
720 5544 928 5598 Martini
963 5562 977 5599 :

614 5634 866 5703 Adduntur
884 5634 1007 5703 lecti
1029 5648 1276 5703 proceres,
1297 5651 1419 5702 quos
1434 5640 1575 5701 regia
1594 5638 1732 5703 juxta

617 5696 832 5762 Qulmina
851 5697 991 5762 vicini
1012 5695 1239 5762 splendor
1262 5695 1522 5750 connectit“
1535 5695 1744 5762 honoris,

614 5757 843 5823 Insignes
866 5756 1069 5823 trabeis,
1094 5756 1257 5823 legum
1279 5775 1617 5823 armorumque
1635 5756 1866 5813 tenentes

612 5820 896 5882 Arbitrium,
925 5820 1003 5874 vel
1016 5821 1131 5882 jura
1152 5821 1262 5882 fori,
1285 5823 1367 5875 vel
1384 5820 1579 5875 classica
1595 5824 1734 5876 belli.

2110 4661 2163 4722 Ῑ)
2262 4666 2288 4704 ά
2331 4668 2387 4721 in
2415 4661 2679 4736 aliquibus
2710 4661 2743 4720 li

2194 1948 2317 2003 cred
2344 1963 2408 2013 s,
2457 1950 2620 2004 multa
2668 1950 2759 2004 tibi
2807 1951 2947 2005 seria
2988 1952 3090 2006 hoc
3137 1952 3260 2006 ludo
3298 1953 3776 2023 promovebuntur.

2196 2042 2354 2098 Parui
2382 2039 2408 2078 ά
2440 2057 2569 2112 ergo
2600 2043 2879 2112 prmceptis
2912 2061 2924 2096 :
2956 2042 3194 2099 favorem
3243 2044 3331 2100 ille
3377 2060 3482 2099 non
3522 2045 3778 2101 subtraxit

2198 2133 2493 2201 injunctis:
2537 2142 2590 2189 ct
2631 2135 2897 2204 imposita:
2935 2135 3234 2191 devotionis
3279 2136 3593 2205 astipulator
3640 2135 3778 2190 invi-

2198 2234 2314 2280 ctus
2335 2266 2349 2290 ,
2381 2226 2489 2295 egit
2517 2241 2636 2281 cum
2666 2227 2888 2282 consule
2918 2242 3037 2283 meo
3058 2268 3073 2294 ,
3103 2236 3161 2283 ut
3190 2244 3276 2284 me
3310 2238 3334 2265 °
3363 2227 3671 2299 praefectura
3703 2228 3779 2283 fa-

2200 2325 2349 2373 ceret
2376 2319 2583 2373 senatui
2610 2332 2727 2374 suo.
2760 2319 2866 2375 Sed
2898 2330 2975 2386 tu,
3007 2320 3060 2375 ni
3094 2318 3269 2386 fallor,
3296 2320 3536 2389 epistolae
3561 2333 3778 2390 perosus

2275 2472 2382 2542 20
2426 2469 2454 2508 ι’
2501 2471 2811 2538 Anthemii,
2852 2472 2941 2542 qui
2976 2471 3084 2541 jam
3126 2479 3282 2527 antea
3309 2472 3497 2527 consul
3534 2472 3703 2529 fuerat
3728 2472 3778 2529 in

2203 2542 2441 2614 ()riente,
2475 2543 2569 2597 sed
2598 2544 3023 2614 privatus,nunc
3051 2542 3243 2597 iterum
3275 2553 3524 2614 suscepto
3559 2544 3777 2614 imperio

2206 2612 2431 2695 futurus,
2457 2621 2514 2667 ut
2536 2615 2685 2695 novis
2708 2613 3031 2695 principibus
3057 2629 3172 2668 mos
3188 2620 3335 2695 .crat.
3361 2612 3776 2695 Solebatitcnim

2205 2685 2328 2736 novi
2356 2684 2705 2752 imperatores
2742 2684 2999 2753 proximis
3038 2693 3156 2753 post
3186 2684 3392 2753 imperii
3425 2685 3658 2752 auspicia
3686 2700 3776 2739 ca-

2204 2753 2376 2807 lendis
2404 2755 2637 2809 Januarii
2688 2755 3018 2809 consulatum
3048 2754 3207 2809 edere
3231 2796 3245 2820 ,
3277 2756 3415 2824 quod
3448 2756 3566 2810 fasti
3597 2770 3775 2811 omnes

2205 2824 2507 2894 ostendunt,
2538 2835 2591 2880 et
2621 2824 2874 2880 Sidonius
2902 2824 2967 2880 de
2993 2826 3149 2880 Avito
3187 2826 3423 2882 carmine
3453 2828 3486 2882 8
3520 2844 3531 2879 :

2322 2978 2563 3039 Principis
2580 2978 2819 3039 anterior,
2842 2989 2970 3027 nunc
3008 2977 3218 3025 consulis
3257 2978 3351 3025 iste
3376 2981 3599 3025 coruscat

2321 3041 2506 3100 Annus,
2532 3048 2584 3090 et
2600 3042 2777 3089 merita
2800 3040 2981 3088 trabeis
3002 3039 3276 3087 diademata
3299 3046 3540 3088 crescunt.

2196 3189 2399 3246 Plinius
2427 3202 2638 3258 quoque
2664 3187 2843 3257 junior
2884 3187 3094 3257 Trajani
3125 3187 3543 3258 moderationem
3570 3185 3772 3258 laudat,

2198 3261 2340 3329 quod
2371 3257 2510 3313 hunc
2538 3274 2735 3313 annum
2766 3261 2853 3325 qui
2877 3258 2993 3327 ejus
3025 3259 3256 3329 fascibus
3285 3257 3349 3329 (lc
3375 3272 3523 3312 more
3548 3257 3772 3329 debeba-

2202 3327 2285 3384 t‘ur
2308 3375 2322 3399 ,
2374 3330 2593 3398 privatis
2642 3330 2952 3384 consulibus
2981 3328 3201 3382 credere
3239 3327 3485 3383 maluerit
3516 3346 3527 3381 :
3554 3342 3670 3381 eum
3702 3328 3769 3380 ab

2196 3402 2313 3454 aliis
2342 3400 2667 3469 principibus
2716 3408 2856 3454 tanta
2905 3398 3156 3469 aviditate
3183 3399 3474 3452 ambiretur
3499 3442 3513 3466 ,
3544 3406 3602 3451 ut
3627 3398 3768 3451 illum

2197 3471 2436 3539 plerique
2458 3470 2737 3524 destinatis
2756 3468 3062 3524 consulibus
3083 3478 3402 3538 praereptum
3436 3471 3484 3520 in
3514 3482 3572 3522 se
3601 3474 3771 3522 trans-

2196 3541 2417 3598 ferrent.
2450 3541 2582 3594 Hinc
2605 3550 2685 3595 est
2716 3546 2856 3609 quod
2890 3550 3005 3608 post
3036 3548 3271 3607 tempora
3301 3539 3581 3592 Justiniani
3606 3581 3618 3601 ,
3649 3553 3766 3609 cum

2194 3612 2417 3667 sublatis
2442 3612 2746 3665 consulibus
2774 3609 3079 3672 ordinariis,
3108 3609 3158 3663 in
3188 3608 3411 3678 publicis
3436 3608 3772 3663 monimentis

2195 3683 2404 3751 imperii
2446 3683 2600 3735 simul
2629 3690 2682 3735 et
2722 3681 3032 3736 consulatus
3073 3680 3366 3749 principum
3413 3688 3552 3751 nota:
3580 3679 3772 3748 jungcc

2194 3750 2401 3817 rentur,
2433 3768 2574 3806 anno
2605 3766 2711 3804 uno
2737 3751 3001 3821 posterior
3039 3761 3152 3821 erat
3182 3766 3286 3804 tera
3313 3750 3641 3814 consulatus,
3675 3751 3772 3801 hoc

2193 3824 2353 3877 modo
2384 3842 2395 3875 :
2428 3822 2563 3875 Data
2603 3820 2829 3875 kalendis
2860 3821 2987 3875 Maii
3025 3820 3082 3874 (Ι.
3121 3820 3188 3876 Ρ.
3230 3821 3509 3891 imperante
3550 3820 3771 3889 Augusto

2193 3891 2283 3947 Fl.
2320 3893 2561 3947 Heraclio
2586 3936 2600 3956 ,
2639 3909 2775 3946 anno
2816 3908 2868 3947 lx
2895 3932 2912 3956 ,
2958 3901 3004 3945 et
3044 3902 3154 3958 post
3191 3894 3511 3945 consulatum
3549 3891 3768 3960 ejusdem

2192 3980 2327 4016 anno
2374 3979 2503 4028 vni;
2549 3964 2670 4032 quia
2712 3964 2991 4031 imperium
3037 3961 3310 4016 lleraclius
3355 3961 3542 4015 Martio
3589 3974 3769 4032 mense

2193 4035 2405 4101 inierat,
2435 4030 2675 4102 sequenti
2700 4030 2901 4103 deinde
2927 4032 3181 4087 Januario
3214 4032 3684 4103 consulatumLAt
3715 4030 3770 4083 in

2192 4105 2398 4174 synodo
2419 4120 2490 4165 vi,
2514 4101 2731 4159 actione
2758 4105 2813 4166 1,
2836 4102 3168 4174 Constantini
3200 4104 3327 4170 imp.
3353 4117 3524 4156 annus
3552 4101 3620 4155 27
3650 4114 3767 4154 cum

2192 4173 2331 4229 anno
2378 4184 2498 4244 post
2527 4174 2642 4241 ejus
2680 4174 3015 4228 consulatum
3058 4173 3125 4226 12
3161 4183 3533 4244 comparatur,
3579 4185 3771 4244 magno

2191 4241 2402 4300 numeri
2429 4247 2702 4313 utriusque
2731 4244 3029 4305 intervallo,
3060 4253 3335 4312 propterea
3367 4242 3505 4311 quod
3536 4244 3587 4296 in
3617 4241 3770 4295 anuis

2193 4316 2402 4385 imperii
2449 4331 2635 4370 omnes
2666 4316 2699 4369 ii
2728 4323 3105 4383 computantur
3133 4313 3323 4381 quibus
3351 4327 3470 4367 cum
3503 4320 3654 4383 patre
3683 4326 3771 4366 su-

2192 4388 2412 4455 perstite
2439 4396 2560 4441 ante
2588 4387 2939 4455 consulatum
2964 4399 3115 4438 suum
3145 4392 3415 4455 regnarat.

2266 4467 2289 4495 ο
2334 4458 2408 4511 De
2454 4457 2776 4525 panegyrico
2821 4454 3087 4509 Anthemii
3132 4468 3290 4523 quem
3332 4452 3508 4508 Basilii
3561 4453 3770 4508 hortatu

2191 4526 2387 4581 dictum
2420 4527 2531 4591 ait,
2564 4527 2770 4580 dicetur
2798 4539 2896 4579 suo
2930 4526 3048 4579 loco
3078 4541 3091 4577 :
3121 4525 3187 4578 de
3216 4538 3363 4578 more
3390 4533 3568 4579 autem
3601 4539 3768 4577 novos

2190 4597 2434 4653 consules
2456 4596 2925 4720 perpanegzrims
2949 4594 3232 4661 salutandi,
3264 4594 3355 4649 lib.
3384 4610 3496 4663 vin,
3527 4596 3685 4663 epist.
3711 4595 3766 4649 6.

2262 4666 2288 4704 ά
2331 4668 2387 4720 ln
2415 4668 2679 4720 aliquibus
2710 4667 2743 4720 li
2788 4681 2876 4720 τις.
2909 4681 3020 4720 eae.

2788 4681 2876 4731 ris,
2909 4681 3020 4731 ego.

2262 4682 2288 4704 υ
2331 4682 2387 4721 ιη
2415 4682 2679 4736 anquinus
2711 4682 2876 4731 llDl‘lS,
2909 4682 3020 4736 ego.

2260 4748 2282 4775 ε
2326 4738 2457 4792 llinc
2487 4739 2653 4807 liquet
2678 4736 2952 4791 Sidonium
2985 4734 3295 4805 przefeclura
3314 4734 3485 4807 _Urbis
3513 4734 3766 4789 donatum

2183 4810 2251 4863 ab
2270 4805 2557 4863 Anthemio
2582 4824 2618 4861 ll
2642 4807 2880 4874 consule,
2905 4807 3007 4860 hoc
3026 4816 3108 4861 est
3136 4821 3274 4860 anno
3300 4805 3423 4860 468.
3452 4805 3765 4860 Przelectum

2184 4879 2342 4935 Urbis
2363 4878 2665 4948 praefectum
2690 4887 2906 4959 senatus
2925 4886 3100 4959 yoeat,
3123 4877 3245 4959 quia
3272 4883 3499 4959 senatus.
3513 4876 3764 4946 princeps

2182 4959 2321 5020 erat,
2351 4946 2529 5020 patres
2549 4947 2881 5020 consulebat,
2907 4946 2974 5020 de
3003 4946 3423 5020 illisjudicabat,
3447 4946 3768 5020 illorumque

2175 5015 2589 5090 jura'tuebatur.
2613 5020 2837 5073 Senator
2861 5017 2913 5072 in
2941 5017 3190 5090 formula,
3215 5015 3569 5090 Symmachus
3592 5015 3764 5073 lib.‘x.

2182 5087 2351 5161 Epist.
2398 5089 2743 5145 Numatianus
2773 5103 2837 5144 ex
2867 5088 3117 5158 pra‘fecto
3141 5087 3266 5143 Urbi
3296 5104 3311 5140 :

2306 5247 2357 5295 Si
2376 5257 2476 5309 non
2498 5245 2740 5309 displicui,
2757 5258 2989 5309 regerem
3012 5260 3117 5296 cum
3136 5247 3241 5308 jura
3266 5245 3470 5307 Quirini,

2368 5308 2421 5357 Si
2442 5308 2567 5357 α)ιυὶ
2598 5317 2787 5359 sanctos
2807 5308 3122 5371 Consuluique
3149 5315 3326 5370 patres.

2183 5452 2250 5507 Et
2275 5450 2527 5508 Sidonius
2556 5453 2670 5522 ipse
2698 5468 2850 5510 suam
2878 5453 3016 5509 hanc
3040 5450 3410 5523 przefecturam
3450 5449 3502 5504 in
3546 5447 3765 5519 sapphi-

2180 5538 2246 5579 co
2273 5525 2350 5580 sic
2376 5523 2629 5581 describit
2662 5544 2675 5580 :
2982 5550 2985 5553 η

2793 5700 3015 5763 Capiens
3033 5699 3293 5763 honorem,

2302 5766 2389 5824 Qui
2416 5769 2603 5828 patrum
2629 5777 2683 5815 ac
2701 5761 2873 5828 plebis
2884 5762 3021 5812 simul
3045 5775 3171 5811 unus
3185 5761 3319 5826 olim,

2547 5826 2663 5877 lura
2691 5827 2953 5888 gubernat.
3315 5833 3323 5841 ‘
