4140 6336
392 343 496 401 ωε

1652 338 2132 399 EPISTOLARUM
2170 341 2298 398 LIB.
2336 342 2380 397 l.

3547 345 3648 404 466

391 458 767 535 prolixitatem,
795 456 1165 526 voluptuosius
1194 468 1335 511 nunc
1362 464 1388 493 ι
1418 454 1658 525 opusculi
1689 454 1854 525 ipsius
1879 471 1969 510 re-
1995 457 2047 515 Δ
2074 458 2306 526 quinque
2334 455 2633 513 Brundusio
2661 459 2927 528 profectas
2954 460 3059 533 25
3085 471 3206 515 cum
3235 458 3516 529 speciebus
3547 462 3649 517 tri-

392 551 631 625 legendis
669 549 910 606 versibus
954 549 1308 605 immorabere
1331 591 1344 613 ,
1378 547 1530 611 scio;
1582 555 1737 618 atque
1766 547 1836 602 ob
1865 546 1968 603 hoc

392 661 608 705 carmen
644 645 814 715 ipsum
846 642 1039 713 loquax
1083 641 1138 697 in
1175 640 1625 710 consequentibus
1654 640 1838 694 charta
1868 638 1965 695 de-

391 750 603 816 portat,
646 756 765 813 qua:
795 754 891 810 pro
919 754 1005 794 me
1044 738 1258 794 interim
1287 736 1414 793 dum
1452 737 1609 792 venio
1649 735 1838 791 diebus
1869 736 1965 792 tibi

392 836 628 909 pauculis
664 832 1070 889 sermocinetur.
1122 830 1217 885 Cui
1248 831 1292 885 si
1321 830 1583 885 examinis
1631 829 1705 884 tui
1756 844 1968 900 quoque

390 939 583 1002 puncta
612 928 907 983 tribuantur
931 967 946 994 ,
983 941 1134 997 usque
1171 933 1379 996 gratum
1429 923 1556 979 mihi
1578 964 1595 991 ,
1644 938 1706 977 ac
1731 923 1774 978 si
1805 939 1890 978 me
1915 922 1970 978 in

388 1021 606 1079 comitio
660 1019 744 1074 vel
790 1018 929 1072 inter
972 1025 1141 1071 rostra
1201 1016 1591 1082 concionante,
1654 1013 1720 1068 ad
1770 1013 1970 1083 50phos

388 1129 569 1170 meum
593 1152 611 1178 ,
658 1126 761 1165 non
794 1109 953 1164 modo
982 1108 1072 1162 lati
1099 1106 1236 1161 clavi
1261 1147 1277 1172 ,
1322 1105 1417 1161 sed
1450 1105 1721 1160 tribulium
1755 1117 1970 1174 quoque

387 1207 568 1276 fragor
592 1203 971 1259 concitaretur.
1010 1200 1151 1256 Sane
1193 1214 1407 1267 moneo,
1439 1212 1656 1269 prteque
1688 1196 1967 1273 denuntio,

386 1294 700 1369 quisquilias
730 1294 872 1362 ipsas
899 1292 1047 1346 Clius
1074 1300 1177 1345 tua:
1208 1289 1532 1345 hexametris
1570 1290 1790 1346 minime
1832 1280 1999 1346 exui-3

385 1405 542 1461 ques.
591 1388 779 1444 Merito
806 1387 948 1441 enim
973 1385 1165 1440 collata
1190 1385 1382 1439 vestris
1412 1398 1528 1439 mea
1558 1384 1798 1439 carmina
1816 1423 1831 1450 ,
1864 1399 1972 1440 non

387 1482 729 1536 heroicorum
754 1478 1007 1548 phaleris,
1036 1475 1129 1531 sed
1151 1474 1595 1545 epitaphistarum
1618 1476 1807 1530 nzeniis
1826 1489 1972 1530 com-

385 1573 734 1645 parabuntur.
767 1569 837 1624 At
874 1579 1049 1623 tamen
1082 1567 1282 1637 gaude,
1314 1566 1421 1639 π
1447 1567 1590 1635 quod
1618 1566 1706 1622 hic
1735 1569 1852 1636 ipse
1878 1581 1972 1637 pa-

384 1666 695 1737 negyricus,
739 1673 793 1719 ct
831 1663 873 1718 si
906 1678 1011 1717 non
1054 1661 1333 1730 judicium,
1371 1670 1517 1717 certe
1556 1668 1805 1716 eventum
1847 1660 1973 1715 boni

382 1759 568 1830 aperis
616 1755 836 1826 accepit.
887 1754 1263 1823 Quapropter,
1314 1753 1359 1808 si
1405 1761 1583 1808 tamen
1632 1752 1817 1808 tetrica
1848 1759 1974 1807 sunt

2073 548 2160 603 tici
2192 562 2255 603 ac
2278 548 2472 614 mellis,
2500 551 2635 604 ostia
2663 550 2910 606 Tiberina
2944 552 3199 621 tetigisse.
3231 551 3463 617 Quarum
3484 567 3650 609 onera

2071 639 2453 709 exspectationi
2498 640 2667 707 plebis
2691 683 2705 705 ,
2741 643 2785 696 si
2814 642 2939 712 quid
2984 652 3199 699 strenue
3243 643 3416 714 gerit,
3455 644 3650 713 raptim

2072 730 2230 786 faciet
2263 731 2442 787 offerri
2467 772 2481 795 ,
2512 733 2980 789 commendaturus
3014 749 3074 790 se
3116 735 3244 791 mihi
3270 777 3287 803 ,
3314 750 3402 793 me
3431 736 3646 808 populo,

2073 833 2355 894 utrumque
2384 824 2497 880 tibi.
2530 825 2681 880 Vale.

2636 919 2965 978 EPISTOLA
3004 925 3093 979 XI.

2410 1013 2652 1069 Sidonius
2686 1011 2705 1050 ί
2742 1013 2938 1070 Montio
2968 1033 3059 1071 suo
3085 1019 3313 1074 salutem.

2145 1104 2288 1161 Petis
2316 1104 2441 1171 tibi,
2475 1106 2559 1159 vir
2586 1105 2965 1175 disertissime,
2995 1107 3270 1179 Sequanos
3301 1120 3417 1168 tuos
3445 1113 3650 1183 expeti—

2077 1203 2194 1251 turo
2221 1206 2452 1268 satyram
2482 1198 2664 1253 nescio
2693 1212 2849 1265 quam
2873 1242 2889 1266 ,
2923 1200 2967 1254 si
2997 1200 3066 1255 sit
3093 1214 3121 1253 a
3152 1200 3305 1255 nobis
3336 1205 3651 1273 perscripta,

2077 1286 2357 1343 transmitti
2384 1304 2398 1341 :
2421 1288 2560 1357 quod
2585 1289 2828 1359 equidem
2857 1298 2908 1348 te
2934 1292 3232 1360 postulasse
3255 1294 3509 1349 demiror.
3538 1295 3653 1355 Non

2074 1380 2215 1435 enim
2241 1389 2482 1436 sanetum
2506 1392 2607 1449 est,
2630 1393 2687 1437 ut
2706 1383 2773 1439 de
2800 1385 3037 1441 moribus
3060 1386 3215 1441 amici
3238 1388 3342 1441 cito
3369 1402 3654 1458 perperam

2073 1475 2293 1530 sentias.
2343 1475 2473 1531 Huic
2499 1492 2645 1533 eram
2698 1478 2917 1534 themati
2947 1480 3147 1535 scilicet
3192 1479 3536 1535 incubaturus
3556 1521 3570 1544 ,
3601 1478 3654 1535 id

2071 1568 2179 1636 jam
2205 1583 2367 1637 agens
2393 1571 2510 1637 Otii,
2543 1571 2702 1641 idque
2733 1573 2933 1629 habens
2962 1575 3080 1639 mvi,
3112 1575 3253 1645 quod
3274 1575 3524 1644 juvenem
3554 1574 3654 1629 mi-

2076 1661 2423 1734 litantemque
2459 1663 2691 1721 dictasse
2733 1668 3194 1736 praesumptiosum
3226 1668 3439 1733 fuisset,
3474 1666 3653 1737 publi-

2075 1767 2228 1809 casse
2249 1764 2426 1811 autem
2459 1756 2838 1824 periculosum.
2869 1757 2965 1813 Cui
2995 1774 3221 1829 namque
3248 1760 3654 1829 grammaticum

381 1848 705 1905 amoenanda
723 1846 1075 1914 iocularibus,
1097 1844 1219 1899 volo
1244 1844 1485 1913 paginam
1509 1844 1764 1913 glorioso,
1791 1843 1842 1898 id
1864 1851 1968 1910 est,
1998 1836 2048 1898 B
2075 1844 2157 1900 vel
2187 1845 2435 1901 salutanti
2471 1847 2700 1903 Calaber
2728 1848 2818 1904 ille
2849 1864 2955 1905 non
2984 1850 3117 1904 dixit
3142 1869 3155 1902 :

380 1940 540 2013 quasi
569 1938 940 1995 Thrasoniano
978 1937 1082 1992 line
1125 1936 1477 2003 concludere,
1509 1936 1739 1991 Plautini
1772 1936 1971 2007 Pyrgo-

381 2034 652 2106 polynicis
682 2033 933 2087 imitator.
986 2030 1149 2101 Igitur
1173 2044 1294 2085 cum
1331 2030 1397 2085 ad
1441 2030 1806 2099 prmfecturam
1826 2070 1841 2096 ,
1871 2029 1972 2084 sub

378 2142 491 2198 ope
517 2125 738 2192 Christi,
769 2124 893 2194 styli
921 2123 1200 2178 occasione
1232 2121 1585 2191 pervenerim,
1614 2121 1802 2191 jubeas
1829 2121 1973 2177 ilicet

382 2218 413 2259 ιι
444 2234 547 2290 pro
578 2225 841 2288 potestate
886 2216 1143 2283 cinctuti,
1193 2213 1425 2285 undique
1472 2213 1708 2269 omnium
1756 2213 1970 2268 laudum

380 2308 694 2366 convasatis
721 2306 1214 2372 acclamationibus,
1248 2306 1314 2360 ad
1340 2314 1483 2360 astra
1520 2313 1753 2374 portare,
1781 2304 1827 2359 si
1855 2304 1972 2374 pla-

380 2416 512 2469 ceo,
543 2399 901 2468 eloquentiam
931 2415 945 2462 ;
995 2398 1041 2453 si
1070 2398 1326 2467 displiceo
1348 2437 1364 2462 ,
1403 2397 1728 2453 felicitatem.
1780 2396 1974 2453 Videre

380 2490 525 2546 mihi
557 2489 742 2544 videor
771 2498 828 2544 ut
868 2487 1042 2544 rideas
1066 2528 1082 2551 ,
1124 2488 1247 2558 quia
1286 2488 1546 2558 perspicis
1584 2495 1823 2543 nostram
1852 2503 1973 2562 cum

378 2581 557 2639 milite
578 2578 794 2637 Comico
825 2579 1157 2636 ferocissimo
1178 2580 1506 2650 iactantiam.
1538 2580 1688 2636 Vale.

969 2716 1301 2774 EPISTOLA
1341 2717 1409 2772 X.

649 2830 898 2886 Sidonius
932 2839 953 2868 ο
986 2828 1336 2901 Campaniano
1362 2846 1455 2885 suo
1483 2829 1717 2886 salutem.

456 2942 658 3015 Accepi
687 2941 714 2981 ά
747 2958 842 3014 per
869 2943 1178 3011 praefectum
1205 2958 1429 3001 annonae
1459 2945 1664 3001 litteras
1695 2952 1831 3015 tuas,
1857 2947 1977 3016 qui-

376 3037 488 3093 bus
517 3052 637 3092 eum
669 3036 762 3092 tibi
807 3036 1047 3092 sodalem
1082 3044 1318 3092 veterem
1365 3037 1497 3091 mihi
1542 3037 1781 3095 insinuas
1813 3039 1980 3109 judici

376 3144 553 3184 novo.
603 3127 813 3184 Gratias
854 3142 955 3197 ago
983 3141 1204 3198 magnas
1230 3128 1346 3197 illi,
1380 3130 1640 3186 maximas
1670 3131 1805 3201 tibi,
1839 3131 1979 3203 quod

2197 1958 2248 2027 Si
2265 1959 2385 2027 mala
2417 1962 2687 2027 condiderit
2708 1964 2754 2012 in
2791 1978 2934 2027 quem
2958 1967 3068 2027 quis
3091 1967 3317 2026 carmina,
3336 1966 3413 2026 jus
3438 1971 3528 2025 est,

2199 2021 2537 2084 Judiciumque
2555 2025 2579 2074 ?

2147 2122 2250 2178 Sed
2278 2139 2346 2179 ne
2371 2126 2497 2194 quid
2539 2127 2675 2182 ultra
2709 2137 2763 2182 tu
2795 2130 2860 2185 de
2888 2130 3055 2185 sodali
3084 2132 3255 2186 simile
3284 2130 3494 2198 credas,
3527 2129 3654 2200 quid

2074 2212 2233 2268 fuerit
2261 2215 2385 2271 illud
2408 2257 2422 2281 ,
2464 2217 2602 2286 quod
2634 2234 2719 2274 me
2754 2220 2986 2275 sinistra:
3016 2238 3199 2276 rumor
3229 2236 3291 2277 ac
3329 2221 3503 2276 fumus
3541 2219 3655 2289 opi-

2073 2306 2249 2362 nionis
2269 2296 2486 2373 afﬂavit,
2511 2308 2717 2379 longius
2739 2312 2917 2376 paulo,
2941 2313 3036 2367 sed
3056 2314 3123 2368 ab
3143 2314 3349 2381 origine
3370 2326 3655 2381 exponam.

2074 2398 2427 2469 Temporibus
2473 2400 2698 2471 Augusti
2746 2401 3018 2471 Maioriani
3047 2446 3062 2470 ,
3113 2404 3260 2458 venit
3314 2404 3368 2457 in
3424 2402 3658 2456 medium

2075 2491 2256 2547 charta
2284 2496 2592 2551 comitatum
2614 2538 2627 2560 ,
2660 2497 2753 2552 sed
2782 2512 2968 2553 carens
2997 2496 3194 2563 indice,
3224 2511 3476 2551 versuum
3505 2494 3660 2563 plena

2076 2583 2430 2656 satyrieorum
2458 2589 2816 2643 mordacium:
2838 2604 2968 2644 sane
2998 2590 3086 2659 qui
3110 2589 3238 2643 satis
3272 2588 3659 2644 invectivaliter

2078 2677 2227 2732 abusi
2258 2680 2533 2734 nominum
2576 2679 2837 2746 nuditate,
2869 2679 3159 2748 carpebant
3190 2679 3479 2748 plurimum
3509 2678 3660 2744 vitia,

2080 2771 2196 2839 plus
2233 2770 2495 2824 homines.
2545 2770 2688 2825 Inter
2722 2771 2835 2825 haec
2880 2772 3106 2825 tremere
3143 2771 3484 2825 Arelatenses
3509 2810 3522 2832 ,
3556 2782 3665 2837 quo

2079 2861 2182 2916 loci
2206 2876 2293 2917 res
2322 2863 2598 2931 agebatur,
2630 2870 2684 2916 et
2705 2849 2945 2932 qumrere
2970 2876 3128 2931 quem
3160 2871 3433 2930 poetarum
3463 2862 3664 2931 publici

2081 2955 2277 3010 furoris
2321 2957 2513 3009 merito
2552 2955 2759 3022 pondus
2799 2964 3046 3025 urgeret,
3085 2956 3192 3026 26
3220 2956 3283 3009 iis
3311 2956 3541 3009 maxime
3570 2969 3664 3010 au-

2081 3045 2317 3101 ctoribus
2341 3059 2475 3114 quos
2499 3046 2641 3101 notis
2682 3045 2846 3100 certis
2880 3054 3065 3099 auctor
3105 3046 3340 3100 incertus
3369 3045 3665 3099 exacerba-

2083 3144 2252 3192 verat.
2298 3136 2502 3192 Accidit
2530 3150 2655 3189 casu
2683 3175 2696 3201 ,
2726 3144 2784 3190 ut
2814 3145 2838 3183 ε
2870 3135 3163 3191 Catullinus
3193 3136 3414 3190 illustris
3446 3144 3569 3190 tunc
3594 3136 3662 3192 ab

375 3219 651 3277 statuistis
683 3219 751 3275 de
793 3220 1026 3276 amicitia
1058 3234 1211 3288 mea,
1242 3221 1327 3277 vel
1359 3235 1683 3291 praesumere
1719 3232 1859 3290 tuta,
1893 3226 1977 3280 vel
2004 3201 2050 3265 (ἶ
2082 3228 2337 3287 Arvernis
2362 3228 2454 3283 illo
2473 3229 2833 3291 veniret,cum
2855 3242 3068 3297 semper
3092 3228 3242 3297 mihi,
3264 3218 3379 3283 tum
3396 3229 3667 3298 prmeipue

377 3314 565 3369 illmsa
585 3312 825 3370 credere.
853 3312 965 3384 Ego
986 3328 1115 3370 vero
1140 3313 1382 3370 netitiam
1410 3316 1509 3371 viri
1536 3316 1977 3372 familiaritatem-

376 3421 500 3476 que
548 3421 654 3461 non
697 3406 871 3461 solum
912 3406 1139 3473 volens,
1180 3407 1273 3462 sed
1316 3416 1369 3463 et
1405 3408 1592 3464 avidus
1633 3410 1975 3477 amplector:

375 3497 593 3568 quippe
613 3496 702 3565 qui
729 3495 976 3551 noverim
1003 3503 1240 3551 nostram
1268 3510 1479 3567 quoque
1503 3499 1729 3567 gratiam
1758 3499 1860 3555 hoc
1885 3499 1982 3556 ob-

376 3588 587 3655 sequia
628 3600 749 3641 meo
791 3586 903 3640 fore
932 3585 1340 3655 copulatiorem.
1382 3587 1488 3643 Sed
1517 3597 1571 3642 et
1609 3596 1667 3642 tu
1697 3589 1982 3659 vigilantiae

377 3693 514 3737 sua:
538 3693 623 3733 me
642 3719 656 3743 ,
688 3678 739 3732 id
767 3687 869 3744 est,
904 3677 1060 3733 fama:
1088 3692 1224 3733 mea:
1254 3686 1450 3734 statum
1480 3694 1800 3752 causamque
1828 3697 1980 3737 com-

376 3769 619 3829 menda.
675 3768 879 3827 Vereor
921 3778 1101 3825 autem
1154 3785 1222 3825 ne
1258 3779 1282 3807 ο
1315 3769 1508 3827 famem
1547 3773 1725 3841 populi
1756 3774 1984 3830 Romani

375 3859 681 3920 theatralis
708 3874 888 3916 caveae
930 3860 1110 3930 fragor
1149 3862 1403 3927 insonet,
1447 3871 1503 3918 et
1542 3861 1833 3920 infortunio
1861 3881 1984 3922 meo

373 3951 611 4026 publica
635 3950 919 4021 deputetur
945 3951 1172 4007 esuries.
1224 3950 1364 4008 Sane
1392 3951 1536 4008 hunc
1563 3953 1737 4024 ipsum
1766 3970 1795 4011 e
1825 3957 1985 4011 vesti-

374 4048 482 4121 gio
534 4045 600 4101 ad
649 4053 859 4115 portum
905 4044 1118 4100 mittere
1166 4059 1296 4115 paro
1322 4089 1338 4115 ,
1383 4046 1508 4116 quia
1548 4049 1784 4119 comperi
1825 4064 1985 4106 naves

442 4192 496 4269 ,ι
547 4178 858 4269 ξηειθεγιυὶοἰ
897 4178 1272 4246 Anthemiani,
1305 4192 1463 4249 quem
1503 4193 1626 4235 cum
1674 4179 1756 4236 bis
1794 4179 1985 4237 litteris

372 4253 660 4399 "rimati:
679 4321 929 4399 nimirum
972 4320 1322 4399 prmfectoria.
1350 4324 1453 4399 ει
1483 4321 1733 4399 Cinct_nti,
1760 4323 1863 4379 hoc
1901 4332 1982 4399 est

371 4395 562 4454 cincti
588 4401 742 4448 erant
788 4391 1051 4461 praefecti,
1081 4402 1137 4447 et
1162 4391 1253 4463 alii
1284 4391 1471 4463 omnes
1501 4392 1840 4463 magistratus
1869 4395 1984 4463 qui-

372 4470 492 4541 Qus
526 4463 690 4535 gladii
704 4463 1189 4541 jus_erat,quorum
1206 4462 1413 4541 insigne
1439 4462 1707 4541 cingulum
1737 4462 1983 4541 oiha‘ipzriv

372 4533 620 4616 eff-pluvias
648 4537 777 4616 ξιιτὰ
795 4537 964 4605 ξίφους
989 4536 1069 4616 nati
1094 4534 1415 4616 ῖελαμίῶνλοξη
1436 4541 1493 4586 ιιι
1523 4534 1754 4604 loquitur
1769 4533 1987 4616 .Gfego-

372 4603 509 4664 ritis
540 4603 907 4659 Nazianzenus
938 4603 1161 4671 epistola
1192 4603 1259 4657 ad
1302 4603 1608 4659 Africanum
1648 4621 1660 4656 :
1694 4604 1782 4672 qui
1820 4606 1991 4659 honor

373 4676 598 4748 cinguli
622 4674 810 4748 iniure
825 4672 1050 4748 passim.
1067 4673 1199 4728 Hinc
1221 4672 1314 4748 _i_|_la
1346 4674 1609 4748 superius,
1634 4675 1825 4748 cinctus
1844 4678 1994 4748 Avic-

2081 3319 2393 3376 commilitio
2422 3320 2623 3376 recenti
2647 3320 2938 3375 familiaris.
2970 3318 3126 3390 Saepe
3152 3320 3293 3376 enim
3324 3321 3470 3376 cives
3496 3323 3668 3392 magis

2083 3413 2284 3468 amicos
2314 3412 2676 3482 peregrinatio
2709 3411 2856 3466 facit.
2908 3411 3069 3481 Igitur
3101 3412 3321 3467 insidias
3372 3412 3657 3477 nescienti,

2085 3514 2190 3560 tam
2219 3506 2488 3570 Paeonius,
2516 3520 2675 3574 quam
2706 3505 2925 3574 Bigerus
2948 3504 3044 3560 has
3073 3505 3434 3570 tetenderunt,
3466 3512 3525 3559 ut
3550 3506 3666 3574 plu-

2085 3596 2234 3651 rimis
2261 3609 2444 3650 coram
2484 3603 2733 3664 tanquam
2772 3596 2840 3649 ab
2871 3597 3085 3650 incauto
3113 3598 3531 3659 sciscitarentur,
3566 3597 3671 3652 hoc

2088 3702 2284 3744 novum
2315 3702 2528 3742 carmen
2556 3702 2623 3742 an
2651 3695 3081 3755 recognosceret.
3106 3689 3171 3742 Et
3196 3688 3288 3742 ille
3317 3706 3331 3741 :
3362 3689 3437 3751 Si,
3474 3689 3665 3755 inquit,

2089 3779 2352 3835 dixeritis.
2384 3778 2625 3848 Cumque
2659 3778 2856 3833 frustra
2885 3778 3095 3834 diversa
3118 3820 3133 3846 ,
3179 3779 3331 3848 quasi
3365 3794 3459 3849 per
3488 3780 3669 3848 jocum

2090 3870 2427 3927 effunderent
2445 3910 2460 3935 ,
2488 3869 2709 3925 solvitur
2734 3869 3022 3925 Catullinus
3044 3873 3095 3924 in
3119 3870 3306 3935 risum,
3337 3869 3674 3940 intempesti-

2093 3976 2265 4032 voque
2286 3960 2538 4030 suffragio
2566 3960 2802 4016 clamare
2825 3960 3008 4030 coepit,
3039 3960 3258 4030 dignum
3291 3975 3499 4029 poema,
3527 3960 3673 4031 quod

2089 4052 2325 4123 apicibus
2356 4051 2755 4121 perennandum
2796 4053 2994 4107 auratis
3018 4051 3159 4122 juste
3196 4050 3221 4090 δ
3253 4052 3431 4108 tabula
3470 4062 3675 4108 rostra-

2090 4190 2300 4238 meatus
2330 4197 2512 4238 curam
2540 4191 2752 4252 gerunt.

2164 4263 2188 4292 ε
2226 4253 2466 4319 Querela:
2493 4254 2664 4322 panis,
2694 4268 2787 4318 per
2812 4266 2944 4323 quas
2973 4254 3200 4322 populus
3229 4255 3508 4323 ingruente
3534 4255 3675 4310 fama

2092 4324 2529 4387 tumultuabatur,
2566 4324 2795 4389 praefecti
2854 4322 3010 4377 Urbis
3053 4325 3213 4393 capiti
3258 4341 3402 4392 saepe
3432 4325 3678 4381 immine-

2091 4396 2247 4468 bant,
2281 4406 2338 4447 ut
2368 4393 2597 4468 _'I_‘ertulli
2626 4395 2928 4468 exemplum
2958 4394 3112 4468 docet
3143 4394 3282 4463 apud
3313 4395 3677 4468 Marcellinum

2093 4466 2187 4521 lib.
2221 4481 2334 4519 xtx.
2368 4465 2462 4519 Ha:
2489 4476 2663 4519 autem
2700 4465 2749 4518 in
2779 4464 3008 4518 "theatris
3036 4469 3273 4518 maxime
3301 4466 3564 4532 circisque
3585 4480 3680 4517 au-

2013 4505 2069 4565 Ῑ)
2093 4505 3679 4603 ἒὶᾗέιηῖἒιῖίιτ’,’ἷιί›ἷ“ἓῖ’ῥὶ›ίιῖιιῖἱζῖἱὲᾀῖιέιῖἓῗἒὶ’ἷιιῖιὶὶ›ΐῐῖἓὲῖιὶὶὶὶ.

2098 4608 2311 4661 Tacitus
2337 4620 2369 4658 v
2398 4606 2593 4659 Annal.
2624 4606 2672 4656 in
2706 4603 2918 4655 Domitii
2948 4611 3001 4655 et
3041 4603 3314 4656 Scribonia
3347 4603 3625 4657 consulatu
3662 4623 3675 4656 :

2099 4675 2291 4729 Iisdem
2331 4673 2620 4727 consulibus
2657 4673 2902 4741 gravitate
2939 4687 3157 4725 annona:
3188 4674 3343 4741 juxta
3389 4672 3683 4726 seditionem

2101 4756 2300 4800 ventum
2324 4760 2342 4797 :
2364 4745 2620 4812 multaque
2642 4740 2685 4795 et
2708 4740 2878 4812 plures
2900 4757 2988 4808 per
3016 4741 3121 4812 dies
3147 4740 3199 4795 in
3230 4741 3424 4812 theatro
3454 4742 3685 4795 licentius

374 4742 512 4811 nus:
542 4742 773 4799 Basilius
800 4742 1106 4815 discinctus;
1137 4751 1192 4798 et
1220 4742 1315 4798 lib.
1345 4759 1398 4808 v,
1429 4757 1517 4811 ep.
1551 4745 1605 4812 7,
1633 4745 1810 4798 cinctis
1846 4747 1990 4815 jura,

374 4817 665 4874 discinctis
692 4814 976 4886 priuilegia.

462 4899 490 4929 ο
541 4888 636 4943 Sic
686 4883 893 4941 veteres
934 4883 1091 4950 libri,
1131 4898 1239 4937 non
1277 4883 1560 4951 Campania
1592 4900 1609 4937 :
1640 4883 1907 4953 quomodo
1947 4892 2000 4938 et

372 4959 577 5017 Julius
591 4956 761 5012 Ferox
771 4955 1159 5023 Campanianus
1171 4953 1236 5008 ν.
1256 4954 1316 5009 C.
1342 4953 1621 5022 prmfectus
1640 4954 1767 5010 Urbi
1798 4963 2002 5023 tempo-

375 5032 554 5089 ribus
566 5026 876 5082 Diocletiani
895 5025 947 5079 in
958 5025 1189 5093 antiquae
1217 5024 1360 5079 basis
1390 5024 1763 5094 inscriptione:
1779 5037 1827 5078 et
1847 5023 2000 5079 Cam-

377 5101 672 5173 panianus
701 5095 1174 5179 virdisertissimus
1198 5097 1341 5178 apud
1365 5094 1651 5175 Cassiod,l.
1685 5111 1759 5160 tx,
1792 5094 1915 5149 Var.
1943 5096 1998 5149 4.

460 5168 493 5209 d
558 5169 689 5223 Erat
735 5183 780 5222 ts
828 5167 927 5221 sub
974 5164 1212 5235 praefecti
1269 5164 1428 5221 Urbts
1482 5174 1768 5234 potestate.
1821 5166 1998 5233 Quare

379 5241 578 5298 Paulo
606 5242 729 5307 post
765 5236 831 5292 ad
860 5245 1071 5307 portum
1101 5236 1402 5292 Ostiensem
1436 5235 1662 5291 mittitur
1690 5250 1720 5289 a
1749 5235 1995 5304 Sidonio,

380 5322 449 5367 ut
502 5306 837 5365 frumentum
869 5306 1216 5376 quodnaves
1258 5306 1607 5361 Brundusium
1641 5308 1995 5375 advexerant,

380 5398 496 5451 per
530 5378 869 5451 caudicarios
890 5375 974 5451 '_i_n
1005 5375 1198 5451 Urbem
1229 5377 1629 5451 subvehendum
1659 5386 1829 5433 curet.
1878 5378 1997 5451 _Etsi

382 5446 557 5509 cnim
588 5463 787 5518 augere
812 5447 972 5505 Urbis
997 5447 1180 5515 copias
1217 5448 1430 5517 propria
1458 5456 1575 5503 erat
1601 5462 1727 5503 cura
1757 5446 1998 5516 praefecti

318 5512 332 5571 ι
384 5534 673 5575 annonae.
699 5517 888 5574 eadem
916 5526 1101 5571 tamen
1118 5516 1187 5571 ad
1237 5517 1546 5575 praefectum
1602 5532 1813 5575 auouue
1846 5518 2002 5573 Urbis

326 5532 332 5581 l
384 5534 673 5583 annonae,
699 5532 888 5574 eaaem
916 5532 1101 5599 tamen
1118 5532 1187 5571 au
1237 5532 1546 5586 przetectum
1602 5532 1813 5599 quoque
1847 5532 2001 5573 urnis

388 5603 669 5649 :anouam
697 5588 764 5643 ad
784 5600 1114 5658 superiorem
1140 5596 1456 5658 potestatem
1493 5588 1825 5658 pertinebat,
1867 5588 1913 5658 l.
1950 5588 2001 5653 l,

388 5603 669 5649 sanouam
697 5602 764 5643 aa
784 5602 1114 5668 superiorem
1140 5602 1456 5714 {Iolestatem
1493 5602 1825 5669 pertinebat,
1867 5602 1904 5643 t.
1950 5602 2001 5653 ι,

386 5661 508 5717 cod
569 5658 640 5715 de
666 5658 847 5715 officio
871 5656 1115 5728 Praefecti
1196 5658 1298 5712 l‘bl.
1330 5657 1511 5728 itaque
1540 5666 1595 5713 et
1622 5658 1872 5713 Sidonius
1903 5657 2005 5713 hoc

391 5731 569 5791 loco,
595 5734 650 5783 et
665 5729 1014 5801 Symmachus
1044 5727 1137 5782 lib.
1162 5744 1219 5794 x,
1247 5743 1333 5798 ep.
1364 5727 1456 5801 48,
1480 5728 1794 5798 praefectura
1823 5729 2004 5784 urbica

394 5798 723 5875 fungentes
751 5814 1087 5859 communem
1127 5812 1249 5857 cum
1306 5798 1559 5869 praefecto
1597 5814 1823 5858 annonas
1860 5815 2007 5857 com-

2103 4815 2400 4884 eﬁlagitata.
2437 4810 2899 4884 Defuireensialio
2930 4811 3158 4865 tumultu
3186 4810 3684 4884 qui_Constan_t_ino-

2104 4880 2449 4954 poli'accidit,
2487 4883 2755 4954 Eunapius
2780 4883 2831 4936 in
2862 4880 3092 4954 Sopatro
3125 4898 3138 4933 :
3171 4881 3237 4954 de
3268 4881 3511 4954 Romano
3539 4882 3688 4937 Zosi-

2106 4950 2225 5009 inus
2256 4954 2351 5007 lib.
2384 4969 2437 5017 v,
2466 4952 2677 5023 quando
2710 4951 3023 5023 lleracliano
3060 4953 3257 5023 comite
3292 4950 3487 5023 Africa:
3522 4965 3686 5023 occu-

2105 5034 2255 5094 patos
2282 5034 2463 5091 portus
2484 5020 2711 5079 tenente
2742 5022 2921 5078 feralis
2950 5022 3034 5077 illa
3066 5037 3167 5077 vox
3199 5022 3253 5076 in
3282 5022 3429 5076 circo
3460 5020 3640 5077 audita
3670 5039 3686 5078 :

2103 5093 2248 5150 Pone
2279 5099 2494 5164 pretium
2519 5095 2664 5148 carni
2686 5096 2940 5148 humanm.
3106 5163 3111 5164 γ
3264 5162 3273 5164 _
3488 5162 3509 5164 ῃ
3582 5162 3590 5164 Α
3642 5124 3655 5136 .

2182 5165 2200 5204 τ
2243 5162 2511 5235 Sequano,
2535 5174 2593 5220 ut
2611 5166 2780 5235 prima
2802 5165 2982 5219 statim
3006 5163 3167 5235 verba
3190 5162 3445 5235 indicant.
3478 5162 3686 5233 Scripta

2104 5247 2186 5293 est
2210 5233 2434 5307 epistola
2460 5233 2789 5305 temporibus
2817 5233 3122 5307 Anthemii;
3155 5234 3247 5289 sed
3278 5248 3339 5288 ea
3370 5245 3552 5307 narrat
3572 5249 3692 5307 quae

2105 5303 2398 5378 Maioriano
2428 5303 2687 5377 regnante
2728 5305 3068 5378 acciderant,
3119 5318 3294 5369 anno,
3347 5312 3405 5358 ut
3447 5303 3691 5359 Severini

2105 5377 2415 5434 consulatus
2438 5378 2690 5443 ostendit,
2714 5377 2840 5431 461.

2181 5459 2205 5496 8
2250 5448 2306 5503 ln
2355 5448 2646 5518 epigraphe
2692 5447 2945 5518 carminis
2990 5446 3059 5500 12
3109 5459 3216 5518 non
3262 5446 3493 5518 amplius
3534 5459 3693 5518 quam

2109 5516 2796 5587 clarissimus'appellatur.
2847 5517 3060 5587 Honore
3103 5517 3260 5584 igitur
3289 5526 3379 5570 aut
3418 5516 3696 5587 privilegio

2112 5590 2361 5660 quopiam
2398 5585 2623 5660 ornatus
2647 5596 2829 5657 postea
2859 5586 3031 5642 fuerat
3059 5601 3166 5660 quo
3193 5588 3343 5660 ﬁeret
3377 5585 3622 5660 illustris.

2184 5654 2235 5697 ¹ι’
2256 5661 2449 5727 Digna,
2482 5654 2682 5727 inquit,
2714 5668 2889 5726 satyra
2913 5698 2927 5720 ,
2960 5654 3159 5726 quae‘in
3190 5672 3263 5712 (es
3288 5657 3452 5712 incisa
3491 5673 3585 5724 pro
3612 5669 3699 5709 τος

2114 5731 2240 5787 stris
2265 5731 2349 5785 vel
2382 5729 2434 5782 in
2458 5727 2720 5797 Capitolio
2750 5729 2886 5782 inter
2914 5730 3090 5798 legum
3121 5743 3183 5783 ac
3221 5728 3554 5797 publicorum
3588 5740 3699 5780 tno~

2117 5809 2490 5859 numentorum
2522 5800 2726 5858 tabulas
2755 5800 3070 5858 collocetur.
