4140 6336
521 395 627 455 ιδτ

1805 378 2051 440 SIDONII
2090 377 2539 437 APOLLINARIS

3689 375 3791 435 εδδ

523 510 589 565 iis
620 507 916 576 acciperet,
946 509 1036 555 aut
1066 496 1226 555 etiam
1253 494 1573 567 Capitolina.
1606 494 1857 551 Paeonius
1886 496 2108 564 exarsit,
2135 502 2192 565 Α
2217 503 2343 550 tunc
2368 494 2626 565 incipiunt
2652 493 2963 562 dignitates.
2996 493 3160 564 Igitur
3178 493 3281 549 iste
3294 493 3372 548 sic
3399 493 3786 563 praefectorius,

522 605 604 659 cui
637 598 900 670 satyricus
940 594 1029 648 ille
1078 605 1313 646 morsum
1358 590 1533 644 dentis
1577 589 1725 659 igniti
1756 588 1962 643 avidius
1994 589 2098 641 im-

524 700 795 766 presserat
835 707 849 744 :
898 697 1056 757 atque
1086 686 1151 741 ad
1196 693 1433 739 astantes
1477 684 1861 749 circulatores,
1894 682 2105 751 injuria:

523 783 841 850 communis,
867 781 1059 850 inquit,
1084 780 1193 848 jam
1220 790 1368 832 reum
1394 776 1588 831 inveni.
1624 772 1823 829 Videtis
1850 771 2106 829 utCatui-

524 880 664 933 linus
692 874 900 945 deperit
932 872 1083 927 risu?
1138 874 1371 941 Apparet
1396 871 1443 924 ei
1476 878 1603 923 nota
1630 868 1941 923 memorari.
1972 867 2106 921 Nam

524 985 642 1040 quae
670 982 828 1023 causa
847 964 1105 1035 compulit
1128 963 1372 1019 festinam
1403 964 1734 1032 praecipitare
1763 962 2104 1025 sententiam,

523 1063 624 1118 nisi
648 1061 790 1132 quod
814 1061 925 1131 jam
954 1065 1106 1114 tenet
1135 1066 1337 1123 totum,
1373 1055 1461 1125 qui
1489 1056 1557 1110 de
1587 1061 1734 1124 parte
1760 1056 1837 1109 sic
1860 1054 2108 1125 judicat?

520 1149 703 1228 Itaque
726 1154 979 1212 SidOuius
1006 1152 1223 1208 nuncin
1254 1150 1497 1205 Arverno
1517 1157 1600 1204 est
1630 1163 1645 1201 :
1679 1144 1819 1201 unde
1844 1146 2109 1216 colligitur

523 1256 746 1304 auctore
765 1247 877 1315 illo,
905 1246 1009 1301 isto
1036 1246 1300 1312 auditore,
1325 1258 1438 1299 rem
1461 1251 1680 1299 textam.
1707 1242 1814 1297 itur
1843 1241 1898 1295 in
1922 1241 2104 1308 furias,

521 1342 684 1412 inque
725 1341 963 1396 convicia
1008 1340 1286 1406 abaentis,
1333 1336 1658 1403 nescientis,
1701 1335 2109 1405 innocentisque

516 1434 892 1498 conscientize;
927 1426 1051 1485 fidei
1078 1430 1360 1501 qutestioui
1383 1429 1457 1483 nil
1487 1437 1812 1484 reservatur.
1844 1428 1935 1484 Sic
1965 1426 2106 1483 levis

519 1520 690 1581 turbae
721 1520 1052 1589 facilitatem,
1085 1528 1187 1594 qua
1219 1523 1408 1588 voluit,
1432 1522 1701 1578 contraxit
1737 1535 1967 1590 persona
2013 1532 2109 1590 po-

518 1614 741 1685 pularis.
796 1615 923 1670 Erat
969 1616 1114 1669 enim
1141 1615 1258 1685 ipse
1286 1615 1532 1669 Paeonius
1580 1614 1766 1683 populi
1818 1620 1983 1683 totus,
2017 1616 2106 1684 qui

521 1706 811 1763 tribuuitiis
838 1706 1051 1762 flatibus
1080 1707 1277 1762 crebro
1306 1706 1633 1762 seditionum
1658 1706 1879 1776 pelagus
1912 1704 2103 1775 impel~

520 1801 675 1857 teret.
705 1801 969 1857 Caeterum
998 1802 1045 1855 si
1085 1800 1423 1870 requisisses,
1469 1799 1559 1869 qui
1607 1811 1797 1868 genus,
1830 1796 1971 1851 unde
1999 1797 2097 1851 do-

2219 586 2299 642 sic
2325 594 2541 641 senator
2583 585 2759 658 (cujus
2806 584 3046 641 moribus
3094 578 3235 656 quo'd
3266 587 3531 655 praeconia
3575 602 3790 656 compe-

2210 680 2374 734 tentia
2401 693 2506 734 uou
2534 693 2597 734 ex
2629 692 2752 735 asse
2783 680 3051 751 persolvo,
3083 681 3264 749 generi
3318 680 3399 734 sui
3431 682 3670 736 moribus
3699 684 3791 738 de-

2209 770 2356 843 beo),
2384 772 2675 828 multorum
2709 774 2827 842 plus
2851 787 3011 843 quam
3043 771 3305 827 honorum
3347 774 3471 827 odia
3505 776 3793 832 commovit

2210 867 2385 922 adhuc
2413 867 2678 937 ignoranti
2705 866 2857 932 mihi,
2889 866 3061 921 adhuc
3090 866 3284 931 amico,
3318 875 3567 936 tanquam
3593 870 3792 925 saeculo

2212 975 2331 1015 meo
2352 974 2545 1015 canere
2580 959 2725 1015 solus
2773 974 2930 1015 versu
2972 959 3225 1014 valerem.
3286 959 3451 1016 Venio
3497 961 3788 1030 Arelatem,

2210 1050 2343 1105 nihil
2372 1050 2545 1105 adhuc
2575 1050 2850 1120 suspicans
2881 1067 2893 1103 :
2925 1050 3065 1104 unde
3097 1051 3279 1105 enim?
3302 1066 3603 1121 quanquam
3635 1062 3790 1121 puta-

2210 1157 2298 1197 rer
2324 1142 2392 1197 ab
2426 1141 2655 1197 inimicis
2686 1154 2791 1196 non
2819 1139 3129 1206 adfuturus;
3161 1156 3223 1196 ac
3251 1142 3487 1212 principe
3517 1144 3793 1213 postdiem

2209 1237 2347 1302 viso,
2388 1238 2440 1291 in
2466 1236 2643 1291 forum
2671 1250 2737 1291 ex
2761 1250 2913 1290 more
2938 1234 3246 1299 descendo;
3295 1234 3437 1305 quod
3484 1235 3575 1289 ubi
3618 1235 3792 1291 visum

2210 1336 2293 1385 est
2344 1327 2485 1383 illico
2531 1328 2771 1398 expavit,
2803 1335 2862 1382 ut
2920 1327 2994 1381 ait
3042 1326 3154 1395 ille,
3187 1328 3296 1398 28
3334 1326 3408 1381 nil
3435 1327 3645 1382 fortiter
3664 1340 3793 1383 ausa

2211 1423 2423 1481 seditio.
2493 1422 2597 1478 Alii
2650 1432 2828 1477 tamen
2893 1420 3027 1475 mihi
3071 1421 3192 1491 plus
3245 1435 3405 1489 quam
3469 1419 3685 1475 deceret
3726 1419 3794 1474 ad

2208 1530 2381 1586 genua
2412 1515 2653 1585 provolvi
2677 1530 2695 1578 ;
2719 1513 2807 1568 alii
2835 1528 2903 1568 ne
2925 1513 3242 1577 salutarent,
3270 1509 3297 1548 (ι
3323 1511 3507 1582 fugere
3539 1520 3659 1581 post
3686 1519 3794 1567 sta—

2210 1617 2348 1672 tuas,
2383 1605 2556 1663 occuli
2594 1615 2718 1677 post
2758 1606 3066 1672 columnas;
3094 1604 3183 1660 alii
3226 1604 3428 1672 tristes,
3463 1604 3796 1674 vultuosique

2208 1706 2405 1776 junctis
2432 1704 2564 1760 mihi
2609 1704 2863 1761 lateribus
2905 1705 3173 1761 incedere.
3218 1705 3315 1760 ilic
3359 1720 3480 1776 ego,
3529 1706 3657 1775 quid
3690 1704 3795 1761 sibi

2216 1799 2333 1855 hmo
2364 1799 2526 1854 vellet
2548 1800 2599 1854 iu
2624 1799 2728 1854 illis
2779 1799 3045 1868 superbia:
3093 1799 3290 1866 nimiaa,
3335 1799 3388 1853 in
3436 1799 3553 1854 istis
3580 1801 3795 1856 humili-

524 1908 650 1959 mo;
701 1908 808 1947 non
850 1892 1169 1946 eminentius
1199 1905 1355 1960 quam
1389 1898 1414 1926 ι
1465 1888 1861 1956 municipaliter
1903 1894 2095 1942 natus:
2130 1876 2180 1937 Β
2206 1893 2329 1948 tatis
2360 1894 2526 1947 forma
2550 1936 2565 1962 ,
2590 1893 2794 1957 mirari,
2828 1906 2927 1946 nec
2957 1892 3097 1946 ultro
3119 1898 3295 1946 tamen
3342 1904 3533 1946 causas
3568 1892 3797 1947 interro-

524 1999 848 2056 quemquem
880 1987 1019 2039 inter
1048 1984 1196 2038 initia
1224 1983 1325 2055 27
1358 1982 1632 2051 cognosci,
1680 1981 1895 2035 claritas
1924 1979 2102 2035 vitrici

523 2083 692 2150 magis
721 2095 879 2149 quam
913 2079 1077 2148 patris
1103 2078 1308 2133 fecerit.
1347 2074 1637 2130 identidem
1690 2081 1866 2127 tamen
1896 2088 1992 2141 per
2024 2072 2103 2125 fas

520 2174 778 2244 nefasque
804 2186 1047 2229 crescere
1073 2172 1365 2235 affectans;
1395 2169 1748 2239 pecuniaeque
1789 2181 1884 2235 per
1932 2165 2104 2220 avari-

520 2260 652 2320 tiam
684 2278 898 2334 parcus,
930 2279 1026 2334 per
1053 2263 1310 2317 ambitum
1337 2262 1617 2331 prodigus.
1647 2259 1885 2327 Namque
1929 2267 1987 2311 ut
2028 2257 2105 2311 fa-

525 2362 688 2416 milia:
712 2360 977 2429 superiori
1028 2372 1123 2428 per
1162 2358 1324 2411 filiam
1373 2357 1553 2410 saltim
1603 2368 1908 2425 quanquam
1937 2353 2105 2409 hone-

522 2455 813 2509 stissimam
842 2454 1176 2523 iungeretur,
1212 2459 1400 2505 contra
1438 2449 1671 2519 rigorem
1715 2446 1869 2502 civici
1901 2445 2102 2510 moris,

523 2546 880 2616 splendidam,
910 2554 972 2601 ut
997 2546 1194 2609 ferunt,
1230 2543 1410 2598 dotem
1435 2539 1695 2596 Chremes
1742 2548 1922 2593 noster
1953 2538 2108 2592 Pam-

520 2638 668 2709 philo
694 2653 793 2694 suo
819 2639 1047 2695 dixerat.
1102 2636 1343 2706 Cumque
1372 2634 1439 2688 de
1468 2632 1799 2702 capessendo
1830 2630 2104 2685 diadema-

522 2737 576 2787 te
606 2732 631 2770 δ
658 2733 957 2802 coniuratio
985 2729 1326 2784 Marcelliaua
1354 2736 1701 2796 coqueretur,
1735 2722 1997 2777 nobilium
2020 2721 2106 2791 ju-

521 2824 723 2877 ventuti
755 2820 1067 2892 signiferum
1089 2832 1210 2875 sese
1238 2820 1294 2872 in
1329 2817 1557 2872 factione
1580 2815 1912 2885 praebuerat:
1945 2813 2107 2867 homo

522 2913 699 2971 adhuc
726 2929 895 2969 novus
925 2915 976 2968 in
1003 2920 1298 2971 senectute.
1338 2910 1511 2966 donec
1560 2908 1847 2979 aliquando
1886 2915 2108 2978 propter

518 3007 889 3077 experimenta
917 3005 1091 3061 felicis
1120 3004 1377 3069 audaciae,
1412 3002 1670 3056 natalium
1702 3001 1821 3071 ejus
1865 2999 2111 3055 obscuri-

516 3098 616 3153 tati
657 3097 806 3152 dedit
861 3096 1056 3151 hiantis
1104 3093 1398 3164 interregni
1452 3094 1586 3148 rima
1636 3092 1919 3162 fulgorem.
1974 3090 2106 3146 Nam

525 3192 749 3244 Vacante
779 3188 922 3254 aula,
956 3188 1273 3256 turbataque
1311 3186 1615 3255 republica,
1665 3185 1814 3239 solus
1862 3185 2108 3239 iuventus

522 3286 627 3348 est,
658 3281 748 3349 qui
777 3279 844 3333 atl
902 3278 1102 3334 Gallias
1142 3276 1623 3339 administrandas,
1675 3275 1905 3329 fascibus
1960 3275 2110 3343 prius

526 3382 684 3437 quam
715 3370 980 3425 codicillis
1008 3374 1171 3424 ausus
1204 3368 1429 3437 accingi,
1469 3366 1745 3421 mensibus
1791 3365 1970 3420 multis
2017 3367 2110 3420 tri-

520 3450 689 3519 bunal
736 3463 1025 3519 illustrium
1089 3471 1413 3532 potestatum
1466 3458 1771 3529 spectabilis
1823 3458 2111 3528 praefectus

524 3559 839 3616 ascenderet
865 3577 878 3613 :
907 3570 1047 3613 anno
1071 3566 1284 3627 peracto
1314 3554 1518 3609 militiae
1543 3556 1797 3608 extremae
1820 3551 2108 3607 terminum

525 3651 669 3706 circa
695 3651 783 3705 vix
812 3651 1127 3716 honoratus,
1159 3657 1183 3686 ε
1212 3647 1648 3701 numerariorum
1678 3656 1848 3708 more,
1890 3657 1984 3699 seu
2010 3658 2109 3713 po-

524 3743 629 3798 tius
666 3743 1071 3809 adVocatorum,
1121 3753 1348 3813 quorum
1386 3752 1509 3794 cum
1548 3737 1808 3793 liniuntur
1842 3738 2105 3806 actiones,

596 3956 624 3987 ι
649 3946 813 4016 Cujus
839 3949 1090 4001 nimirum
1120 3948 1352 4015 majores
1391 3945 1656 4017 publicam
1685 3946 1881 3999 nullam
1930 3944 2103 4017 digni-

516 4020 685 4074 ‘tatem
714 4019 1017 4101 attigerant,
1042 4018 1136 4072 sed
1160 4019 1295 4070 intra
1327 4016 1734 4101 municipiorum
1764 4030 1978 4101 suortim
2006 4016 2101 4101 ho:

523 4103 688 4143 nores
714 4103 779 4142 ac
818 4086 937 4156 jura
989 4096 1399 4142 consenuerant.
1449 4086 1731 4153 Quomodo
1776 4096 1830 4139 et
1876 4086 2100 4153 Augusti

525 4172 680 4213 avum
722 4158 1133 4224 municipalibus
1169 4161 1274 4227 22
1320 4159 1640 4226 magisteriis
1681 4163 1993 4227 contentum
2018 4156 2102 4227 vi-

524 4229 675 4282 xisse
703 4237 883 4281 narrat
912 4224 1346 4293 Suetoniitisczip.
1368 4224 1427 4279 ἓξ
1454 4227 1641 4281 Cicero
1668 4240 1765 4293 pro
1792 4225 1937 4295 Sylla
1968 4242 1979 4278 :
2008 4224 2097 4279 Est

523 4297 657 4353 enim
682 4298 794 4366 ipse
826 4313 857 4350 a
884 4310 1111 4349 materno
1167 4311 1346 4365 genere
1387 4296 1737 4365 municipalis.
1793 4296 2099 4365 Eodemque

518 4365 713 4432 sensu,
739 4367 860 4436 quia
914 4368 967 4420 in
1013 4365 1317 4434 municipiis
1361 4366 1645 4436 humiliora
1689 4374 1745 4420 ct
1789 4366 2098 4421 obscuriora

525 4447 651 4492 sunt
676 4435 877 4502 omnia,
919 4438 1282 4503 municipalem
1311 4435 1537 4490 scholam
1575 4437 1843 4491 Ausonius
1873 4437 1936 4489 ad
1959 4437 2097 4491 Gra-

526 4508 754 4572 tianum,
783 4517 837 4561 et
867 4508 1119 4563 Sidonius
1148 4508 1240 4562 lib.
1270 4522 1343 4572 tv,
1379 4508 1433 4569 3,
1474 4507 1809 4574 municipales
1850 4516 2096 4575 oratores,

525 4576 842 4649 iugcermine
870 4579 935 4631 ad
964 4578 1202 4633 Felicem
1229 4578 1564 4648 municipales
1590 4586 1761 4649 poetas
1788 4576 1921 4632 dixit
1946 4577 2099 4647 igno-

522 4646 658 4704 biles
684 4656 741 4703 et
759 4648 1036 4703 obscuros.

594 4717 624 4757 δ
652 4714 978 4773 Marcelliani
1013 4718 1247 4789 patricii,
1271 4718 1408 4773 Aetii
1454 4718 1723 4789 quondam
1774 4718 2094 4785 familiaris;

521 4800 683 4859 quem
713 4799 899 4843 auctor
926 4788 1029 4844 est
1048 4789 1341 4858 Procopius
1372 4804 1391 4843 ι
1430 4788 1723 4850 Vandalici.
1754 4803 1897 4845 caeso
1941 4791 2097 4845 Aetio

518 4859 683 4915 rebus
709 4859 925 4914 novisin
960 4860 1219 4914 Dalmatia
1247 4860 1535 4929 studuisse,
1564 4860 1964 4930 potentiamque
1994 4860 2097 4915 sibi

518 4941 865 5000 comparasse
921 4931 1134 5000 utrique
1198 4930 1426 4998 imperio
1478 4929 1891 4985 formidabilem.
1940 4930 2095 4996 Quod

522 4997 691 5069 Prisci
739 5000 899 5054 etiam
942 4997 1173 5055 rhetoris
1218 4997 1466 5070 excerpta
1493 5002 1831 5055 conﬁrmant.
1866 5000 2097 5056 lnterre—

592 5084 683 5124 um
711 5083 860 5135 vero,
892 5070 1045 5139 cujus
1066 5072 1407 5125 occasionem
1451 5079 1640 5126 nactus
1668 5071 1912 5124 Paeonius
1954 5086 2092 5139 pra:-

545 5142 783 5195 ecturam
815 5140 1142 5196 Gallicanam
1170 5143 1415 5209 arripuit,
1440 5155 1545 5195 non
1583 5150 1703 5210 post
1737 5141 1951 5195 Maximi
1990 5156 2093 5196 ca:-

522 5209 646 5264 dem
694 5212 778 5265 cui
829 5210 1017 5266 Avitus
1056 5224 1179 5265 mox
1234 5212 1509 5277 successit,
1543 5209 1638 5266 sed
1660 5221 1785 5265 ante
1814 5212 2092 5279 Majoriani

523 5281 783 5345 auspicia,
810 5293 934 5349 post
951 5292 1194 5349 ereptum
1223 5281 1380 5336 Avito
1409 5284 1714 5349 imperium.
1748 5280 1877 5334 Nam
1907 5282 2093 5337 decem

523 5349 753 5420 amplius
779 5353 1044 5407 mensium
1093 5352 1190 5406 fuit
1224 5353 1585 5420 intervallum,
1616 5361 1670 5406 et
1706 5352 1917 5405 turbata
1959 5352 2096 5407 Rici-

524 5420 690 5473 meris
721 5419 1032 5476 factionibus
1059 5422 1379 5490 respublica.

598 5499 620 5561 ε
652 5490 1080 5561 Numerariorom
1107 5508 1297 5547 munus
1325 5492 1556 5561 dignitas
1583 5506 1690 5547 non
1717 5501 1821 5558 est,
1871 5493 1967 5548 sed
2016 5493 2096 5548 of-

527 5558 702 5633 ficium
737 5560 1029 5633 dignitatis.
1054 5562 1328 5631 Principes
1357 5558 1533 5617 tamen
1566 5564 1885 5619 numerariis
1924 5565 2009 5633 qui
2041 5565 2093 5619 in

523 5628 701 5682 oflicio
730 5631 964 5697 praefecti
996 5643 1148 5698 praet.
1186 5628 1431 5688 militiam
1478 5636 1821 5700 deponerent,
1874 5628 2091 5690 honoris

522 5703 930 5780 praerogativam
956 5702 1326 5780 decreverunt.
1361 5708 1436 5759 Ac
1470 5704 1669 5760 Sidonii
1699 5706 1911 5780 quidem
1935 5716 2091 5780 aetate

526 5769 722 5844 tribuni
754 5772 1062 5844 praetoriani
1116 5772 1340 5829 ﬁebant:
1383 5785 1563 5844 postea
1614 5769 1739 5830 vero
1779 5778 2091 5831 Anastasius

524 5840 658 5907 Aug.
688 5854 781 5897 eos
810 5842 1011 5897 honore
1038 5844 1299 5900 comitiva:
1329 5840 1601 5915 dignitatis
1636 5847 1864 5911 ornavit,
1902 5848 1936 5901 l.
1964 5848 2091 5904 ulti-

2124 4765 2175 4824 D

2203 1994 2352 2058 gare,
2381 2002 2501 2043 cum
2545 1986 2865 2041 subornatus
2910 2002 3051 2041 unus
3083 2001 3114 2041 e
3142 1986 3295 2041 turba
3326 1985 3674 2040 factiosorum
3706 1968 3799 2041 da‘

2206 2095 2327 2135 sese
2358 2081 2486 2134 mihi
2517 2079 2980 2135 consalutandum.
3006 2078 3154 2133 Tunc
3178 2078 3501 2148 procedente
3528 2092 3795 2147 sermone,
3848 2100 3851 2105 λ

2202 2172 2395 2227 Cernis
2426 2172 2566 2227 hoc?
2588 2173 2778 2242 inquit.
2805 2172 2871 2227 Et
2897 2185 3017 2242 ego,
3042 2172 3231 2237 Video,
3257 2172 3797 2241 inquam,gestusque

2209 2268 2394 2319 eorum
2423 2265 2591 2319 miror
2622 2264 2891 2334 equidem,
2934 2279 3032 2319 nec
3058 2264 3313 2319 admiror.
3364 2263 3446 2319 Ad
3477 2263 3589 2319 haec
3617 2272 3797 2319 noster

2208 2356 2511 2427 interpres:
2548 2358 2614 2413 Ut
2661 2357 3102 2429 satyrographum
3143 2367 3215 2423 te,
3260 2357 3455 2427 inquit,
3507 2367 3601 2411 aut
3642 2371 3795 2412 exse-

2208 2458 2447 2517 crantur,
2480 2459 2569 2503 aut
2599 2448 2971 2505 reformidant.
3006 2450 3202 2506 Unde?
3225 2449 3481 2519 quando?
3502 2451 3786 2520 respondi:

2209 2543 2325 2612 quis
2370 2544 2572 2598 crimen
2628 2545 2891 2613 agnovit?
2925 2545 3045 2614 quis
3084 2543 3306 2599 detulit?
3351 2545 3471 2614 quis
3510 2544 3797 2615 probavit?

2210 2634 2436 2705 Moxque
2462 2635 2786 2690 subridens:
2816 2634 3004 2707 Perge,
3049 2636 3289 2706 inquam,
3316 2638 3508 2703 amice,
3546 2637 3646 2691 nisi
3678 2652 3797 2691 mo-

2212 2726 2403 2780 lestum
2435 2733 2536 2793 est,
2570 2736 2622 2781 et
2650 2736 3017 2783 tumescentes
3068 2731 3286 2783 nomine
3331 2744 3453 2783 meo
3508 2729 3796 2785 consulere

2210 2818 2449 2888 dignare,
2477 2829 2781 2875 utrumnam
2803 2822 2892 2875 ille
2906 2822 3115 2876 delator
3137 2831 3226 2875 aut
3249 2822 3427 2885 iudex,
3452 2824 3539 2892 qui
3563 2835 3796 2893 satyram

2210 2924 2298 2965 me
2326 2911 2607 2981 scripsisse
2631 2912 2911 2979 confinxit,
2941 2920 2995 2968 et
3026 2914 3404 2982 perscripsisse
3442 2913 3794 2968 confinxerit:

2212 3002 2351 3056 unde
2395 3000 2532 3057 forte
2575 3003 2643 3057 sit
2692 3005 2857 3058 tutius
2898 3008 2942 3059 si
2985 3005 3369 3071 retractabunt,
3415 3015 3473 3059 ut
3521 3005 3797 3075 superbire

2208 3092 2489 3148 desistant.
2518 3092 2671 3159 Quod
2703 3095 2793 3150 ubi
2824 3096 3044 3151 nuntius
3074 3098 3279 3162 retulit,
3322 3099 3567 3166 protinus
3615 3096 3799 3151 cuncti

2213 3199 2319 3241 non
2349 3184 2610 3252 modeste,
2637 3200 2813 3254 neque
2838 3187 3053 3259 singuli,
3085 3190 3176 3243 scd
3209 3202 3435 3258 propere
3472 3197 3524 3243 et
3552 3199 3797 3243 caterva-

2214 3278 2312 3331 tim
2341 3276 2523 3332 oscula
2554 3292 2618 3334 ac
2644 3278 2895 3334 dexteras
2936 3279 3069 3334 mihi
3116 3280 3398 3335 dederunt.
3450 3280 3609 3336 Solus
3637 3278 3798 3336 Curio

2216 3382 2389 3435 meus,
2413 3371 2467 3424 in
2496 3370 2891 3440 transfugarum
2920 3370 3201 3441 perfidiam
3230 3372 3489 3435 invectus,
3537 3386 3655 3426 cum
3696 3372 3796 3426 ad-

2215 3468 2637 3531 vesperasceret,
2670 3476 2765 3533 per
2790 3462 3155 3518 cathedrarios
3182 3472 3368 3517 servos
3417 3461 3797 3532 vespillonibus

2214 3554 2463 3609 tetriores
2492 3554 2708 3608 domum
2736 3564 2921 3624 raptus
2949 3568 3012 3609 ac
3028 3556 3335 3623 reportatus
3379 3560 3480 3609 cst.
3525 3552 3795 3608 Postridie

2213 3640 2374 3714 jussit
2400 3628 2667 3716 Augustus
2693 3654 2749 3699 ut
2780 3645 2939 3713 epulo
2962 3650 3062 3701 suo
3090 3643 3421 3699 circensibus
3465 3643 3605 3698 ludis
3628 3645 3794 3699 inter-

2219 3750 2480 3792 essemus.
2525 3746 2549 3774 ε
2605 3737 2817 3792 Primus
2862 3734 3075 3807 Iacebat
3116 3749 3281 3791 cornu
3339 3734 3559 3791 sinistro
3612 3733 3792 3791 c0nsul

2209 3958 2293 3997 ma
2324 3945 2446 3998 cod.
2473 3943 2540 3998 de
2572 3943 2921 4000 Numerariis.
2954 3945 3100 4001 Idem
3139 3943 3394 4014 judicium
3422 3943 3489 3997 de
3518 3942 3790 4014 advocatis

2210 4015 2543 4083 prtefectura)
2565 4016 2863 4084 utriusque,
2893 4018 2980 4085 qui
3012 4013 3394 4085 postofficium
3414 4014 3680 4085 expletum
3711 4013 3792 4067 dl-

2209 4085 2560 4140 mittebantur
2589 4101 2710 4140 cum
2742 4084 2989 4141 comitiva
3012 4084 3422 4149 consistoriana,
3456 4085 3491 4138 l.
3527 4085 3560 4139 8
3587 4084 3655 4138 de
3687 4085 3793 4137 Ad-

2210 4157 2415 4210 vocatis
2445 4156 2645 4212 divers.
2687 4156 2948 4225 judicum.
3006 4156 3139 4211 Cum
3202 4157 3283 4209 his
3333 4170 3461 4225 ergo
3514 4154 3788 4208 Paronium

2209 4234 2505 4295 comparat,
2534 4228 2623 4296 qui
2656 4226 2985 4296 praefectura:
3014 4242 3172 4297 quam
3218 4234 3521 4297 usurparat,
3573 4225 3790 4279 codicil-

2210 4296 2300 4369 ios_
2321 4299 2460 4369 circa
2495 4297 2653 4369 finem
2688 4296 3393 4369 tantumadministrationis
3415 4305 3716 4369 acceperat.

2277 4364 2303 4403 ἀ
2333 4365 2537 4434 Quibus
2567 4368 2812 4423 videlicet
2834 4368 3090 4422 refertum
3124 4377 3240 4423 erat
3286 4364 3457 4421 forum
3509 4367 3790 4421 Arelaten-

2205 4451 2286 4505 se,
2312 4448 2368 4491 ut
2419 4438 2643 4492 aliarum
2687 4437 2798 4493 fere
2845 4438 3138 4493 civitatum.
3197 4438 3429 4492 Joannes
3490 4436 3789 4492 Maxentius

2204 4507 2258 4562 in
2284 4508 2572 4577 Apologia:
2606 4508 2671 4562 In
2700 4510 2959 4579 publicum
2997 4522 3156 4577 usque
3176 4508 3582 4579 prodiere,circa
3612 4523 3789 4577 regum

2206 4580 2355 4632 etiam
2379 4588 2573 4632 statuas
2606 4581 2957 4634 inclamantes.
3006 4579 3084 4633 Ad
3116 4580 3258 4633 hunc
3289 4593 3415 4631 vero
3446 4592 3656 4632 morem
3706 4592 3791 4633 oc-

2205 4649 2442 4702 cultandi
2471 4665 2528 4703 se
2555 4659 2675 4718 post
2697 4652 2974 4705 columnas
3003 4650 3194 4703 alludit
3227 4649 3453 4703 Basilius
3481 4648 3787 4718 dejfenera-

2208 4720 2414 4791 toribus
2436 4716 2619 4789 agens,
2639 4734 2862 4791 quorum
2887 4732 3166 4775 occursum
3189 4718 3461 4775 declinant
3480 4716 3783 4775 debitores:

2199 4789 2385 4865 Quod;
2445 4789 2667 4865 «omne;
2697 4793 2840 4865 οὕτω.
2886 4797 2980 4852 τὰς·
3032 4794 3227 4865 πληγὰς
3271 4798 3363 4845 τοῦ
3406 4794 3784 4865 ἀνταγωνιστοῦ

2201 4859 2492 4938 ὐπρφεύγει,
2519 4862 2624 4923 ὡςὸ
2646 4860 2986 4938 δάνειζόμενος
3001 4870 3091 4917 τοῦ
3121 4859 3353 4938 χρῆσαι-ου
3371 4864 3473 4938 rei;
3497 4859 3787 4938 σύδίτνχίες

2198 4931 2326 5007 πρὸς
2368 4931 2910 5007 κίᾳναςμκαὶητοξχόνς
2941 4931 3279 5007 Δὐίιὶνοσθεέρἱζοιξν
3431 4931 3688 5007 ,λκεῇαλήι
3712 4931 3785 5007 ξι

2198 4996 2513 5058 Αἰηυτοείυδ
2538 5004 2717 5057 Basilii
2764 4996 3059 5057 i't'nitatione
3096 5003 3194 5058 iib.
3218 5003 3285 5056 de
3312 4996 3527 5064 Tobia,'
3555 5014 3675 5069 cap.
3712 4996 3781 5053 7:

2198 5073 2298 5128 Ille
2344 5089 2543 5140 gressus
2596 5074 2837 5126 delaturis
2884 5075 3110 5143 singulos
3158 5080 3391 5126 numerat
3423 5111 3437 5135 ,
3496 5079 3784 5143 aucupatur

2197 5144 2424 5213 deﬂexus
2447 5159 2466 5197 :
2506 5145 2600 5196 iste
2624 5146 2864 5197 continuo
2893 5141 3005 5214 post
3026 5144 3289 5196 columnas
3317 5141 3779 5214 capatobumbrat.

2279 5222 2301 5251 ε
2343 5216 2531 5282 Opera:
2562 5214 2793 5283 pretium
2826 5212 2907 5267 est
2932 5228 3035 5283 quo
3064 5216 3287 5282 quisque
3317 5212 3434 5266 loco
3474 5212 3651 5279 jaceat
3691 5214 3783 5267 ob-

2204 5298 2441 5346 servare,
2475 5293 2531 5335 ut
2558 5288 2657 5337 hoc
2686 5284 2932 5350 exemplo
2959 5285 3269 5347 doceamur,
3293 5284 3382 5353 qui
3413 5283 3539 5337 olim
3569 5295 3781 5336 accum-

2204 5353 2364 5408 bendi
2394 5354 2526 5406 ordo
2556 5352 2712 5408 fuerit
2736 5357 2788 5407 in
2817 5355 3062 5424 sigmate,
3102 5356 3200 5409 hoc
3225 5354 3389 5409 estin
3426 5353 3660 5406 Stibadio
3686 5367 3779 5407 seu

2206 5424 2345 5478 lecto
2370 5424 2759 5479 semirotundo.
2788 5426 2843 5479 in
2874 5427 3098 5491 sigmate
3128 5426 3271 5479 enim
3304 5424 3402 5477 fuit
3423 5424 3641 5489 epulum
3672 5424 3779 5477 Ma-

2199 5494 2410 5562 joriaui.
2441 5495 2693 5563 Sigmatis
2722 5508 2885 5563 porro
2913 5497 3019 5550 duo
3047 5505 3200 5551 erant
3223 5504 3463 5549 extrema
3489 5495 3636 5547 velut
3654 5509 3777 5547 cor-

2202 5580 2325 5619 uua.
2353 5568 2482 5619 Cum
2518 5566 2678 5635 igitur
2730 5569 2782 5619 in
2831 5566 3021 5621 dextro
3064 5566 3279 5620 stibadii
3330 5578 3499 5619 cornu
3555 5564 3775 5635 coiiocet

2202 5634 2569 5701 Majoriauum,
2600 5639 2652 5690 in
2675 5637 3176 5690 siuistrocousulem
3193 5635 3538 5696 Severinum;
3563 5634 3774 5688 dubium

2199 5707 2304 5777 23
2362 5722 2464 5760 non
2523 5716 2607 5760 est
2645 5707 2772 5776 quin
2834 5707 3047 5774 primus]
3090 5704 3182 5760 ille
3240 5706 3389 5760 locus
3445 5704 3657 5757 habitus
3710 5707 3775 5777 sit

2195 5776 2353 5846 quem
2400 5785 2624 5846 occupat
2682 5779 2991 5845 imperator,
3044 5778 3319 5843 proximus
3367 5786 3526 5846 quem
3569 5776 3772 5827 consul.

2198 5844 2379 5915 Neque
2412 5849 2465 5901 in
2498 5844 2578 5901 his
2608 5844 2802 5913 opinor
2828 5857 2913 5902 est
2934 5849 3075 5911 quod
3101 5848 3380 5902 miremur.
3416 5844 3477 5899 iii
3495 5844 3601 5899 duo
3618 5846 3772 5899 etiam

4118 4086 4119 4147 ι

4116 4186 4117 4245 l

4114 4250 4115 4343 ι

4112 4350 4113 4441 ι

4109 4454 4111 4522 1
