  <div class='ocr_page' id='page_1' title='image "/cluster/home/n/w/nwhite01/storage/ocr_20150623/58/hvd.32044015706401/240.png"; bbox 0 0 4140 6336; ppageno 0'>
   <div class='ocr_carea' id='block_1_1' title="bbox 437 279 543 337">
    <p class='ocr_par' dir='ltr' id='par_1_1' title="bbox 437 279 543 337">
     <span class='ocr_line' id='line_1_1' title="bbox 437 279 543 337; baseline -0.019 0"><span class='ocrx_word' id='word_1_1' title='bbox 437 279 543 337; x_wconf 61' lang='grc'><strong>869</strong></span> 
     </span>
    </p>
   </div>
   <div class='ocr_carea' id='block_1_2' title="bbox 1700 273 2429 333">
    <p class='ocr_par' dir='ltr' id='par_1_2' title="bbox 1700 273 2429 333">
     <span class='ocr_line' id='line_1_2' title="bbox 1700 273 2429 333; baseline 0.005 -4"><span class='ocrx_word' id='word_1_2' title='bbox 1700 273 2181 333; x_wconf 81' lang='lat' dir='ltr'><strong>EPISTOLARUM</strong></span> <span class='ocrx_word' id='word_1_3' title='bbox 2209 276 2347 333; x_wconf 78' lang='lat' dir='ltr'><strong>’LlB.</strong></span> <span class='ocrx_word' id='word_1_4' title='bbox 2385 279 2429 333; x_wconf 91' lang='grc'><strong>1.</strong></span> 
     </span>
    </p>
   </div>
   <div class='ocr_carea' id='block_1_3' title="bbox 3585 287 3688 344">
    <p class='ocr_par' dir='ltr' id='par_1_3' title="bbox 3585 287 3688 344">
     <span class='ocr_line' id='line_1_3' title="bbox 3585 287 3688 344; baseline 0.029 -4"><span class='ocrx_word' id='word_1_5' title='bbox 3585 287 3688 344; x_wconf 72' lang='grc'><strong>470</strong></span> 
     </span>
    </p>
   </div>
   <div class='ocr_carea' id='block_1_4' title="bbox 438 388 3686 468">
    <p class='ocr_par' dir='ltr' id='par_1_4' title="bbox 438 388 3686 468">
     <span class='ocr_line' id='line_1_4' title="bbox 438 388 3686 468; baseline 0.004 -22"><span class='ocrx_word' id='word_1_6' title='bbox 438 390 737 446; x_wconf 83' lang='lat' dir='ltr'><strong>ordinarius</strong></span> <span class='ocrx_word' id='word_1_7' title='bbox 758 388 1068 457; x_wconf 87' lang='lat' dir='ltr'><strong>Severinus,</strong></span> <span class='ocrx_word' id='word_1_8' title='bbox 1110 391 1192 445; x_wconf 89' lang='lat' dir='ltr'><strong>vir</strong></span> <span class='ocrx_word' id='word_1_9' title='bbox 1226 388 1366 446; x_wconf 86' lang='lat' dir='ltr'><strong>inter</strong></span> <span class='ocrx_word' id='word_1_10' title='bbox 1411 389 1653 461; x_wconf 73' lang='lat' dir='ltr'><strong>ingentes</strong></span> <span class='ocrx_word' id='word_1_11' title='bbox 1698 390 2000 460; x_wconf 84' lang='lat' dir='ltr'><strong>principum</strong></span> <span class='ocrx_word' id='word_1_12' title='bbox 2031 395 2081 455; x_wconf 78' lang='grc' dir='ltr'>Α</span> <span class='ocrx_word' id='word_1_13' title='bbox 2110 390 2246 462; x_wconf 93' lang='lat' dir='ltr'><strong>piter</strong></span> <span class='ocrx_word' id='word_1_14' title='bbox 2277 392 2527 447; x_wconf 56' lang='lat' dir='ltr'><strong>Paeonius</strong></span> <span class='ocrx_word' id='word_1_15' title='bbox 2554 408 2692 465; x_wconf 78' lang='lat' dir='ltr'><strong>aegre</strong></span> <span class='ocrx_word' id='word_1_16' title='bbox 2737 395 2965 462; x_wconf 90' lang='lat' dir='ltr'><strong>tulisset,</strong></span> <span class='ocrx_word' id='word_1_17' title='bbox 2988 397 3128 463; x_wconf 89' lang='lat' dir='ltr'><strong>quod</strong></span> <span class='ocrx_word' id='word_1_18' title='bbox 3152 396 3252 452; x_wconf 88' lang='lat' dir='ltr'><strong>fuit</strong></span> <span class='ocrx_word' id='word_1_19' title='bbox 3281 400 3506 468; x_wconf 63' lang='lat' dir='ltr'><strong>turpius,</strong></span> <span class='ocrx_word' id='word_1_20' title='bbox 3535 415 3686 457; x_wconf 85' lang='lat' dir='ltr'><strong>com-</strong></span> 
     </span>
    </p>
   </div>
   <div class='ocr_carea' id='block_1_5' title="bbox 438 481 2007 554">
    <p class='ocr_par' dir='ltr' id='par_1_5' title="bbox 438 481 2007 554">
     <span class='ocr_line' id='line_1_5' title="bbox 438 481 2007 554; baseline -0.002 -13"><span class='ocrx_word' id='word_1_21' title='bbox 438 495 612 541; x_wconf 81' lang='lat' dir='ltr'><strong>moms</strong></span> <span class='ocrx_word' id='word_1_22' title='bbox 636 492 795 554; x_wconf 91' lang='lat' dir='ltr'><strong>atque</strong></span> <span class='ocrx_word' id='word_1_23' title='bbox 833 482 1151 554; x_wconf 67' lang='lat' dir='ltr'><strong>inaequalem</strong></span> <span class='ocrx_word' id='word_1_24' title='bbox 1204 481 1512 553; x_wconf 59' lang='lat' dir='ltr'><strong>reipublicae</strong></span> <span class='ocrx_word' id='word_1_25' title='bbox 1558 488 1753 537; x_wconf 89' lang='lat' dir='ltr'><strong>statum</strong></span> <span class='ocrx_word' id='word_1_26' title='bbox 1821 482 2007 554; x_wconf 76' lang='lat' dir='ltr'><strong>gratia:</strong></span> 
     </span>
    </p>
   </div>
   <div class='ocr_carea' id='block_1_6' title="bbox 438 573 2011 646">
    <p class='ocr_par' dir='ltr' id='par_1_6' title="bbox 438 573 2011 646">
     <span class='ocr_line' id='line_1_6' title="bbox 438 573 2011 646; baseline -0.001 -13"><span class='ocrx_word' id='word_1_27' title='bbox 438 590 648 645; x_wconf 81' lang='lat' dir='ltr'><strong>semper</strong></span> <span class='ocrx_word' id='word_1_28' title='bbox 696 575 932 643; x_wconf 67' lang='lat' dir='ltr'><strong>aequalis.</strong></span> <span class='ocrx_word' id='word_1_29' title='bbox 982 573 1142 630; x_wconf 82' lang='lat' dir='ltr'><strong>Juxta</strong></span> <span class='ocrx_word' id='word_1_30' title='bbox 1185 589 1306 629; x_wconf 90' lang='lat' dir='ltr'><strong>eum</strong></span> <span class='ocrx_word' id='word_1_31' title='bbox 1349 574 1585 642; x_wconf 83' lang='lat' dir='ltr'><strong>Magnus,</strong></span> <span class='ocrx_word' id='word_1_32' title='bbox 1624 574 1750 629; x_wconf 92' lang='lat' dir='ltr'><strong>olim</strong></span> <span class='ocrx_word' id='word_1_33' title='bbox 1780 589 1841 631; x_wconf 86' lang='lat' dir='ltr'><strong>ex</strong></span> <span class='ocrx_word' id='word_1_34' title='bbox 1870 590 2011 646; x_wconf 69' lang='lat' dir='ltr'><strong>prae-</strong></span> 
     </span>
    </p>
   </div>
   <div class='ocr_carea' id='block_1_7' title="bbox 438 664 2008 739">
    <p class='ocr_par' dir='ltr' id='par_1_7' title="bbox 438 664 2008 739">
     <span class='ocr_line' id='line_1_7' title="bbox 438 664 2008 739; baseline 0 -14"><span class='ocrx_word' id='word_1_35' title='bbox 438 670 596 736; x_wconf 90' lang='lat' dir='ltr'><strong>fecto,</strong></span> <span class='ocrx_word' id='word_1_36' title='bbox 629 668 734 739; x_wconf 80' lang='lat'><strong>29</strong></span> <span class='ocrx_word' id='word_1_37' title='bbox 763 682 929 737; x_wconf 87' lang='lat' dir='ltr'><strong>nuper</strong></span> <span class='ocrx_word' id='word_1_38' title='bbox 956 682 1023 723; x_wconf 90' lang='lat' dir='ltr'><strong>ex</strong></span> <span class='ocrx_word' id='word_1_39' title='bbox 1050 666 1290 735; x_wconf 82' lang='lat' dir='ltr'><strong>consule,</strong></span> <span class='ocrx_word' id='word_1_40' title='bbox 1314 680 1409 736; x_wconf 91' lang='lat' dir='ltr'><strong>par</strong></span> <span class='ocrx_word' id='word_1_41' title='bbox 1437 664 1729 722; x_wconf 84' lang='lat' dir='ltr'><strong>honoribus</strong></span> <span class='ocrx_word' id='word_1_42' title='bbox 1777 682 2008 737; x_wconf 81' lang='lat' dir='ltr'><strong>persona</strong></span> 
     </span>
    </p>
   </div>
   <div class='ocr_carea' id='block_1_8' title="bbox 436 756 2005 832">
    <p class='ocr_par' dir='ltr' id='par_1_8' title="bbox 436 756 2005 832">
     <span class='ocr_line' id='line_1_8' title="bbox 436 756 2005 832; baseline 0 -17"><span class='ocrx_word' id='word_1_43' title='bbox 436 760 750 832; x_wconf 86' lang='lat' dir='ltr'><strong>geminatis:</strong></span> <span class='ocrx_word' id='word_1_44' title='bbox 781 758 1127 813; x_wconf 84' lang='lat' dir='ltr'><strong>recumbente</strong></span> <span class='ocrx_word' id='word_1_45' title='bbox 1155 766 1277 827; x_wconf 90' lang='lat' dir='ltr'><strong>post</strong></span> <span class='ocrx_word' id='word_1_46' title='bbox 1305 772 1363 812; x_wconf 92' lang='lat' dir='ltr'><strong>se</strong></span> <span class='ocrx_word' id='word_1_47' title='bbox 1384 756 1610 811; x_wconf 88' lang='lat' dir='ltr'><strong>Camillo</strong></span> <span class='ocrx_word' id='word_1_48' title='bbox 1656 757 1762 812; x_wconf 85' lang='lat' dir='ltr'><strong>filio</strong></span> <span class='ocrx_word' id='word_1_49' title='bbox 1800 758 2005 827; x_wconf 83' lang='lat' dir='ltr'><strong>fratris,</strong></span> 
     </span>
    </p>
   </div>
   <div class='ocr_carea' id='block_1_9' title="bbox 436 848 2010 924">
    <p class='ocr_par' dir='ltr' id='par_1_9' title="bbox 436 848 2010 924">
     <span class='ocr_line' id='line_1_9' title="bbox 436 848 2010 924; baseline 0.001 -19"><span class='ocrx_word' id='word_1_50' title='bbox 436 852 521 924; x_wconf 88' lang='lat' dir='ltr'><strong>qui</strong></span> <span class='ocrx_word' id='word_1_51' title='bbox 539 850 742 906; x_wconf 89' lang='lat' dir='ltr'><strong>duabus</strong></span> <span class='ocrx_word' id='word_1_52' title='bbox 762 848 1105 920; x_wconf 79' lang='lat' dir='ltr'><strong>dignitatibus</strong></span> <span class='ocrx_word' id='word_1_53' title='bbox 1133 858 1187 904; x_wconf 91' lang='lat' dir='ltr'><strong>et</strong></span> <span class='ocrx_word' id='word_1_54' title='bbox 1212 850 1324 919; x_wconf 83' lang='lat' dir='ltr'><strong>ipse</strong></span> <span class='ocrx_word' id='word_1_55' title='bbox 1350 848 1608 911; x_wconf 86' lang='lat' dir='ltr'><strong>decursis,</strong></span> <span class='ocrx_word' id='word_1_56' title='bbox 1636 850 1833 919; x_wconf 90' lang='lat' dir='ltr'><strong>pariter</strong></span> <span class='ocrx_word' id='word_1_57' title='bbox 1852 866 2010 907; x_wconf 88' lang='lat' dir='ltr'><strong>orna-</strong></span> 
     </span>
    </p>
   </div>
   <div class='ocr_carea' id='block_1_10' title="bbox 435 941 2011 1013">
    <p class='ocr_par' dir='ltr' id='par_1_10' title="bbox 435 941 2011 1013">
     <span class='ocr_line' id='line_1_10' title="bbox 435 941 2011 1013; baseline -0.001 -14"><span class='ocrx_word' id='word_1_58' title='bbox 435 952 584 1001; x_wconf 83' lang='lat' dir='ltr'><strong>verat</strong></span> <span class='ocrx_word' id='word_1_59' title='bbox 611 943 1041 1013; x_wconf 88' lang='lat' dir='ltr'><strong>proconsulatum</strong></span> <span class='ocrx_word' id='word_1_60' title='bbox 1064 942 1250 1012; x_wconf 84' lang='lat' dir='ltr'><strong>patris,</strong></span> <span class='ocrx_word' id='word_1_61' title='bbox 1277 941 1447 1011; x_wconf 79' lang='lat' dir='ltr'><strong>patrui</strong></span> <span class='ocrx_word' id='word_1_62' title='bbox 1474 942 1831 998; x_wconf 87' lang='lat' dir='ltr'><strong>consulatum.</strong></span> <span class='ocrx_word' id='word_1_63' title='bbox 1858 942 2011 998; x_wconf 69' lang='lat' dir='ltr'><strong>Paeo-</strong></span> 
     </span>
    </p>
   </div>
   <div class='ocr_carea' id='block_1_11' title="bbox 434 1034 2007 1106">
    <p class='ocr_par' dir='ltr' id='par_1_11' title="bbox 434 1034 2007 1106">
     <span class='ocr_line' id='line_1_11' title="bbox 434 1034 2007 1106; baseline 0.001 -15"><span class='ocrx_word' id='word_1_64' title='bbox 434 1035 551 1091; x_wconf 89' lang='lat' dir='ltr'><strong>nius</strong></span> <span class='ocrx_word' id='word_1_65' title='bbox 575 1035 697 1091; x_wconf 86' lang='lat' dir='ltr'><strong>hinc</strong></span> <span class='ocrx_word' id='word_1_66' title='bbox 729 1047 966 1105; x_wconf 87' lang='lat' dir='ltr'><strong>pr0pter,</strong></span> <span class='ocrx_word' id='word_1_67' title='bbox 995 1044 1154 1106; x_wconf 86' lang='lat' dir='ltr'><strong>atque</strong></span> <span class='ocrx_word' id='word_1_68' title='bbox 1178 1035 1301 1090; x_wconf 90' lang='lat' dir='ltr'><strong>hinc</strong></span> <span class='ocrx_word' id='word_1_69' title='bbox 1333 1034 1617 1101; x_wconf 83' lang='lat' dir='ltr'><strong>Athenius,</strong></span> <span class='ocrx_word' id='word_1_70' title='bbox 1647 1036 1808 1092; x_wconf 91' lang='lat' dir='ltr'><strong>homo</strong></span> <span class='ocrx_word' id='word_1_71' title='bbox 1836 1036 2007 1092; x_wconf 87' lang='lat' dir='ltr'><strong>litium</strong></span> 
     </span>
    </p>
   </div>
   <div class='ocr_carea' id='block_1_12' title="bbox 432 1125 2006 1198">
    <p class='ocr_par' dir='ltr' id='par_1_12' title="bbox 432 1125 2006 1198">
     <span class='ocr_line' id='line_1_12' title="bbox 432 1125 2006 1198; baseline 0 -16"><span class='ocrx_word' id='word_1_72' title='bbox 432 1134 839 1196; x_wconf 88' lang='lat' dir='ltr'><strong>temporumque</strong></span> <span class='ocrx_word' id='word_1_73' title='bbox 862 1125 1212 1183; x_wconf 77' lang='lat' dir='ltr'><strong>varietatibus</strong></span> <span class='ocrx_word' id='word_1_74' title='bbox 1253 1126 1598 1181; x_wconf 87' lang='lat' dir='ltr'><strong>exercitatus.</strong></span> <span class='ocrx_word' id='word_1_75' title='bbox 1629 1126 1780 1181; x_wconf 84' lang='lat' dir='ltr'><strong>Hunc</strong></span> <span class='ocrx_word' id='word_1_76' title='bbox 1817 1141 2006 1198; x_wconf 80' lang='lat' dir='ltr'><strong>seque-</strong></span> 
     </span>
    </p>
   </div>
   <div class='ocr_carea' id='block_1_13' title="bbox 429 1216 2008 1288">
    <p class='ocr_par' dir='ltr' id='par_1_13' title="bbox 429 1216 2008 1288">
     <span class='ocr_line' id='line_1_13' title="bbox 429 1216 2008 1288; baseline 0 -14"><span class='ocrx_word' id='word_1_77' title='bbox 429 1216 589 1274; x_wconf 88' lang='lat' dir='ltr'><strong>batur</strong></span> <span class='ocrx_word' id='word_1_78' title='bbox 609 1217 978 1274; x_wconf 80' lang='lat' dir='ltr'><strong>Gratianensis</strong></span> <span class='ocrx_word' id='word_1_79' title='bbox 1009 1217 1154 1272; x_wconf 92' lang='lat' dir='ltr'><strong>omni</strong></span> <span class='ocrx_word' id='word_1_80' title='bbox 1183 1217 1251 1271; x_wconf 86' lang='lat' dir='ltr'><strong>ab</strong></span> <span class='ocrx_word' id='word_1_81' title='bbox 1283 1217 1498 1273; x_wconf 90' lang='lat' dir='ltr'><strong>infamia</strong></span> <span class='ocrx_word' id='word_1_82' title='bbox 1538 1218 1618 1273; x_wconf 89' lang='lat' dir='ltr'><strong>vir</strong></span> <span class='ocrx_word' id='word_1_83' title='bbox 1665 1227 2008 1288; x_wconf 83' lang='lat' dir='ltr'><strong>sequestran-</strong></span> 
     </span>
    </p>
   </div>
   <div class='ocr_carea' id='block_1_14' title="bbox 429 1310 2005 1383">
    <p class='ocr_par' dir='ltr' id='par_1_14' title="bbox 429 1310 2005 1383">
     <span class='ocr_line' id='line_1_14' title="bbox 429 1310 2005 1383; baseline 0.001 -16"><span class='ocrx_word' id='word_1_84' title='bbox 429 1311 550 1379; x_wconf 88' lang='lat' dir='ltr'><strong>dus,</strong></span> <span class='ocrx_word' id='word_1_85' title='bbox 580 1313 666 1383; x_wconf 87' lang='lat' dir='ltr'><strong>qui</strong></span> <span class='ocrx_word' id='word_1_86' title='bbox 691 1310 1006 1367; x_wconf 81' lang='lat' dir='ltr'><strong>Severinum</strong></span> <span class='ocrx_word' id='word_1_87' title='bbox 1031 1310 1169 1365; x_wconf 88' lang='lat' dir='ltr'><strong>sicut</strong></span> <span class='ocrx_word' id='word_1_88' title='bbox 1197 1313 1399 1367; x_wconf 88' lang='lat' dir='ltr'><strong>honore</strong></span> <span class='ocrx_word' id='word_1_89' title='bbox 1423 1320 1544 1383; x_wconf 90' lang='lat' dir='ltr'><strong>post</strong></span> <span class='ocrx_word' id='word_1_90' title='bbox 1564 1310 1694 1383; x_wconf 85' lang='lat' dir='ltr'><strong>ibat,</strong></span> <span class='ocrx_word' id='word_1_91' title='bbox 1727 1312 1799 1367; x_wconf 89' lang='lat' dir='ltr'><strong>ita</strong></span> <span class='ocrx_word' id='word_1_92' title='bbox 1825 1312 2005 1368; x_wconf 87' lang='lat' dir='ltr'><strong>favore</strong></span> 
     </span>
    </p>
   </div>
   <div class='ocr_carea' id='block_1_15' title="bbox 422 1402 2004 1475">
    <p class='ocr_par' dir='ltr' id='par_1_15' title="bbox 422 1402 2004 1475">
     <span class='ocr_line' id='line_1_15' title="bbox 422 1402 2004 1475; baseline 0.001 -18"><span class='ocrx_word' id='word_1_93' title='bbox 422 1410 803 1473; x_wconf 71' lang='lat' dir='ltr'><strong>prmcesserat.</strong></span> <span class='ocrx_word' id='word_1_94' title='bbox 855 1402 1088 1458; x_wconf 89' lang='lat' dir='ltr'><strong>Ultimus</strong></span> <span class='ocrx_word' id='word_1_95' title='bbox 1117 1418 1216 1474; x_wconf 91' lang='lat' dir='ltr'><strong>ego</strong></span> <span class='ocrx_word' id='word_1_96' title='bbox 1258 1402 1525 1473; x_wconf 86' lang='lat' dir='ltr'><strong>jacebam,</strong></span> <span class='ocrx_word' id='word_1_97' title='bbox 1568 1417 1671 1474; x_wconf 88' lang='lat' dir='ltr'><strong>qua</strong></span> <span class='ocrx_word' id='word_1_98' title='bbox 1724 1405 2004 1475; x_wconf 89' lang='lat' dir='ltr'><strong>purpurati</strong></span> 
     </span>
    </p>
   </div>
   <div class='ocr_carea' id='block_1_16' title="bbox 362 1480 2006 1567">
    <p class='ocr_par' dir='ltr' id='par_1_16' title="bbox 362 1480 2006 1567">
     <span class='ocr_line' id='line_1_16' title="bbox 362 1480 2006 1567; baseline 0 -17"><span class='ocrx_word' id='word_1_99' title='bbox 362 1562 365 1563; x_wconf 14' lang='grc' dir='ltr'><em>γ</em></span> <span class='ocrx_word' id='word_1_100' title='bbox 420 1480 621 1550; x_wconf 65' lang='lat' dir='ltr'><strong>laevum</strong></span> <span class='ocrx_word' id='word_1_101' title='bbox 676 1480 815 1550; x_wconf 89' lang='lat' dir='ltr'><strong>latus</strong></span> <span class='ocrx_word' id='word_1_102' title='bbox 848 1494 901 1549; x_wconf 92' lang='lat' dir='ltr'><strong>in</strong></span> <span class='ocrx_word' id='word_1_103' title='bbox 942 1495 1129 1550; x_wconf 89' lang='lat' dir='ltr'><strong>dextro</strong></span> <span class='ocrx_word' id='word_1_104' title='bbox 1157 1495 1400 1566; x_wconf 89' lang='lat' dir='ltr'><strong>margine</strong></span> <span class='ocrx_word' id='word_1_105' title='bbox 1444 1494 1833 1567; x_wconf 80' lang='lat' dir='ltr'><strong>porrigebatur.</strong></span> <span class='ocrx_word' id='word_1_106' title='bbox 1863 1494 2006 1551; x_wconf 87' lang='lat' dir='ltr'><strong>Edu-</strong></span> 
     </span>
    </p>
   </div>
   <div class='ocr_carea' id='block_1_17' title="bbox 423 1585 2004 1656">
    <p class='ocr_par' dir='ltr' id='par_1_17' title="bbox 423 1585 2004 1656">
     <span class='ocr_line' id='line_1_17' title="bbox 423 1585 2004 1656; baseline -0.001 -12"><span class='ocrx_word' id='word_1_107' title='bbox 423 1585 561 1644; x_wconf 92' lang='lat' dir='ltr'><strong>lium</strong></span> <span class='ocrx_word' id='word_1_108' title='bbox 589 1586 753 1642; x_wconf 90' lang='lat' dir='ltr'><strong>multa</strong></span> <span class='ocrx_word' id='word_1_109' title='bbox 785 1595 935 1656; x_wconf 89' lang='lat' dir='ltr'><strong>parte</strong></span> <span class='ocrx_word' id='word_1_110' title='bbox 956 1586 1129 1651; x_wconf 85' lang='lat' dir='ltr'><strong>ﬁnita,</strong></span> <span class='ocrx_word' id='word_1_111' title='bbox 1151 1587 1378 1642; x_wconf 52' lang='lat' dir='ltr'><strong>Caesaris</strong></span> <span class='ocrx_word' id='word_1_112' title='bbox 1408 1586 1476 1642; x_wconf 91' lang='lat' dir='ltr'><strong>ad</strong></span> <span class='ocrx_word' id='word_1_113' title='bbox 1513 1588 1787 1642; x_wconf 87' lang='lat' dir='ltr'><strong>consulem</strong></span> <span class='ocrx_word' id='word_1_114' title='bbox 1826 1602 2004 1643; x_wconf 88' lang='lat' dir='ltr'><strong>sermo</strong></span> 
     </span>
    </p>
   </div>
   <div class='ocr_carea' id='block_1_18' title="bbox 424 1680 2005 1751">
    <p class='ocr_par' dir='ltr' id='par_1_18' title="bbox 424 1680 2005 1751">
     <span class='ocr_line' id='line_1_18' title="bbox 424 1680 2005 1751; baseline 0 -16"><span class='ocrx_word' id='word_1_115' title='bbox 424 1680 693 1751; x_wconf 89' lang='lat' dir='ltr'><strong>dirigitur,</strong></span> <span class='ocrx_word' id='word_1_116' title='bbox 726 1680 877 1751; x_wconf 89' lang='lat' dir='ltr'><strong>isque</strong></span> <span class='ocrx_word' id='word_1_117' title='bbox 914 1680 1250 1735; x_wconf 90' lang='lat' dir='ltr'><strong>succinctus:</strong></span> <span class='ocrx_word' id='word_1_118' title='bbox 1295 1681 1419 1735; x_wconf 89' lang='lat' dir='ltr'><strong>inde</strong></span> <span class='ocrx_word' id='word_1_119' title='bbox 1461 1680 1760 1735; x_wconf 83' lang='lat' dir='ltr'><strong>devolvitur</strong></span> <span class='ocrx_word' id='word_1_120' title='bbox 1784 1680 1851 1735; x_wconf 91' lang='lat' dir='ltr'><strong>ad</strong></span> <span class='ocrx_word' id='word_1_121' title='bbox 1876 1695 2005 1735; x_wconf 86' lang='lat' dir='ltr'><strong>cott-</strong></span> 
     </span>
    </p>
   </div>
   <div class='ocr_carea' id='block_1_19' title="bbox 2112 483 3689 558">
    <p class='ocr_par' dir='ltr' id='par_1_19' title="bbox 2112 483 3689 558">
     <span class='ocr_line' id='line_1_19' title="bbox 2112 483 3689 558; baseline 0.008 -20"><span class='ocrx_word' id='word_1_122' title='bbox 2112 483 2308 553; x_wconf 89' lang='lat' dir='ltr'><strong>pellato</strong></span> <span class='ocrx_word' id='word_1_123' title='bbox 2352 491 2559 539; x_wconf 85' lang='lat' dir='ltr'><strong>tacente</strong></span> <span class='ocrx_word' id='word_1_124' title='bbox 2589 487 2883 553; x_wconf 89' lang='lat' dir='ltr'><strong>respondit.</strong></span> <span class='ocrx_word' id='word_1_125' title='bbox 2916 488 3145 545; x_wconf 84' lang='lat' dir='ltr'><strong>Subrisit</strong></span> <span class='ocrx_word' id='word_1_126' title='bbox 3175 490 3462 558; x_wconf 80' lang='lat' dir='ltr'><strong>Augustus,</strong></span> <span class='ocrx_word' id='word_1_127' title='bbox 3491 502 3547 546; x_wconf 92' lang='lat' dir='ltr'><strong>ut</strong></span> <span class='ocrx_word' id='word_1_128' title='bbox 3572 502 3689 550; x_wconf 82' lang='lat' dir='ltr'><strong>erat</strong></span> 
     </span>
    </p>
   </div>
   <div class='ocr_carea' id='block_1_20' title="bbox 2110 574 3685 654">
    <p class='ocr_par' dir='ltr' id='par_1_20' title="bbox 2110 574 3685 654">
     <span class='ocr_line' id='line_1_20' title="bbox 2110 574 3685 654; baseline 0.006 -25"><span class='ocrx_word' id='word_1_129' title='bbox 2110 574 2427 630; x_wconf 88' lang='lat' dir='ltr'><strong>auctoritate</strong></span> <span class='ocrx_word' id='word_1_130' title='bbox 2440 586 2668 640; x_wconf 89' lang='lat' dir='ltr'><strong>servata,</strong></span> <span class='ocrx_word' id='word_1_131' title='bbox 2692 593 2811 631; x_wconf 88' lang='lat' dir='ltr'><strong>cum</strong></span> <span class='ocrx_word' id='word_1_132' title='bbox 2837 594 2895 633; x_wconf 88' lang='lat' dir='ltr'><strong>se</strong></span> <span class='ocrx_word' id='word_1_133' title='bbox 2916 580 3279 635; x_wconf 62' lang='lat' dir='ltr'><strong>coittmunioni</strong></span> <span class='ocrx_word' id='word_1_134' title='bbox 3306 581 3561 651; x_wconf 81' lang='lat' dir='ltr'><strong>dedisset,</strong></span> <span class='ocrx_word' id='word_1_135' title='bbox 3576 584 3685 654; x_wconf 90' lang='lat' dir='ltr'><strong>joci</strong></span> 
     </span>
    </p>
   </div>
   <div class='ocr_carea' id='block_1_21' title="bbox 2111 666 3687 745">
    <p class='ocr_par' dir='ltr' id='par_1_21' title="bbox 2111 666 3687 745">
     <span class='ocr_line' id='line_1_21' title="bbox 2111 666 3687 745; baseline 0.007 -26"><span class='ocrx_word' id='word_1_136' title='bbox 2111 666 2299 736; x_wconf 91' lang='lat' dir='ltr'><strong>plenus</strong></span> <span class='ocrx_word' id='word_1_137' title='bbox 2353 683 2366 719; x_wconf 88' lang='lat'><strong>:</strong></span> <span class='ocrx_word' id='word_1_138' title='bbox 2408 681 2503 736; x_wconf 91' lang='lat' dir='ltr'><strong>per</strong></span> <span class='ocrx_word' id='word_1_139' title='bbox 2552 682 2706 734; x_wconf 88' lang='lat' dir='ltr'><strong>quem</strong></span> <span class='ocrx_word' id='word_1_140' title='bbox 2756 671 3070 725; x_wconf 86' lang='lat' dir='ltr'><strong>cachinnum</strong></span> <span class='ocrx_word' id='word_1_141' title='bbox 3126 688 3232 727; x_wconf 90' lang='lat' dir='ltr'><strong>non</strong></span> <span class='ocrx_word' id='word_1_142' title='bbox 3283 674 3455 728; x_wconf 88' lang='lat' dir='ltr'><strong>minus</strong></span> <span class='ocrx_word' id='word_1_143' title='bbox 3498 675 3687 745; x_wconf 77' lang='lat' dir='ltr'><strong>obtigit</strong></span> 
     </span>
    </p>
   </div>
   <div class='ocr_carea' id='block_1_22' title="bbox 2112 756 3687 837">
    <p class='ocr_par' dir='ltr' id='par_1_22' title="bbox 2112 756 3687 837">
     <span class='ocr_line' id='line_1_22' title="bbox 2112 756 3687 837; baseline 0.007 -26"><span class='ocrx_word' id='word_1_144' title='bbox 2112 756 2343 812; x_wconf 86' lang='lat' dir='ltr'><strong>Athenio</strong></span> <span class='ocrx_word' id='word_1_145' title='bbox 2365 757 2633 823; x_wconf 62' lang='lat' dir='ltr'><strong>vindictas,</strong></span> <span class='ocrx_word' id='word_1_146' title='bbox 2662 775 2817 828; x_wconf 90' lang='lat' dir='ltr'><strong>quam</strong></span> <span class='ocrx_word' id='word_1_147' title='bbox 2842 763 3151 831; x_wconf 79' lang='lat' dir='ltr'><strong>contigisset</strong></span> <span class='ocrx_word' id='word_1_148' title='bbox 3192 764 3420 833; x_wconf 71' lang='lat' dir='ltr'><strong>injurias.</strong></span> <span class='ocrx_word' id='word_1_149' title='bbox 3472 765 3687 837; x_wconf 79' lang='lat' dir='ltr'><strong>Colligit</strong></span> 
     </span>
    </p>
   </div>
   <div class='ocr_carea' id='block_1_23' title="bbox 2110 851 3685 927">
    <p class='ocr_par' dir='ltr' id='par_1_23' title="bbox 2110 851 3685 927">
     <span class='ocr_line' id='line_1_23' title="bbox 2110 851 3685 927; baseline 0.003 -21"><span class='ocrx_word' id='word_1_150' title='bbox 2110 851 2285 921; x_wconf 81' lang='lat' dir='ltr'><strong>itaque</strong></span> <span class='ocrx_word' id='word_1_151' title='bbox 2308 866 2427 907; x_wconf 88' lang='lat' dir='ltr'><strong>sese</strong></span> <span class='ocrx_word' id='word_1_152' title='bbox 2456 860 2482 889; x_wconf 74' lang='grc' dir='ltr'><strong>ἰ</strong></span> <span class='ocrx_word' id='word_1_153' title='bbox 2513 852 2912 907; x_wconf 61' lang='lat' dir='ltr'><strong>trebztci~simus</strong></span> <span class='ocrx_word' id='word_1_154' title='bbox 2943 870 3129 918; x_wconf 85' lang='lat' dir='ltr'><strong>senex,</strong></span> <span class='ocrx_word' id='word_1_155' title='bbox 3160 867 3213 911; x_wconf 89' lang='lat' dir='ltr'><strong>et</strong></span> <span class='ocrx_word' id='word_1_156' title='bbox 3244 867 3298 911; x_wconf 84' lang='grc' dir='ltr'><strong>ιιι</strong></span> <span class='ocrx_word' id='word_1_157' title='bbox 3340 874 3555 927; x_wconf 56' lang='lat' dir='ltr'><strong>semper</strong></span> <span class='ocrx_word' id='word_1_158' title='bbox 3604 862 3685 913; x_wconf 80' lang='lat' dir='ltr'><strong>in-</strong></span> 
     </span>
    </p>
   </div>
   <div class='ocr_carea' id='block_1_24' title="bbox 2112 942 3683 1013">
    <p class='ocr_par' dir='ltr' id='par_1_24' title="bbox 2112 942 3683 1013">
     <span class='ocr_line' id='line_1_24' title="bbox 2112 942 3683 1013; baseline 0.004 -18"><span class='ocrx_word' id='word_1_159' title='bbox 2112 942 2371 997; x_wconf 88' lang='lat' dir='ltr'><strong>trinsecus</strong></span> <span class='ocrx_word' id='word_1_160' title='bbox 2399 951 2531 996; x_wconf 72' lang='lat' dir='ltr'><strong>aestu</strong></span> <span class='ocrx_word' id='word_1_161' title='bbox 2567 942 2781 1011; x_wconf 88' lang='lat' dir='ltr'><strong>pudoris</strong></span> <span class='ocrx_word' id='word_1_162' title='bbox 2808 948 3224 1013; x_wconf 79' lang='lat' dir='ltr'><strong>excoquebatur,</strong></span> <span class='ocrx_word' id='word_1_163' title='bbox 3272 965 3365 1002; x_wconf 90' lang='lat' dir='ltr'><strong>cur</strong></span> <span class='ocrx_word' id='word_1_164' title='bbox 3408 952 3506 1005; x_wconf 87' lang='lat' dir='ltr'><strong>sibi</strong></span> <span class='ocrx_word' id='word_1_165' title='bbox 3540 953 3683 1004; x_wconf 75' lang='lat' dir='ltr'><strong>Pu-o-</strong></span> 
     </span>
    </p>
   </div>
   <div class='ocr_carea' id='block_1_25' title="bbox 2109 1032 3684 1114">
    <p class='ocr_par' dir='ltr' id='par_1_25' title="bbox 2109 1032 3684 1114">
     <span class='ocr_line' id='line_1_25' title="bbox 2109 1032 3684 1114; baseline 0.005 -28"><span class='ocrx_word' id='word_1_166' title='bbox 2109 1032 2229 1086; x_wconf 85' lang='lat' dir='ltr'><strong>nius</strong></span> <span class='ocrx_word' id='word_1_167' title='bbox 2266 1032 2645 1097; x_wconf 79' lang='lat' dir='ltr'><strong>anteferretur,</strong></span> <span class='ocrx_word' id='word_1_168' title='bbox 2669 1033 2783 1087; x_wconf 86' lang='lat' dir='ltr'><strong>Non</strong></span> <span class='ocrx_word' id='word_1_169' title='bbox 2832 1035 3019 1101; x_wconf 86' lang='lat' dir='ltr'><strong>miror,</strong></span> <span class='ocrx_word' id='word_1_170' title='bbox 3061 1037 3251 1107; x_wconf 86' lang='lat' dir='ltr'><strong>inquit,</strong></span> <span class='ocrx_word' id='word_1_171' title='bbox 3285 1046 3537 1111; x_wconf 71' lang='lat' dir='ltr'><strong>Auguste,</strong></span> <span class='ocrx_word' id='word_1_172' title='bbox 3577 1045 3684 1114; x_wconf 82' lang='lat'><strong>30</strong></span> 
     </span>
    </p>
   </div>
   <div class='ocr_carea' id='block_1_26' title="bbox 2109 1123 3684 1201">
    <p class='ocr_par' dir='ltr' id='par_1_26' title="bbox 2109 1123 3684 1201">
     <span class='ocr_line' id='line_1_26' title="bbox 2109 1123 3684 1201; baseline 0.006 -22"><span class='ocrx_word' id='word_1_173' title='bbox 2109 1125 2153 1179; x_wconf 88' lang='lat' dir='ltr'><strong>si</strong></span> <span class='ocrx_word' id='word_1_174' title='bbox 2182 1123 2313 1179; x_wconf 92' lang='lat' dir='ltr'><strong>mihi</strong></span> <span class='ocrx_word' id='word_1_175' title='bbox 2340 1124 2513 1179; x_wconf 88' lang='lat' dir='ltr'><strong>standi</strong></span> <span class='ocrx_word' id='word_1_176' title='bbox 2540 1125 2714 1179; x_wconf 92' lang='lat' dir='ltr'><strong>locum</strong></span> <span class='ocrx_word' id='word_1_177' title='bbox 2744 1127 3031 1195; x_wconf 73' lang='lat' dir='ltr'><strong>prmripere</strong></span> <span class='ocrx_word' id='word_1_178' title='bbox 3061 1139 3303 1195; x_wconf 88' lang='lat' dir='ltr'><strong>conetur,</strong></span> <span class='ocrx_word' id='word_1_179' title='bbox 3333 1136 3419 1201; x_wconf 87' lang='lat' dir='ltr'><strong>qui</strong></span> <span class='ocrx_word' id='word_1_180' title='bbox 3457 1135 3551 1188; x_wconf 85' lang='lat' dir='ltr'><strong>tibi</strong></span> <span class='ocrx_word' id='word_1_181' title='bbox 3605 1136 3684 1188; x_wconf 85' lang='lat' dir='ltr'><strong>in-</strong></span> 
     </span>
    </p>
   </div>
   <div class='ocr_carea' id='block_1_27' title="bbox 2109 1218 3683 1289">
    <p class='ocr_par' dir='ltr' id='par_1_27' title="bbox 2109 1218 3683 1289">
     <span class='ocr_line' id='line_1_27' title="bbox 2109 1218 3683 1289; baseline 0.007 -18"><span class='ocrx_word' id='word_1_182' title='bbox 2109 1218 2303 1273; x_wconf 87' lang='lat' dir='ltr'><strong>vadere</strong></span> <span class='ocrx_word' id='word_1_183' title='bbox 2328 1233 2434 1273; x_wconf 92' lang='lat' dir='ltr'><strong>non</strong></span> <span class='ocrx_word' id='word_1_184' title='bbox 2464 1220 2736 1275; x_wconf 89' lang='lat' dir='ltr'><strong>erubescit</strong></span> <span class='ocrx_word' id='word_1_185' title='bbox 2764 1220 3037 1289; x_wconf 85' lang='lat' dir='ltr'><strong>loquendi.</strong></span> <span class='ocrx_word' id='word_1_186' title='bbox 3074 1221 3133 1274; x_wconf 84' lang='lat' dir='ltr'><strong>Et</strong></span> <span class='ocrx_word' id='word_1_187' title='bbox 3171 1223 3254 1276; x_wconf 87' lang='lat' dir='ltr'><strong>vir</strong></span> <span class='ocrx_word' id='word_1_188' title='bbox 3304 1224 3522 1280; x_wconf 84' lang='lat' dir='ltr'><strong>illustris</strong></span> <span class='ocrx_word' id='word_1_189' title='bbox 3550 1228 3683 1282; x_wconf 88' lang='lat' dir='ltr'><strong>Gra-</strong></span> 
     </span>
    </p>
   </div>
   <div class='ocr_carea' id='block_1_28' title="bbox 2108 1311 3681 1389">
    <p class='ocr_par' dir='ltr' id='par_1_28' title="bbox 2108 1311 3681 1389">
     <span class='ocr_line' id='line_1_28' title="bbox 2108 1311 3681 1389; baseline 0.004 -22"><span class='ocrx_word' id='word_1_190' title='bbox 2108 1311 2385 1375; x_wconf 87' lang='lat' dir='ltr'><strong>tianensis,</strong></span> <span class='ocrx_word' id='word_1_191' title='bbox 2415 1312 2629 1379; x_wconf 87' lang='lat' dir='ltr'><strong>Multus,</strong></span> <span class='ocrx_word' id='word_1_192' title='bbox 2660 1313 2850 1382; x_wconf 89' lang='lat' dir='ltr'><strong>inquit,</strong></span> <span class='ocrx_word' id='word_1_193' title='bbox 2878 1314 3123 1385; x_wconf 84' lang='lat' dir='ltr'><strong>satyricis</strong></span> <span class='ocrx_word' id='word_1_194' title='bbox 3148 1316 3247 1369; x_wconf 92' lang='lat' dir='ltr'><strong>hoc</strong></span> <span class='ocrx_word' id='word_1_195' title='bbox 3269 1315 3445 1387; x_wconf 87' lang='lat' dir='ltr'><strong>jurgio</strong></span> <span class='ocrx_word' id='word_1_196' title='bbox 3464 1334 3681 1389; x_wconf 72' lang='lat' dir='ltr'><strong>campus</strong></span> 
     </span>
    </p>
   </div>
   <div class='ocr_carea' id='block_1_29' title="bbox 2107 1394 3679 1476">
    <p class='ocr_par' dir='ltr' id='par_1_29' title="bbox 2107 1394 3679 1476">
     <span class='ocr_line' id='line_1_29' title="bbox 2107 1394 3679 1476; baseline 0.006 -21"><span class='ocrx_word' id='word_1_197' title='bbox 2107 1404 2363 1472; x_wconf 91' lang='lat' dir='ltr'><strong>aperitur.</strong></span> <span class='ocrx_word' id='word_1_198' title='bbox 2390 1402 2485 1458; x_wconf 86' lang='lat' dir='ltr'><strong>Hic</strong></span> <span class='ocrx_word' id='word_1_199' title='bbox 2516 1404 2826 1473; x_wconf 87' lang='lat' dir='ltr'><strong>imperator.</strong></span> <span class='ocrx_word' id='word_1_200' title='bbox 2858 1404 2923 1458; x_wconf 91' lang='lat' dir='ltr'><strong>ad</strong></span> <span class='ocrx_word' id='word_1_201' title='bbox 2969 1420 3055 1461; x_wconf 90' lang='lat' dir='ltr'><strong>me</strong></span> <span class='ocrx_word' id='word_1_202' title='bbox 3094 1405 3121 1443; x_wconf 73' lang='grc' dir='ltr'>δ</span> <span class='ocrx_word' id='word_1_203' title='bbox 3152 1408 3362 1462; x_wconf 84' lang='lat' dir='ltr'><strong>cervice</strong></span> <span class='ocrx_word' id='word_1_204' title='bbox 3403 1394 3551 1463; x_wconf 72' lang='lat' dir='ltr'><strong>conv.</strong></span> <span class='ocrx_word' id='word_1_205' title='bbox 3572 1426 3679 1476; x_wconf 85' lang='lat' dir='ltr'><strong>rsa,</strong></span> 
     </span>
    </p>
   </div>
   <div class='ocr_carea' id='block_1_30' title="bbox 2106 1494 3684 1571">
    <p class='ocr_par' dir='ltr' id='par_1_30' title="bbox 2106 1494 3684 1571">
     <span class='ocr_line' id='line_1_30' title="bbox 2106 1494 3684 1571; baseline 0.005 -22"><span class='ocrx_word' id='word_1_206' title='bbox 2106 1494 2300 1563; x_wconf 86' lang='lat' dir='ltr'><strong>Audio,</strong></span> <span class='ocrx_word' id='word_1_207' title='bbox 2330 1496 2422 1559; x_wconf 88' lang='lat' dir='ltr'><strong>ait,</strong></span> <span class='ocrx_word' id='word_1_208' title='bbox 2458 1506 2479 1533; x_wconf 80' lang='grc' dir='ltr'><strong>ο</strong></span> <span class='ocrx_word' id='word_1_209' title='bbox 2510 1510 2690 1550; x_wconf 90' lang='lat' dir='ltr'><strong>comes</strong></span> <span class='ocrx_word' id='word_1_210' title='bbox 2714 1494 2921 1565; x_wconf 91' lang='lat' dir='ltr'><strong>Sidoni,</strong></span> <span class='ocrx_word' id='word_1_211' title='bbox 2946 1497 3085 1568; x_wconf 91' lang='lat' dir='ltr'><strong>quod</strong></span> <span class='ocrx_word' id='word_1_212' title='bbox 3110 1509 3341 1571; x_wconf 84' lang='lat' dir='ltr'><strong>satyram</strong></span> <span class='ocrx_word' id='word_1_213' title='bbox 3359 1501 3582 1557; x_wconf 82' lang='lat' dir='ltr'><strong>scribas.</strong></span> <span class='ocrx_word' id='word_1_214' title='bbox 3618 1503 3684 1556; x_wconf 83' lang='lat' dir='ltr'><strong>Et</strong></span> 
     </span>
    </p>
   </div>
   <div class='ocr_carea' id='block_1_31' title="bbox 2106 1587 3680 1661">
    <p class='ocr_par' dir='ltr' id='par_1_31' title="bbox 2106 1587 3680 1661">
     <span class='ocr_line' id='line_1_31' title="bbox 2106 1587 3680 1661; baseline 0.004 -20"><span class='ocrx_word' id='word_1_215' title='bbox 2106 1599 2227 1653; x_wconf 88' lang='lat' dir='ltr'><strong>ego,</strong></span> <span class='ocrx_word' id='word_1_216' title='bbox 2254 1587 2490 1656; x_wconf 92' lang='lat' dir='ltr'><strong>inquam,</strong></span> <span class='ocrx_word' id='word_1_217' title='bbox 2522 1587 2624 1642; x_wconf 91' lang='lat' dir='ltr'><strong>hoc</strong></span> <span class='ocrx_word' id='word_1_218' title='bbox 2649 1588 2832 1656; x_wconf 89' lang='lat' dir='ltr'><strong>audio,</strong></span> <span class='ocrx_word' id='word_1_219' title='bbox 2859 1587 3075 1646; x_wconf 88' lang='lat' dir='ltr'><strong>domine</strong></span> <span class='ocrx_word' id='word_1_220' title='bbox 3104 1590 3369 1661; x_wconf 86' lang='lat' dir='ltr'><strong>princeps.</strong></span> <span class='ocrx_word' id='word_1_221' title='bbox 3394 1592 3542 1646; x_wconf 91' lang='lat' dir='ltr'><strong>Tunc</strong></span> <span class='ocrx_word' id='word_1_222' title='bbox 3569 1593 3680 1661; x_wconf 88' lang='lat' dir='ltr'><strong>ille,</strong></span> 
     </span>
    </p>
   </div>
   <div class='ocr_carea' id='block_1_32' title="bbox 2107 1668 3681 1753">
    <p class='ocr_par' dir='ltr' id='par_1_32' title="bbox 2107 1668 3681 1753">
     <span class='ocr_line' id='line_1_32' title="bbox 2107 1668 3681 1753; baseline 0.008 -25"><span class='ocrx_word' id='word_1_223' title='bbox 2107 1668 2135 1711; x_wconf 77' lang='grc' dir='ltr'><strong>ἀ</strong></span> <span class='ocrx_word' id='word_1_224' title='bbox 2164 1675 2260 1730; x_wconf 90' lang='lat' dir='ltr'><strong>sed</strong></span> <span class='ocrx_word' id='word_1_225' title='bbox 2290 1675 2491 1740; x_wconf 85' lang='lat' dir='ltr'><strong>ridens,</strong></span> <span class='ocrx_word' id='word_1_226' title='bbox 2525 1692 2684 1746; x_wconf 88' lang='lat' dir='ltr'><strong>parce</strong></span> <span class='ocrx_word' id='word_1_227' title='bbox 2704 1678 2788 1734; x_wconf 86' lang='lat' dir='ltr'><strong>vel</strong></span> <span class='ocrx_word' id='word_1_228' title='bbox 2816 1679 2991 1736; x_wconf 90' lang='lat' dir='ltr'><strong>nobis.</strong></span> <span class='ocrx_word' id='word_1_229' title='bbox 3021 1682 3091 1736; x_wconf 83' lang='lat' dir='ltr'><strong>At</strong></span> <span class='ocrx_word' id='word_1_230' title='bbox 3119 1696 3238 1752; x_wconf 90' lang='lat' dir='ltr'><strong>ego,</strong></span> <span class='ocrx_word' id='word_1_231' title='bbox 3279 1684 3515 1753; x_wconf 75' lang='lat' dir='ltr'><strong>inquam,</strong></span> <span class='ocrx_word' id='word_1_232' title='bbox 3543 1686 3681 1752; x_wconf 91' lang='lat' dir='ltr'><strong>quod</strong></span> 
     </span>
    </p>
   </div>
   <div class='ocr_carea' id='block_1_33' title="bbox 422 1766 3683 1844">
    <p class='ocr_par' dir='ltr' id='par_1_33' title="bbox 422 1766 3683 1844">
     <span class='ocr_line' id='line_1_33' title="bbox 422 1766 3683 1844; baseline 0.002 -18"><span class='ocrx_word' id='word_1_233' title='bbox 422 1775 685 1837; x_wconf 90' lang='lat' dir='ltr'><strong>sularem,</strong></span> <span class='ocrx_word' id='word_1_234' title='bbox 714 1786 835 1827; x_wconf 91' lang='lat' dir='ltr'><strong>cum</strong></span> <span class='ocrx_word' id='word_1_235' title='bbox 872 1785 978 1842; x_wconf 89' lang='lat' dir='ltr'><strong>quo</strong></span> <span class='ocrx_word' id='word_1_236' title='bbox 1019 1786 1161 1842; x_wconf 81' lang='lat' dir='ltr'><strong>saepe</strong></span> <span class='ocrx_word' id='word_1_237' title='bbox 1210 1770 1490 1842; x_wconf 89' lang='lat' dir='ltr'><strong>repetitus,</strong></span> <span class='ocrx_word' id='word_1_238' title='bbox 1527 1772 1651 1841; x_wconf 87' lang='lat' dir='ltr'><strong>quia</strong></span> <span class='ocrx_word' id='word_1_239' title='bbox 1701 1771 1769 1827; x_wconf 90' lang='lat' dir='ltr'><strong>de</strong></span> <span class='ocrx_word' id='word_1_240' title='bbox 1811 1769 2001 1826; x_wconf 85' lang='lat' dir='ltr'><strong>litteris</strong></span> <span class='ocrx_word' id='word_1_241' title='bbox 2032 1770 2078 1831; x_wconf 83' lang='grc' dir='ltr'><strong>Β</strong></span> <span class='ocrx_word' id='word_1_242' title='bbox 2104 1766 2170 1820; x_wconf 89' lang='lat' dir='ltr'><strong>ab</strong></span> <span class='ocrx_word' id='word_1_243' title='bbox 2202 1767 2399 1821; x_wconf 86' lang='lat' dir='ltr'><strong>illicitis</strong></span> <span class='ocrx_word' id='word_1_244' title='bbox 2428 1777 2686 1838; x_wconf 89' lang='lat' dir='ltr'><strong>tempero,</strong></span> <span class='ocrx_word' id='word_1_245' title='bbox 2722 1771 2851 1825; x_wconf 89' lang='lat' dir='ltr'><strong>mihi</strong></span> <span class='ocrx_word' id='word_1_246' title='bbox 2896 1786 3077 1840; x_wconf 90' lang='lat' dir='ltr'><strong>parco.</strong></span> <span class='ocrx_word' id='word_1_247' title='bbox 3107 1772 3232 1828; x_wconf 85' lang='lat' dir='ltr'><strong>Post</strong></span> <span class='ocrx_word' id='word_1_248' title='bbox 3276 1790 3394 1844; x_wconf 83' lang='lat' dir='ltr'><strong>quae</strong></span> <span class='ocrx_word' id='word_1_249' title='bbox 3442 1776 3531 1830; x_wconf 88' lang='lat' dir='ltr'><strong>ille</strong></span> <span class='ocrx_word' id='word_1_250' title='bbox 3572 1793 3583 1827; x_wconf 90' lang='lat'>:</span> <span class='ocrx_word' id='word_1_251' title='bbox 3620 1776 3683 1831; x_wconf 83' lang='lat' dir='ltr'><strong>Et</strong></span> 
     </span>
    </p>
   </div>
   <div class='ocr_carea' id='block_1_34' title="bbox 421 1865 2002 1931">
    <p class='ocr_par' dir='ltr' id='par_1_34' title="bbox 421 1865 2002 1931">
     <span class='ocr_line' id='line_1_34' title="bbox 421 1865 2002 1931; baseline 0 -11"><span class='ocrx_word' id='word_1_252' title='bbox 421 1865 617 1931; x_wconf 86' lang='lat' dir='ltr'><strong>factus,</strong></span> <span class='ocrx_word' id='word_1_253' title='bbox 651 1865 717 1920; x_wconf 90' lang='lat' dir='ltr'><strong>ad</strong></span> <span class='ocrx_word' id='word_1_254' title='bbox 746 1866 916 1921; x_wconf 88' lang='lat' dir='ltr'><strong>virum</strong></span> <span class='ocrx_word' id='word_1_255' title='bbox 964 1866 1226 1921; x_wconf 85' lang='lat' dir='ltr'><strong>illustrem</strong></span> <span class='ocrx_word' id='word_1_256' title='bbox 1276 1866 1559 1921; x_wconf 90' lang='lat' dir='ltr'><strong>Camillum</strong></span> <span class='ocrx_word' id='word_1_257' title='bbox 1604 1880 1670 1920; x_wconf 89' lang='lat' dir='ltr'><strong>ex</strong></span> <span class='ocrx_word' id='word_1_258' title='bbox 1721 1865 2002 1922; x_wconf 89' lang='lat' dir='ltr'><strong>occasione</strong></span> 
     </span>
    </p>
   </div>
   <div class='ocr_carea' id='block_1_35' title="bbox 421 1956 2004 2027">
    <p class='ocr_par' dir='ltr' id='par_1_35' title="bbox 421 1956 2004 2027">
     <span class='ocr_line' id='line_1_35' title="bbox 421 1956 2004 2027; baseline -0.001 -14"><span class='ocrx_word' id='word_1_259' title='bbox 421 1956 764 2024; x_wconf 79' lang='lat' dir='ltr'><strong>transfertur,</strong></span> <span class='ocrx_word' id='word_1_260' title='bbox 831 1956 884 2011; x_wconf 90' lang='lat' dir='ltr'><strong>in</strong></span> <span class='ocrx_word' id='word_1_261' title='bbox 933 1965 1139 2012; x_wconf 90' lang='lat' dir='ltr'><strong>tantum</strong></span> <span class='ocrx_word' id='word_1_262' title='bbox 1198 1967 1255 2012; x_wconf 93' lang='lat' dir='ltr'><strong>ut</strong></span> <span class='ocrx_word' id='word_1_263' title='bbox 1289 1956 1495 2012; x_wconf 88' lang='lat' dir='ltr'><strong>diceret</strong></span> <span class='ocrx_word' id='word_1_264' title='bbox 1541 1957 1811 2027; x_wconf 88' lang='lat' dir='ltr'><strong>princeps,</strong></span> <span class='ocrx_word' id='word_1_265' title='bbox 1868 1956 2004 2012; x_wconf 82' lang='lat' dir='ltr'><strong>Vere</strong></span> 
     </span>
    </p>
   </div>
   <div class='ocr_carea' id='block_1_36' title="bbox 420 2045 2005 2119">
    <p class='ocr_par' dir='ltr' id='par_1_36' title="bbox 420 2045 2005 2119">
     <span class='ocr_line' id='line_1_36' title="bbox 420 2045 2005 2119; baseline 0 -18"><span class='ocrx_word' id='word_1_266' title='bbox 420 2045 594 2103; x_wconf 86' lang='lat' dir='ltr'><strong>habes</strong></span> <span class='ocrx_word' id='word_1_267' title='bbox 618 2055 883 2116; x_wconf 89' lang='lat' dir='ltr'><strong>patruum,</strong></span> <span class='ocrx_word' id='word_1_268' title='bbox 913 2047 1077 2103; x_wconf 82' lang='lat' dir='ltr'><strong>frater</strong></span> <span class='ocrx_word' id='word_1_269' title='bbox 1105 2048 1345 2117; x_wconf 88' lang='lat' dir='ltr'><strong>Camille,</strong></span> <span class='ocrx_word' id='word_1_270' title='bbox 1378 2058 1596 2119; x_wconf 89' lang='lat' dir='ltr'><strong>propter</strong></span> <span class='ocrx_word' id='word_1_271' title='bbox 1616 2063 1773 2118; x_wconf 90' lang='lat' dir='ltr'><strong>quem</strong></span> <span class='ocrx_word' id='word_1_272' title='bbox 1804 2063 1888 2103; x_wconf 87' lang='lat' dir='ltr'><strong>me</strong></span> <span class='ocrx_word' id='word_1_273' title='bbox 1927 2048 2005 2101; x_wconf 84' lang='lat' dir='ltr'><strong>fa-</strong></span> 
     </span>
    </p>
   </div>
   <div class='ocr_carea' id='block_1_37' title="bbox 419 2141 2004 2213">
    <p class='ocr_par' dir='ltr' id='par_1_37' title="bbox 419 2141 2004 2213">
     <span class='ocr_line' id='line_1_37' title="bbox 419 2141 2004 2213; baseline 0.001 -19"><span class='ocrx_word' id='word_1_274' title='bbox 419 2141 587 2195; x_wconf 76' lang='lat' dir='ltr'><strong>milite</strong></span> <span class='ocrx_word' id='word_1_275' title='bbox 603 2149 705 2196; x_wconf 74' lang='lat' dir='ltr'><strong>tua:</strong></span> <span class='ocrx_word' id='word_1_276' title='bbox 726 2142 1061 2197; x_wconf 88' lang='lat' dir='ltr'><strong>consulatum</strong></span> <span class='ocrx_word' id='word_1_277' title='bbox 1082 2157 1244 2197; x_wconf 92' lang='lat' dir='ltr'><strong>unum</strong></span> <span class='ocrx_word' id='word_1_278' title='bbox 1268 2142 1507 2213; x_wconf 61' lang='lat' dir='ltr'><strong>gratuler</strong></span> <span class='ocrx_word' id='word_1_279' title='bbox 1519 2143 1826 2198; x_wconf 85' lang='lat' dir='ltr'><strong>contulisse.</strong></span> <span class='ocrx_word' id='word_1_280' title='bbox 1852 2141 2004 2195; x_wconf 89' lang='lat' dir='ltr'><strong>Tunc</strong></span> 
     </span>
    </p>
   </div>
   <div class='ocr_carea' id='block_1_38' title="bbox 418 2233 2000 2305">
    <p class='ocr_par' dir='ltr' id='par_1_38' title="bbox 418 2233 2000 2305">
     <span class='ocr_line' id='line_1_38' title="bbox 418 2233 2000 2305; baseline -0.002 -15"><span class='ocrx_word' id='word_1_281' title='bbox 418 2235 541 2301; x_wconf 89' lang='lat' dir='ltr'><strong>ille,</strong></span> <span class='ocrx_word' id='word_1_282' title='bbox 570 2235 657 2305; x_wconf 92' lang='lat' dir='ltr'><strong>qui</strong></span> <span class='ocrx_word' id='word_1_283' title='bbox 679 2235 853 2290; x_wconf 84' lang='lat' dir='ltr'><strong>simile</strong></span> <span class='ocrx_word' id='word_1_284' title='bbox 882 2234 1082 2304; x_wconf 90' lang='lat' dir='ltr'><strong>aliquid</strong></span> <span class='ocrx_word' id='word_1_285' title='bbox 1102 2242 1333 2305; x_wconf 89' lang='lat' dir='ltr'><strong>optaret,</strong></span> <span class='ocrx_word' id='word_1_286' title='bbox 1361 2244 1599 2305; x_wconf 87' lang='lat' dir='ltr'><strong>tempore</strong></span> <span class='ocrx_word' id='word_1_287' title='bbox 1624 2236 1858 2298; x_wconf 89' lang='lat' dir='ltr'><strong>invento,</strong></span> <span class='ocrx_word' id='word_1_288' title='bbox 1884 2233 2000 2287; x_wconf 84' lang='lat' dir='ltr'><strong>Non</strong></span> 
     </span>
    </p>
   </div>
   <div class='ocr_carea' id='block_1_39' title="bbox 418 2324 2000 2396">
    <p class='ocr_par' dir='ltr' id='par_1_39' title="bbox 418 2324 2000 2396">
     <span class='ocr_line' id='line_1_39' title="bbox 418 2324 2000 2396; baseline -0.001 -16"><span class='ocrx_word' id='word_1_289' title='bbox 418 2340 610 2391; x_wconf 90' lang='lat' dir='ltr'><strong>unum,</strong></span> <span class='ocrx_word' id='word_1_290' title='bbox 644 2326 835 2396; x_wconf 92' lang='lat' dir='ltr'><strong>inquit,</strong></span> <span class='ocrx_word' id='word_1_291' title='bbox 858 2326 1085 2381; x_wconf 88' lang='lat' dir='ltr'><strong>Domine</strong></span> <span class='ocrx_word' id='word_1_292' title='bbox 1113 2327 1374 2396; x_wconf 85' lang='lat' dir='ltr'><strong>Auguste,</strong></span> <span class='ocrx_word' id='word_1_293' title='bbox 1408 2324 1506 2380; x_wconf 87' lang='lat' dir='ltr'><strong>sed</strong></span> <span class='ocrx_word' id='word_1_294' title='bbox 1544 2326 1797 2394; x_wconf 87' lang='lat' dir='ltr'><strong>primum.</strong></span> <span class='ocrx_word' id='word_1_295' title='bbox 1840 2324 2000 2379; x_wconf 89' lang='lat' dir='ltr'><strong>Sum-</strong></span> 
     </span>
    </p>
   </div>
   <div class='ocr_carea' id='block_1_40' title="bbox 419 2415 1994 2487">
    <p class='ocr_par' dir='ltr' id='par_1_40' title="bbox 419 2415 1994 2487">
     <span class='ocr_line' id='line_1_40' title="bbox 419 2415 1994 2487; baseline -0.001 -16"><span class='ocrx_word' id='word_1_296' title='bbox 419 2432 517 2471; x_wconf 90' lang='lat' dir='ltr'><strong>mo</strong></span> <span class='ocrx_word' id='word_1_297' title='bbox 548 2415 777 2487; x_wconf 78' lang='lat' dir='ltr'><strong>fragore,</strong></span> <span class='ocrx_word' id='word_1_298' title='bbox 821 2425 880 2471; x_wconf 92' lang='lat' dir='ltr'><strong>ut</strong></span> <span class='ocrx_word' id='word_1_299' title='bbox 926 2430 1025 2472; x_wconf 92' lang='lat' dir='ltr'><strong>nec</strong></span> <span class='ocrx_word' id='word_1_300' title='bbox 1078 2416 1299 2487; x_wconf 78' lang='lat' dir='ltr'><strong>Augusti</strong></span> <span class='ocrx_word' id='word_1_301' title='bbox 1351 2416 1649 2471; x_wconf 86' lang='lat' dir='ltr'><strong>reverentia</strong></span> <span class='ocrx_word' id='word_1_302' title='bbox 1688 2415 1994 2479; x_wconf 89' lang='lat' dir='ltr'><strong>obsisteret,</strong></span> 
     </span>
    </p>
   </div>
   <div class='ocr_carea' id='block_1_41' title="bbox 416 2507 1998 2580">
    <p class='ocr_par' dir='ltr' id='par_1_41' title="bbox 416 2507 1998 2580">
     <span class='ocr_line' id='line_1_41' title="bbox 416 2507 1998 2580; baseline -0.004 -13"><span class='ocrx_word' id='word_1_303' title='bbox 416 2519 644 2580; x_wconf 87' lang='lat' dir='ltr'><strong>excepta</strong></span> <span class='ocrx_word' id='word_1_304' title='bbox 673 2512 936 2566; x_wconf 88' lang='lat' dir='ltr'><strong>sententia</strong></span> <span class='ocrx_word' id='word_1_305' title='bbox 966 2518 1066 2566; x_wconf 90' lang='lat' dir='ltr'><strong>est.</strong></span> <span class='ocrx_word' id='word_1_306' title='bbox 1092 2509 1219 2565; x_wconf 86' lang='lat' dir='ltr'><strong>Inde</strong></span> <span class='ocrx_word' id='word_1_307' title='bbox 1248 2510 1431 2565; x_wconf 89' lang='lat' dir='ltr'><strong>nescio</strong></span> <span class='ocrx_word' id='word_1_308' title='bbox 1456 2508 1581 2579; x_wconf 84' lang='lat' dir='ltr'><strong>quid</strong></span> <span class='ocrx_word' id='word_1_309' title='bbox 1606 2507 1893 2564; x_wconf 85' lang='lat' dir='ltr'><strong>Athenium</strong></span> <span class='ocrx_word' id='word_1_310' title='bbox 1916 2508 1998 2561; x_wconf 87' lang='lat' dir='ltr'><strong>itt-</strong></span> 
     </span>
    </p>
   </div>
   <div class='ocr_carea' id='block_1_42' title="bbox 418 2600 1997 2673">
    <p class='ocr_par' dir='ltr' id='par_1_42' title="bbox 418 2600 1997 2673">
     <span class='ocr_line' id='line_1_42' title="bbox 418 2600 1997 2673; baseline -0.003 -16"><span class='ocrx_word' id='word_1_311' title='bbox 418 2613 701 2673; x_wconf 86' lang='lat' dir='ltr'><strong>tcrrogans</strong></span> <span class='ocrx_word' id='word_1_312' title='bbox 724 2602 1082 2672; x_wconf 89' lang='lat' dir='ltr'><strong>superjectum</strong></span> <span class='ocrx_word' id='word_1_313' title='bbox 1110 2602 1379 2657; x_wconf 80' lang='lat' dir='ltr'><strong>Paeonium</strong></span> <span class='ocrx_word' id='word_1_314' title='bbox 1395 2600 1736 2671; x_wconf 85' lang='lat' dir='ltr'><strong>compellatio</strong></span> <span class='ocrx_word' id='word_1_315' title='bbox 1759 2600 1997 2669; x_wconf 67' lang='lat' dir='ltr'><strong>Augusta</strong></span> 
     </span>
    </p>
   </div>
   <div class='ocr_carea' id='block_1_43' title="bbox 412 2693 1998 2764">
    <p class='ocr_par' dir='ltr' id='par_1_43' title="bbox 412 2693 1998 2764">
     <span class='ocr_line' id='line_1_43' title="bbox 412 2693 1998 2764; baseline -0.003 -15"><span class='ocrx_word' id='word_1_316' title='bbox 412 2693 702 2763; x_wconf 82' lang='lat' dir='ltr'><strong>praeteriit,</strong></span> <span class='ocrx_word' id='word_1_317' title='bbox 733 2709 859 2750; x_wconf 88' lang='lat' dir='ltr'><strong>casu</strong></span> <span class='ocrx_word' id='word_1_318' title='bbox 885 2709 951 2749; x_wconf 93' lang='lat' dir='ltr'><strong>an</strong></span> <span class='ocrx_word' id='word_1_319' title='bbox 979 2694 1263 2759; x_wconf 88' lang='lat' dir='ltr'><strong>industria,</strong></span> <span class='ocrx_word' id='word_1_320' title='bbox 1292 2693 1496 2764; x_wconf 83' lang='lat' dir='ltr'><strong>ignoro.</strong></span> <span class='ocrx_word' id='word_1_321' title='bbox 1527 2693 1677 2761; x_wconf 87' lang='lat' dir='ltr'><strong>Quod</strong></span> <span class='ocrx_word' id='word_1_322' title='bbox 1731 2706 1852 2747; x_wconf 88' lang='lat' dir='ltr'><strong>cum</strong></span> <span class='ocrx_word' id='word_1_323' title='bbox 1887 2699 1998 2745; x_wconf 83' lang='lat' dir='ltr'><strong>tur-</strong></span> 
     </span>
    </p>
   </div>
   <div class='ocr_carea' id='block_1_44' title="bbox 415 2824 1999 2896">
    <p class='ocr_par' dir='ltr' id='par_1_44' title="bbox 415 2824 1999 2896">
     <span class='ocr_line' id='line_1_44' title="bbox 415 2824 1999 2896; baseline 0 -16"><span class='ocrx_word' id='word_1_324' title='bbox 415 2824 562 2896; x_wconf 84' lang='lat' dir='ltr'><strong>apud</strong></span> <span class='ocrx_word' id='word_1_325' title='bbox 592 2842 689 2882; x_wconf 89' lang='lat' dir='ltr'><strong>nos</strong></span> <span class='ocrx_word' id='word_1_326' title='bbox 717 2826 873 2894; x_wconf 87' lang='lat' dir='ltr'><strong>primi</strong></span> <span class='ocrx_word' id='word_1_327' title='bbox 904 2835 959 2883; x_wconf 92' lang='lat' dir='ltr'><strong>et</strong></span> <span class='ocrx_word' id='word_1_328' title='bbox 984 2826 1167 2882; x_wconf 80' lang='lat' dir='ltr'><strong>eximii</strong></span> <span class='ocrx_word' id='word_1_329' title='bbox 1202 2825 1496 2882; x_wconf 89' lang='lat' dir='ltr'><strong>accubitus.</strong></span> <span class='ocrx_word' id='word_1_330' title='bbox 1536 2824 1755 2881; x_wconf 85' lang='lat' dir='ltr'><strong>Summa</strong></span> <span class='ocrx_word' id='word_1_331' title='bbox 1800 2839 1999 2881; x_wconf 87' lang='lat' dir='ltr'><strong>cornua</strong></span> 
     </span>
    </p>
   </div>
   <div class='ocr_carea' id='block_1_45' title="bbox 418 2898 906 2955">
    <p class='ocr_par' dir='ltr' id='par_1_45' title="bbox 418 2898 906 2955">
     <span class='ocr_line' id='line_1_45' title="bbox 418 2898 906 2955; baseline -0.004 -2"><span class='ocrx_word' id='word_1_332' title='bbox 418 2898 660 2955; x_wconf 82' lang='lat' dir='ltr'><strong>Juvenco</strong></span> <span class='ocrx_word' id='word_1_333' title='bbox 690 2898 780 2953; x_wconf 86' lang='lat' dir='ltr'><strong>lib.</strong></span> <span class='ocrx_word' id='word_1_334' title='bbox 812 2913 868 2952; x_wconf 94' lang='grc' dir='ltr'><strong>ιιι</strong></span> <span class='ocrx_word' id='word_1_335' title='bbox 892 2914 906 2951; x_wconf 87' lang='lat'><strong>:</strong></span> 
     </span>
    </p>
   </div>
   <div class='ocr_carea' id='block_1_46' title="bbox 542 2990 1722 3052">
    <p class='ocr_par' dir='ltr' id='par_1_46' title="bbox 542 2990 1722 3052">
     <span class='ocr_line' id='line_1_46' title="bbox 542 2990 1722 3052; baseline 0 -13"><span class='ocrx_word' id='word_1_336' title='bbox 542 2990 593 3052; x_wconf 81' lang='lat' dir='ltr'><strong>Si</strong></span> <span class='ocrx_word' id='word_1_337' title='bbox 613 3002 696 3040; x_wconf 83' lang='lat' dir='ltr'><strong>vos</strong></span> <span class='ocrx_word' id='word_1_338' title='bbox 712 2990 921 3051; x_wconf 89' lang='lat' dir='ltr'><strong>quisque</strong></span> <span class='ocrx_word' id='word_1_339' title='bbox 942 2996 1081 3038; x_wconf 87' lang='lat' dir='ltr'><strong>vocat</strong></span> <span class='ocrx_word' id='word_1_340' title='bbox 1101 3000 1254 3052; x_wconf 66' lang='lat' dir='ltr'><strong>omne</strong></span> <span class='ocrx_word' id='word_1_341' title='bbox 1277 2990 1493 3038; x_wconf 87' lang='lat' dir='ltr'><strong>convivia</strong></span> <span class='ocrx_word' id='word_1_342' title='bbox 1516 3000 1722 3052; x_wconf 86' lang='lat' dir='ltr'><strong>ponens,</strong></span> 
     </span>
    </p>
   </div>
   <div class='ocr_carea' id='block_1_47' title="bbox 540 3050 1684 3113">
    <p class='ocr_par' dir='ltr' id='par_1_47' title="bbox 540 3050 1684 3113">
     <span class='ocr_line' id='line_1_47' title="bbox 540 3050 1684 3113; baseline -0.002 -12"><span class='ocrx_word' id='word_1_343' title='bbox 540 3050 777 3101; x_wconf 83' lang='lat' dir='ltr'><strong>Cornibus</strong></span> <span class='ocrx_word' id='word_1_344' title='bbox 798 3052 843 3099; x_wconf 90' lang='lat' dir='ltr'><strong>in</strong></span> <span class='ocrx_word' id='word_1_345' title='bbox 861 3052 1059 3101; x_wconf 88' lang='lat' dir='ltr'><strong>summis</strong></span> <span class='ocrx_word' id='word_1_346' title='bbox 1084 3051 1234 3100; x_wconf 86' lang='lat' dir='ltr'><strong>evitat</strong></span> <span class='ocrx_word' id='word_1_347' title='bbox 1257 3062 1443 3113; x_wconf 87' lang='lat' dir='ltr'><strong>ponere</strong></span> <span class='ocrx_word' id='word_1_348' title='bbox 1465 3050 1684 3100; x_wconf 77' lang='lat' dir='ltr'><strong>membra</strong></span> 
     </span>
    </p>
   </div>
   <div class='ocr_carea' id='block_1_48' title="bbox 546 3114 1639 3175">
    <p class='ocr_par' dir='ltr' id='par_1_48' title="bbox 546 3114 1639 3175">
     <span class='ocr_line' id='line_1_48' title="bbox 546 3114 1639 3175; baseline 0.002 -14"><span class='ocrx_word' id='word_1_349' title='bbox 546 3114 767 3175; x_wconf 85' lang='lat' dir='ltr'><strong>Quisque</strong></span> <span class='ocrx_word' id='word_1_350' title='bbox 790 3115 929 3175; x_wconf 80' lang='lat' dir='ltr'><strong>sapit.</strong></span> <span class='ocrx_word' id='word_1_351' title='bbox 1638 3168 1639 3171; x_wconf 30' lang='grc' dir='ltr'><strong>η</strong></span> 
     </span>
    </p>
   </div>
   <div class='ocr_carea' id='block_1_49' title="bbox 416 3190 1995 3267">
    <p class='ocr_par' dir='ltr' id='par_1_49' title="bbox 416 3190 1995 3267">
     <span class='ocr_line' id='line_1_49' title="bbox 416 3190 1995 3267; baseline -0.001 -18"><span class='ocrx_word' id='word_1_352' title='bbox 416 3190 476 3249; x_wconf 88' lang='lat' dir='ltr'><strong>Id</strong></span> <span class='ocrx_word' id='word_1_353' title='bbox 504 3210 697 3267; x_wconf 86' lang='lat' dir='ltr'><strong>novum</strong></span> <span class='ocrx_word' id='word_1_354' title='bbox 725 3196 901 3263; x_wconf 91' lang='lat' dir='ltr'><strong>potius</strong></span> <span class='ocrx_word' id='word_1_355' title='bbox 926 3193 1097 3251; x_wconf 87' lang='lat' dir='ltr'><strong>videri</strong></span> <span class='ocrx_word' id='word_1_356' title='bbox 1129 3204 1309 3267; x_wconf 89' lang='lat' dir='ltr'><strong>queat,</strong></span> <span class='ocrx_word' id='word_1_357' title='bbox 1351 3204 1403 3251; x_wconf 93' lang='lat' dir='ltr'><strong>et</strong></span> <span class='ocrx_word' id='word_1_358' title='bbox 1449 3197 1517 3250; x_wconf 89' lang='lat' dir='ltr'><strong>ab</strong></span> <span class='ocrx_word' id='word_1_359' title='bbox 1555 3209 1650 3251; x_wconf 89' lang='lat' dir='ltr'><strong>usu</strong></span> <span class='ocrx_word' id='word_1_360' title='bbox 1688 3203 1874 3249; x_wconf 88' lang='lat' dir='ltr'><strong>nostro</strong></span> <span class='ocrx_word' id='word_1_361' title='bbox 1912 3209 1995 3248; x_wconf 87' lang='lat' dir='ltr'><strong>re-</strong></span> 
     </span>
    </p>
   </div>
   <div class='ocr_carea' id='block_1_50' title="bbox 418 3266 1993 3337">
    <p class='ocr_par' dir='ltr' id='par_1_50' title="bbox 418 3266 1993 3337">
     <span class='ocr_line' id='line_1_50' title="bbox 418 3266 1993 3337; baseline 0.001 -18"><span class='ocrx_word' id='word_1_362' title='bbox 418 3266 638 3337; x_wconf 83' lang='lat' dir='ltr'><strong>motius,</strong></span> <span class='ocrx_word' id='word_1_363' title='bbox 669 3266 809 3334; x_wconf 92' lang='lat' dir='ltr'><strong>quod</strong></span> <span class='ocrx_word' id='word_1_364' title='bbox 836 3268 1045 3331; x_wconf 90' lang='lat' dir='ltr'><strong>tertius,</strong></span> <span class='ocrx_word' id='word_1_365' title='bbox 1076 3266 1297 3337; x_wconf 86' lang='lat' dir='ltr'><strong>quartus</strong></span> <span class='ocrx_word' id='word_1_366' title='bbox 1326 3280 1387 3321; x_wconf 88' lang='lat' dir='ltr'><strong>ac</strong></span> <span class='ocrx_word' id='word_1_367' title='bbox 1414 3266 1600 3336; x_wconf 89' lang='lat' dir='ltr'><strong>reliqui</strong></span> <span class='ocrx_word' id='word_1_368' title='bbox 1638 3267 1889 3335; x_wconf 76' lang='lat' dir='ltr'><strong>deinceps</strong></span> <span class='ocrx_word' id='word_1_369' title='bbox 1937 3266 1993 3320; x_wconf 88' lang='lat' dir='ltr'><strong>il-</strong></span> 
     </span>
    </p>
   </div>
   <div class='ocr_carea' id='block_1_51' title="bbox 418 3334 1991 3408">
    <p class='ocr_par' dir='ltr' id='par_1_51' title="bbox 418 3334 1991 3408">
     <span class='ocr_line' id='line_1_51' title="bbox 418 3334 1991 3408; baseline 0.003 -20"><span class='ocrx_word' id='word_1_370' title='bbox 418 3334 524 3408; x_wconf 85' lang='lat' dir='ltr'><strong>lum</strong></span> <span class='ocrx_word' id='word_1_371' title='bbox 556 3336 741 3408; x_wconf 79' lang='lat' dir='ltr'><strong>ordine</strong></span> <span class='ocrx_word' id='word_1_372' title='bbox 778 3334 1171 3407; x_wconf 77' lang='lat' dir='ltr'><strong>subsequantur</strong></span> <span class='ocrx_word' id='word_1_373' title='bbox 1212 3338 1302 3408; x_wconf 88' lang='lat' dir='ltr'><strong>qui</strong></span> <span class='ocrx_word' id='word_1_374' title='bbox 1350 3334 1556 3406; x_wconf 84' lang='lat' dir='ltr'><strong>primus</strong></span> <span class='ocrx_word' id='word_1_375' title='bbox 1599 3346 1682 3393; x_wconf 90' lang='lat' dir='ltr'><strong>est</strong></span> <span class='ocrx_word' id='word_1_376' title='bbox 1730 3338 1782 3391; x_wconf 93' lang='lat' dir='ltr'><strong>in</strong></span> <span class='ocrx_word' id='word_1_377' title='bbox 1826 3334 1991 3392; x_wconf 90' lang='lat' dir='ltr'><strong>cornu</strong></span> 
     </span>
    </p>
   </div>
   <div class='ocr_carea' id='block_1_52' title="bbox 419 3405 1993 3478">
    <p class='ocr_par' dir='ltr' id='par_1_52' title="bbox 419 3405 1993 3478">
     <span class='ocr_line' id='line_1_52' title="bbox 419 3405 1993 3478; baseline 0.003 -20"><span class='ocrx_word' id='word_1_378' title='bbox 419 3405 659 3478; x_wconf 75' lang='lat' dir='ltr'><strong>sinistro.</strong></span> <span class='ocrx_word' id='word_1_379' title='bbox 701 3406 830 3460; x_wconf 82' lang='lat' dir='ltr'><strong>Nam</strong></span> <span class='ocrx_word' id='word_1_380' title='bbox 890 3405 1011 3477; x_wconf 84' lang='lat' dir='ltr'><strong>post</strong></span> <span class='ocrx_word' id='word_1_381' title='bbox 1059 3405 1374 3463; x_wconf 72' lang='lat' dir='ltr'><strong>Severinum</strong></span> <span class='ocrx_word' id='word_1_382' title='bbox 1420 3411 1693 3478; x_wconf 60' lang='lat' dir='ltr'><strong>consulem</strong></span> <span class='ocrx_word' id='word_1_383' title='bbox 1750 3410 1993 3478; x_wconf 87' lang='lat' dir='ltr'><strong>sequitur</strong></span> 
     </span>
    </p>
   </div>
   <div class='ocr_carea' id='block_1_53' title="bbox 420 3474 1993 3543">
    <p class='ocr_par' dir='ltr' id='par_1_53' title="bbox 420 3474 1993 3543">
     <span class='ocr_line' id='line_1_53' title="bbox 420 3474 1993 3543; baseline 0.001 -14"><span class='ocrx_word' id='word_1_384' title='bbox 420 3474 643 3543; x_wconf 84' lang='lat' dir='ltr'><strong>Magnus</strong></span> <span class='ocrx_word' id='word_1_385' title='bbox 667 3490 731 3529; x_wconf 88' lang='lat' dir='ltr'><strong>ex</strong></span> <span class='ocrx_word' id='word_1_386' title='bbox 763 3474 1003 3541; x_wconf 85' lang='lat' dir='ltr'><strong>consule,</strong></span> <span class='ocrx_word' id='word_1_387' title='bbox 1035 3486 1145 3531; x_wconf 90' lang='lat' dir='ltr'><strong>tum</strong></span> <span class='ocrx_word' id='word_1_388' title='bbox 1186 3477 1472 3541; x_wconf 79' lang='lat' dir='ltr'><strong>Camillus,</strong></span> <span class='ocrx_word' id='word_1_389' title='bbox 1514 3477 1780 3538; x_wconf 70' lang='lat' dir='ltr'><strong>Paconius.</strong></span> <span class='ocrx_word' id='word_1_390' title='bbox 1828 3474 1993 3532; x_wconf 60' lang='lat' dir='ltr'><strong>Athe-</strong></span> 
     </span>
    </p>
   </div>
   <div class='ocr_carea' id='block_1_54' title="bbox 420 3545 1990 3615">
    <p class='ocr_par' dir='ltr' id='par_1_54' title="bbox 420 3545 1990 3615">
     <span class='ocr_line' id='line_1_54' title="bbox 420 3545 1990 3615; baseline 0.003 -19"><span class='ocrx_word' id='word_1_391' title='bbox 420 3547 562 3609; x_wconf 88' lang='lat' dir='ltr'><strong>nius,</strong></span> <span class='ocrx_word' id='word_1_392' title='bbox 586 3545 973 3612; x_wconf 86' lang='lat' dir='ltr'><strong>Gratianensis,</strong></span> <span class='ocrx_word' id='word_1_393' title='bbox 1014 3548 1335 3615; x_wconf 83' lang='lat' dir='ltr'><strong>ultimusque</strong></span> <span class='ocrx_word' id='word_1_394' title='bbox 1373 3548 1621 3601; x_wconf 81' lang='lat' dir='ltr'><strong>Sidonius</strong></span> <span class='ocrx_word' id='word_1_395' title='bbox 1650 3549 1715 3601; x_wconf 88' lang='lat' dir='ltr'><strong>ad</strong></span> <span class='ocrx_word' id='word_1_396' title='bbox 1746 3548 1990 3601; x_wconf 89' lang='lat' dir='ltr'><strong>dextrum</strong></span> 
     </span>
    </p>
   </div>
   <div class='ocr_carea' id='block_1_55' title="bbox 422 3616 1991 3685">
    <p class='ocr_par' dir='ltr' id='par_1_55' title="bbox 422 3616 1991 3685">
     <span class='ocr_line' id='line_1_55' title="bbox 422 3616 1991 3685; baseline 0.004 -20"><span class='ocrx_word' id='word_1_397' title='bbox 422 3627 586 3685; x_wconf 85' lang='lat' dir='ltr'><strong>cornu</strong></span> <span class='ocrx_word' id='word_1_398' title='bbox 617 3629 861 3685; x_wconf 83' lang='lat' dir='ltr'><strong>vergens,</strong></span> <span class='ocrx_word' id='word_1_399' title='bbox 892 3617 946 3670; x_wconf 92' lang='lat' dir='ltr'><strong>in</strong></span> <span class='ocrx_word' id='word_1_400' title='bbox 975 3632 1079 3684; x_wconf 87' lang='lat' dir='ltr'><strong>quo</strong></span> <span class='ocrx_word' id='word_1_401' title='bbox 1105 3618 1316 3685; x_wconf 84' lang='lat' dir='ltr'><strong>jacebat</strong></span> <span class='ocrx_word' id='word_1_402' title='bbox 1347 3616 1690 3682; x_wconf 77' lang='lat' dir='ltr'><strong>Maiorianus.</strong></span> <span class='ocrx_word' id='word_1_403' title='bbox 1719 3618 1900 3685; x_wconf 81' lang='lat' dir='ltr'><strong>itaque</strong></span> <span class='ocrx_word' id='word_1_404' title='bbox 1937 3619 1991 3671; x_wconf 91' lang='lat' dir='ltr'><strong>in</strong></span> 
     </span>
    </p>
   </div>
   <div class='ocr_carea' id='block_1_56' title="bbox 423 3683 1992 3755">
    <p class='ocr_par' dir='ltr' id='par_1_56' title="bbox 423 3683 1992 3755">
     <span class='ocr_line' id='line_1_56' title="bbox 423 3683 1992 3755; baseline 0.003 -19"><span class='ocrx_word' id='word_1_405' title='bbox 423 3683 580 3750; x_wconf 91' lang='lat' dir='ltr'><strong>pleno</strong></span> <span class='ocrx_word' id='word_1_406' title='bbox 606 3684 831 3739; x_wconf 88' lang='lat' dir='ltr'><strong>stibadio</strong></span> <span class='ocrx_word' id='word_1_407' title='bbox 861 3683 1075 3741; x_wconf 84' lang='lat' dir='ltr'><strong>ultimus</strong></span> <span class='ocrx_word' id='word_1_408' title='bbox 1100 3683 1273 3755; x_wconf 87' lang='lat' dir='ltr'><strong>primo</strong></span> <span class='ocrx_word' id='word_1_409' title='bbox 1298 3688 1570 3754; x_wconf 81' lang='lat' dir='ltr'><strong>proximus</strong></span> <span class='ocrx_word' id='word_1_410' title='bbox 1594 3696 1729 3751; x_wconf 88' lang='lat' dir='ltr'><strong>erat,</strong></span> <span class='ocrx_word' id='word_1_411' title='bbox 1762 3704 1788 3737; x_wconf 87' lang='lat' dir='ltr'><strong>a</strong></span> <span class='ocrx_word' id='word_1_412' title='bbox 1817 3683 1992 3753; x_wconf 79' lang='lat' dir='ltr'><strong>primo</strong></span> 
     </span>
    </p>
   </div>
   <div class='ocr_carea' id='block_1_57' title="bbox 420 3755 1993 3811">
    <p class='ocr_par' dir='ltr' id='par_1_57' title="bbox 420 3755 1993 3811">
     <span class='ocr_line' id='line_1_57' title="bbox 420 3755 1993 3811; baseline 0.003 -7"><span class='ocrx_word' id='word_1_413' title='bbox 420 3755 607 3809; x_wconf 88' lang='lat' dir='ltr'><strong>eodem</strong></span> <span class='ocrx_word' id='word_1_414' title='bbox 632 3756 878 3809; x_wconf 90' lang='lat' dir='ltr'><strong>remotiss</strong></span> <span class='ocrx_word' id='word_1_415' title='bbox 902 3770 1019 3809; x_wconf 89' lang='lat' dir='ltr'><strong>mus</strong></span> <span class='ocrx_word' id='word_1_416' title='bbox 1058 3771 1124 3810; x_wconf 93' lang='lat' dir='ltr'><strong>ex</strong></span> <span class='ocrx_word' id='word_1_417' title='bbox 1153 3757 1379 3810; x_wconf 84' lang='lat' dir='ltr'><strong>adverso</strong></span> <span class='ocrx_word' id='word_1_418' title='bbox 1409 3757 1695 3811; x_wconf 86' lang='lat' dir='ltr'><strong>secundus.</strong></span> <span class='ocrx_word' id='word_1_419' title='bbox 1724 3756 1831 3810; x_wconf 86' lang='lat' dir='ltr'><strong>Nec</strong></span> <span class='ocrx_word' id='word_1_420' title='bbox 1857 3756 1993 3810; x_wconf 90' lang='lat' dir='ltr'><strong>alius</strong></span> 
     </span>
    </p>
   </div>
   <div class='ocr_carea' id='block_1_58' title="bbox 417 3824 1994 3882">
    <p class='ocr_par' dir='ltr' id='par_1_58' title="bbox 417 3824 1994 3882">
     <span class='ocr_line' id='line_1_58' title="bbox 417 3824 1994 3882; baseline 0.001 -5"><span class='ocrx_word' id='word_1_421' title='bbox 417 3824 555 3878; x_wconf 93' lang='lat' dir='ltr'><strong>ordo</strong></span> <span class='ocrx_word' id='word_1_422' title='bbox 587 3825 682 3878; x_wconf 90' lang='lat' dir='ltr'><strong>fuit</strong></span> <span class='ocrx_word' id='word_1_423' title='bbox 712 3827 763 3879; x_wconf 85' lang='lat' dir='ltr'><strong>in</strong></span> <span class='ocrx_word' id='word_1_424' title='bbox 792 3825 1004 3879; x_wconf 80' lang='lat' dir='ltr'><strong>Maximi</strong></span> <span class='ocrx_word' id='word_1_425' title='bbox 1053 3827 1298 3880; x_wconf 91' lang='lat' dir='ltr'><strong>convivio</strong></span> <span class='ocrx_word' id='word_1_426' title='bbox 1320 3828 1407 3880; x_wconf 92' lang='lat' dir='ltr'><strong>cui</strong></span> <span class='ocrx_word' id='word_1_427' title='bbox 1436 3826 1677 3880; x_wconf 84' lang='lat' dir='ltr'><strong>interluit</strong></span> <span class='ocrx_word' id='word_1_428' title='bbox 1716 3827 1777 3882; x_wconf 87' lang='lat' dir='ltr'><strong>S.</strong></span> <span class='ocrx_word' id='word_1_429' title='bbox 1812 3826 1994 3880; x_wconf 86' lang='lat' dir='ltr'><strong>Marti-</strong></span> 
     </span>
    </p>
   </div>
   <div class='ocr_carea' id='block_1_59' title="bbox 418 3896 1994 3964">
    <p class='ocr_par' dir='ltr' id='par_1_59' title="bbox 418 3896 1994 3964">
     <span class='ocr_line' id='line_1_59' title="bbox 418 3896 1994 3964; baseline 0.003 -18"><span class='ocrx_word' id='word_1_430' title='bbox 418 3907 538 3960; x_wconf 89' lang='lat' dir='ltr'><strong>nus,</strong></span> <span class='ocrx_word' id='word_1_431' title='bbox 587 3896 726 3963; x_wconf 88' lang='lat' dir='ltr'><strong>apud</strong></span> <span class='ocrx_word' id='word_1_432' title='bbox 771 3896 1064 3964; x_wconf 89' lang='lat' dir='ltr'><strong>Sulpicium</strong></span> <span class='ocrx_word' id='word_1_433' title='bbox 1113 3898 1370 3952; x_wconf 86' lang='lat' dir='ltr'><strong>Severum</strong></span> <span class='ocrx_word' id='word_1_434' title='bbox 1402 3904 1457 3951; x_wconf 89' lang='lat' dir='ltr'><strong>et</strong></span> <span class='ocrx_word' id='word_1_435' title='bbox 1498 3899 1654 3951; x_wconf 90' lang='lat' dir='ltr'><strong>alios.</strong></span> <span class='ocrx_word' id='word_1_436' title='bbox 1704 3898 1758 3951; x_wconf 91' lang='lat' dir='ltr'><strong>In</strong></span> <span class='ocrx_word' id='word_1_437' title='bbox 1804 3898 1994 3952; x_wconf 79' lang='lat' dir='ltr'><strong>dextro</strong></span> 
     </span>
    </p>
   </div>
   <div class='ocr_carea' id='block_1_60' title="bbox 419 3964 1990 4035">
    <p class='ocr_par' dir='ltr' id='par_1_60' title="bbox 419 3964 1990 4035">
     <span class='ocr_line' id='line_1_60' title="bbox 419 3964 1990 4035; baseline 0.003 -19"><span class='ocrx_word' id='word_1_438' title='bbox 419 3965 559 4035; x_wconf 84' lang='lat' dir='ltr'><strong>enim</strong></span> <span class='ocrx_word' id='word_1_439' title='bbox 587 3979 753 4019; x_wconf 89' lang='lat' dir='ltr'><strong>cornu</strong></span> <span class='ocrx_word' id='word_1_440' title='bbox 766 3964 1024 4020; x_wconf 62' lang='lat' dir='ltr'><strong>Maximus</strong></span> <span class='ocrx_word' id='word_1_441' title='bbox 1052 3968 1187 4035; x_wconf 86' lang='lat' dir='ltr'><strong>Aug.</strong></span> <span class='ocrx_word' id='word_1_442' title='bbox 1222 3967 1274 4020; x_wconf 89' lang='lat' dir='ltr'><strong>in</strong></span> <span class='ocrx_word' id='word_1_443' title='bbox 1302 3967 1519 4021; x_wconf 89' lang='lat' dir='ltr'><strong>sinistro</strong></span> <span class='ocrx_word' id='word_1_444' title='bbox 1538 3968 1722 4021; x_wconf 88' lang='lat' dir='ltr'><strong>consul</strong></span> <span class='ocrx_word' id='word_1_445' title='bbox 1741 3968 1990 4034; x_wconf 79' lang='lat' dir='ltr'><strong>Evodius,</strong></span> 
     </span>
    </p>
   </div>
   <div class='ocr_carea' id='block_1_61' title="bbox 416 4032 1992 4107">
    <p class='ocr_par' dir='ltr' id='par_1_61' title="bbox 416 4032 1992 4107">
     <span class='ocr_line' id='line_1_61' title="bbox 416 4032 1992 4107; baseline 0.003 -20"><span class='ocrx_word' id='word_1_446' title='bbox 416 4032 538 4107; x_wconf 84' lang='lat' dir='ltr'><strong>dein</strong></span> <span class='ocrx_word' id='word_1_447' title='bbox 570 4036 791 4090; x_wconf 87' lang='lat' dir='ltr'><strong>comites</strong></span> <span class='ocrx_word' id='word_1_448' title='bbox 813 4036 1033 4107; x_wconf 81' lang='lat' dir='ltr'><strong>Maximi</strong></span> <span class='ocrx_word' id='word_1_449' title='bbox 1061 4032 1225 4093; x_wconf 64' lang='lat' dir='ltr'><strong>fraier</strong></span> <span class='ocrx_word' id='word_1_450' title='bbox 1252 4052 1312 4090; x_wconf 89' lang='lat' dir='ltr'><strong>ac</strong></span> <span class='ocrx_word' id='word_1_451' title='bbox 1340 4048 1581 4107; x_wconf 86' lang='lat' dir='ltr'><strong>patruus,</strong></span> <span class='ocrx_word' id='word_1_452' title='bbox 1604 4048 1655 4107; x_wconf 86' lang='lat' dir='ltr'><strong>et</strong></span> <span class='ocrx_word' id='word_1_453' title='bbox 1681 4037 1871 4106; x_wconf 88' lang='lat' dir='ltr'><strong>reliqui</strong></span> <span class='ocrx_word' id='word_1_454' title='bbox 1903 4032 1992 4091; x_wconf 50' lang='lat' dir='ltr'><strong>or;</strong></span> 
     </span>
    </p>
   </div>
   <div class='ocr_carea' id='block_1_62' title="bbox 417 4104 1989 4174">
    <p class='ocr_par' dir='ltr' id='par_1_62' title="bbox 417 4104 1989 4174">
     <span class='ocr_line' id='line_1_62' title="bbox 417 4104 1989 4174; baseline 0.003 -16"><span class='ocrx_word' id='word_1_455' title='bbox 417 4104 542 4159; x_wconf 89' lang='lat' dir='ltr'><strong>dine</strong></span> <span class='ocrx_word' id='word_1_456' title='bbox 568 4118 816 4173; x_wconf 87' lang='lat' dir='ltr'><strong>proceres</strong></span> <span class='ocrx_word' id='word_1_457' title='bbox 843 4106 1241 4174; x_wconf 88' lang='lat' dir='ltr'><strong>describuntur,</strong></span> <span class='ocrx_word' id='word_1_458' title='bbox 1274 4104 1432 4174; x_wconf 78' lang='lat' dir='ltr'><strong>ater</strong></span> <span class='ocrx_word' id='word_1_459' title='bbox 1468 4107 1608 4162; x_wconf 88' lang='lat' dir='ltr'><strong>inter</strong></span> <span class='ocrx_word' id='word_1_460' title='bbox 1648 4106 1743 4162; x_wconf 89' lang='lat' dir='ltr'><strong>hos</strong></span> <span class='ocrx_word' id='word_1_461' title='bbox 1782 4104 1989 4163; x_wconf 85' lang='lat' dir='ltr'><strong>medius</strong></span> 
     </span>
    </p>
   </div>
   <div class='ocr_carea' id='block_1_63' title="bbox 455 4173 1988 4245">
    <p class='ocr_par' dir='ltr' id='par_1_63' title="bbox 455 4173 1988 4245">
     <span class='ocr_line' id='line_1_63' title="bbox 455 4173 1988 4245; baseline 0.004 -18"><span class='ocrx_word' id='word_1_462' title='bbox 455 4176 698 4245; x_wconf 87' lang='lat' dir='ltr'><strong>resbyter</strong></span> <span class='ocrx_word' id='word_1_463' title='bbox 740 4173 947 4230; x_wconf 80' lang='lat' dir='ltr'><strong>Martini</strong></span> <span class='ocrx_word' id='word_1_464' title='bbox 985 4194 998 4230; x_wconf 90' lang='lat'><strong>:</strong></span> <span class='ocrx_word' id='word_1_465' title='bbox 1046 4187 1192 4232; x_wconf 88' lang='lat' dir='ltr'><strong>extra</strong></span> <span class='ocrx_word' id='word_1_466' title='bbox 1230 4173 1524 4233; x_wconf 31' lang='lat' dir='ltr'><strong>&#39;stibadium</strong></span> <span class='ocrx_word' id='word_1_467' title='bbox 1579 4192 1707 4233; x_wconf 89' lang='lat' dir='ltr'><strong>vero</strong></span> <span class='ocrx_word' id='word_1_468' title='bbox 1758 4180 1809 4233; x_wconf 92' lang='lat' dir='ltr'><strong>in</strong></span> <span class='ocrx_word' id='word_1_469' title='bbox 1856 4178 1988 4233; x_wconf 78' lang='lat' dir='ltr'><strong>sella</strong></span> 
     </span>
    </p>
   </div>
   <div class='ocr_carea' id='block_1_64' title="bbox 467 4247 1987 4305">
    <p class='ocr_par' dir='ltr' id='par_1_64' title="bbox 467 4247 1987 4305">
     <span class='ocr_line' id='line_1_64' title="bbox 467 4247 1987 4305; baseline 0.005 -8"><span class='ocrx_word' id='word_1_470' title='bbox 467 4254 670 4300; x_wconf 88' lang='lat' dir='ltr'><strong>arttnus</strong></span> <span class='ocrx_word' id='word_1_471' title='bbox 694 4247 759 4299; x_wconf 85' lang='lat' dir='ltr'><strong>ad</strong></span> <span class='ocrx_word' id='word_1_472' title='bbox 779 4250 1016 4302; x_wconf 74' lang='lat' dir='ltr'><strong>dextram</strong></span> <span class='ocrx_word' id='word_1_473' title='bbox 1040 4249 1274 4303; x_wconf 84' lang='lat' dir='ltr'><strong>Maximi.</strong></span> <span class='ocrx_word' id='word_1_474' title='bbox 1301 4248 1554 4303; x_wconf 86' lang='lat' dir='ltr'><strong>Paulinus</strong></span> <span class='ocrx_word' id='word_1_475' title='bbox 1581 4247 1673 4303; x_wconf 88' lang='lat' dir='ltr'><strong>lib.</strong></span> <span class='ocrx_word' id='word_1_476' title='bbox 1699 4264 1754 4303; x_wconf 91' lang='grc' dir='ltr'><strong>ιιι</strong></span> <span class='ocrx_word' id='word_1_477' title='bbox 1777 4248 1846 4305; x_wconf 91' lang='lat' dir='ltr'><strong>de</strong></span> <span class='ocrx_word' id='word_1_478' title='bbox 1869 4248 1987 4305; x_wconf 83' lang='lat' dir='ltr'><strong>Vita</strong></span> 
     </span>
    </p>
   </div>
   <div class='ocr_carea' id='block_1_65' title="bbox 412 4313 1599 4387">
    <p class='ocr_par' dir='ltr' id='par_1_65' title="bbox 412 4313 1599 4387">
     <span class='ocr_line' id='line_1_65' title="bbox 412 4313 1599 4387; baseline 0.003 -18"><span class='ocrx_word' id='word_1_479' title='bbox 412 4313 645 4381; x_wconf 85' lang='lat' dir='ltr'><strong>Martini,</strong></span> <span class='ocrx_word' id='word_1_480' title='bbox 677 4331 795 4371; x_wconf 90' lang='lat' dir='ltr'><strong>cum</strong></span> <span class='ocrx_word' id='word_1_481' title='bbox 820 4332 1067 4387; x_wconf 91' lang='lat' dir='ltr'><strong>proceres</strong></span> <span class='ocrx_word' id='word_1_482' title='bbox 1098 4331 1599 4386; x_wconf 82' lang='lat' dir='ltr'><strong>commemorasset,</strong></span> 
     </span>
    </p>
   </div>
   <div class='ocr_carea' id='block_1_66' title="bbox 534 4405 1710 4471">
    <p class='ocr_par' dir='ltr' id='par_1_66' title="bbox 534 4405 1710 4471">
     <span class='ocr_line' id='line_1_66' title="bbox 534 4405 1710 4471; baseline 0.004 -16"><span class='ocrx_word' id='word_1_483' title='bbox 534 4405 634 4471; x_wconf 70' lang='lat' dir='ltr'><strong>ijos</strong></span> <span class='ocrx_word' id='word_1_484' title='bbox 656 4409 783 4471; x_wconf 75' lang='lat' dir='ltr'><strong>inter</strong></span> <span class='ocrx_word' id='word_1_485' title='bbox 819 4407 1023 4471; x_wconf 80' lang='lat' dir='ltr'><strong>medius,</strong></span> <span class='ocrx_word' id='word_1_486' title='bbox 1046 4418 1140 4471; x_wconf 83' lang='lat' dir='ltr'><strong>qua</strong></span> <span class='ocrx_word' id='word_1_487' title='bbox 1161 4410 1313 4470; x_wconf 84' lang='lat' dir='ltr'><strong>sigma</strong></span> <span class='ocrx_word' id='word_1_488' title='bbox 1336 4408 1547 4459; x_wconf 80' lang='lat' dir='ltr'><strong>ﬂectitur</strong></span> <span class='ocrx_word' id='word_1_489' title='bbox 1571 4410 1710 4469; x_wconf 90' lang='lat' dir='ltr'><strong>orbe,</strong></span> 
     </span>
    </p>
   </div>
   <div class='ocr_carea' id='block_1_67' title="bbox 535 4464 1807 4531">
    <p class='ocr_par' dir='ltr' id='par_1_67' title="bbox 535 4464 1807 4531">
     <span class='ocr_line' id='line_1_67' title="bbox 535 4464 1807 4531; baseline 0.005 -17"><span class='ocrx_word' id='word_1_490' title='bbox 535 4464 800 4531; x_wconf 56' lang='lat' dir='ltr'><strong>Presbyter</strong></span> <span class='ocrx_word' id='word_1_491' title='bbox 820 4464 1076 4519; x_wconf 73' lang='lat' dir='ltr'><strong>accubuiti</strong></span> <span class='ocrx_word' id='word_1_492' title='bbox 1108 4464 1283 4518; x_wconf 61' lang='lat' dir='ltr'><strong>dexfra</strong></span> <span class='ocrx_word' id='word_1_493' title='bbox 1307 4471 1527 4531; x_wconf 73' lang='lat' dir='ltr'><strong>laevaque</strong></span> <span class='ocrx_word' id='word_1_494' title='bbox 1554 4464 1807 4531; x_wconf 70' lang='lat' dir='ltr'><strong>potentum</strong></span> 
     </span>
    </p>
   </div>
   <div class='ocr_carea' id='block_1_68' title="bbox 535 4519 1835 4592">
    <p class='ocr_par' dir='ltr' id='par_1_68' title="bbox 535 4519 1835 4592">
     <span class='ocr_line' id='line_1_68' title="bbox 535 4519 1835 4592; baseline 0.005 -15"><span class='ocrx_word' id='word_1_495' title='bbox 535 4526 660 4592; x_wconf 74' lang='grc' dir='ltr'><strong>ριᾱο</strong></span> <span class='ocrx_word' id='word_1_496' title='bbox 677 4519 869 4585; x_wconf 79' lang='lat' dir='ltr'><strong>ducum.</strong></span> <span class='ocrx_word' id='word_1_497' title='bbox 908 4532 1139 4579; x_wconf 85' lang='lat' dir='ltr'><strong>membris</strong></span> <span class='ocrx_word' id='word_1_498' title='bbox 1157 4543 1305 4592; x_wconf 86' lang='lat' dir='ltr'><strong>super</strong></span> <span class='ocrx_word' id='word_1_499' title='bbox 1328 4519 1473 4581; x_wconf 71' lang='lat' dir='ltr'><strong>aurea</strong></span> <span class='ocrx_word' id='word_1_500' title='bbox 1498 4519 1645 4580; x_wconf 83' lang='lat' dir='ltr'><strong>fulcra</strong></span> <span class='ocrx_word' id='word_1_501' title='bbox 1666 4519 1835 4583; x_wconf 84' lang='lat' dir='ltr'><strong>locatis</strong></span> 
     </span>
    </p>
   </div>
   <div class='ocr_carea' id='block_1_69' title="bbox 534 4589 1671 4655">
    <p class='ocr_par' dir='ltr' id='par_1_69' title="bbox 534 4589 1671 4655">
     <span class='ocr_line' id='line_1_69' title="bbox 534 4589 1671 4655; baseline 0.004 -18"><span class='ocrx_word' id='word_1_502' title='bbox 534 4589 720 4655; x_wconf 72' lang='lat' dir='ltr'><strong>Pressit</strong></span> <span class='ocrx_word' id='word_1_503' title='bbox 742 4593 1015 4653; x_wconf 81' lang='lat' dir='ltr'><strong>subjectum</strong></span> <span class='ocrx_word' id='word_1_504' title='bbox 1035 4589 1234 4655; x_wconf 82' lang='lat' dir='ltr'><strong>pretiosi</strong></span> <span class='ocrx_word' id='word_1_505' title='bbox 1258 4592 1465 4655; x_wconf 78' lang='lat' dir='ltr'><strong>velleris</strong></span> <span class='ocrx_word' id='word_1_506' title='bbox 1483 4600 1671 4642; x_wconf 88' lang='lat' dir='ltr'><strong>ostrum</strong></span> 
     </span>
    </p>
   </div>
   <div class='ocr_carea' id='block_1_70' title="bbox 532 4649 1627 4715">
    <p class='ocr_par' dir='ltr' id='par_1_70' title="bbox 532 4649 1627 4715">
     <span class='ocr_line' id='line_1_70' title="bbox 532 4649 1627 4715; baseline 0.004 -16"><span class='ocrx_word' id='word_1_507' title='bbox 532 4649 606 4715; x_wconf 54' lang='lat' dir='ltr'><strong>4d</strong></span> <span class='ocrx_word' id='word_1_508' title='bbox 629 4649 854 4715; x_wconf 83' lang='lat' dir='ltr'><strong>dextram</strong></span> <span class='ocrx_word' id='word_1_509' title='bbox 877 4655 1009 4715; x_wconf 89' lang='lat' dir='ltr'><strong>regis</strong></span> <span class='ocrx_word' id='word_1_510' title='bbox 1030 4649 1196 4703; x_wconf 74' lang='lat' dir='ltr'><strong>sancto</strong></span> <span class='ocrx_word' id='word_1_511' title='bbox 1218 4654 1515 4704; x_wconf 82' lang='lat' dir='ltr'><strong>venerabilis</strong></span> <span class='ocrx_word' id='word_1_512' title='bbox 1537 4666 1627 4703; x_wconf 90' lang='lat' dir='ltr'><strong>ore</strong></span> 
     </span>
    </p>
   </div>
   <div class='ocr_carea' id='block_1_71' title="bbox 534 4712 975 4763">
    <p class='ocr_par' dir='ltr' id='par_1_71' title="bbox 534 4712 975 4763">
     <span class='ocr_line' id='line_1_71' title="bbox 534 4712 975 4763; baseline 0.002 -1"><span class='ocrx_word' id='word_1_513' title='bbox 534 4712 764 4763; x_wconf 84' lang='lat' dir='ltr'><strong>Consedit</strong></span> <span class='ocrx_word' id='word_1_514' title='bbox 795 4712 975 4763; x_wconf 69' lang='lat' dir='ltr'><strong>senior.</strong></span> 
     </span>
    </p>
   </div>
   <div class='ocr_carea' id='block_1_72' title="bbox 409 4796 1981 4866">
    <p class='ocr_par' dir='ltr' id='par_1_72' title="bbox 409 4796 1981 4866">
     <span class='ocr_line' id='line_1_72' title="bbox 409 4796 1981 4866; baseline 0.003 -19"><span class='ocrx_word' id='word_1_515' title='bbox 409 4796 527 4862; x_wconf 85' lang='lat' dir='ltr'><strong>Quo</strong></span> <span class='ocrx_word' id='word_1_516' title='bbox 556 4796 796 4862; x_wconf 84' lang='lat' dir='ltr'><strong>profecto</strong></span> <span class='ocrx_word' id='word_1_517' title='bbox 825 4797 889 4849; x_wconf 88' lang='lat' dir='ltr'><strong>ad</strong></span> <span class='ocrx_word' id='word_1_518' title='bbox 912 4798 1153 4852; x_wconf 84' lang='lat' dir='ltr'><strong>dextram</strong></span> <span class='ocrx_word' id='word_1_519' title='bbox 1180 4796 1393 4852; x_wconf 83' lang='lat' dir='ltr'><strong>Maximi</strong></span> <span class='ocrx_word' id='word_1_520' title='bbox 1416 4797 1601 4853; x_wconf 87' lang='lat' dir='ltr'><strong>sedere</strong></span> <span class='ocrx_word' id='word_1_521' title='bbox 1623 4814 1726 4851; x_wconf 90' lang='lat' dir='ltr'><strong>non</strong></span> <span class='ocrx_word' id='word_1_522' title='bbox 1752 4806 1981 4866; x_wconf 87' lang='lat' dir='ltr'><strong>poterat,</strong></span> 
     </span>
    </p>
   </div>
   <div class='ocr_carea' id='block_1_73' title="bbox 411 4866 1982 4923">
    <p class='ocr_par' dir='ltr' id='par_1_73' title="bbox 411 4866 1982 4923">
     <span class='ocr_line' id='line_1_73' title="bbox 411 4866 1982 4923; baseline 0.003 -4"><span class='ocrx_word' id='word_1_523' title='bbox 411 4867 511 4920; x_wconf 89' lang='lat' dir='ltr'><strong>nisi</strong></span> <span class='ocrx_word' id='word_1_524' title='bbox 544 4867 799 4920; x_wconf 83' lang='lat' dir='ltr'><strong>Maximus</strong></span> <span class='ocrx_word' id='word_1_525' title='bbox 831 4866 883 4919; x_wconf 89' lang='lat' dir='ltr'><strong>in</strong></span> <span class='ocrx_word' id='word_1_526' title='bbox 915 4868 1104 4921; x_wconf 84' lang='lat' dir='ltr'><strong>dextro</strong></span> <span class='ocrx_word' id='word_1_527' title='bbox 1135 4882 1300 4921; x_wconf 87' lang='lat' dir='ltr'><strong>cornu</strong></span> <span class='ocrx_word' id='word_1_528' title='bbox 1341 4867 1699 4922; x_wconf 82' lang='lat' dir='ltr'><strong>acetimberet.</strong></span> <span class='ocrx_word' id='word_1_529' title='bbox 1739 4869 1982 4923; x_wconf 82' lang='lat' dir='ltr'><strong>Honora-</strong></span> 
     </span>
    </p>
   </div>
   <div class='ocr_carea' id='block_1_74' title="bbox 410 4936 1983 5003">
    <p class='ocr_par' dir='ltr' id='par_1_74' title="bbox 410 4936 1983 5003">
     <span class='ocr_line' id='line_1_74' title="bbox 410 4936 1983 5003; baseline 0.002 -14"><span class='ocrx_word' id='word_1_530' title='bbox 410 4936 646 4990; x_wconf 86' lang='lat' dir='ltr'><strong>tissimus</strong></span> <span class='ocrx_word' id='word_1_531' title='bbox 676 4952 806 5003; x_wconf 89' lang='lat' dir='ltr'><strong>ergo</strong></span> <span class='ocrx_word' id='word_1_532' title='bbox 834 4938 1048 4991; x_wconf 85' lang='lat' dir='ltr'><strong>stibadii</strong></span> <span class='ocrx_word' id='word_1_533' title='bbox 1068 4938 1219 4991; x_wconf 89' lang='lat' dir='ltr'><strong>locus</strong></span> <span class='ocrx_word' id='word_1_534' title='bbox 1248 4952 1415 4991; x_wconf 89' lang='lat' dir='ltr'><strong>cornu</strong></span> <span class='ocrx_word' id='word_1_535' title='bbox 1445 4938 1712 4999; x_wconf 76' lang='lat' dir='ltr'><strong>dextrum,</strong></span> <span class='ocrx_word' id='word_1_536' title='bbox 1748 4947 1803 4991; x_wconf 92' lang='lat' dir='ltr'><strong>ut</strong></span> <span class='ocrx_word' id='word_1_537' title='bbox 1848 4940 1983 4992; x_wconf 83' lang='lat' dir='ltr'><strong>dixi-</strong></span> 
     </span>
    </p>
   </div>
   <div class='ocr_carea' id='block_1_75' title="bbox 408 5006 1976 5078">
    <p class='ocr_par' dir='ltr' id='par_1_75' title="bbox 408 5006 1976 5078">
     <span class='ocr_line' id='line_1_75' title="bbox 408 5006 1976 5078; baseline 0.003 -19"><span class='ocrx_word' id='word_1_538' title='bbox 408 5021 548 5078; x_wconf 67' lang='lat' dir='ltr'><strong>mus,</strong></span> <span class='ocrx_word' id='word_1_539' title='bbox 592 5009 867 5078; x_wconf 80' lang='lat' dir='ltr'><strong>proximus</strong></span> <span class='ocrx_word' id='word_1_540' title='bbox 914 5006 1210 5061; x_wconf 87' lang='lat' dir='ltr'><strong>sinistrum.</strong></span> <span class='ocrx_word' id='word_1_541' title='bbox 1263 5008 1437 5075; x_wconf 86' lang='lat' dir='ltr'><strong>Quare</strong></span> <span class='ocrx_word' id='word_1_542' title='bbox 1481 5008 1616 5076; x_wconf 87' lang='lat' dir='ltr'><strong>apud</strong></span> <span class='ocrx_word' id='word_1_543' title='bbox 1665 5007 1976 5078; x_wconf 83' lang='lat' dir='ltr'><strong>Gregorium</strong></span> 
     </span>
    </p>
   </div>
   <div class='ocr_carea' id='block_1_76' title="bbox 406 5077 1979 5147">
    <p class='ocr_par' dir='ltr' id='par_1_76' title="bbox 406 5077 1979 5147">
     <span class='ocr_line' id='line_1_76' title="bbox 406 5077 1979 5147; baseline 0.003 -16"><span class='ocrx_word' id='word_1_544' title='bbox 406 5077 607 5131; x_wconf 77' lang='lat' dir='ltr'><strong>Turon.</strong></span> <span class='ocrx_word' id='word_1_545' title='bbox 638 5078 673 5130; x_wconf 94' lang='lat' dir='ltr'><strong>l.</strong></span> <span class='ocrx_word' id='word_1_546' title='bbox 704 5077 885 5131; x_wconf 88' lang='lat' dir='ltr'><strong>Mirac.</strong></span> <span class='ocrx_word' id='word_1_547' title='bbox 912 5092 1073 5145; x_wconf 79' lang='lat' dir='ltr'><strong>Lxxx,</strong></span> <span class='ocrx_word' id='word_1_548' title='bbox 1109 5079 1333 5131; x_wconf 82' lang='lat' dir='ltr'><strong>Arianus</strong></span> <span class='ocrx_word' id='word_1_549' title='bbox 1360 5078 1450 5133; x_wconf 91' lang='lat' dir='ltr'><strong>ille</strong></span> <span class='ocrx_word' id='word_1_550' title='bbox 1474 5082 1557 5143; x_wconf 89' lang='lat' dir='ltr'><strong>qui</strong></span> <span class='ocrx_word' id='word_1_551' title='bbox 1588 5078 1789 5132; x_wconf 70' lang='lat' dir='ltr'><strong>dextra:</strong></span> <span class='ocrx_word' id='word_1_552' title='bbox 1814 5082 1979 5147; x_wconf 86' lang='lat' dir='ltr'><strong>partis</strong></span> 
     </span>
    </p>
   </div>
   <div class='ocr_carea' id='block_1_77' title="bbox 407 5149 1977 5218">
    <p class='ocr_par' dir='ltr' id='par_1_77' title="bbox 407 5149 1977 5218">
     <span class='ocr_line' id='line_1_77' title="bbox 407 5149 1977 5218; baseline 0.004 -19"><span class='ocrx_word' id='word_1_553' title='bbox 407 5160 573 5201; x_wconf 90' lang='lat' dir='ltr'><strong>cornu</strong></span> <span class='ocrx_word' id='word_1_554' title='bbox 604 5155 847 5214; x_wconf 88' lang='lat' dir='ltr'><strong>occupat,</strong></span> <span class='ocrx_word' id='word_1_555' title='bbox 888 5157 939 5203; x_wconf 91' lang='lat' dir='ltr'><strong>et</strong></span> <span class='ocrx_word' id='word_1_556' title='bbox 964 5150 1284 5203; x_wconf 90' lang='lat' dir='ltr'><strong>catholicum</strong></span> <span class='ocrx_word' id='word_1_557' title='bbox 1328 5151 1656 5203; x_wconf 81' lang='lat' dir='ltr'><strong>sacerdotem</strong></span> <span class='ocrx_word' id='word_1_558' title='bbox 1712 5149 1977 5218; x_wconf 80' lang='lat' dir='ltr'><strong>hospitem</strong></span> 
     </span>
    </p>
   </div>
   <div class='ocr_carea' id='block_1_78' title="bbox 406 5218 1980 5282">
    <p class='ocr_par' dir='ltr' id='par_1_78' title="bbox 406 5218 1980 5282">
     <span class='ocr_line' id='line_1_78' title="bbox 406 5218 1980 5282; baseline 0.004 -13"><span class='ocrx_word' id='word_1_559' title='bbox 406 5229 560 5271; x_wconf 87' lang='lat' dir='ltr'><strong>suum</strong></span> <span class='ocrx_word' id='word_1_560' title='bbox 590 5220 641 5271; x_wconf 92' lang='lat' dir='ltr'><strong>in</strong></span> <span class='ocrx_word' id='word_1_561' title='bbox 664 5218 879 5272; x_wconf 69' lang='lat' dir='ltr'><strong>sinistro</strong></span> <span class='ocrx_word' id='word_1_562' title='bbox 900 5222 1105 5282; x_wconf 72' lang='lat' dir='ltr'><strong>Statuit,</strong></span> <span class='ocrx_word' id='word_1_563' title='bbox 1137 5220 1363 5273; x_wconf 87' lang='lat' dir='ltr'><strong>ludibrio</strong></span> <span class='ocrx_word' id='word_1_564' title='bbox 1405 5220 1551 5273; x_wconf 87' lang='lat' dir='ltr'><strong>illum</strong></span> <span class='ocrx_word' id='word_1_565' title='bbox 1586 5220 1683 5275; x_wconf 82' lang='lat' dir='ltr'><strong>hac</strong></span> <span class='ocrx_word' id='word_1_566' title='bbox 1726 5222 1885 5273; x_wconf 87' lang='lat' dir='ltr'><strong>etiam</strong></span> <span class='ocrx_word' id='word_1_567' title='bbox 1928 5223 1980 5276; x_wconf 91' lang='lat' dir='ltr'><strong>in</strong></span> 
     </span>
    </p>
   </div>
   <div class='ocr_carea' id='block_1_79' title="bbox 407 5287 1979 5347">
    <p class='ocr_par' dir='ltr' id='par_1_79' title="bbox 407 5287 1979 5347">
     <span class='ocr_line' id='line_1_79' title="bbox 407 5287 1979 5347; baseline 0.005 -7"><span class='ocrx_word' id='word_1_568' title='bbox 407 5301 467 5341; x_wconf 87' lang='lat' dir='ltr'><strong>re</strong></span> <span class='ocrx_word' id='word_1_569' title='bbox 492 5298 547 5341; x_wconf 91' lang='lat' dir='ltr'><strong>ttt</strong></span> <span class='ocrx_word' id='word_1_570' title='bbox 566 5287 620 5341; x_wconf 85' lang='lat' dir='ltr'><strong>in</strong></span> <span class='ocrx_word' id='word_1_571' title='bbox 642 5288 851 5345; x_wconf 63' lang='lat' dir='ltr'><strong>caeteris</strong></span> <span class='ocrx_word' id='word_1_572' title='bbox 878 5288 1056 5343; x_wconf 84' lang='lat' dir='ltr'><strong>habet.</strong></span> <span class='ocrx_word' id='word_1_573' title='bbox 1088 5291 1191 5343; x_wconf 86' lang='lat' dir='ltr'><strong>Sed</strong></span> <span class='ocrx_word' id='word_1_574' title='bbox 1207 5291 1453 5344; x_wconf 87' lang='lat' dir='ltr'><strong>admonet</strong></span> <span class='ocrx_word' id='word_1_575' title='bbox 1475 5304 1571 5344; x_wconf 85' lang='lat' dir='ltr'><strong>nos</strong></span> <span class='ocrx_word' id='word_1_576' title='bbox 1595 5290 1805 5346; x_wconf 86' lang='lat' dir='ltr'><strong>stibadii</strong></span> <span class='ocrx_word' id='word_1_577' title='bbox 1832 5306 1979 5347; x_wconf 86' lang='lat' dir='ltr'><strong>men-</strong></span> 
     </span>
    </p>
   </div>
   <div class='ocr_carea' id='block_1_80' title="bbox 407 5356 1982 5431">
    <p class='ocr_par' dir='ltr' id='par_1_80' title="bbox 407 5356 1982 5431">
     <span class='ocr_line' id='line_1_80' title="bbox 407 5356 1982 5431; baseline 0.004 -20"><span class='ocrx_word' id='word_1_578' title='bbox 407 5356 482 5431; x_wconf 78' lang='lat' dir='ltr'><strong>t_io</strong></span> <span class='ocrx_word' id='word_1_579' title='bbox 527 5359 761 5431; x_wconf 12' lang='lat' dir='ltr'><strong>etiordo</strong></span> <span class='ocrx_word' id='word_1_580' title='bbox 808 5361 1257 5426; x_wconf 85' lang='lat' dir='ltr'><strong>accumbentium,</strong></span> <span class='ocrx_word' id='word_1_581' title='bbox 1314 5370 1371 5414; x_wconf 92' lang='lat' dir='ltr'><strong>ut</strong></span> <span class='ocrx_word' id='word_1_582' title='bbox 1414 5361 1480 5414; x_wconf 88' lang='lat' dir='ltr'><strong>de</strong></span> <span class='ocrx_word' id='word_1_583' title='bbox 1520 5360 1715 5414; x_wconf 79' lang='lat' dir='ltr'><strong>Christi</strong></span> <span class='ocrx_word' id='word_1_584' title='bbox 1771 5377 1982 5431; x_wconf 86' lang='lat' dir='ltr'><strong>quoque</strong></span> 
     </span>
    </p>
   </div>
   <div class='ocr_carea' id='block_1_81' title="bbox 406 5426 1983 5498">
    <p class='ocr_par' dir='ltr' id='par_1_81' title="bbox 406 5426 1983 5498">
     <span class='ocr_line' id='line_1_81' title="bbox 406 5426 1983 5498; baseline 0.003 -16"><span class='ocrx_word' id='word_1_585' title='bbox 406 5426 617 5483; x_wconf 81' lang='lat' dir='ltr'><strong>Domini</strong></span> <span class='ocrx_word' id='word_1_586' title='bbox 649 5444 897 5498; x_wconf 87' lang='lat' dir='ltr'><strong>suprema</strong></span> <span class='ocrx_word' id='word_1_587' title='bbox 921 5443 1071 5483; x_wconf 65' lang='lat' dir='ltr'><strong>coena</strong></span> <span class='ocrx_word' id='word_1_588' title='bbox 1098 5431 1451 5497; x_wconf 88' lang='lat' dir='ltr'><strong>disquiramus</strong></span> <span class='ocrx_word' id='word_1_589' title='bbox 1477 5435 1517 5494; x_wconf 81' lang='lat'><strong>‘,</strong></span> <span class='ocrx_word' id='word_1_590' title='bbox 1548 5445 1701 5498; x_wconf 83' lang='lat' dir='ltr'><strong>quam</strong></span> <span class='ocrx_word' id='word_1_591' title='bbox 1736 5426 1983 5487; x_wconf 53' lang='lat' dir='ltr'><strong>in&#39;stiba-</strong></span> 
     </span>
    </p>
   </div>
   <div class='ocr_carea' id='block_1_82' title="bbox 410 5497 1979 5572">
    <p class='ocr_par' dir='ltr' id='par_1_82' title="bbox 410 5497 1979 5572">
     <span class='ocr_line' id='line_1_82' title="bbox 410 5497 1979 5572; baseline 0.004 -21"><span class='ocrx_word' id='word_1_592' title='bbox 410 5497 498 5552; x_wconf 91' lang='lat' dir='ltr'><strong>dio</strong></span> <span class='ocrx_word' id='word_1_593' title='bbox 530 5497 731 5553; x_wconf 29' lang='lat' dir='ltr'><strong>itidem’</strong></span> <span class='ocrx_word' id='word_1_594' title='bbox 756 5510 923 5554; x_wconf 88' lang='lat' dir='ltr'><strong>strato</strong></span> <span class='ocrx_word' id='word_1_595' title='bbox 971 5500 1289 5554; x_wconf 88' lang='lat' dir='ltr'><strong>celebratam</strong></span> <span class='ocrx_word' id='word_1_596' title='bbox 1338 5508 1547 5553; x_wconf 88' lang='lat' dir='ltr'><strong>constat</strong></span> <span class='ocrx_word' id='word_1_597' title='bbox 1568 5497 1665 5553; x_wconf 67' lang='grc' dir='ltr'><strong>ἐπὶ</strong></span> <span class='ocrx_word' id='word_1_598' title='bbox 1708 5500 1979 5572; x_wconf 73' lang='grc' dir='ltr'><strong>στιϐἁδθς,</strong></span> 
     </span>
    </p>
   </div>
   <div class='ocr_carea' id='block_1_83' title="bbox 468 5590 1983 5651">
    <p class='ocr_par' dir='ltr' id='par_1_83' title="bbox 468 5590 1983 5651">
     <span class='ocr_line' id='line_1_83' title="bbox 468 5590 1983 5651; baseline 0.006 -12"><span class='ocrx_word' id='word_1_599' title='bbox 468 5590 489 5612; x_wconf 86' lang='grc'><strong>⁹</strong></span> <span class='ocrx_word' id='word_1_600' title='bbox 523 5590 646 5641; x_wconf 85' lang='lat' dir='ltr'><strong>Sunt</strong></span> <span class='ocrx_word' id='word_1_601' title='bbox 668 5598 717 5640; x_wconf 93' lang='lat' dir='ltr'><strong>et</strong></span> <span class='ocrx_word' id='word_1_602' title='bbox 739 5592 849 5641; x_wconf 72' lang='lat' dir='ltr'><strong>duae</strong></span> <span class='ocrx_word' id='word_1_603' title='bbox 872 5594 919 5640; x_wconf 91' lang='lat' dir='ltr'><strong>in</strong></span> <span class='ocrx_word' id='word_1_604' title='bbox 945 5591 1165 5640; x_wconf 84' lang='lat' dir='ltr'><strong>eamdem</strong></span> <span class='ocrx_word' id='word_1_605' title='bbox 1190 5605 1297 5643; x_wconf 89' lang='lat' dir='ltr'><strong>rem</strong></span> <span class='ocrx_word' id='word_1_606' title='bbox 1320 5590 1536 5651; x_wconf 77' lang='lat' dir='ltr'><strong>epistolae</strong></span> <span class='ocrx_word' id='word_1_607' title='bbox 1581 5593 1821 5644; x_wconf 89' lang='lat' dir='ltr'><strong>Sirmondi</strong></span> <span class='ocrx_word' id='word_1_608' title='bbox 1841 5597 1983 5649; x_wconf 85' lang='lat' dir='ltr'><strong>Jose-</strong></span> 
     </span>
    </p>
   </div>
   <div class='ocr_carea' id='block_1_84' title="bbox 409 5650 1980 5717">
    <p class='ocr_par' dir='ltr' id='par_1_84' title="bbox 409 5650 1980 5717">
     <span class='ocr_line' id='line_1_84' title="bbox 409 5650 1980 5717; baseline 0.001 -20"><span class='ocrx_word' id='word_1_609' title='bbox 409 5650 506 5711; x_wconf 87' lang='lat' dir='ltr'><strong>pho</strong></span> <span class='ocrx_word' id='word_1_610' title='bbox 528 5652 690 5717; x_wconf 63' lang='lat' dir='ltr'><strong>Mariae</strong></span> <span class='ocrx_word' id='word_1_611' title='bbox 716 5656 940 5717; x_wconf 66' lang='lat' dir='ltr'><strong>Suarcsio</strong></span> <span class='ocrx_word' id='word_1_612' title='bbox 970 5655 1209 5714; x_wconf 66' lang='lat' dir='ltr'><strong>inscripta:</strong></span> <span class='ocrx_word' id='word_1_613' title='bbox 1234 5667 1246 5701; x_wconf 87' lang='lat'><strong>:</strong></span> <span class='ocrx_word' id='word_1_614' title='bbox 1281 5650 1567 5717; x_wconf 75' lang='lat' dir='ltr'><strong>exstautque</strong></span> <span class='ocrx_word' id='word_1_615' title='bbox 1595 5658 1719 5704; x_wconf 84' lang='lat' dir='ltr'><strong>inter</strong></span> <span class='ocrx_word' id='word_1_616' title='bbox 1742 5668 1850 5717; x_wconf 71' lang='lat' dir='ltr'><strong>opp.</strong></span> <span class='ocrx_word' id='word_1_617' title='bbox 1878 5662 1980 5710; x_wconf 67' lang='lat' dir='ltr'><strong>Sir-</strong></span> 
     </span>
    </p>
   </div>
   <div class='ocr_carea' id='block_1_85' title="bbox 410 5714 1977 5783">
    <p class='ocr_par' dir='ltr' id='par_1_85' title="bbox 410 5714 1977 5783">
     <span class='ocr_line' id='line_1_85' title="bbox 410 5714 1977 5783; baseline 0.005 -17"><span class='ocrx_word' id='word_1_618' title='bbox 410 5714 661 5766; x_wconf 69' lang='lat' dir='ltr'><strong>mentitam</strong></span> <span class='ocrx_word' id='word_1_619' title='bbox 700 5724 814 5765; x_wconf 86' lang='lat' dir='ltr'><strong>tom.</strong></span> <span class='ocrx_word' id='word_1_620' title='bbox 859 5715 940 5777; x_wconf 87' lang='lat' dir='ltr'><strong>lV,</strong></span> <span class='ocrx_word' id='word_1_621' title='bbox 970 5729 1077 5777; x_wconf 81' lang='lat' dir='ltr'><strong>pag.</strong></span> <span class='ocrx_word' id='word_1_622' title='bbox 1117 5717 1210 5767; x_wconf 74' lang='lat'><strong>665</strong></span> <span class='ocrx_word' id='word_1_623' title='bbox 1246 5727 1405 5777; x_wconf 83' lang='lat' dir='ltr'><strong>seqq,</strong></span> <span class='ocrx_word' id='word_1_624' title='bbox 1451 5716 1533 5764; x_wconf 90' lang='lat' dir='ltr'><strong>ubi</strong></span> <span class='ocrx_word' id='word_1_625' title='bbox 1575 5714 1977 5783; x_wconf 16' lang='lat' dir='ltr'><strong>quoquei&#39;Cteuas</strong></span> 
     </span>
    </p>
   </div>
   <div class='ocr_carea' id='block_1_86' title="bbox 2105 1860 3681 1939">
    <p class='ocr_par' dir='ltr' id='par_1_86' title="bbox 2105 1860 3681 1939">
     <span class='ocr_line' id='line_1_86' title="bbox 2105 1860 3681 1939; baseline 0.006 -26"><span class='ocrx_word' id='word_1_626' title='bbox 2105 1860 2229 1930; x_wconf 88' lang='lat' dir='ltr'><strong>quid</strong></span> <span class='ocrx_word' id='word_1_627' title='bbox 2265 1860 2518 1916; x_wconf 89' lang='lat' dir='ltr'><strong>faciemus</strong></span> <span class='ocrx_word' id='word_1_628' title='bbox 2550 1862 2657 1929; x_wconf 90' lang='lat' dir='ltr'><strong>his,</strong></span> <span class='ocrx_word' id='word_1_629' title='bbox 2698 1865 2888 1933; x_wconf 84' lang='lat' dir='ltr'><strong>inquit,</strong></span> <span class='ocrx_word' id='word_1_630' title='bbox 2923 1865 3012 1935; x_wconf 92' lang='lat' dir='ltr'><strong>qui</strong></span> <span class='ocrx_word' id='word_1_631' title='bbox 3036 1873 3085 1920; x_wconf 89' lang='lat' dir='ltr'><strong>te</strong></span> <span class='ocrx_word' id='word_1_632' title='bbox 3115 1866 3416 1922; x_wconf 79' lang='lat' dir='ltr'><strong>lacessunt?</strong></span> <span class='ocrx_word' id='word_1_633' title='bbox 3450 1870 3512 1923; x_wconf 86' lang='lat' dir='ltr'><strong>Et</strong></span> <span class='ocrx_word' id='word_1_634' title='bbox 3551 1884 3681 1939; x_wconf 86' lang='lat' dir='ltr'><strong>ego:</strong></span> 
     </span>
    </p>
   </div>
   <div class='ocr_carea' id='block_1_87' title="bbox 2106 1951 3684 2027">
    <p class='ocr_par' dir='ltr' id='par_1_87' title="bbox 2106 1951 3684 2027">
     <span class='ocr_line' id='line_1_87' title="bbox 2106 1951 3684 2027; baseline 0.005 -22"><span class='ocrx_word' id='word_1_635' title='bbox 2106 1951 2357 2022; x_wconf 85' lang='lat' dir='ltr'><strong>Quisquis</strong></span> <span class='ocrx_word' id='word_1_636' title='bbox 2386 1961 2472 2008; x_wconf 92' lang='lat' dir='ltr'><strong>est</strong></span> <span class='ocrx_word' id='word_1_637' title='bbox 2498 1953 2620 2020; x_wconf 90' lang='lat' dir='ltr'><strong>iste,</strong></span> <span class='ocrx_word' id='word_1_638' title='bbox 2650 1954 2866 2010; x_wconf 89' lang='lat' dir='ltr'><strong>domine</strong></span> <span class='ocrx_word' id='word_1_639' title='bbox 2912 1956 3239 2026; x_wconf 90' lang='lat' dir='ltr'><strong>imperator,</strong></span> <span class='ocrx_word' id='word_1_640' title='bbox 3281 1962 3486 2027; x_wconf 83' lang='lat' dir='ltr'><strong>pub&#39;icc</strong></span> <span class='ocrx_word' id='word_1_641' title='bbox 3528 1974 3684 2013; x_wconf 82' lang='lat' dir='ltr'><strong>accu—</strong></span> 
     </span>
    </p>
   </div>
   <div class='ocr_carea' id='block_1_88' title="bbox 2107 2044 3683 2119">
    <p class='ocr_par' dir='ltr' id='par_1_88' title="bbox 2107 2044 3683 2119">
     <span class='ocr_line' id='line_1_88' title="bbox 2107 2044 3683 2119; baseline 0.003 -20"><span class='ocrx_word' id='word_1_642' title='bbox 2107 2052 2210 2099; x_wconf 86' lang='lat' dir='ltr'><strong>set.</strong></span> <span class='ocrx_word' id='word_1_643' title='bbox 2244 2044 2297 2099; x_wconf 87' lang='lat' dir='ltr'><strong>Si</strong></span> <span class='ocrx_word' id='word_1_644' title='bbox 2323 2044 2713 2115; x_wconf 87' lang='lat' dir='ltr'><strong>redarguimur,</strong></span> <span class='ocrx_word' id='word_1_645' title='bbox 2741 2046 2921 2102; x_wconf 88' lang='lat' dir='ltr'><strong>debita</strong></span> <span class='ocrx_word' id='word_1_646' title='bbox 2951 2047 3159 2103; x_wconf 89' lang='lat' dir='ltr'><strong>luamus</strong></span> <span class='ocrx_word' id='word_1_647' title='bbox 3201 2052 3456 2119; x_wconf 37' lang='lat' dir='ltr'><strong>supplicia</strong></span> <span class='ocrx_word' id='word_1_648' title='bbox 3496 2051 3683 2106; x_wconf 84' lang='lat' dir='ltr'><strong>convi-</strong></span> 
     </span>
    </p>
   </div>
   <div class='ocr_carea' id='block_1_89' title="bbox 2107 2137 3683 2211">
    <p class='ocr_par' dir='ltr' id='par_1_89' title="bbox 2107 2137 3683 2211">
     <span class='ocr_line' id='line_1_89' title="bbox 2107 2137 3683 2211; baseline 0.004 -21"><span class='ocrx_word' id='word_1_649' title='bbox 2107 2137 2177 2190; x_wconf 92' lang='lat' dir='ltr'><strong>cti</strong></span> <span class='ocrx_word' id='word_1_650' title='bbox 2206 2154 2219 2189; x_wconf 94' lang='lat'><strong><em>:</em></strong></span> <span class='ocrx_word' id='word_1_651' title='bbox 2252 2146 2506 2190; x_wconf 72' lang='lat' dir='ltr'><strong>czeterum</strong></span> <span class='ocrx_word' id='word_1_652' title='bbox 2540 2137 2749 2208; x_wconf 84' lang='lat' dir='ltr'><strong>objecta</strong></span> <span class='ocrx_word' id='word_1_653' title='bbox 2784 2140 2826 2193; x_wconf 90' lang='lat' dir='ltr'><strong>si</strong></span> <span class='ocrx_word' id='word_1_654' title='bbox 2855 2154 2959 2194; x_wconf 92' lang='lat' dir='ltr'><strong>non</strong></span> <span class='ocrx_word' id='word_1_655' title='bbox 2988 2140 3414 2211; x_wconf 69' lang='lat' dir='ltr'><strong>improbabilitcz‘</strong></span> <span class='ocrx_word' id='word_1_656' title='bbox 3442 2156 3683 2197; x_wconf 62' lang='lat' dir='ltr'><strong>cassavev</strong></span> 
     </span>
    </p>
   </div>
   <div class='ocr_carea' id='block_1_90' title="bbox 2108 2228 3683 2302">
    <p class='ocr_par' dir='ltr' id='par_1_90' title="bbox 2108 2228 3683 2302">
     <span class='ocr_line' id='line_1_90' title="bbox 2108 2228 3683 2302; baseline 0.004 -20"><span class='ocrx_word' id='word_1_657' title='bbox 2108 2228 2297 2293; x_wconf 92' lang='lat' dir='ltr'><strong>rimus,</strong></span> <span class='ocrx_word' id='word_1_658' title='bbox 2326 2243 2429 2283; x_wconf 91' lang='lat' dir='ltr'><strong>oro</strong></span> <span class='ocrx_word' id='word_1_659' title='bbox 2459 2237 2520 2282; x_wconf 92' lang='lat' dir='ltr'><strong>ut</strong></span> <span class='ocrx_word' id='word_1_660' title='bbox 2546 2230 2752 2284; x_wconf 90' lang='lat' dir='ltr'><strong>indultu</strong></span> <span class='ocrx_word' id='word_1_661' title='bbox 2799 2231 3096 2287; x_wconf 71' lang='lat' dir='ltr'><strong>clementiae</strong></span> <span class='ocrx_word' id='word_1_662' title='bbox 3139 2242 3261 2297; x_wconf 78' lang='lat' dir='ltr'><strong>tuae,</strong></span> <span class='ocrx_word' id='word_1_663' title='bbox 3312 2242 3503 2302; x_wconf 72' lang='lat' dir='ltr'><strong>prmter</strong></span> <span class='ocrx_word' id='word_1_664' title='bbox 3548 2232 3683 2302; x_wconf 81' lang='lat' dir='ltr'><strong>juris</strong></span> 
     </span>
    </p>
   </div>
   <div class='ocr_carea' id='block_1_91' title="bbox 2104 2318 3680 2393">
    <p class='ocr_par' dir='ltr' id='par_1_91' title="bbox 2104 2318 3680 2393">
     <span class='ocr_line' id='line_1_91' title="bbox 2104 2318 3680 2393; baseline 0.001 -17"><span class='ocrx_word' id='word_1_665' title='bbox 2104 2318 2380 2391; x_wconf 79' lang='lat' dir='ltr'><strong>injuriam,</strong></span> <span class='ocrx_word' id='word_1_666' title='bbox 2414 2323 2465 2377; x_wconf 88' lang='lat' dir='ltr'><strong>in</strong></span> <span class='ocrx_word' id='word_1_667' title='bbox 2492 2332 2858 2379; x_wconf 88' lang='lat' dir='ltr'><strong>accusatorem</strong></span> <span class='ocrx_word' id='word_1_668' title='bbox 2901 2340 3076 2380; x_wconf 92' lang='lat' dir='ltr'><strong>meum</strong></span> <span class='ocrx_word' id='word_1_669' title='bbox 3122 2341 3240 2393; x_wconf 70' lang='lat' dir='ltr'><strong>qua:</strong></span> <span class='ocrx_word' id='word_1_670' title='bbox 3265 2325 3385 2379; x_wconf 88' lang='lat' dir='ltr'><strong>volo</strong></span> <span class='ocrx_word' id='word_1_671' title='bbox 3431 2324 3680 2379; x_wconf 90' lang='lat' dir='ltr'><strong>scribam.</strong></span> 
     </span>
    </p>
   </div>
   <div class='ocr_carea' id='block_1_92' title="bbox 2107 2414 3683 2486">
    <p class='ocr_par' dir='ltr' id='par_1_92' title="bbox 2107 2414 3683 2486">
     <span class='ocr_line' id='line_1_92' title="bbox 2107 2414 3683 2486; baseline 0.002 -17"><span class='ocrx_word' id='word_1_672' title='bbox 2107 2414 2187 2469; x_wconf 81' lang='lat' dir='ltr'><strong>Ad</strong></span> <span class='ocrx_word' id='word_1_673' title='bbox 2215 2415 2316 2470; x_wconf 90' lang='lat' dir='ltr'><strong>ltoc</strong></span> <span class='ocrx_word' id='word_1_674' title='bbox 2342 2415 2456 2485; x_wconf 88' lang='lat' dir='ltr'><strong>ipse</strong></span> <span class='ocrx_word' id='word_1_675' title='bbox 2487 2415 2757 2470; x_wconf 63' lang='lat' dir='ltr'><strong>Paeonium</strong></span> <span class='ocrx_word' id='word_1_676' title='bbox 2777 2417 3136 2485; x_wconf 90' lang='lat' dir='ltr'><strong>conspicatus,</strong></span> <span class='ocrx_word' id='word_1_677' title='bbox 3165 2428 3292 2472; x_wconf 90' lang='lat' dir='ltr'><strong>nutu</strong></span> <span class='ocrx_word' id='word_1_678' title='bbox 3305 2419 3466 2486; x_wconf 66' lang='lat' dir='ltr'><strong>coepit</strong></span> <span class='ocrx_word' id='word_1_679' title='bbox 3493 2432 3683 2473; x_wconf 85' lang='lat' dir='ltr'><strong>consu-</strong></span> 
     </span>
    </p>
   </div>
   <div class='ocr_carea' id='block_1_93' title="bbox 2105 2506 3684 2577">
    <p class='ocr_par' dir='ltr' id='par_1_93' title="bbox 2105 2506 3684 2577">
     <span class='ocr_line' id='line_1_93' title="bbox 2105 2506 3684 2577; baseline 0.003 -17"><span class='ocrx_word' id='word_1_680' title='bbox 2105 2506 2218 2561; x_wconf 88' lang='lat' dir='ltr'><strong>lere</strong></span> <span class='ocrx_word' id='word_1_681' title='bbox 2247 2515 2548 2575; x_wconf 88' lang='lat' dir='ltr'><strong>nutantem,</strong></span> <span class='ocrx_word' id='word_1_682' title='bbox 2606 2508 2837 2577; x_wconf 88' lang='lat' dir='ltr'><strong>placeret</strong></span> <span class='ocrx_word' id='word_1_683' title='bbox 2870 2524 2935 2563; x_wconf 91' lang='lat' dir='ltr'><strong>ne</strong></span> <span class='ocrx_word' id='word_1_684' title='bbox 2992 2509 3248 2564; x_wconf 90' lang='lat' dir='ltr'><strong>conditio.</strong></span> <span class='ocrx_word' id='word_1_685' title='bbox 3306 2510 3411 2566; x_wconf 91' lang='lat' dir='ltr'><strong>Sed</strong></span> <span class='ocrx_word' id='word_1_686' title='bbox 3442 2525 3561 2564; x_wconf 91' lang='lat' dir='ltr'><strong>cum</strong></span> <span class='ocrx_word' id='word_1_687' title='bbox 3592 2510 3684 2565; x_wconf 83' lang='lat' dir='ltr'><strong>illo</strong></span> 
     </span>
    </p>
   </div>
   <div class='ocr_carea' id='block_1_94' title="bbox 2104 2596 3751 2671">
    <p class='ocr_par' dir='ltr' id='par_1_94' title="bbox 2104 2596 3751 2671">
     <span class='ocr_line' id='line_1_94' title="bbox 2104 2596 3751 2671; baseline 0.002 -20"><span class='ocrx_word' id='word_1_688' title='bbox 2104 2598 2356 2652; x_wconf 88' lang='lat' dir='ltr'><strong>confusus</strong></span> <span class='ocrx_word' id='word_1_689' title='bbox 2399 2596 2718 2663; x_wconf 88' lang='lat' dir='ltr'><strong>reticuisset,</strong></span> <span class='ocrx_word' id='word_1_690' title='bbox 2754 2599 3106 2671; x_wconf 86' lang='lat' dir='ltr'><strong>princepsque</strong></span> <span class='ocrx_word' id='word_1_691' title='bbox 3147 2601 3449 2656; x_wconf 89' lang='lat' dir='ltr'><strong>consuleret</strong></span> <span class='ocrx_word' id='word_1_692' title='bbox 3489 2600 3683 2655; x_wconf 83' lang='lat' dir='ltr'><strong>erube-</strong></span> <span class='ocrx_word' id='word_1_693' title='bbox 3746 2628 3751 2635; x_wconf 96' lang='lat'><strong><em>-</em></strong></span> 
     </span>
    </p>
   </div>
   <div class='ocr_carea' id='block_1_95' title="bbox 2104 2691 3681 2763">
    <p class='ocr_par' dir='ltr' id='par_1_95' title="bbox 2104 2691 3681 2763">
     <span class='ocr_line' id='line_1_95' title="bbox 2104 2691 3681 2763; baseline 0.001 -18"><span class='ocrx_word' id='word_1_694' title='bbox 2104 2691 2297 2758; x_wconf 91' lang='lat' dir='ltr'><strong>scenti,</strong></span> <span class='ocrx_word' id='word_1_695' title='bbox 2330 2691 2421 2757; x_wconf 88' lang='lat' dir='ltr'><strong>ait,</strong></span> <span class='ocrx_word' id='word_1_696' title='bbox 2454 2693 2643 2746; x_wconf 81' lang='lat' dir='ltr'><strong>Annua</strong></span> <span class='ocrx_word' id='word_1_697' title='bbox 2673 2692 2969 2761; x_wconf 89' lang='lat' dir='ltr'><strong>postulatis,</strong></span> <span class='ocrx_word' id='word_1_698' title='bbox 3001 2695 3044 2749; x_wconf 90' lang='lat' dir='ltr'><strong>si</strong></span> <span class='ocrx_word' id='word_1_699' title='bbox 3073 2693 3174 2748; x_wconf 88' lang='lat' dir='ltr'><strong>hoc</strong></span> <span class='ocrx_word' id='word_1_700' title='bbox 3205 2693 3374 2763; x_wconf 87' lang='lat' dir='ltr'><strong>ipsum</strong></span> <span class='ocrx_word' id='word_1_701' title='bbox 3401 2708 3432 2749; x_wconf 91' lang='lat' dir='ltr'><strong>e</strong></span> <span class='ocrx_word' id='word_1_702' title='bbox 3452 2693 3681 2761; x_wconf 88' lang='lat' dir='ltr'><strong>vestigio</strong></span> 
     </span>
    </p>
   </div>
   <div class='ocr_carea' id='block_1_96' title="bbox 2110 2823 3681 2895">
    <p class='ocr_par' dir='ltr' id='par_1_96' title="bbox 2110 2823 3681 2895">
     <span class='ocr_line' id='line_1_96' title="bbox 2110 2823 3681 2895; baseline 0.001 -16"><span class='ocrx_word' id='word_1_703' title='bbox 2110 2831 2170 2879; x_wconf 88' lang='lat' dir='ltr'><strong>ut</strong></span> <span class='ocrx_word' id='word_1_704' title='bbox 2197 2824 2435 2894; x_wconf 84' lang='lat' dir='ltr'><strong>loquitur</strong></span> <span class='ocrx_word' id='word_1_705' title='bbox 2462 2823 2884 2895; x_wconf 78' lang='lat' dir='ltr'><strong>Chrysostomus</strong></span> <span class='ocrx_word' id='word_1_706' title='bbox 2907 2827 3130 2882; x_wconf 82' lang='lat' dir='ltr'><strong>homﬂia</strong></span> <span class='ocrx_word' id='word_1_707' title='bbox 3158 2825 3229 2882; x_wconf 75' lang='lat'><strong>‘27</strong></span> <span class='ocrx_word' id='word_1_708' title='bbox 3253 2830 3307 2882; x_wconf 87' lang='lat' dir='ltr'><strong>itt</strong></span> <span class='ocrx_word' id='word_1_709' title='bbox 3335 2826 3360 2883; x_wconf 86' lang='grc' dir='ltr'>Ῐ</span> <span class='ocrx_word' id='word_1_710' title='bbox 3392 2828 3456 2883; x_wconf 86' lang='lat' dir='ltr'><strong>ad</strong></span> <span class='ocrx_word' id='word_1_711' title='bbox 3489 2827 3681 2882; x_wconf 91' lang='lat' dir='ltr'><strong>Corin-</strong></span> 
     </span>
    </p>
   </div>
   <div class='ocr_carea' id='block_1_97' title="bbox 2108 2895 3676 2963">
    <p class='ocr_par' dir='ltr' id='par_1_97' title="bbox 2108 2895 3676 2963">
     <span class='ocr_line' id='line_1_97' title="bbox 2108 2895 3676 2963; baseline 0.002 -15"><span class='ocrx_word' id='word_1_712' title='bbox 2108 2895 2289 2959; x_wconf 88' lang='lat' dir='ltr'><strong>thios;</strong></span> <span class='ocrx_word' id='word_1_713' title='bbox 2319 2898 2433 2949; x_wconf 83' lang='lat' dir='ltr'><strong>sive</strong></span> <span class='ocrx_word' id='word_1_714' title='bbox 2458 2897 2513 2950; x_wconf 82' lang='lat' dir='ltr'><strong>in</strong></span> <span class='ocrx_word' id='word_1_715' title='bbox 2560 2897 2787 2963; x_wconf 90' lang='lat' dir='ltr'><strong>lectulo,</strong></span> <span class='ocrx_word' id='word_1_716' title='bbox 2819 2908 2875 2952; x_wconf 92' lang='lat' dir='ltr'><strong>ut</strong></span> <span class='ocrx_word' id='word_1_717' title='bbox 2931 2898 3290 2953; x_wconf 85' lang='lat' dir='ltr'><strong>Tertullianus</strong></span> <span class='ocrx_word' id='word_1_718' title='bbox 3333 2900 3400 2953; x_wconf 91' lang='lat' dir='ltr'><strong>de</strong></span> <span class='ocrx_word' id='word_1_719' title='bbox 3444 2899 3676 2952; x_wconf 89' lang='lat' dir='ltr'><strong>Corona.</strong></span> 
     </span>
    </p>
   </div>
   <div class='ocr_carea' id='block_1_98' title="bbox 2106 2966 3681 3087">
    <p class='ocr_par' dir='ltr' id='par_1_98' title="bbox 2106 2966 3681 3087">
     <span class='ocr_line' id='line_1_98' title="bbox 2106 2966 3681 3087; baseline 0.002 -69"><span class='ocrx_word' id='word_1_720' title='bbox 2106 2966 2412 3087; x_wconf 63' lang='lat' dir='ltr'><strong>Azuoscam.</strong></span> <span class='ocrx_word' id='word_1_721' title='bbox 2443 2966 2629 3035; x_wconf 89' lang='lat' dir='ltr'><strong>inquit,</strong></span> <span class='ocrx_word' id='word_1_722' title='bbox 2654 2984 2851 3021; x_wconf 78' lang='lat' dir='ltr'><strong>necesse</strong></span> <span class='ocrx_word' id='word_1_723' title='bbox 2871 2980 2945 3022; x_wconf 83' lang='lat' dir='ltr'><strong>est</strong></span> <span class='ocrx_word' id='word_1_724' title='bbox 2970 2979 3016 3021; x_wconf 80' lang='lat' dir='ltr'><strong>et</strong></span> <span class='ocrx_word' id='word_1_725' title='bbox 3034 2972 3397 3023; x_wconf 72' lang='lat' dir='ltr'><strong>recumbentcm</strong></span> <span class='ocrx_word' id='word_1_726' title='bbox 3423 2969 3475 3021; x_wconf 89' lang='lat' dir='ltr'><strong>in</strong></span> <span class='ocrx_word' id='word_1_727' title='bbox 3500 2969 3681 3021; x_wconf 81' lang='lat' dir='ltr'><strong>lectulo</strong></span> 
     </span>
     <span class='ocr_line' id='line_1_99' title="bbox 2108 3032 3679 3087; baseline 0 0"><span class='ocrx_word' id='word_1_728' title='bbox 2108 3032 2148 3087; x_wconf 87' lang='lat' dir='ltr'><strong>C</strong></span> <span class='ocrx_word' id='word_1_729' title='bbox 2186 3037 2383 3087; x_wconf 85' lang='lat' dir='ltr'><strong>ristum.</strong></span> <span class='ocrx_word' id='word_1_730' title='bbox 2409 3035 2738 3087; x_wconf 79' lang='lat' dir='ltr'><strong>Recubttisse</strong></span> <span class='ocrx_word' id='word_1_731' title='bbox 2764 3047 2939 3087; x_wconf 77' lang='lat' dir='ltr'><strong>autem</strong></span> <span class='ocrx_word' id='word_1_732' title='bbox 2970 3036 3020 3087; x_wconf 92' lang='lat' dir='ltr'><strong>in</strong></span> <span class='ocrx_word' id='word_1_733' title='bbox 3053 3053 3114 3087; x_wconf 81' lang='lat' dir='ltr'><strong>ea</strong></span> <span class='ocrx_word' id='word_1_734' title='bbox 3143 3038 3438 3087; x_wconf 84' lang='lat' dir='ltr'><strong>Christum.</strong></span> <span class='ocrx_word' id='word_1_735' title='bbox 3469 3054 3575 3087; x_wconf 87' lang='lat' dir='ltr'><strong>non</strong></span> <span class='ocrx_word' id='word_1_736' title='bbox 3626 3040 3679 3087; x_wconf 90' lang='lat' dir='ltr'><strong>in</strong></span> 
     </span>
    </p>
   </div>
   <div class='ocr_carea' id='block_1_99' title="bbox 2108 3032 3680 3101">
    <p class='ocr_par' dir='ltr' id='par_1_99' title="bbox 2108 3032 3680 3101">
     <span class='ocr_line' id='line_1_100' title="bbox 2108 3032 3680 3101; baseline 0.003 -13"><span class='ocrx_word' id='word_1_737' title='bbox 2108 3032 2383 3088; x_wconf 81' lang='lat' dir='ltr'><strong>Christum.</strong></span> <span class='ocrx_word' id='word_1_738' title='bbox 2409 3032 2738 3089; x_wconf 67' lang='lat' dir='ltr'><strong>Rcchbuisse</strong></span> <span class='ocrx_word' id='word_1_739' title='bbox 2764 3047 2939 3090; x_wconf 82' lang='lat' dir='ltr'><strong>autem</strong></span> <span class='ocrx_word' id='word_1_740' title='bbox 2969 3036 3020 3092; x_wconf 91' lang='lat' dir='ltr'><strong>in</strong></span> <span class='ocrx_word' id='word_1_741' title='bbox 3053 3053 3114 3092; x_wconf 88' lang='lat' dir='ltr'><strong>ea</strong></span> <span class='ocrx_word' id='word_1_742' title='bbox 3143 3038 3438 3101; x_wconf 83' lang='lat' dir='ltr'><strong>Christum,</strong></span> <span class='ocrx_word' id='word_1_743' title='bbox 3469 3054 3575 3091; x_wconf 92' lang='lat' dir='ltr'><strong>non</strong></span> <span class='ocrx_word' id='word_1_744' title='bbox 3626 3040 3680 3094; x_wconf 88' lang='lat' dir='ltr'><strong>in</strong></span> 
     </span>
    </p>
   </div>
   <div class='ocr_carea' id='block_1_100' title="bbox 2106 3103 3681 3175">
    <p class='ocr_par' dir='ltr' id='par_1_100' title="bbox 2106 3103 3681 3175">
     <span class='ocr_line' id='line_1_101' title="bbox 2106 3103 3681 3175; baseline 0.002 -17"><span class='ocrx_word' id='word_1_745' title='bbox 2106 3103 2285 3160; x_wconf 90' lang='lat' dir='ltr'><strong>medio</strong></span> <span class='ocrx_word' id='word_1_746' title='bbox 2314 3106 2629 3174; x_wconf 69' lang='lat' dir='ltr'><strong>stipatttibm</strong></span> <span class='ocrx_word' id='word_1_747' title='bbox 2672 3106 2835 3161; x_wconf 90' lang='lat' dir='ltr'><strong>latera</strong></span> <span class='ocrx_word' id='word_1_748' title='bbox 2878 3106 2999 3162; x_wconf 90' lang='lat' dir='ltr'><strong>hinc</strong></span> <span class='ocrx_word' id='word_1_749' title='bbox 3030 3107 3152 3162; x_wconf 88' lang='lat' dir='ltr'><strong>inde</strong></span> <span class='ocrx_word' id='word_1_750' title='bbox 3175 3108 3453 3175; x_wconf 73' lang='lat' dir='ltr'><strong>apostolis,</strong></span> <span class='ocrx_word' id='word_1_751' title='bbox 3494 3118 3550 3162; x_wconf 92' lang='lat' dir='ltr'><strong>ut</strong></span> <span class='ocrx_word' id='word_1_752' title='bbox 3586 3123 3681 3161; x_wconf 90' lang='lat' dir='ltr'><strong>no-</strong></span> 
     </span>
    </p>
   </div>
   <div class='ocr_carea' id='block_1_101' title="bbox 2104 3176 3675 3245">
    <p class='ocr_par' dir='ltr' id='par_1_101' title="bbox 2104 3176 3675 3245">
     <span class='ocr_line' id='line_1_102' title="bbox 2104 3176 3675 3245; baseline 0.002 -16"><span class='ocrx_word' id='word_1_753' title='bbox 2104 3180 2200 3229; x_wconf 81' lang='lat' dir='ltr'><strong>stri</strong></span> <span class='ocrx_word' id='word_1_754' title='bbox 2216 3176 2375 3243; x_wconf 78' lang='lat' dir='ltr'><strong>vulgo</strong></span> <span class='ocrx_word' id='word_1_755' title='bbox 2400 3178 2635 3243; x_wconf 83' lang='lat' dir='ltr'><strong>pictores</strong></span> <span class='ocrx_word' id='word_1_756' title='bbox 2656 3188 3068 3243; x_wconf 70' lang='lat' dir='ltr'><strong>repraesentant,</strong></span> <span class='ocrx_word' id='word_1_757' title='bbox 3083 3180 3175 3233; x_wconf 88' lang='lat' dir='ltr'><strong>sed</strong></span> <span class='ocrx_word' id='word_1_758' title='bbox 3203 3180 3391 3233; x_wconf 90' lang='lat' dir='ltr'><strong>dextro</strong></span> <span class='ocrx_word' id='word_1_759' title='bbox 3413 3180 3464 3232; x_wconf 86' lang='lat' dir='ltr'><strong>in</strong></span> <span class='ocrx_word' id='word_1_760' title='bbox 3488 3192 3675 3245; x_wconf 84' lang='lat' dir='ltr'><strong>cornu,</strong></span> 
     </span>
    </p>
   </div>
   <div class='ocr_carea' id='block_1_102' title="bbox 2021 3233 3677 3319">
    <p class='ocr_par' dir='ltr' id='par_1_102' title="bbox 2021 3233 3677 3319">
     <span class='ocr_line' id='line_1_103' title="bbox 2021 3233 3677 3319; baseline 0.001 -20"><span class='ocrx_word' id='word_1_761' title='bbox 2021 3233 2067 3299; x_wconf 87' lang='lat' dir='ltr'><strong>C</strong></span> <span class='ocrx_word' id='word_1_762' title='bbox 2096 3261 2204 3315; x_wconf 87' lang='lat' dir='ltr'><strong>quo</strong></span> <span class='ocrx_word' id='word_1_763' title='bbox 2223 3233 2342 3319; x_wconf 67' lang='lat' dir='ltr'><strong>loco</strong></span> <span class='ocrx_word' id='word_1_764' title='bbox 2364 3233 2673 3319; x_wconf 65' lang='lat' dir='ltr'><strong>Maximum,</strong></span> <span class='ocrx_word' id='word_1_765' title='bbox 2697 3233 3149 3319; x_wconf 71' lang='lat' dir='ltr'><strong>Majorianumque</strong></span> <span class='ocrx_word' id='word_1_766' title='bbox 3167 3249 3405 3318; x_wconf 74' lang='lat' dir='ltr'><strong>juceotes</strong></span> <span class='ocrx_word' id='word_1_767' title='bbox 3424 3233 3677 3312; x_wconf 64' lang='lat' dir='ltr'><strong>vidimus,</strong></span> 
     </span>
    </p>
   </div>
   <div class='ocr_carea' id='block_1_103' title="bbox 2099 3317 3671 3389">
    <p class='ocr_par' dir='ltr' id='par_1_103' title="bbox 2099 3317 3671 3389">
     <span class='ocr_line' id='line_1_104' title="bbox 2099 3317 3671 3389; baseline 0.002 -19"><span class='ocrx_word' id='word_1_768' title='bbox 2099 3324 2211 3371; x_wconf 91' lang='lat' dir='ltr'><strong>tum</strong></span> <span class='ocrx_word' id='word_1_769' title='bbox 2270 3318 2370 3389; x_wconf 81' lang='lat' dir='ltr'><strong>alia</strong></span> <span class='ocrx_word' id='word_1_770' title='bbox 2416 3318 2467 3371; x_wconf 89' lang='lat' dir='ltr'><strong>in</strong></span> <span class='ocrx_word' id='word_1_771' title='bbox 2520 3317 2669 3371; x_wconf 76' lang='lat' dir='ltr'><strong>libris</strong></span> <span class='ocrx_word' id='word_1_772' title='bbox 2720 3318 3019 3388; x_wconf 87' lang='lat' dir='ltr'><strong>tabulisque</strong></span> <span class='ocrx_word' id='word_1_773' title='bbox 3068 3317 3301 3389; x_wconf 84' lang='lat' dir='ltr'><strong>an&#39;iquis</strong></span> <span class='ocrx_word' id='word_1_774' title='bbox 3346 3323 3671 3389; x_wconf 83' lang='lat' dir='ltr'><strong>monimenta</strong></span> 
     </span>
    </p>
   </div>
   <div class='ocr_carea' id='block_1_104' title="bbox 2096 3387 3676 3460">
    <p class='ocr_par' dir='ltr' id='par_1_104' title="bbox 2096 3387 3676 3460">
     <span class='ocr_line' id='line_1_105' title="bbox 2096 3387 3676 3460; baseline -0.002 -18"><span class='ocrx_word' id='word_1_775' title='bbox 2096 3387 2403 3460; x_wconf 69' lang='lat' dir='ltr'><strong>ostendunt,</strong></span> <span class='ocrx_word' id='word_1_776' title='bbox 2442 3397 2550 3460; x_wconf 89' lang='lat' dir='ltr'><strong>tum</strong></span> <span class='ocrx_word' id='word_1_777' title='bbox 2593 3389 2856 3460; x_wconf 78' lang='lat' dir='ltr'><strong>musivttm</strong></span> <span class='ocrx_word' id='word_1_778' title='bbox 2894 3387 3087 3449; x_wconf 54' lang='lat' dir='ltr'><strong>cannae</strong></span> <span class='ocrx_word' id='word_1_779' title='bbox 3124 3387 3276 3457; x_wconf 77' lang='lat' dir='ltr'><strong>opus,</strong></span> <span class='ocrx_word' id='word_1_780' title='bbox 3327 3388 3435 3460; x_wconf 63' lang='grc'><strong>24,</strong></span> <span class='ocrx_word' id='word_1_781' title='bbox 3476 3404 3502 3442; x_wconf 92' lang='lat' dir='ltr'><strong>a</strong></span> <span class='ocrx_word' id='word_1_782' title='bbox 3536 3390 3676 3443; x_wconf 84' lang='lat' dir='ltr'><strong>desi-</strong></span> 
     </span>
    </p>
   </div>
   <div class='ocr_carea' id='block_1_105' title="bbox 2094 3458 3673 3528">
    <p class='ocr_par' dir='ltr' id='par_1_105' title="bbox 2094 3458 3673 3528">
     <span class='ocr_line' id='line_1_106' title="bbox 2094 3458 3673 3528; baseline 0.002 -18"><span class='ocrx_word' id='word_1_783' title='bbox 2094 3458 2246 3511; x_wconf 78' lang='lat' dir='ltr'><strong>derio</strong></span> <span class='ocrx_word' id='word_1_784' title='bbox 2270 3459 2545 3512; x_wconf 86' lang='lat' dir='ltr'><strong>Casinensi</strong></span> <span class='ocrx_word' id='word_1_785' title='bbox 2571 3459 2779 3520; x_wconf 78' lang='lat' dir='ltr'><strong>abbate,</strong></span> <span class='ocrx_word' id='word_1_786' title='bbox 2813 3462 2899 3527; x_wconf 84' lang='lat' dir='ltr'><strong>qui</strong></span> <span class='ocrx_word' id='word_1_787' title='bbox 2928 3461 3106 3514; x_wconf 82' lang='lat' dir='ltr'><strong>Victor</strong></span> <span class='ocrx_word' id='word_1_788' title='bbox 3134 3460 3174 3513; x_wconf 89' lang='lat' dir='ltr'><strong>ll</strong></span> <span class='ocrx_word' id='word_1_789' title='bbox 3212 3458 3557 3528; x_wconf 50' lang='lat' dir='ltr'><strong>posﬁa&#39;l‘mt,</strong></span> <span class='ocrx_word' id='word_1_790' title='bbox 3585 3460 3673 3513; x_wconf 69' lang='lat' dir='ltr'><strong>deo</strong></span> 
     </span>
    </p>
   </div>
   <div class='ocr_carea' id='block_1_106' title="bbox 2094 3527 3673 3596">
    <p class='ocr_par' dir='ltr' id='par_1_106' title="bbox 2094 3527 3673 3596">
     <span class='ocr_line' id='line_1_107' title="bbox 2094 3527 3673 3596; baseline 0.001 -15"><span class='ocrx_word' id='word_1_791' title='bbox 2094 3527 2715 3595; x_wconf 70' lang='lat' dir='ltr'><strong>dicatum.Qua3quidem</strong></span> <span class='ocrx_word' id='word_1_792' title='bbox 2738 3531 2781 3581; x_wconf 83' lang='lat' dir='ltr'><strong>si</strong></span> <span class='ocrx_word' id='word_1_793' title='bbox 2810 3530 2877 3581; x_wconf 89' lang='lat' dir='ltr'><strong>ad</strong></span> <span class='ocrx_word' id='word_1_794' title='bbox 2901 3545 3079 3583; x_wconf 86' lang='lat' dir='ltr'><strong>veram</strong></span> <span class='ocrx_word' id='word_1_795' title='bbox 3106 3532 3387 3595; x_wconf 87' lang='lat' dir='ltr'><strong>imaginem</strong></span> <span class='ocrx_word' id='word_1_796' title='bbox 3420 3544 3673 3596; x_wconf 77' lang='lat' dir='ltr'><strong>expressa</strong></span> 
     </span>
    </p>
   </div>
   <div class='ocr_carea' id='block_1_107' title="bbox 2095 3595 3675 3669">
    <p class='ocr_par' dir='ltr' id='par_1_107' title="bbox 2095 3595 3675 3669">
     <span class='ocr_line' id='line_1_108' title="bbox 2095 3595 3675 3669; baseline 0.003 -21"><span class='ocrx_word' id='word_1_797' title='bbox 2095 3606 2219 3669; x_wconf 80' lang='lat' dir='ltr'><strong>sunt</strong></span> <span class='ocrx_word' id='word_1_798' title='bbox 2250 3595 2369 3669; x_wconf 77' lang='lat' dir='ltr'><strong>(nec</strong></span> <span class='ocrx_word' id='word_1_799' title='bbox 2401 3606 2549 3669; x_wconf 86' lang='lat' dir='ltr'><strong>certe</strong></span> <span class='ocrx_word' id='word_1_800' title='bbox 2570 3608 2789 3669; x_wconf 81' lang='lat' dir='ltr'><strong>apparet</strong></span> <span class='ocrx_word' id='word_1_801' title='bbox 2816 3613 2914 3651; x_wconf 91' lang='lat' dir='ltr'><strong>cur</strong></span> <span class='ocrx_word' id='word_1_802' title='bbox 2944 3600 3107 3653; x_wconf 88' lang='lat' dir='ltr'><strong>videri</strong></span> <span class='ocrx_word' id='word_1_803' title='bbox 3141 3615 3244 3653; x_wconf 91' lang='lat' dir='ltr'><strong>nou</strong></span> <span class='ocrx_word' id='word_1_804' title='bbox 3272 3595 3513 3669; x_wconf 85' lang='lat' dir='ltr'><strong>debeat),</strong></span> <span class='ocrx_word' id='word_1_805' title='bbox 3534 3600 3675 3653; x_wconf 87' lang='lat' dir='ltr'><strong>haud</strong></span> 
     </span>
    </p>
   </div>
   <div class='ocr_carea' id='block_1_108' title="bbox 2096 3665 3675 3736">
    <p class='ocr_par' dir='ltr' id='par_1_108' title="bbox 2096 3665 3675 3736">
     <span class='ocr_line' id='line_1_109' title="bbox 2096 3665 3675 3736; baseline 0.003 -18"><span class='ocrx_word' id='word_1_806' title='bbox 2096 3666 2312 3719; x_wconf 86' lang='lat' dir='ltr'><strong>dillicile</strong></span> <span class='ocrx_word' id='word_1_807' title='bbox 2341 3665 2500 3718; x_wconf 88' lang='lat' dir='ltr'><strong>fuerit</strong></span> <span class='ocrx_word' id='word_1_808' title='bbox 2541 3667 2840 3734; x_wconf 78' lang='lat' dir='ltr'><strong>intelligere</strong></span> <span class='ocrx_word' id='word_1_809' title='bbox 2869 3683 2963 3719; x_wconf 88' lang='lat' dir='ltr'><strong>cur</strong></span> <span class='ocrx_word' id='word_1_810' title='bbox 3013 3677 3103 3720; x_wconf 92' lang='lat' dir='ltr'><strong>aut</strong></span> <span class='ocrx_word' id='word_1_811' title='bbox 3147 3669 3403 3731; x_wconf 56' lang='lat' dir='ltr'><strong>Joanne,</strong></span> <span class='ocrx_word' id='word_1_812' title='bbox 3446 3665 3534 3735; x_wconf 85' lang='lat' dir='ltr'><strong>qui</strong></span> <span class='ocrx_word' id='word_1_813' title='bbox 3580 3684 3675 3736; x_wconf 88' lang='lat' dir='ltr'><strong>per</strong></span> 
     </span>
    </p>
   </div>
   <div class='ocr_carea' id='block_1_109' title="bbox 2097 3736 3672 3805">
    <p class='ocr_par' dir='ltr' id='par_1_109' title="bbox 2097 3736 3672 3805">
     <span class='ocr_line' id='line_1_110' title="bbox 2097 3736 3672 3805; baseline 0.003 -17"><span class='ocrx_word' id='word_1_814' title='bbox 2097 3743 2309 3788; x_wconf 56' lang='lat' dir='ltr'><strong>atatem</strong></span> <span class='ocrx_word' id='word_1_815' title='bbox 2344 3736 2568 3789; x_wconf 89' lang='lat' dir='ltr'><strong>fortasse</strong></span> <span class='ocrx_word' id='word_1_816' title='bbox 2616 3736 2837 3789; x_wconf 88' lang='lat' dir='ltr'><strong>ultimus</strong></span> <span class='ocrx_word' id='word_1_817' title='bbox 2881 3748 3016 3799; x_wconf 75' lang='lat' dir='ltr'><strong>erat,</strong></span> <span class='ocrx_word' id='word_1_818' title='bbox 3053 3738 3268 3791; x_wconf 56' lang='lat' dir='ltr'><strong>Chri~to</strong></span> <span class='ocrx_word' id='word_1_819' title='bbox 3306 3738 3579 3805; x_wconf 85' lang='lat' dir='ltr'><strong>proximus</strong></span> <span class='ocrx_word' id='word_1_820' title='bbox 3618 3741 3672 3793; x_wconf 86' lang='lat' dir='ltr'><strong>in</strong></span> 
     </span>
    </p>
   </div>
   <div class='ocr_carea' id='block_1_110' title="bbox 2096 3805 3675 3874">
    <p class='ocr_par' dir='ltr' id='par_1_110' title="bbox 2096 3805 3675 3874">
     <span class='ocr_line' id='line_1_111' title="bbox 2096 3805 3675 3874; baseline 0.003 -16"><span class='ocrx_word' id='word_1_821' title='bbox 2096 3805 2212 3873; x_wconf 87' lang='lat' dir='ltr'><strong>ejus</strong></span> <span class='ocrx_word' id='word_1_822' title='bbox 2240 3806 2358 3858; x_wconf 86' lang='lat' dir='ltr'><strong>sinu</strong></span> <span class='ocrx_word' id='word_1_823' title='bbox 2409 3806 2734 3870; x_wconf 85' lang='lat' dir='ltr'><strong>accubuerit,</strong></span> <span class='ocrx_word' id='word_1_824' title='bbox 2785 3815 2875 3860; x_wconf 79' lang='lat' dir='ltr'><strong>aut</strong></span> <span class='ocrx_word' id='word_1_825' title='bbox 2912 3806 3119 3872; x_wconf 84' lang='lat' dir='ltr'><strong>Petrus,</strong></span> <span class='ocrx_word' id='word_1_826' title='bbox 3174 3806 3265 3874; x_wconf 90' lang='lat' dir='ltr'><strong>qui</strong></span> <span class='ocrx_word' id='word_1_827' title='bbox 3309 3808 3563 3861; x_wconf 87' lang='lat' dir='ltr'><strong>remotior</strong></span> <span class='ocrx_word' id='word_1_828' title='bbox 3593 3809 3675 3862; x_wconf 84' lang='lat' dir='ltr'><strong>in-</strong></span> 
     </span>
    </p>
   </div>
   <div class='ocr_carea' id='block_1_111' title="bbox 2096 3875 3673 3947">
    <p class='ocr_par' dir='ltr' id='par_1_111' title="bbox 2096 3875 3673 3947">
     <span class='ocr_line' id='line_1_112' title="bbox 2096 3875 3673 3947; baseline 0.004 -20"><span class='ocrx_word' id='word_1_829' title='bbox 2096 3875 2274 3929; x_wconf 89' lang='lat' dir='ltr'><strong>nuisse</strong></span> <span class='ocrx_word' id='word_1_830' title='bbox 2302 3876 2491 3929; x_wconf 82' lang='lat' dir='ltr'><strong>Joanni</strong></span> <span class='ocrx_word' id='word_1_831' title='bbox 2522 3875 2733 3931; x_wconf 90' lang='lat' dir='ltr'><strong>dicatur</strong></span> <span class='ocrx_word' id='word_1_832' title='bbox 2763 3885 2820 3931; x_wconf 93' lang='lat' dir='ltr'><strong>ut</strong></span> <span class='ocrx_word' id='word_1_833' title='bbox 2855 3876 3123 3931; x_wconf 88' lang='lat' dir='ltr'><strong>Christum</strong></span> <span class='ocrx_word' id='word_1_834' title='bbox 3161 3878 3228 3932; x_wconf 93' lang='lat' dir='ltr'><strong>de</strong></span> <span class='ocrx_word' id='word_1_835' title='bbox 3273 3877 3547 3947; x_wconf 89' lang='lat' dir='ltr'><strong>proditore</strong></span> <span class='ocrx_word' id='word_1_836' title='bbox 3590 3877 3673 3933; x_wconf 90' lang='lat' dir='ltr'><strong>in-</strong></span> 
     </span>
    </p>
   </div>
   <div class='ocr_carea' id='block_1_112' title="bbox 2094 3948 3282 4014">
    <p class='ocr_par' dir='ltr' id='par_1_112' title="bbox 2094 3948 3282 4014">
     <span class='ocr_line' id='line_1_113' title="bbox 2094 3948 3282 4014; baseline 0.003 -15"><span class='ocrx_word' id='word_1_837' title='bbox 2094 3948 2410 4014; x_wconf 85' lang='lat' dir='ltr'><strong>terrogaret.</strong></span> <span class='ocrx_word' id='word_1_838' title='bbox 3274 3976 3282 3983; x_wconf 91' lang='lat'><strong><em>-</em></strong></span> 
     </span>
    </p>
   </div>
   <div class='ocr_carea' id='block_1_113' title="bbox 2166 4015 3672 4087">
    <p class='ocr_par' dir='ltr' id='par_1_113' title="bbox 2166 4015 3672 4087">
     <span class='ocr_line' id='line_1_114' title="bbox 2166 4015 3672 4087; baseline 0.001 -17"><span class='ocrx_word' id='word_1_839' title='bbox 2166 4024 2192 4051; x_wconf 73' lang='grc' dir='ltr'><strong>ι</strong></span> <span class='ocrx_word' id='word_1_840' title='bbox 2223 4015 2734 4071; x_wconf 87' lang='lat' dir='ltr'><strong>Exercitatissimus.</strong></span> <span class='ocrx_word' id='word_1_841' title='bbox 2765 4016 2936 4087; x_wconf 90' lang='lat' dir='ltr'><strong>Supra</strong></span> <span class='ocrx_word' id='word_1_842' title='bbox 2986 4016 3054 4072; x_wconf 91' lang='lat' dir='ltr'><strong>de</strong></span> <span class='ocrx_word' id='word_1_843' title='bbox 3077 4017 3290 4083; x_wconf 89' lang='lat' dir='ltr'><strong>eodem,</strong></span> <span class='ocrx_word' id='word_1_844' title='bbox 3324 4019 3474 4070; x_wconf 81' lang='lat' dir='ltr'><strong>homo</strong></span> <span class='ocrx_word' id='word_1_845' title='bbox 3503 4018 3672 4071; x_wconf 74' lang='lat' dir='ltr'><strong>litium</strong></span> 
     </span>
    </p>
   </div>
   <div class='ocr_carea' id='block_1_114' title="bbox 2094 4088 3670 4155">
    <p class='ocr_par' dir='ltr' id='par_1_114' title="bbox 2094 4088 3670 4155">
     <span class='ocr_line' id='line_1_115' title="bbox 2094 4088 3670 4155; baseline 0.002 -17"><span class='ocrx_word' id='word_1_846' title='bbox 2094 4093 2473 4155; x_wconf 72' lang='lat' dir='ltr'><strong>temporumque</strong></span> <span class='ocrx_word' id='word_1_847' title='bbox 2491 4089 2816 4141; x_wconf 75' lang='lat' dir='ltr'><strong>varietatibus</strong></span> <span class='ocrx_word' id='word_1_848' title='bbox 2840 4088 3160 4142; x_wconf 67' lang='lat' dir='ltr'><strong>exercitatus.</strong></span> <span class='ocrx_word' id='word_1_849' title='bbox 3191 4088 3299 4143; x_wconf 85' lang='lat' dir='ltr'><strong>Vox</strong></span> <span class='ocrx_word' id='word_1_850' title='bbox 3328 4089 3529 4143; x_wconf 71' lang='lat' dir='ltr'><strong>Grmcze</strong></span> <span class='ocrx_word' id='word_1_851' title='bbox 3554 4088 3670 4141; x_wconf 87' lang='lat' dir='ltr'><strong>ori-</strong></span> 
     </span>
    </p>
   </div>
   <div class='ocr_carea' id='block_1_115' title="bbox 2091 4155 3666 4232">
    <p class='ocr_par' dir='ltr' id='par_1_115' title="bbox 2091 4155 3666 4232">
     <span class='ocr_line' id='line_1_116' title="bbox 2091 4155 3666 4232; baseline 0.003 -23"><span class='ocrx_word' id='word_1_852' title='bbox 2091 4155 2237 4232; x_wconf 86' lang='lat' dir='ltr'><strong>gi_nis_</strong></span> <span class='ocrx_word' id='word_1_853' title='bbox 2257 4157 2401 4232; x_wconf 79' lang='lat' dir='ltr'><strong>abeo</strong></span> <span class='ocrx_word' id='word_1_854' title='bbox 2420 4158 2561 4232; x_wconf 88' lang='lat' dir='ltr'><strong>quod</strong></span> <span class='ocrx_word' id='word_1_855' title='bbox 2580 4166 2662 4212; x_wconf 90' lang='lat' dir='ltr'><strong>est</strong></span> <span class='ocrx_word' id='word_1_856' title='bbox 2690 4161 2871 4232; x_wconf 79' lang='grc' dir='ltr'><strong>τρίϐάξ</strong></span> <span class='ocrx_word' id='word_1_857' title='bbox 2884 4174 2899 4217; x_wconf 86' lang='lat'><strong>:</strong></span> <span class='ocrx_word' id='word_1_858' title='bbox 2922 4173 3025 4228; x_wconf 88' lang='lat' dir='ltr'><strong>qua</strong></span> <span class='ocrx_word' id='word_1_859' title='bbox 3048 4159 3254 4214; x_wconf 88' lang='lat' dir='ltr'><strong>ratione</strong></span> <span class='ocrx_word' id='word_1_860' title='bbox 3276 4158 3666 4232; x_wconf 67' lang='lat' dir='ltr'><strong>Demosthenes</strong></span> 
     </span>
    </p>
   </div>
   <div class='ocr_carea' id='block_1_116' title="bbox 2092 4226 3668 4306">
    <p class='ocr_par' dir='ltr' id='par_1_116' title="bbox 2092 4226 3668 4306">
     <span class='ocr_line' id='line_1_117' title="bbox 2092 4226 3668 4306; baseline -0.002 -25"><span class='ocrx_word' id='word_1_861' title='bbox 2092 4226 2401 4306; x_wconf 48' lang='lat' dir='ltr'><strong>:Eschiuem</strong></span> <span class='ocrx_word' id='word_1_862' title='bbox 2432 4226 2743 4301; x_wconf 75' lang='grc' dir='ltr'><strong>περίτριμμὰ</strong></span> <span class='ocrx_word' id='word_1_863' title='bbox 2781 4238 2872 4306; x_wconf 66' lang='grc' dir='ltr'><strong>τῆς</strong></span> <span class='ocrx_word' id='word_1_864' title='bbox 2901 4226 3092 4306; x_wconf 54' lang='grc' dir='ltr'>ἀὴορὰς</span> <span class='ocrx_word' id='word_1_865' title='bbox 3120 4229 3443 4306; x_wconf 66' lang='grc' dir='ltr'><strong>Δειιιιιιξιιεινίι,</strong></span> <span class='ocrx_word' id='word_1_866' title='bbox 3483 4229 3571 4306; x_wconf 52' lang='grc' dir='ltr'><strong>(Ινὲ</strong></span> <span class='ocrx_word' id='word_1_867' title='bbox 3614 4229 3668 4283; x_wconf 76' lang='lat' dir='ltr'><strong>iu</strong></span> 
     </span>
    </p>
   </div>
   <div class='ocr_carea' id='block_1_117' title="bbox 2092 4296 3665 4369">
    <p class='ocr_par' dir='ltr' id='par_1_117' title="bbox 2092 4296 3665 4369">
     <span class='ocr_line' id='line_1_118' title="bbox 2092 4296 3665 4369; baseline 0.003 -20"><span class='ocrx_word' id='word_1_868' title='bbox 2092 4296 2207 4369; x_wconf 84' lang='lat' dir='ltr'><strong>foro</strong></span> <span class='ocrx_word' id='word_1_869' title='bbox 2236 4306 2478 4369; x_wconf 80' lang='lat' dir='ltr'><strong>versatus</strong></span> <span class='ocrx_word' id='word_1_870' title='bbox 2499 4296 2708 4369; x_wconf 81' lang='lat' dir='ltr'><strong>usuque</strong></span> <span class='ocrx_word' id='word_1_871' title='bbox 2738 4299 2891 4354; x_wconf 86' lang='lat' dir='ltr'><strong>tritus</strong></span> <span class='ocrx_word' id='word_1_872' title='bbox 2922 4296 3085 4355; x_wconf 77' lang='lat' dir='ltr'><strong>esset.</strong></span> <span class='ocrx_word' id='word_1_873' title='bbox 3109 4296 3225 4367; x_wconf 82' lang='lat' dir='ltr'><strong>Quo</strong></span> <span class='ocrx_word' id='word_1_874' title='bbox 3254 4314 3418 4355; x_wconf 89' lang='lat' dir='ltr'><strong>sensu</strong></span> <span class='ocrx_word' id='word_1_875' title='bbox 3444 4296 3665 4355; x_wconf 54' lang='lat' dir='ltr'><strong>et&#39;Mar-</strong></span> 
     </span>
    </p>
   </div>
   <div class='ocr_carea' id='block_1_118' title="bbox 2090 4367 3049 4439">
    <p class='ocr_par' dir='ltr' id='par_1_118' title="bbox 2090 4367 3049 4439">
     <span class='ocr_line' id='line_1_119' title="bbox 2090 4367 3049 4439; baseline 0.001 -18"><span class='ocrx_word' id='word_1_876' title='bbox 2090 4367 2231 4421; x_wconf 83' lang='lat' dir='ltr'><strong>tislis</strong></span> <span class='ocrx_word' id='word_1_877' title='bbox 2252 4368 2348 4423; x_wconf 90' lang='lat' dir='ltr'><strong>lib.</strong></span> <span class='ocrx_word' id='word_1_878' title='bbox 2386 4382 2458 4423; x_wconf 78' lang='lat' dir='ltr'><strong>vit</strong></span> <span class='ocrx_word' id='word_1_879' title='bbox 2488 4368 2554 4423; x_wconf 91' lang='lat' dir='ltr'><strong>de</strong></span> <span class='ocrx_word' id='word_1_880' title='bbox 2577 4367 2830 4439; x_wconf 83' lang='lat' dir='ltr'><strong>Pompeio</strong></span> <span class='ocrx_word' id='word_1_881' title='bbox 2856 4370 3011 4425; x_wconf 76' lang='lat' dir='ltr'><strong>Avito</strong></span> <span class='ocrx_word' id='word_1_882' title='bbox 3036 4388 3049 4422; x_wconf 88' lang='lat'><strong>:</strong></span> 
     </span>
    </p>
   </div>
   <div class='ocr_carea' id='block_1_119' title="bbox 2210 4478 3399 4545">
    <p class='ocr_par' dir='ltr' id='par_1_119' title="bbox 2210 4478 3399 4545">
     <span class='ocr_line' id='line_1_120' title="bbox 2210 4478 3399 4545; baseline 0.004 -18"><span class='ocrx_word' id='word_1_883' title='bbox 2210 4478 2327 4530; x_wconf 88' lang='lat' dir='ltr'><strong>Jure</strong></span> <span class='ocrx_word' id='word_1_884' title='bbox 2353 4479 2569 4542; x_wconf 84' lang='lat' dir='ltr'><strong>madens,</strong></span> <span class='ocrx_word' id='word_1_885' title='bbox 2598 4482 2829 4545; x_wconf 85' lang='lat' dir='ltr'><strong>varioque</strong></span> <span class='ocrx_word' id='word_1_886' title='bbox 2850 4486 2980 4545; x_wconf 72' lang='lat' dir='ltr'><strong>togas</strong></span> <span class='ocrx_word' id='word_1_887' title='bbox 3001 4480 3197 4532; x_wconf 86' lang='lat' dir='ltr'><strong>limatus</strong></span> <span class='ocrx_word' id='word_1_888' title='bbox 3218 4484 3266 4531; x_wconf 88' lang='lat' dir='ltr'><strong>in</strong></span> <span class='ocrx_word' id='word_1_889' title='bbox 3290 4496 3399 4533; x_wconf 90' lang='lat' dir='ltr'><strong>usu.</strong></span> 
     </span>
    </p>
   </div>
   <div class='ocr_carea' id='block_1_120' title="bbox 2012 4599 3661 4674">
    <p class='ocr_par' dir='ltr' id='par_1_120' title="bbox 2012 4599 3661 4674">
     <span class='ocr_line' id='line_1_121' title="bbox 2012 4599 3661 4674; baseline 0.003 -19"><span class='ocrx_word' id='word_1_890' title='bbox 2012 4606 2066 4666; x_wconf 88' lang='grc' dir='ltr'><strong>Ῑ)</strong></span> <span class='ocrx_word' id='word_1_891' title='bbox 2091 4599 2275 4674; x_wconf 86' lang='lat' dir='ltr'><strong>Neque</strong></span> <span class='ocrx_word' id='word_1_892' title='bbox 2299 4603 2400 4656; x_wconf 88' lang='lat' dir='ltr'><strong>alia</strong></span> <span class='ocrx_word' id='word_1_893' title='bbox 2428 4611 2510 4658; x_wconf 90' lang='lat' dir='ltr'><strong>est</strong></span> <span class='ocrx_word' id='word_1_894' title='bbox 2536 4605 2685 4660; x_wconf 92' lang='lat' dir='ltr'><strong>notio</strong></span> <span class='ocrx_word' id='word_1_895' title='bbox 2712 4612 2801 4661; x_wconf 81' lang='grc' dir='ltr'><strong>τοῦ</strong></span> <span class='ocrx_word' id='word_1_896' title='bbox 2835 4604 3117 4674; x_wconf 85' lang='lat' dir='ltr'><strong>trebaciter</strong></span> <span class='ocrx_word' id='word_1_897' title='bbox 3145 4605 3239 4661; x_wconf 89' lang='lat' dir='ltr'><strong>lib.</strong></span> <span class='ocrx_word' id='word_1_898' title='bbox 3282 4620 3358 4670; x_wconf 69' lang='grc' dir='ltr'>ιι,</span> <span class='ocrx_word' id='word_1_899' title='bbox 3381 4606 3541 4671; x_wconf 81' lang='lat' dir='ltr'><strong>epist.</strong></span> <span class='ocrx_word' id='word_1_900' title='bbox 3573 4600 3661 4674; x_wconf 45' lang='lat' dir='ltr'><strong>ii”,</strong></span> 
     </span>
    </p>
   </div>
   <div class='ocr_carea' id='block_1_121' title="bbox 2090 4671 3665 4744">
    <p class='ocr_par' dir='ltr' id='par_1_121' title="bbox 2090 4671 3665 4744">
     <span class='ocr_line' id='line_1_122' title="bbox 2090 4671 3665 4744; baseline 0.004 -22"><span class='ocrx_word' id='word_1_901' title='bbox 2090 4671 2248 4744; x_wconf 53' lang='lat' dir='ltr'><strong>stingui</strong></span> <span class='ocrx_word' id='word_1_902' title='bbox 2279 4676 2483 4744; x_wconf 73' lang='lat' dir='ltr'><strong>factum</strong></span> <span class='ocrx_word' id='word_1_903' title='bbox 2540 4674 2767 4744; x_wconf 73' lang='lat' dir='ltr'><strong>conﬁteri</strong></span> <span class='ocrx_word' id='word_1_904' title='bbox 2814 4673 3111 4735; x_wconf 79' lang='lat' dir='ltr'><strong>simpliciter</strong></span> <span class='ocrx_word' id='word_1_905' title='bbox 3134 4716 3149 4739; x_wconf 90' lang='lat'><strong>,</strong></span> <span class='ocrx_word' id='word_1_906' title='bbox 3191 4690 3344 4744; x_wconf 87' lang='lat' dir='ltr'><strong>quam</strong></span> <span class='ocrx_word' id='word_1_907' title='bbox 3378 4671 3665 4744; x_wconf 62' lang='lat' dir='ltr'><strong>trebaciter</strong></span> 
     </span>
    </p>
   </div>
   <div class='ocr_carea' id='block_1_122' title="bbox 2090 4740 3663 4812">
    <p class='ocr_par' dir='ltr' id='par_1_122' title="bbox 2090 4740 3663 4812">
     <span class='ocr_line' id='line_1_123' title="bbox 2090 4740 3663 4812; baseline 0.006 -21"><span class='ocrx_word' id='word_1_908' title='bbox 2090 4740 2309 4812; x_wconf 65' lang='lat' dir='ltr'><strong>diﬁiteri.</strong></span> <span class='ocrx_word' id='word_1_909' title='bbox 2342 4742 2443 4795; x_wconf 92' lang='lat' dir='ltr'><strong>hoc</strong></span> <span class='ocrx_word' id='word_1_910' title='bbox 2468 4750 2550 4795; x_wconf 91' lang='lat' dir='ltr'><strong>est</strong></span> <span class='ocrx_word' id='word_1_911' title='bbox 2589 4742 2779 4812; x_wconf 88' lang='lat' dir='ltr'><strong>callide</strong></span> <span class='ocrx_word' id='word_1_912' title='bbox 2809 4751 2863 4812; x_wconf 86' lang='lat' dir='ltr'><strong>et</strong></span> <span class='ocrx_word' id='word_1_913' title='bbox 2902 4753 3093 4797; x_wconf 88' lang='lat' dir='ltr'><strong>astute.</strong></span> <span class='ocrx_word' id='word_1_914' title='bbox 3134 4740 3348 4812; x_wconf 62' lang='lat' dir='ltr'><strong>Ut&#39;ergo</strong></span> <span class='ocrx_word' id='word_1_915' title='bbox 3376 4743 3549 4811; x_wconf 84' lang='lat' dir='ltr'><strong>legula</strong></span> <span class='ocrx_word' id='word_1_916' title='bbox 3572 4760 3663 4799; x_wconf 87' lang='lat' dir='ltr'><strong>su-</strong></span> 
     </span>
    </p>
   </div>
   <div class='ocr_carea' id='block_1_123' title="bbox 2089 4810 3664 4882">
    <p class='ocr_par' dir='ltr' id='par_1_123' title="bbox 2089 4810 3664 4882">
     <span class='ocr_line' id='line_1_124' title="bbox 2089 4810 3664 4882; baseline 0.004 -21"><span class='ocrx_word' id='word_1_917' title='bbox 2089 4810 2270 4882; x_wconf 69' lang='lat' dir='ltr'><strong>perius</strong></span> <span class='ocrx_word' id='word_1_918' title='bbox 2310 4825 2405 4882; x_wconf 83' lang='lat' dir='ltr'><strong>pro</strong></span> <span class='ocrx_word' id='word_1_919' title='bbox 2442 4812 2623 4882; x_wconf 85' lang='lat' dir='ltr'><strong>ligula,</strong></span> <span class='ocrx_word' id='word_1_920' title='bbox 2660 4811 2736 4882; x_wconf 88' lang='lat' dir='ltr'><strong>sic</strong></span> <span class='ocrx_word' id='word_1_921' title='bbox 2760 4811 3158 4868; x_wconf 90' lang='lat' dir='ltr'><strong>trebacissimus</strong></span> <span class='ocrx_word' id='word_1_922' title='bbox 3205 4810 3346 4867; x_wconf 81' lang='lat' dir='ltr'><strong>nunc</strong></span> <span class='ocrx_word' id='word_1_923' title='bbox 3396 4810 3519 4867; x_wconf 82' lang='lat' dir='ltr'><strong>item</strong></span> <span class='ocrx_word' id='word_1_924' title='bbox 3567 4829 3664 4882; x_wconf 86' lang='lat' dir='ltr'><strong>pro</strong></span> 
     </span>
    </p>
   </div>
   <div class='ocr_carea' id='block_1_124' title="bbox 2090 4877 3665 4950">
    <p class='ocr_par' dir='ltr' id='par_1_124' title="bbox 2090 4877 3665 4950">
     <span class='ocr_line' id='line_1_125' title="bbox 2090 4877 3665 4950; baseline 0.004 -19"><span class='ocrx_word' id='word_1_925' title='bbox 2090 4877 2516 4945; x_wconf 58' lang='lat' dir='ltr'><strong>tribacisSimus&#39;;</strong></span> <span class='ocrx_word' id='word_1_926' title='bbox 2566 4877 2737 4935; x_wconf 83' lang='lat' dir='ltr'><strong>facilis</strong></span> <span class='ocrx_word' id='word_1_927' title='bbox 2781 4882 2921 4936; x_wconf 90' lang='lat' dir='ltr'><strong>enim</strong></span> <span class='ocrx_word' id='word_1_928' title='bbox 2972 4883 3153 4937; x_wconf 86' lang='lat' dir='ltr'><strong>harum</strong></span> <span class='ocrx_word' id='word_1_929' title='bbox 3192 4883 3491 4938; x_wconf 88' lang='lat' dir='ltr'><strong>litterarum</strong></span> <span class='ocrx_word' id='word_1_930' title='bbox 3540 4877 3665 4950; x_wconf 81' lang='lat' dir='ltr'><strong>per-</strong></span> 
     </span>
    </p>
   </div>
   <div class='ocr_carea' id='block_1_125' title="bbox 2087 4950 2329 5003">
    <p class='ocr_par' dir='ltr' id='par_1_125' title="bbox 2087 4950 2329 5003">
     <span class='ocr_line' id='line_1_126' title="bbox 2087 4950 2329 5003; baseline 0.012 -3"><span class='ocrx_word' id='word_1_931' title='bbox 2087 4950 2329 5003; x_wconf 82' lang='lat' dir='ltr'><strong>mutatio.</strong></span> 
     </span>
    </p>
   </div>
   <div class='ocr_carea' id='block_1_126' title="bbox 2161 5016 3663 5091">
    <p class='ocr_par' dir='ltr' id='par_1_126' title="bbox 2161 5016 3663 5091">
     <span class='ocr_line' id='line_1_127' title="bbox 2161 5016 3663 5091; baseline 0.005 -20"><span class='ocrx_word' id='word_1_932' title='bbox 2161 5016 2188 5091; x_wconf 55' lang='grc' dir='ltr'><strong><em>Ρ</em></strong></span> <span class='ocrx_word' id='word_1_933' title='bbox 2218 5018 2456 5091; x_wconf 77' lang='lat' dir='ltr'><strong>Reliexa.</strong></span> <span class='ocrx_word' id='word_1_934' title='bbox 2504 5021 2817 5077; x_wconf 79' lang='lat' dir='ltr'><strong>Ambrosius</strong></span> <span class='ocrx_word' id='word_1_935' title='bbox 2844 5022 2895 5077; x_wconf 92' lang='lat' dir='ltr'><strong>in</strong></span> <span class='ocrx_word' id='word_1_936' title='bbox 2921 5020 3117 5077; x_wconf 84' lang='lat' dir='ltr'><strong>Lucam</strong></span> <span class='ocrx_word' id='word_1_937' title='bbox 3168 5037 3286 5091; x_wconf 86' lang='lat' dir='ltr'><strong>cap.</strong></span> <span class='ocrx_word' id='word_1_938' title='bbox 3319 5039 3442 5077; x_wconf 78' lang='lat' dir='ltr'><strong>xvi:</strong></span> <span class='ocrx_word' id='word_1_939' title='bbox 3477 5024 3663 5079; x_wconf 80' lang='lat' dir='ltr'><strong>Nonne</strong></span> 
     </span>
    </p>
   </div>
   <div class='ocr_carea' id='block_1_127' title="bbox 2085 5087 3663 5164">
    <p class='ocr_par' dir='ltr' id='par_1_127' title="bbox 2085 5087 3663 5164">
     <span class='ocr_line' id='line_1_128' title="bbox 2085 5087 3663 5164; baseline 0.006 -25"><span class='ocrx_word' id='word_1_940' title='bbox 2085 5087 2174 5141; x_wconf 86' lang='lat' dir='ltr'><strong>tibi</strong></span> <span class='ocrx_word' id='word_1_941' title='bbox 2195 5090 2391 5164; x_wconf 65' lang='lat' dir='ltr'><strong>ridetur</strong></span> <span class='ocrx_word' id='word_1_942' title='bbox 2407 5090 2660 5164; x_wconf 76' lang='lat' dir='ltr'><strong>Christum</strong></span> <span class='ocrx_word' id='word_1_943' title='bbox 2678 5094 2911 5164; x_wconf 46' lang='lat' dir='ltr'><strong>cecidisse</strong></span> <span class='ocrx_word' id='word_1_944' title='bbox 2927 5094 2978 5146; x_wconf 85' lang='lat' dir='ltr'><strong>in</strong></span> <span class='ocrx_word' id='word_1_945' title='bbox 3002 5094 3186 5146; x_wconf 84' lang='lat' dir='ltr'><strong>collum</strong></span> <span class='ocrx_word' id='word_1_946' title='bbox 3205 5087 3438 5158; x_wconf 71' lang='lat' dir='ltr'><strong>Ioannis,</strong></span> <span class='ocrx_word' id='word_1_947' title='bbox 3457 5097 3663 5164; x_wconf 83' lang='lat' dir='ltr'><strong>quando</strong></span> 
     </span>
    </p>
   </div>
   <div class='ocr_carea' id='block_1_128' title="bbox 2087 5159 3631 5232">
    <p class='ocr_par' dir='ltr' id='par_1_128' title="bbox 2087 5159 3631 5232">
     <span class='ocr_line' id='line_1_129' title="bbox 2087 5159 3631 5232; baseline 0.003 -20"><span class='ocrx_word' id='word_1_948' title='bbox 2087 5168 2194 5212; x_wconf 78' lang='lat' dir='ltr'><strong>erat</strong></span> <span class='ocrx_word' id='word_1_949' title='bbox 2223 5159 2448 5232; x_wconf 48' lang='lat' dir='ltr'><strong>{omnes</strong></span> <span class='ocrx_word' id='word_1_950' title='bbox 2476 5163 2527 5215; x_wconf 90' lang='lat' dir='ltr'><strong>in</strong></span> <span class='ocrx_word' id='word_1_951' title='bbox 2558 5169 2674 5216; x_wconf 79' lang='lat' dir='ltr'><strong>sinu</strong></span> <span class='ocrx_word' id='word_1_952' title='bbox 2702 5161 2827 5215; x_wconf 75' lang='lat' dir='ltr'><strong>Iesu</strong></span> <span class='ocrx_word' id='word_1_953' title='bbox 2858 5165 3045 5216; x_wconf 85' lang='lat' dir='ltr'><strong>cervice</strong></span> <span class='ocrx_word' id='word_1_954' title='bbox 3080 5166 3370 5217; x_wconf 70' lang='lat' dir='ltr'><strong>recumbens</strong></span> <span class='ocrx_word' id='word_1_955' title='bbox 3396 5159 3582 5232; x_wconf 66' lang='lat' dir='ltr'><strong>reflexa</strong></span> <span class='ocrx_word' id='word_1_956' title='bbox 3607 5167 3631 5217; x_wconf 77' lang='grc' dir='ltr'><strong>Σ)</strong></span> 
     </span>
    </p>
   </div>
   <div class='ocr_carea' id='block_1_129' title="bbox 2165 5229 3661 5303">
    <p class='ocr_par' dir='ltr' id='par_1_129' title="bbox 2165 5229 3661 5303">
     <span class='ocr_line' id='line_1_130' title="bbox 2165 5229 3661 5303; baseline 0.003 -20"><span class='ocrx_word' id='word_1_957' title='bbox 2165 5240 2185 5266; x_wconf 75' lang='grc' dir='ltr'><strong>ο</strong></span> <span class='ocrx_word' id='word_1_958' title='bbox 2224 5229 2300 5284; x_wconf 84' lang='lat' dir='ltr'><strong>Ex</strong></span> <span class='ocrx_word' id='word_1_959' title='bbox 2326 5246 2391 5286; x_wconf 86' lang='lat' dir='ltr'><strong>eo</strong></span> <span class='ocrx_word' id='word_1_960' title='bbox 2415 5247 2619 5303; x_wconf 79' lang='lat' dir='ltr'><strong>genere</strong></span> <span class='ocrx_word' id='word_1_961' title='bbox 2642 5234 2919 5296; x_wconf 86' lang='lat' dir='ltr'><strong>comitum,</strong></span> <span class='ocrx_word' id='word_1_962' title='bbox 2946 5243 3001 5287; x_wconf 91' lang='lat' dir='ltr'><strong>ut</strong></span> <span class='ocrx_word' id='word_1_963' title='bbox 3029 5234 3239 5303; x_wconf 88' lang='lat' dir='ltr'><strong>opinor,</strong></span> <span class='ocrx_word' id='word_1_964' title='bbox 3272 5236 3359 5303; x_wconf 89' lang='lat' dir='ltr'><strong>qui</strong></span> <span class='ocrx_word' id='word_1_965' title='bbox 3392 5229 3661 5288; x_wconf 82' lang='lat' dir='ltr'><strong>hunorarii</strong></span> 
     </span>
    </p>
   </div>
   <div class='ocr_carea' id='block_1_130' title="bbox 2090 5302 3661 5369">
    <p class='ocr_par' dir='ltr' id='par_1_130' title="bbox 2090 5302 3661 5369">
     <span class='ocr_line' id='line_1_131' title="bbox 2090 5302 3661 5369; baseline 0.004 -19"><span class='ocrx_word' id='word_1_966' title='bbox 2090 5306 2293 5354; x_wconf 91' lang='lat' dir='ltr'><strong>tantum</strong></span> <span class='ocrx_word' id='word_1_967' title='bbox 2322 5312 2376 5355; x_wconf 93' lang='lat' dir='ltr'><strong>et</strong></span> <span class='ocrx_word' id='word_1_968' title='bbox 2420 5304 2536 5357; x_wconf 90' lang='lat' dir='ltr'><strong>sine</strong></span> <span class='ocrx_word' id='word_1_969' title='bbox 2560 5302 3018 5357; x_wconf 85' lang='lat' dir='ltr'><strong>administratione</strong></span> <span class='ocrx_word' id='word_1_970' title='bbox 3057 5302 3290 5369; x_wconf 81' lang='lat' dir='ltr'><strong>fuerunt,</strong></span> <span class='ocrx_word' id='word_1_971' title='bbox 3326 5303 3661 5359; x_wconf 83' lang='lat' dir='ltr'><strong>Constantini</strong></span> 
     </span>
    </p>
   </div>
   <div class='ocr_carea' id='block_1_131' title="bbox 2088 5370 3662 5494">
    <p class='ocr_par' dir='ltr' id='par_1_131' title="bbox 2088 5370 3662 5494">
     <span class='ocr_line' id='line_1_132' title="bbox 2088 5370 3662 5494; baseline 0.003 -70"><span class='ocrx_word' id='word_1_972' title='bbox 2088 5370 2225 5494; x_wconf 45' lang='grc' dir='ltr'><strong>ᾖξε.</strong></span> <span class='ocrx_word' id='word_1_973' title='bbox 2260 5383 2439 5427; x_wconf 86' lang='lat' dir='ltr'><strong>vetere</strong></span> <span class='ocrx_word' id='word_1_974' title='bbox 2470 5373 2736 5443; x_wconf 87' lang='lat' dir='ltr'><strong>instituto,</strong></span> <span class='ocrx_word' id='word_1_975' title='bbox 2760 5383 2815 5428; x_wconf 94' lang='lat' dir='ltr'><strong>ut</strong></span> <span class='ocrx_word' id='word_1_976' title='bbox 2841 5376 2999 5429; x_wconf 89' lang='lat' dir='ltr'><strong>docet</strong></span> <span class='ocrx_word' id='word_1_977' title='bbox 3026 5374 3287 5429; x_wconf 85' lang='lat' dir='ltr'><strong>Eusebius</strong></span> <span class='ocrx_word' id='word_1_978' title='bbox 3314 5376 3366 5429; x_wconf 92' lang='lat' dir='ltr'><strong>in</strong></span> <span class='ocrx_word' id='word_1_979' title='bbox 3398 5376 3517 5429; x_wconf 81' lang='lat' dir='ltr'><strong>Vita</strong></span> <span class='ocrx_word' id='word_1_980' title='bbox 3547 5376 3662 5444; x_wconf 91' lang='lat' dir='ltr'><strong>ejus</strong></span> 
     </span>
     <span class='ocr_line' id='line_1_133' title="bbox 2111 5456 2283 5493; baseline 0.006 -1"><span class='ocrx_word' id='word_1_981' title='bbox 2111 5456 2121 5492; x_wconf 94' lang='lat' dir='ltr'><strong>l</strong></span> <span class='ocrx_word' id='word_1_982' title='bbox 2169 5480 2181 5493; x_wconf 92' lang='lat'><strong>.</strong></span> <span class='ocrx_word' id='word_1_983' title='bbox 2215 5457 2283 5493; x_wconf 78' lang='grc' dir='ltr'><strong>ιν.</strong></span> 
     </span>
    </p>
   </div>
   <div class='ocr_carea' id='block_1_132' title="bbox 2111 5456 2283 5493">
    <p class='ocr_par' dir='ltr' id='par_1_132' title="bbox 2111 5456 2283 5493">
     <span class='ocr_line' id='line_1_134' title="bbox 2111 5456 2283 5493; baseline 0 0"><span class='ocrx_word' id='word_1_984' title='bbox 2111 5456 2181 5493; x_wconf 86' lang='lat' dir='ltr'><strong>ID.</strong></span> <span class='ocrx_word' id='word_1_985' title='bbox 2215 5457 2283 5493; x_wconf 78' lang='grc' dir='ltr'><strong>ιν.</strong></span> 
     </span>
    </p>
   </div>
   <div class='ocr_carea' id='block_1_133' title="bbox 2161 5510 2737 5580">
    <p class='ocr_par' dir='ltr' id='par_1_133' title="bbox 2161 5510 2737 5580">
     <span class='ocr_line' id='line_1_135' title="bbox 2161 5510 2737 5580; baseline 0.012 -17"><span class='ocrx_word' id='word_1_986' title='bbox 2161 5510 2185 5545; x_wconf 76' lang='grc' dir='ltr'><em>ά</em></span> <span class='ocrx_word' id='word_1_987' title='bbox 2218 5511 2274 5565; x_wconf 88' lang='lat' dir='ltr'><strong>In</strong></span> <span class='ocrx_word' id='word_1_988' title='bbox 2306 5526 2435 5580; x_wconf 89' lang='lat' dir='ltr'><strong>ms.,</strong></span> <span class='ocrx_word' id='word_1_989' title='bbox 2457 5514 2737 5570; x_wconf 76' lang='lat' dir='ltr'><strong>subridens.</strong></span> 
     </span>
    </p>
   </div>
   <div class='ocr_carea' id='block_1_134' title="bbox 2088 5603 3661 5668">
    <p class='ocr_par' dir='ltr' id='par_1_134' title="bbox 2088 5603 3661 5668">
     <span class='ocr_line' id='line_1_136' title="bbox 2088 5603 3661 5668; baseline 0.004 -15"><span class='ocrx_word' id='word_1_990' title='bbox 2088 5603 2296 5668; x_wconf 87' lang='lat' dir='ltr'><strong>Domini,</strong></span> <span class='ocrx_word' id='word_1_991' title='bbox 2325 5621 2417 5659; x_wconf 86' lang='lat' dir='ltr'><strong>nec</strong></span> <span class='ocrx_word' id='word_1_992' title='bbox 2439 5622 2533 5657; x_wconf 86' lang='lat' dir='ltr'><strong>non</strong></span> <span class='ocrx_word' id='word_1_993' title='bbox 2555 5607 2758 5668; x_wconf 77' lang='lat' dir='ltr'><strong>convivii</strong></span> <span class='ocrx_word' id='word_1_994' title='bbox 2786 5603 2910 5668; x_wconf 71' lang='lat' dir='ltr'><strong>apud</strong></span> <span class='ocrx_word' id='word_1_995' title='bbox 2935 5603 3212 5668; x_wconf 90' lang='lat' dir='ltr'><strong>Simeonem</strong></span> <span class='ocrx_word' id='word_1_996' title='bbox 3242 5606 3537 5655; x_wconf 69' lang='lat' dir='ltr'><strong>Pbarismum</strong></span> <span class='ocrx_word' id='word_1_997' title='bbox 3562 5606 3661 5668; x_wconf 55' lang='grc' dir='ltr'>ιι]ρὶ</span> 
     </span>
    </p>
   </div>
   <div class='ocr_carea' id='block_1_135' title="bbox 2086 5664 3659 5777">
    <p class='ocr_par' dir='ltr' id='par_1_135' title="bbox 2086 5664 3659 5777">
     <span class='ocr_line' id='line_1_137' title="bbox 2086 5664 3659 5777; baseline 0.006 -65"><span class='ocrx_word' id='word_1_998' title='bbox 2086 5664 2383 5777; x_wconf 54' lang='grc' dir='ltr'>ἓοιιιρςιιυὲιιι,</span> <span class='ocrx_word' id='word_1_999' title='bbox 2428 5683 2551 5731; x_wconf 90' lang='lat' dir='ltr'><strong>quos</strong></span> <span class='ocrx_word' id='word_1_1000' title='bbox 2573 5664 2619 5717; x_wconf 87' lang='lat' dir='ltr'><strong>in</strong></span> <span class='ocrx_word' id='word_1_1001' title='bbox 2662 5664 2829 5729; x_wconf 63' lang='lat' dir='ltr'><strong>ipsius&#39;</strong></span> <span class='ocrx_word' id='word_1_1002' title='bbox 2856 5666 3096 5717; x_wconf 89' lang='lat' dir='ltr'><strong>Sirmondi</strong></span> <span class='ocrx_word' id='word_1_1003' title='bbox 3139 5668 3331 5718; x_wconf 84' lang='lat' dir='ltr'><strong>scriniis</strong></span> <span class='ocrx_word' id='word_1_1004' title='bbox 3368 5669 3553 5731; x_wconf 86' lang='lat' dir='ltr'><strong>reperit</strong></span> <span class='ocrx_word' id='word_1_1005' title='bbox 3582 5664 3659 5721; x_wconf 55' lang='lat' dir='ltr'><strong>si.</strong></span> 
     </span>
     <span class='ocr_line' id='line_1_138' title="bbox 2130 5740 2312 5777; baseline 0.011 -2"><span class='ocrx_word' id='word_1_1006' title='bbox 2130 5740 2312 5777; x_wconf 88' lang='lat' dir='ltr'><strong>auntus.</strong></span> 
     </span>
    </p>
   </div>
   <div class='ocr_carea' id='block_1_136' title="bbox 2130 5740 2312 5779">
    <p class='ocr_par' dir='ltr' id='par_1_136' title="bbox 2130 5740 2312 5779">
     <span class='ocr_line' id='line_1_139' title="bbox 2130 5740 2312 5779; baseline 0.016 -3"><span class='ocrx_word' id='word_1_1007' title='bbox 2130 5740 2312 5779; x_wconf 83' lang='lat' dir='ltr'><strong>auritus.</strong></span> 
     </span>
    </p>
   </div>
  </div>
