  <div class='ocr_page' id='page_1' title='image "/cluster/home/n/w/nwhite01/storage/ocr_20150623/58/hvd.32044015706401/243.png"; bbox 0 0 4140 6336; ppageno 0'>
   <div class='ocr_carea' id='block_1_1' title="bbox 638 340 745 398">
    <p class='ocr_par' dir='ltr' id='par_1_1' title="bbox 638 340 745 398">
     <span class='ocr_line' id='line_1_1' title="bbox 638 340 745 398; baseline 0.028 -3"><span class='ocrx_word' id='word_1_1' title='bbox 638 340 745 398; x_wconf 65' lang='grc' dir='ltr'><strong>ινδ</strong></span> 
     </span>
    </p>
   </div>
   <div class='ocr_carea' id='block_1_2' title="bbox 1898 334 2626 398">
    <p class='ocr_par' dir='ltr' id='par_1_2' title="bbox 1898 334 2626 398">
     <span class='ocr_line' id='line_1_2' title="bbox 1898 334 2626 398; baseline 0.004 -3"><span class='ocrx_word' id='word_1_2' title='bbox 1898 336 2142 395; x_wconf 80' lang='lat' dir='ltr'><strong>SIDONII</strong></span> <span class='ocrx_word' id='word_1_3' title='bbox 2178 334 2626 398; x_wconf 76' lang='lat' dir='ltr'><strong>APOLLINARIS</strong></span> 
     </span>
    </p>
   </div>
   <div class='ocr_carea' id='block_1_3' title="bbox 3789 340 3903 409">
    <p class='ocr_par' dir='ltr' id='par_1_3' title="bbox 3789 340 3903 409">
     <span class='ocr_line' id='line_1_3' title="bbox 3789 340 3903 409; baseline 0 -11"><span class='ocrx_word' id='word_1_4' title='bbox 3789 340 3903 409; x_wconf 63' lang='grc' dir='ltr'><strong><em>ΠΕ</em></strong></span> 
     </span>
    </p>
   </div>
   <div class='ocr_carea' id='block_1_4' title="bbox 639 446 3907 533">
    <p class='ocr_par' dir='ltr' id='par_1_4' title="bbox 639 446 3907 533">
     <span class='ocr_line' id='line_1_4' title="bbox 639 446 3907 533; baseline 0 -17"><span class='ocrx_word' id='word_1_5' title='bbox 639 457 980 516; x_wconf 81' lang='lat' dir='ltr'><strong>mentientes.</strong></span> <span class='ocrx_word' id='word_1_6' title='bbox 1028 452 1239 511; x_wconf 83' lang='lat' dir='ltr'><strong>Absunt</strong></span> <span class='ocrx_word' id='word_1_7' title='bbox 1264 451 1478 520; x_wconf 92' lang='lat' dir='ltr'><strong>lubrici,</strong></span> <span class='ocrx_word' id='word_1_8' title='bbox 1522 453 1851 525; x_wconf 76' lang='lat' dir='ltr'><strong>tortuosique</strong></span> <span class='ocrx_word' id='word_1_9' title='bbox 1881 454 2134 525; x_wconf 89' lang='lat' dir='ltr'><strong>pugillatu</strong></span> <span class='ocrx_word' id='word_1_10' title='bbox 2164 464 2218 511; x_wconf 88' lang='lat' dir='ltr'><strong>et</strong></span> <span class='ocrx_word' id='word_1_11' title='bbox 2244 462 2295 521; x_wconf 75' lang='grc' dir='ltr'>Α</span> <span class='ocrx_word' id='word_1_12' title='bbox 2321 466 2535 513; x_wconf 90' lang='lat' dir='ltr'><strong>arcuata</strong></span> <span class='ocrx_word' id='word_1_13' title='bbox 2585 457 2861 513; x_wconf 90' lang='lat' dir='ltr'><strong>intervalla</strong></span> <span class='ocrx_word' id='word_1_14' title='bbox 2891 468 3161 515; x_wconf 81' lang='lat' dir='ltr'><strong>reseratur</strong></span> <span class='ocrx_word' id='word_1_15' title='bbox 3186 478 3199 516; x_wconf 89' lang='lat'><strong>:</strong></span> <span class='ocrx_word' id='word_1_16' title='bbox 3229 475 3328 519; x_wconf 89' lang='lat' dir='ltr'><strong>nec</strong></span> <span class='ocrx_word' id='word_1_17' title='bbox 3357 460 3477 533; x_wconf 74' lang='lat' dir='ltr'><strong>pila:</strong></span> <span class='ocrx_word' id='word_1_18' title='bbox 3528 469 3653 516; x_wconf 90' lang='lat' dir='ltr'><strong>sunt</strong></span> <span class='ocrx_word' id='word_1_19' title='bbox 3681 446 3907 532; x_wconf 71' lang='lat' dir='ltr'><strong>mentae,</strong></span> 
     </span>
    </p>
   </div>
   <div class='ocr_carea' id='block_1_5' title="bbox 642 545 2219 618">
    <p class='ocr_par' dir='ltr' id='par_1_5' title="bbox 642 545 2219 618">
     <span class='ocr_line' id='line_1_5' title="bbox 642 545 2219 618; baseline -0.004 -11"><span class='ocrx_word' id='word_1_20' title='bbox 642 549 865 608; x_wconf 79' lang='lat' dir='ltr'><strong>nexibus</strong></span> <span class='ocrx_word' id='word_1_21' title='bbox 892 545 1193 618; x_wconf 88' lang='lat' dir='ltr'><strong>palaestritae</strong></span> <span class='ocrx_word' id='word_1_22' title='bbox 1226 560 1241 601; x_wconf 88' lang='lat'><strong>:</strong></span> <span class='ocrx_word' id='word_1_23' title='bbox 1270 559 1495 617; x_wconf 90' lang='lat' dir='ltr'><strong>quorum</strong></span> <span class='ocrx_word' id='word_1_24' title='bbox 1533 545 1693 601; x_wconf 85' lang='lat' dir='ltr'><strong>etiam</strong></span> <span class='ocrx_word' id='word_1_25' title='bbox 1731 546 1999 601; x_wconf 82' lang='lat' dir='ltr'><strong>viventum</strong></span> <span class='ocrx_word' id='word_1_26' title='bbox 2029 547 2219 612; x_wconf 89' lang='lat' dir='ltr'><strong>luctas,</strong></span> 
     </span>
    </p>
   </div>
   <div class='ocr_carea' id='block_1_6' title="bbox 644 637 2224 709">
    <p class='ocr_par' dir='ltr' id='par_1_6' title="bbox 644 637 2224 709">
     <span class='ocr_line' id='line_1_6' title="bbox 644 637 2224 709; baseline -0.004 -11"><span class='ocrx_word' id='word_1_27' title='bbox 644 642 687 698; x_wconf 91' lang='lat' dir='ltr'><strong>si</strong></span> <span class='ocrx_word' id='word_1_28' title='bbox 728 641 1062 696; x_wconf 80' lang='lat' dir='ltr'><strong>involvantur</strong></span> <span class='ocrx_word' id='word_1_29' title='bbox 1102 637 1404 705; x_wconf 77' lang='lat' dir='ltr'><strong>obscenius,</strong></span> <span class='ocrx_word' id='word_1_30' title='bbox 1438 646 1582 693; x_wconf 87' lang='lat' dir='ltr'><strong>casta</strong></span> <span class='ocrx_word' id='word_1_31' title='bbox 1625 637 1903 694; x_wconf 79' lang='lat' dir='ltr'><strong>confestim</strong></span> <span class='ocrx_word' id='word_1_32' title='bbox 1936 648 1963 677; x_wconf 76' lang='grc' dir='ltr'><strong>ιι</strong></span> <span class='ocrx_word' id='word_1_33' title='bbox 2001 654 2224 709; x_wconf 86' lang='lat' dir='ltr'><strong>gymna-</strong></span> 
     </span>
    </p>
   </div>
   <div class='ocr_carea' id='block_1_7' title="bbox 643 729 2224 801">
    <p class='ocr_par' dir='ltr' id='par_1_7' title="bbox 643 729 2224 801">
     <span class='ocr_line' id='line_1_7' title="bbox 643 729 2224 801; baseline -0.003 -11"><span class='ocrx_word' id='word_1_34' title='bbox 643 732 970 791; x_wconf 87' lang='lat' dir='ltr'><strong>siarchorum</strong></span> <span class='ocrx_word' id='word_1_35' title='bbox 1020 732 1166 800; x_wconf 85' lang='lat' dir='ltr'><strong>virga</strong></span> <span class='ocrx_word' id='word_1_36' title='bbox 1208 729 1477 786; x_wconf 85' lang='lat' dir='ltr'><strong>dissolvit.</strong></span> <span class='ocrx_word' id='word_1_37' title='bbox 1526 730 1662 799; x_wconf 89' lang='lat' dir='ltr'><strong>Quid</strong></span> <span class='ocrx_word' id='word_1_38' title='bbox 1707 730 1895 801; x_wconf 79' lang='lat' dir='ltr'><strong>plura?</strong></span> <span class='ocrx_word' id='word_1_39' title='bbox 1940 732 2070 787; x_wconf 88' lang='lat' dir='ltr'><strong>nihil</strong></span> <span class='ocrx_word' id='word_1_40' title='bbox 2117 732 2224 786; x_wconf 84' lang='lat' dir='ltr'><strong>illis</strong></span> 
     </span>
    </p>
   </div>
   <div class='ocr_carea' id='block_1_8' title="bbox 644 824 2224 899">
    <p class='ocr_par' dir='ltr' id='par_1_8' title="bbox 644 824 2224 899">
     <span class='ocr_line' id='line_1_8' title="bbox 644 824 2224 899; baseline 0 -16"><span class='ocrx_word' id='word_1_41' title='bbox 644 826 847 899; x_wconf 79' lang='lat' dir='ltr'><strong>paginis</strong></span> <span class='ocrx_word' id='word_1_42' title='bbox 878 826 1199 897; x_wconf 88' lang='lat' dir='ltr'><strong>impressum</strong></span> <span class='ocrx_word' id='word_1_43' title='bbox 1235 824 1558 895; x_wconf 87' lang='lat' dir='ltr'><strong>reperietur,</strong></span> <span class='ocrx_word' id='word_1_44' title='bbox 1589 828 1733 897; x_wconf 91' lang='lat' dir='ltr'><strong>quod</strong></span> <span class='ocrx_word' id='word_1_45' title='bbox 1764 841 1870 881; x_wconf 92' lang='lat' dir='ltr'><strong>non</strong></span> <span class='ocrx_word' id='word_1_46' title='bbox 1911 826 2111 883; x_wconf 88' lang='lat' dir='ltr'><strong>vidisse</strong></span> <span class='ocrx_word' id='word_1_47' title='bbox 2154 829 2224 883; x_wconf 86' lang='lat' dir='ltr'><strong>sit</strong></span> 
     </span>
    </p>
   </div>
   <div class='ocr_carea' id='block_1_9' title="bbox 644 916 2225 979">
    <p class='ocr_par' dir='ltr' id='par_1_9' title="bbox 644 916 2225 979">
     <span class='ocr_line' id='line_1_9' title="bbox 644 916 2225 979; baseline -0.002 -1"><span class='ocrx_word' id='word_1_48' title='bbox 644 919 899 979; x_wconf 83' lang='lat' dir='ltr'><strong>sanctius.</strong></span> <span class='ocrx_word' id='word_1_49' title='bbox 931 916 960 957; x_wconf 74' lang='grc' dir='ltr'>δ</span> <span class='ocrx_word' id='word_1_50' title='bbox 991 918 1151 975; x_wconf 86' lang='lat' dir='ltr'><strong>Pauci</strong></span> <span class='ocrx_word' id='word_1_51' title='bbox 1192 928 1367 975; x_wconf 90' lang='lat' dir='ltr'><strong>tamen</strong></span> <span class='ocrx_word' id='word_1_52' title='bbox 1403 919 1650 975; x_wconf 86' lang='lat' dir='ltr'><strong>versiculi</strong></span> <span class='ocrx_word' id='word_1_53' title='bbox 1692 921 1945 977; x_wconf 88' lang='lat' dir='ltr'><strong>lectorem</strong></span> <span class='ocrx_word' id='word_1_54' title='bbox 1984 921 2225 977; x_wconf 83' lang='lat' dir='ltr'><strong>adventi-</strong></span> 
     </span>
    </p>
   </div>
   <div class='ocr_carea' id='block_1_10' title="bbox 645 1011 2221 1084">
    <p class='ocr_par' dir='ltr' id='par_1_10' title="bbox 645 1011 2221 1084">
     <span class='ocr_line' id='line_1_10' title="bbox 645 1011 2221 1084; baseline 0.001 -17"><span class='ocrx_word' id='word_1_55' title='bbox 645 1014 774 1069; x_wconf 92' lang='lat' dir='ltr'><strong>tium</strong></span> <span class='ocrx_word' id='word_1_56' title='bbox 804 1012 1233 1081; x_wconf 86' lang='lat' dir='ltr'><strong>remorabuntur,</strong></span> <span class='ocrx_word' id='word_1_57' title='bbox 1260 1011 1476 1067; x_wconf 90' lang='lat' dir='ltr'><strong>minime</strong></span> <span class='ocrx_word' id='word_1_58' title='bbox 1503 1013 1745 1083; x_wconf 91' lang='lat' dir='ltr'><strong>improbo</strong></span> <span class='ocrx_word' id='word_1_59' title='bbox 1768 1022 2221 1084; x_wconf 86' lang='lat' dir='ltr'><strong>temperamento;</strong></span> 
     </span>
    </p>
   </div>
   <div class='ocr_carea' id='block_1_11' title="bbox 646 1104 2263 1179">
    <p class='ocr_par' dir='ltr' id='par_1_11' title="bbox 646 1104 2263 1179">
     <span class='ocr_line' id='line_1_11' title="bbox 646 1104 2263 1179; baseline 0.004 -20"><span class='ocrx_word' id='word_1_60' title='bbox 646 1106 766 1174; x_wconf 82' lang='lat' dir='ltr'><strong>quia</strong></span> <span class='ocrx_word' id='word_1_61' title='bbox 798 1122 892 1163; x_wconf 91' lang='lat' dir='ltr'><strong>eos</strong></span> <span class='ocrx_word' id='word_1_62' title='bbox 926 1120 1023 1161; x_wconf 89' lang='lat' dir='ltr'><strong>nec</strong></span> <span class='ocrx_word' id='word_1_63' title='bbox 1060 1105 1318 1177; x_wconf 78' lang='lat' dir='ltr'><strong>relegisse</strong></span> <span class='ocrx_word' id='word_1_64' title='bbox 1359 1104 1627 1162; x_wconf 91' lang='lat' dir='ltr'><strong>desiderio</strong></span> <span class='ocrx_word' id='word_1_65' title='bbox 1666 1116 1769 1176; x_wconf 90' lang='lat' dir='ltr'><strong>est,</strong></span> <span class='ocrx_word' id='word_1_66' title='bbox 1809 1122 1908 1163; x_wconf 92' lang='lat' dir='ltr'><strong>nec</strong></span> <span class='ocrx_word' id='word_1_67' title='bbox 1938 1109 2226 1179; x_wconf 77' lang='lat' dir='ltr'><strong>perlegisse</strong></span> <span class='ocrx_word' id='word_1_68' title='bbox 2262 1174 2263 1177; x_wconf 26' lang='grc' dir='ltr'><strong>η</strong></span> 
     </span>
    </p>
   </div>
   <div class='ocr_carea' id='block_1_12' title="bbox 648 1186 2225 1270">
    <p class='ocr_par' dir='ltr' id='par_1_12' title="bbox 648 1186 2225 1270">
     <span class='ocr_line' id='line_1_12' title="bbox 648 1186 2225 1270; baseline 0.002 -16"><span class='ocrx_word' id='word_1_69' title='bbox 648 1194 881 1254; x_wconf 83' lang='lat' dir='ltr'><strong>fastidio.</strong></span> <span class='ocrx_word' id='word_1_70' title='bbox 922 1186 1040 1254; x_wconf 66' lang='lat' dir='ltr'><strong>3am</strong></span> <span class='ocrx_word' id='word_1_71' title='bbox 1070 1192 1112 1253; x_wconf 91' lang='lat' dir='ltr'><strong>si</strong></span> <span class='ocrx_word' id='word_1_72' title='bbox 1140 1213 1407 1254; x_wconf 83' lang='lat' dir='ltr'><strong>marmora</strong></span> <span class='ocrx_word' id='word_1_73' title='bbox 1440 1199 1698 1269; x_wconf 78' lang='lat' dir='ltr'><strong>inquiras,</strong></span> <span class='ocrx_word' id='word_1_74' title='bbox 1730 1215 1835 1255; x_wconf 92' lang='lat' dir='ltr'><strong>non</strong></span> <span class='ocrx_word' id='word_1_75' title='bbox 1869 1199 1980 1255; x_wconf 91' lang='lat' dir='ltr'><strong>illic</strong></span> <span class='ocrx_word' id='word_1_76' title='bbox 2014 1201 2225 1270; x_wconf 82' lang='lat' dir='ltr'><strong>quidem</strong></span> 
     </span>
    </p>
   </div>
   <div class='ocr_carea' id='block_1_13' title="bbox 649 1287 2225 1362">
    <p class='ocr_par' dir='ltr' id='par_1_13' title="bbox 649 1287 2225 1362">
     <span class='ocr_line' id='line_1_13' title="bbox 649 1287 2225 1362; baseline 0.003 -19"><span class='ocrx_word' id='word_1_77' title='bbox 649 1288 848 1357; x_wconf 84' lang='lat' dir='ltr'><strong>Paros,</strong></span> <span class='ocrx_word' id='word_1_78' title='bbox 878 1287 1151 1361; x_wconf 86' lang='lat' dir='ltr'><strong>Carystos,</strong></span> <span class='ocrx_word' id='word_1_79' title='bbox 1189 1300 1209 1328; x_wconf 79' lang='grc' dir='ltr'><strong>ο</strong></span> <span class='ocrx_word' id='word_1_80' title='bbox 1242 1288 1613 1356; x_wconf 88' lang='lat' dir='ltr'><strong>Proconissos,</strong></span> <span class='ocrx_word' id='word_1_81' title='bbox 1666 1287 1933 1362; x_wconf 79' lang='lat' dir='ltr'><strong>Phryges,</strong></span> <span class='ocrx_word' id='word_1_82' title='bbox 1965 1291 2225 1359; x_wconf 73' lang='lat' dir='ltr'><strong>Numidae,</strong></span> 
     </span>
    </p>
   </div>
   <div class='ocr_carea' id='block_1_14' title="bbox 562 1372 2226 1459">
    <p class='ocr_par' dir='ltr' id='par_1_14' title="bbox 562 1372 2226 1459">
     <span class='ocr_line' id='line_1_14' title="bbox 562 1372 2226 1459; baseline 0.002 -24"><span class='ocrx_word' id='word_1_83' title='bbox 562 1378 565 1381; x_wconf 72' lang='grc'><em>’</em></span> <span class='ocrx_word' id='word_1_84' title='bbox 650 1372 953 1459; x_wconf 71' lang='lat' dir='ltr'><strong>Spartiatte,</strong></span> <span class='ocrx_word' id='word_1_85' title='bbox 994 1381 1204 1450; x_wconf 90' lang='lat' dir='ltr'><strong>rupium</strong></span> <span class='ocrx_word' id='word_1_86' title='bbox 1244 1381 1563 1435; x_wconf 88' lang='lat' dir='ltr'><strong>variatarum</strong></span> <span class='ocrx_word' id='word_1_87' title='bbox 1596 1395 1825 1452; x_wconf 88' lang='lat' dir='ltr'><strong>posuere</strong></span> <span class='ocrx_word' id='word_1_88' title='bbox 1864 1391 2226 1459; x_wconf 23' lang='lat' dir='ltr'><strong>crustas;&#39;ne-</strong></span> 
     </span>
    </p>
   </div>
   <div class='ocr_carea' id='block_1_15' title="bbox 651 1451 2227 1547">
    <p class='ocr_par' dir='ltr' id='par_1_15' title="bbox 651 1451 2227 1547">
     <span class='ocr_line' id='line_1_15' title="bbox 651 1451 2227 1547; baseline 0.003 -21"><span class='ocrx_word' id='word_1_89' title='bbox 651 1451 753 1541; x_wconf 72' lang='lat' dir='ltr'><strong>que</strong></span> <span class='ocrx_word' id='word_1_90' title='bbox 795 1486 889 1542; x_wconf 92' lang='lat' dir='ltr'><strong>per</strong></span> <span class='ocrx_word' id='word_1_91' title='bbox 926 1473 1171 1542; x_wconf 91' lang='lat' dir='ltr'><strong>scopulos</strong></span> <span class='ocrx_word' id='word_1_92' title='bbox 1201 1471 1555 1543; x_wconf 64' lang='lat' dir='ltr'><strong>JEthiopicos,</strong></span> <span class='ocrx_word' id='word_1_93' title='bbox 1598 1451 1653 1528; x_wconf 90' lang='lat' dir='ltr'><strong>et</strong></span> <span class='ocrx_word' id='word_1_94' title='bbox 1695 1475 1917 1545; x_wconf 87' lang='lat' dir='ltr'><strong>abrupta</strong></span> <span class='ocrx_word' id='word_1_95' title='bbox 1960 1454 2227 1547; x_wconf 89' lang='lat' dir='ltr'><strong>purpurea</strong></span> 
     </span>
    </p>
   </div>
   <div class='ocr_carea' id='block_1_16' title="bbox 652 1561 2231 1635">
    <p class='ocr_par' dir='ltr' id='par_1_16' title="bbox 652 1561 2231 1635">
     <span class='ocr_line' id='line_1_16' title="bbox 652 1561 2231 1635; baseline 0.003 -17"><span class='ocrx_word' id='word_1_96' title='bbox 652 1562 883 1632; x_wconf 82' lang='lat' dir='ltr'><strong>genuino</strong></span> <span class='ocrx_word' id='word_1_97' title='bbox 914 1561 1085 1617; x_wconf 87' lang='lat' dir='ltr'><strong>fucata</strong></span> <span class='ocrx_word' id='word_1_98' title='bbox 1115 1562 1421 1635; x_wconf 81' lang='lat' dir='ltr'><strong>conchylio,</strong></span> <span class='ocrx_word' id='word_1_99' title='bbox 1465 1577 1706 1634; x_wconf 78' lang='lat' dir='ltr'><strong>Sparsum</strong></span> <span class='ocrx_word' id='word_1_100' title='bbox 1739 1566 1873 1618; x_wconf 92' lang='lat' dir='ltr'><strong>mihi</strong></span> <span class='ocrx_word' id='word_1_101' title='bbox 1905 1580 2028 1620; x_wconf 87' lang='lat' dir='ltr'><strong>saxa</strong></span> <span class='ocrx_word' id='word_1_102' title='bbox 2063 1566 2231 1623; x_wconf 88' lang='lat' dir='ltr'><strong>furfu-</strong></span> 
     </span>
    </p>
   </div>
   <div class='ocr_carea' id='block_1_17' title="bbox 654 1654 2230 1727">
    <p class='ocr_par' dir='ltr' id='par_1_17' title="bbox 654 1654 2230 1727">
     <span class='ocr_line' id='line_1_17' title="bbox 654 1654 2230 1727; baseline 0.003 -18"><span class='ocrx_word' id='word_1_103' title='bbox 654 1670 766 1709; x_wconf 89' lang='lat' dir='ltr'><strong>rem</strong></span> <span class='ocrx_word' id='word_1_104' title='bbox 806 1654 1154 1709; x_wconf 90' lang='lat' dir='ltr'><strong>mentiuntur.</strong></span> <span class='ocrx_word' id='word_1_105' title='bbox 1196 1654 1302 1710; x_wconf 85' lang='lat' dir='ltr'><strong>Sed</strong></span> <span class='ocrx_word' id='word_1_106' title='bbox 1357 1655 1456 1710; x_wconf 87' lang='lat' dir='ltr'><strong>etsi</strong></span> <span class='ocrx_word' id='word_1_107' title='bbox 1491 1656 1637 1710; x_wconf 92' lang='lat' dir='ltr'><strong>nullo</strong></span> <span class='ocrx_word' id='word_1_108' title='bbox 1675 1656 2071 1727; x_wconf 87' lang='lat' dir='ltr'><strong>peregrinarum</strong></span> <span class='ocrx_word' id='word_1_109' title='bbox 2103 1673 2230 1713; x_wconf 88' lang='lat' dir='ltr'><strong>cau-</strong></span> 
     </span>
    </p>
   </div>
   <div class='ocr_carea' id='block_1_18' title="bbox 650 1745 2229 1817">
    <p class='ocr_par' dir='ltr' id='par_1_18' title="bbox 650 1745 2229 1817">
     <span class='ocr_line' id='line_1_18' title="bbox 650 1745 2229 1817; baseline 0.002 -16"><span class='ocrx_word' id='word_1_110' title='bbox 650 1747 783 1803; x_wconf 87' lang='lat' dir='ltr'><strong>tium</strong></span> <span class='ocrx_word' id='word_1_111' title='bbox 815 1748 991 1817; x_wconf 87' lang='lat' dir='ltr'><strong>rigore</strong></span> <span class='ocrx_word' id='word_1_112' title='bbox 1020 1747 1271 1813; x_wconf 86' lang='lat' dir='ltr'><strong>ditamur,</strong></span> <span class='ocrx_word' id='word_1_113' title='bbox 1302 1745 1500 1801; x_wconf 87' lang='lat' dir='ltr'><strong>habent</strong></span> <span class='ocrx_word' id='word_1_114' title='bbox 1545 1756 1719 1802; x_wconf 91' lang='lat' dir='ltr'><strong>tamen</strong></span> <span class='ocrx_word' id='word_1_115' title='bbox 1754 1750 1958 1817; x_wconf 88' lang='lat' dir='ltr'><strong>tuguria</strong></span> <span class='ocrx_word' id='word_1_116' title='bbox 1989 1764 2085 1803; x_wconf 92' lang='lat' dir='ltr'><strong>seu</strong></span> <span class='ocrx_word' id='word_1_117' title='bbox 2114 1765 2229 1804; x_wconf 83' lang='lat' dir='ltr'><strong>ma-</strong></span> 
     </span>
    </p>
   </div>
   <div class='ocr_carea' id='block_1_19' title="bbox 2324 543 3906 616">
    <p class='ocr_par' dir='ltr' id='par_1_19' title="bbox 2324 543 3906 616">
     <span class='ocr_line' id='line_1_19' title="bbox 2324 543 3906 616; baseline 0.005 -19"><span class='ocrx_word' id='word_1_118' title='bbox 2324 543 2418 598; x_wconf 91' lang='lat' dir='ltr'><strong>sed</strong></span> <span class='ocrx_word' id='word_1_119' title='bbox 2439 545 2721 609; x_wconf 73' lang='lat' dir='ltr'><strong>columnm,</strong></span> <span class='ocrx_word' id='word_1_120' title='bbox 2747 559 2876 613; x_wconf 88' lang='lat' dir='ltr'><strong>quas</strong></span> <span class='ocrx_word' id='word_1_121' title='bbox 2898 545 3172 600; x_wconf 73' lang='lat' dir='ltr'><strong>architecti</strong></span> <span class='ocrx_word' id='word_1_122' title='bbox 3196 548 3478 616; x_wconf 84' lang='lat' dir='ltr'><strong>peritiores</strong></span> <span class='ocrx_word' id='word_1_123' title='bbox 3504 546 3531 584; x_wconf 74' lang='grc' dir='ltr'><strong>ιι</strong></span> <span class='ocrx_word' id='word_1_124' title='bbox 3553 546 3906 605; x_wconf 66' lang='lat' dir='ltr'><strong>aediﬁciorum</strong></span> 
     </span>
    </p>
   </div>
   <div class='ocr_carea' id='block_1_20' title="bbox 2325 639 3907 710">
    <p class='ocr_par' dir='ltr' id='par_1_20' title="bbox 2325 639 3907 710">
     <span class='ocr_line' id='line_1_20' title="bbox 2325 639 3907 710; baseline 0.004 -20"><span class='ocrx_word' id='word_1_125' title='bbox 2325 652 2584 706; x_wconf 89' lang='lat' dir='ltr'><strong>purpuras</strong></span> <span class='ocrx_word' id='word_1_126' title='bbox 2634 639 2737 709; x_wconf 85' lang='lat'><strong>37</strong></span> <span class='ocrx_word' id='word_1_127' title='bbox 2782 654 3173 708; x_wconf 86' lang='lat' dir='ltr'><strong>nuncupavere.</strong></span> <span class='ocrx_word' id='word_1_128' title='bbox 3214 640 3271 694; x_wconf 91' lang='lat' dir='ltr'><strong>ln</strong></span> <span class='ocrx_word' id='word_1_129' title='bbox 3304 640 3438 694; x_wconf 88' lang='lat' dir='ltr'><strong>hanc</strong></span> <span class='ocrx_word' id='word_1_130' title='bbox 3482 655 3608 710; x_wconf 90' lang='lat' dir='ltr'><strong>ergo</strong></span> <span class='ocrx_word' id='word_1_131' title='bbox 3642 640 3907 709; x_wconf 82' lang='lat' dir='ltr'><strong>piscinam</strong></span> 
     </span>
    </p>
   </div>
   <div class='ocr_carea' id='block_1_21' title="bbox 2328 731 3909 803">
    <p class='ocr_par' dir='ltr' id='par_1_21' title="bbox 2328 731 3909 803">
     <span class='ocr_line' id='line_1_21' title="bbox 2328 731 3909 803; baseline 0.004 -19"><span class='ocrx_word' id='word_1_132' title='bbox 2328 740 2351 767; x_wconf 78' lang='grc' dir='ltr'><strong>ο</strong></span> <span class='ocrx_word' id='word_1_133' title='bbox 2369 731 2621 785; x_wconf 91' lang='lat' dir='ltr'><strong>ﬂuentum</strong></span> <span class='ocrx_word' id='word_1_134' title='bbox 2640 731 2706 787; x_wconf 86' lang='lat' dir='ltr'><strong>de</strong></span> <span class='ocrx_word' id='word_1_135' title='bbox 2727 734 3013 801; x_wconf 87' lang='lat' dir='ltr'><strong>supercilio</strong></span> <span class='ocrx_word' id='word_1_136' title='bbox 3031 733 3226 787; x_wconf 91' lang='lat' dir='ltr'><strong>montis</strong></span> <span class='ocrx_word' id='word_1_137' title='bbox 3242 733 3498 799; x_wconf 75' lang='lat' dir='ltr'><strong>elicitum,</strong></span> <span class='ocrx_word' id='word_1_138' title='bbox 3522 733 3909 803; x_wconf 86' lang='lat' dir='ltr'><strong>canalibusque</strong></span> 
     </span>
    </p>
   </div>
   <div class='ocr_carea' id='block_1_22' title="bbox 2324 821 3906 892">
    <p class='ocr_par' dir='ltr' id='par_1_22' title="bbox 2324 821 3906 892">
     <span class='ocr_line' id='line_1_22' title="bbox 2324 821 3906 892; baseline 0.001 -15"><span class='ocrx_word' id='word_1_139' title='bbox 2324 822 2657 878; x_wconf 85' lang='lat' dir='ltr'><strong>circumactis</strong></span> <span class='ocrx_word' id='word_1_140' title='bbox 2706 840 2797 892; x_wconf 85' lang='lat' dir='ltr'><strong>per</strong></span> <span class='ocrx_word' id='word_1_141' title='bbox 2823 824 3086 879; x_wconf 81' lang='lat' dir='ltr'><strong>exteriora</strong></span> <span class='ocrx_word' id='word_1_142' title='bbox 3119 824 3396 878; x_wconf 61' lang='lat' dir='ltr'><strong>natatoriae</strong></span> <span class='ocrx_word' id='word_1_143' title='bbox 3444 821 3462 862; x_wconf 69' lang='grc' dir='ltr'>ί</span> <span class='ocrx_word' id='word_1_144' title='bbox 3503 824 3671 879; x_wconf 90' lang='lat' dir='ltr'><strong>latera</strong></span> <span class='ocrx_word' id='word_1_145' title='bbox 3709 839 3906 879; x_wconf 84' lang='lat' dir='ltr'><strong>curva-</strong></span> 
     </span>
    </p>
   </div>
   <div class='ocr_carea' id='block_1_23' title="bbox 2325 916 3908 986">
    <p class='ocr_par' dir='ltr' id='par_1_23' title="bbox 2325 916 3908 986">
     <span class='ocr_line' id='line_1_23' title="bbox 2325 916 3908 986; baseline 0 -16"><span class='ocrx_word' id='word_1_146' title='bbox 2325 924 2459 981; x_wconf 91' lang='lat' dir='ltr'><strong>tum,</strong></span> <span class='ocrx_word' id='word_1_147' title='bbox 2487 931 2577 969; x_wconf 91' lang='lat' dir='ltr'><strong>sex</strong></span> <span class='ocrx_word' id='word_1_148' title='bbox 2610 916 2797 970; x_wconf 64' lang='lat' dir='ltr'><strong>fistulae</strong></span> <span class='ocrx_word' id='word_1_149' title='bbox 2835 917 3198 986; x_wconf 88' lang='lat' dir='ltr'><strong>prominentes</strong></span> <span class='ocrx_word' id='word_1_150' title='bbox 3226 916 3438 969; x_wconf 90' lang='lat' dir='ltr'><strong>leonum</strong></span> <span class='ocrx_word' id='word_1_151' title='bbox 3467 916 3733 971; x_wconf 88' lang='lat' dir='ltr'><strong>simulatis</strong></span> <span class='ocrx_word' id='word_1_152' title='bbox 3757 917 3908 984; x_wconf 85' lang='lat' dir='ltr'><strong>capi-</strong></span> 
     </span>
    </p>
   </div>
   <div class='ocr_carea' id='block_1_24' title="bbox 2327 1006 3908 1077">
    <p class='ocr_par' dir='ltr' id='par_1_24' title="bbox 2327 1006 3908 1077">
     <span class='ocr_line' id='line_1_24' title="bbox 2327 1006 3908 1077; baseline 0.001 -17"><span class='ocrx_word' id='word_1_153' title='bbox 2327 1006 2468 1061; x_wconf 89' lang='lat' dir='ltr'><strong>tibus</strong></span> <span class='ocrx_word' id='word_1_154' title='bbox 2497 1007 2775 1062; x_wconf 73' lang='lat' dir='ltr'><strong>eﬂ‘undnnt</strong></span> <span class='ocrx_word' id='word_1_155' title='bbox 2798 1026 2812 1073; x_wconf 92' lang='lat'><strong>;</strong></span> <span class='ocrx_word' id='word_1_156' title='bbox 2833 1024 2950 1077; x_wconf 82' lang='lat' dir='ltr'><strong>qua:</strong></span> <span class='ocrx_word' id='word_1_157' title='bbox 2977 1018 3175 1062; x_wconf 88' lang='lat' dir='ltr'><strong>temere</strong></span> <span class='ocrx_word' id='word_1_158' title='bbox 3205 1007 3460 1076; x_wconf 85' lang='lat' dir='ltr'><strong>ingressis</strong></span> <span class='ocrx_word' id='word_1_159' title='bbox 3487 1021 3641 1062; x_wconf 86' lang='lat' dir='ltr'><strong>veras</strong></span> <span class='ocrx_word' id='word_1_160' title='bbox 3665 1007 3908 1062; x_wconf 89' lang='lat' dir='ltr'><strong>dentium</strong></span> 
     </span>
    </p>
   </div>
   <div class='ocr_carea' id='block_1_25' title="bbox 2326 1099 3907 1165">
    <p class='ocr_par' dir='ltr' id='par_1_25' title="bbox 2326 1099 3907 1165">
     <span class='ocr_line' id='line_1_25' title="bbox 2326 1099 3907 1165; baseline 0 -12"><span class='ocrx_word' id='word_1_161' title='bbox 2326 1107 2531 1165; x_wconf 85' lang='lat' dir='ltr'><strong>crates,</strong></span> <span class='ocrx_word' id='word_1_162' title='bbox 2577 1116 2755 1155; x_wconf 89' lang='lat' dir='ltr'><strong>meros</strong></span> <span class='ocrx_word' id='word_1_163' title='bbox 2810 1101 3086 1154; x_wconf 90' lang='lat' dir='ltr'><strong>oculorum</strong></span> <span class='ocrx_word' id='word_1_164' title='bbox 3138 1099 3383 1165; x_wconf 89' lang='lat' dir='ltr'><strong>furores,</strong></span> <span class='ocrx_word' id='word_1_165' title='bbox 3423 1110 3597 1154; x_wconf 88' lang='lat' dir='ltr'><strong>certas</strong></span> <span class='ocrx_word' id='word_1_166' title='bbox 3635 1100 3907 1154; x_wconf 78' lang='lat' dir='ltr'><strong>cervicum</strong></span> 
     </span>
    </p>
   </div>
   <div class='ocr_carea' id='block_1_26' title="bbox 2323 1190 3908 1261">
    <p class='ocr_par' dir='ltr' id='par_1_26' title="bbox 2323 1190 3908 1261">
     <span class='ocr_line' id='line_1_26' title="bbox 2323 1190 3908 1261; baseline -0.001 -15"><span class='ocrx_word' id='word_1_167' title='bbox 2323 1190 2484 1261; x_wconf 78' lang='lat' dir='ltr'><strong>jlbas</strong></span> <span class='ocrx_word' id='word_1_168' title='bbox 2518 1192 2968 1261; x_wconf 83' lang='lat' dir='ltr'><strong>imaginabuntur.</strong></span> <span class='ocrx_word' id='word_1_169' title='bbox 2991 1190 3085 1246; x_wconf 87' lang='lat' dir='ltr'><strong>Hic</strong></span> <span class='ocrx_word' id='word_1_170' title='bbox 3104 1192 3147 1245; x_wconf 90' lang='lat' dir='ltr'><strong>si</strong></span> <span class='ocrx_word' id='word_1_171' title='bbox 3168 1191 3441 1246; x_wconf 89' lang='lat' dir='ltr'><strong>dominum</strong></span> <span class='ocrx_word' id='word_1_172' title='bbox 3466 1207 3559 1246; x_wconf 90' lang='lat' dir='ltr'><strong>seu</strong></span> <span class='ocrx_word' id='word_1_173' title='bbox 3587 1192 3908 1255; x_wconf 74' lang='lat' dir='ltr'><strong>domestica,</strong></span> 
     </span>
    </p>
   </div>
   <div class='ocr_carea' id='block_1_27' title="bbox 2329 1282 3911 1353">
    <p class='ocr_par' dir='ltr' id='par_1_27' title="bbox 2329 1282 3911 1353">
     <span class='ocr_line' id='line_1_27' title="bbox 2329 1282 3911 1353; baseline -0.001 -14"><span class='ocrx_word' id='word_1_174' title='bbox 2329 1298 2423 1339; x_wconf 90' lang='lat' dir='ltr'><strong>seu</strong></span> <span class='ocrx_word' id='word_1_175' title='bbox 2466 1283 2746 1353; x_wconf 83' lang='lat' dir='ltr'><strong>hospitalis</strong></span> <span class='ocrx_word' id='word_1_176' title='bbox 2785 1283 2939 1338; x_wconf 87' lang='lat' dir='ltr'><strong>turba</strong></span> <span class='ocrx_word' id='word_1_177' title='bbox 2982 1284 3331 1351; x_wconf 90' lang='lat' dir='ltr'><strong>circumstet,</strong></span> <span class='ocrx_word' id='word_1_178' title='bbox 3362 1282 3483 1352; x_wconf 87' lang='lat' dir='ltr'><strong>quia</strong></span> <span class='ocrx_word' id='word_1_179' title='bbox 3526 1298 3634 1351; x_wconf 66' lang='lat' dir='ltr'><strong>prce</strong></span> <span class='ocrx_word' id='word_1_180' title='bbox 3676 1285 3911 1349; x_wconf 89' lang='lat' dir='ltr'><strong>strepitu</strong></span> 
     </span>
    </p>
   </div>
   <div class='ocr_carea' id='block_1_28' title="bbox 2331 1375 3913 1440">
    <p class='ocr_par' dir='ltr' id='par_1_28' title="bbox 2331 1375 3913 1440">
     <span class='ocr_line' id='line_1_28' title="bbox 2331 1375 3913 1440; baseline -0.004 -5"><span class='ocrx_word' id='word_1_181' title='bbox 2331 1378 2518 1435; x_wconf 88' lang='lat' dir='ltr'><strong>caduci</strong></span> <span class='ocrx_word' id='word_1_182' title='bbox 2549 1375 2785 1431; x_wconf 91' lang='lat' dir='ltr'><strong>ﬂuminis</strong></span> <span class='ocrx_word' id='word_1_183' title='bbox 2807 1417 2821 1440; x_wconf 95' lang='lat'><strong>,</strong></span> <span class='ocrx_word' id='word_1_184' title='bbox 2868 1385 3064 1430; x_wconf 65' lang='lat' dir='ltr'><strong>mutuae</strong></span> <span class='ocrx_word' id='word_1_185' title='bbox 3101 1391 3287 1429; x_wconf 87' lang='lat' dir='ltr'><strong>vocum</strong></span> <span class='ocrx_word' id='word_1_186' title='bbox 3319 1377 3464 1430; x_wconf 89' lang='lat' dir='ltr'><strong>vices</strong></span> <span class='ocrx_word' id='word_1_187' title='bbox 3494 1376 3667 1430; x_wconf 90' lang='lat' dir='ltr'><strong>minus</strong></span> <span class='ocrx_word' id='word_1_188' title='bbox 3718 1375 3913 1430; x_wconf 85' lang='lat' dir='ltr'><strong>intelli-</strong></span> 
     </span>
    </p>
   </div>
   <div class='ocr_carea' id='block_1_29' title="bbox 2330 1467 3914 1543">
    <p class='ocr_par' dir='ltr' id='par_1_29' title="bbox 2330 1467 3914 1543">
     <span class='ocr_line' id='line_1_29' title="bbox 2330 1467 3914 1543; baseline -0.001 -20"><span class='ocrx_word' id='word_1_189' title='bbox 2330 1475 2567 1543; x_wconf 74' lang='lat' dir='ltr'><strong>guntur,</strong></span> <span class='ocrx_word' id='word_1_190' title='bbox 2606 1470 2660 1523; x_wconf 92' lang='lat' dir='ltr'><strong>in</strong></span> <span class='ocrx_word' id='word_1_191' title='bbox 2682 1482 2867 1523; x_wconf 88' lang='lat' dir='ltr'><strong>aurem</strong></span> <span class='ocrx_word' id='word_1_192' title='bbox 2896 1469 2996 1523; x_wconf 84' lang='lat' dir='ltr'><strong>sibi</strong></span> <span class='ocrx_word' id='word_1_193' title='bbox 3028 1469 3253 1537; x_wconf 87' lang='lat' dir='ltr'><strong>populus</strong></span> <span class='ocrx_word' id='word_1_194' title='bbox 3274 1467 3675 1523; x_wconf 80' lang='lat' dir='ltr'><strong>confabulatur:</strong></span> <span class='ocrx_word' id='word_1_195' title='bbox 3720 1470 3791 1522; x_wconf 90' lang='lat' dir='ltr'><strong>ita</strong></span> <span class='ocrx_word' id='word_1_196' title='bbox 3825 1484 3914 1522; x_wconf 82' lang='lat' dir='ltr'><strong>so-</strong></span> 
     </span>
    </p>
   </div>
   <div class='ocr_carea' id='block_1_30' title="bbox 2333 1563 3912 1636">
    <p class='ocr_par' dir='ltr' id='par_1_30' title="bbox 2333 1563 3912 1636">
     <span class='ocr_line' id='line_1_30' title="bbox 2333 1563 3912 1636; baseline -0.002 -16"><span class='ocrx_word' id='word_1_197' title='bbox 2333 1568 2449 1621; x_wconf 91' lang='lat' dir='ltr'><strong>nitu</strong></span> <span class='ocrx_word' id='word_1_198' title='bbox 2470 1579 2687 1636; x_wconf 83' lang='lat' dir='ltr'><strong>pressus</strong></span> <span class='ocrx_word' id='word_1_199' title='bbox 2713 1565 2890 1620; x_wconf 89' lang='lat' dir='ltr'><strong>alieno</strong></span> <span class='ocrx_word' id='word_1_200' title='bbox 2919 1564 3203 1619; x_wconf 89' lang='lat' dir='ltr'><strong>ridiculum</strong></span> <span class='ocrx_word' id='word_1_201' title='bbox 3230 1565 3443 1618; x_wconf 83' lang='lat' dir='ltr'><strong>aﬂectat</strong></span> <span class='ocrx_word' id='word_1_202' title='bbox 3472 1563 3716 1631; x_wconf 89' lang='lat' dir='ltr'><strong>publicus</strong></span> <span class='ocrx_word' id='word_1_203' title='bbox 3732 1578 3912 1617; x_wconf 87' lang='lat' dir='ltr'><strong>sermo</strong></span> 
     </span>
    </p>
   </div>
   <div class='ocr_carea' id='block_1_31' title="bbox 2332 1655 3912 1726">
    <p class='ocr_par' dir='ltr' id='par_1_31' title="bbox 2332 1655 3912 1726">
     <span class='ocr_line' id='line_1_31' title="bbox 2332 1655 3912 1726; baseline -0.002 -14"><span class='ocrx_word' id='word_1_204' title='bbox 2332 1668 2621 1713; x_wconf 88' lang='lat' dir='ltr'><strong>secretum.</strong></span> <span class='ocrx_word' id='word_1_205' title='bbox 2652 1657 2787 1712; x_wconf 83' lang='lat' dir='ltr'><strong>Hinc</strong></span> <span class='ocrx_word' id='word_1_206' title='bbox 2816 1657 3048 1726; x_wconf 82' lang='lat' dir='ltr'><strong>egressis</strong></span> <span class='ocrx_word' id='word_1_207' title='bbox 3074 1656 3220 1711; x_wconf 87' lang='lat' dir='ltr'><strong>frons</strong></span> <span class='ocrx_word' id='word_1_208' title='bbox 3249 1656 3466 1711; x_wconf 86' lang='lat' dir='ltr'><strong>triclinii</strong></span> <span class='ocrx_word' id='word_1_209' title='bbox 3492 1657 3808 1710; x_wconf 88' lang='lat' dir='ltr'><strong>matronalis</strong></span> <span class='ocrx_word' id='word_1_210' title='bbox 3831 1655 3912 1709; x_wconf 66' lang='lat' dir='ltr'><strong>oio</strong></span> 
     </span>
    </p>
   </div>
   <div class='ocr_carea' id='block_1_32' title="bbox 2334 1749 3912 1815">
    <p class='ocr_par' dir='ltr' id='par_1_32' title="bbox 2334 1749 3912 1815">
     <span class='ocr_line' id='line_1_32' title="bbox 2334 1749 3912 1815; baseline -0.002 -11"><span class='ocrx_word' id='word_1_211' title='bbox 2334 1749 2542 1814; x_wconf 88' lang='lat' dir='ltr'><strong>fertur;</strong></span> <span class='ocrx_word' id='word_1_212' title='bbox 2587 1750 2670 1805; x_wconf 93' lang='lat' dir='ltr'><strong>cui</strong></span> <span class='ocrx_word' id='word_1_213' title='bbox 2701 1751 3041 1804; x_wconf 90' lang='lat' dir='ltr'><strong>continuatur</strong></span> <span class='ocrx_word' id='word_1_214' title='bbox 3074 1749 3342 1803; x_wconf 78' lang='lat' dir='ltr'><strong>vicinante</strong></span> <span class='ocrx_word' id='word_1_215' title='bbox 3388 1749 3617 1803; x_wconf 89' lang='lat' dir='ltr'><strong>textrino</strong></span> <span class='ocrx_word' id='word_1_216' title='bbox 3644 1749 3780 1802; x_wconf 82' lang='lat' dir='ltr'><strong>cella</strong></span> <span class='ocrx_word' id='word_1_217' title='bbox 3824 1763 3912 1815; x_wconf 87' lang='lat' dir='ltr'><strong>pe-</strong></span> 
     </span>
    </p>
   </div>
   <div class='ocr_carea' id='block_1_33' title="bbox 657 1835 3913 1909">
    <p class='ocr_par' dir='ltr' id='par_1_33' title="bbox 657 1835 3913 1909">
     <span class='ocr_line' id='line_1_33' title="bbox 657 1835 3913 1909; baseline -0.001 -16"><span class='ocrx_word' id='word_1_218' title='bbox 657 1839 789 1909; x_wconf 86' lang='lat' dir='ltr'><strong>palia</strong></span> <span class='ocrx_word' id='word_1_219' title='bbox 821 1848 999 1893; x_wconf 91' lang='lat' dir='ltr'><strong>nostra</strong></span> <span class='ocrx_word' id='word_1_220' title='bbox 1030 1838 1253 1892; x_wconf 89' lang='lat' dir='ltr'><strong>civicum</strong></span> <span class='ocrx_word' id='word_1_221' title='bbox 1285 1835 1471 1907; x_wconf 86' lang='lat' dir='ltr'><strong>frigus.</strong></span> <span class='ocrx_word' id='word_1_222' title='bbox 1505 1836 1639 1903; x_wconf 92' lang='lat' dir='ltr'><strong>Quin</strong></span> <span class='ocrx_word' id='word_1_223' title='bbox 1672 1838 1848 1907; x_wconf 89' lang='lat' dir='ltr'><strong>potius</strong></span> <span class='ocrx_word' id='word_1_224' title='bbox 1875 1839 2000 1909; x_wconf 91' lang='lat' dir='ltr'><strong>quid</strong></span> <span class='ocrx_word' id='word_1_225' title='bbox 2031 1840 2223 1896; x_wconf 86' lang='lat' dir='ltr'><strong>babea-</strong></span> <span class='ocrx_word' id='word_1_226' title='bbox 2264 1848 2309 1908; x_wconf 82' lang='grc' dir='ltr'><strong>Β</strong></span> <span class='ocrx_word' id='word_1_227' title='bbox 2335 1842 2521 1897; x_wconf 90' lang='lat' dir='ltr'><strong>nuaria</strong></span> <span class='ocrx_word' id='word_1_228' title='bbox 2546 1881 2560 1905; x_wconf 89' lang='lat'><strong>,</strong></span> <span class='ocrx_word' id='word_1_229' title='bbox 2611 1841 2974 1895; x_wconf 89' lang='lat' dir='ltr'><strong>discriminata</strong></span> <span class='ocrx_word' id='word_1_230' title='bbox 3006 1850 3208 1894; x_wconf 84' lang='lat' dir='ltr'><strong>tantum</strong></span> <span class='ocrx_word' id='word_1_231' title='bbox 3253 1840 3453 1907; x_wconf 86' lang='lat' dir='ltr'><strong>pariete</strong></span> <span class='ocrx_word' id='word_1_232' title='bbox 3501 1838 3788 1893; x_wconf 88' lang='lat' dir='ltr'><strong>castrensi.</strong></span> <span class='ocrx_word' id='word_1_233' title='bbox 3832 1839 3913 1893; x_wconf 81' lang='lat' dir='ltr'><strong>Ab</strong></span> 
     </span>
    </p>
   </div>
   <div class='ocr_carea' id='block_1_34' title="bbox 655 1927 2232 2000">
    <p class='ocr_par' dir='ltr' id='par_1_34' title="bbox 655 1927 2232 2000">
     <span class='ocr_line' id='line_1_34' title="bbox 655 1927 2232 2000; baseline 0 -15"><span class='ocrx_word' id='word_1_234' title='bbox 655 1944 773 1985; x_wconf 89' lang='lat' dir='ltr'><strong>mus</strong></span> <span class='ocrx_word' id='word_1_235' title='bbox 801 1944 960 2000; x_wconf 92' lang='lat' dir='ltr'><strong>quam</strong></span> <span class='ocrx_word' id='word_1_236' title='bbox 989 1928 1113 1999; x_wconf 89' lang='lat' dir='ltr'><strong>quid</strong></span> <span class='ocrx_word' id='word_1_237' title='bbox 1152 1942 1256 1981; x_wconf 93' lang='lat' dir='ltr'><strong>non</strong></span> <span class='ocrx_word' id='word_1_238' title='bbox 1289 1927 1580 1983; x_wconf 89' lang='lat' dir='ltr'><strong>habeamus</strong></span> <span class='ocrx_word' id='word_1_239' title='bbox 1631 1929 1891 1983; x_wconf 92' lang='lat' dir='ltr'><strong>ausculta.</strong></span> <span class='ocrx_word' id='word_1_240' title='bbox 1943 1930 2080 1985; x_wconf 81' lang='lat' dir='ltr'><strong>Iluic</strong></span> <span class='ocrx_word' id='word_1_241' title='bbox 2138 1931 2232 1985; x_wconf 88' lang='lat' dir='ltr'><strong>ba-</strong></span> 
     </span>
    </p>
   </div>
   <div class='ocr_carea' id='block_1_35' title="bbox 653 2016 2228 2092">
    <p class='ocr_par' dir='ltr' id='par_1_35' title="bbox 653 2016 2228 2092">
     <span class='ocr_line' id='line_1_35' title="bbox 653 2016 2228 2092; baseline 0.001 -18"><span class='ocrx_word' id='word_1_242' title='bbox 653 2019 818 2075; x_wconf 64' lang='lat' dir='ltr'><strong>silicae</strong></span> <span class='ocrx_word' id='word_1_243' title='bbox 860 2017 1125 2089; x_wconf 81' lang='lat' dir='ltr'><strong>appendix</strong></span> <span class='ocrx_word' id='word_1_244' title='bbox 1164 2018 1366 2087; x_wconf 88' lang='lat' dir='ltr'><strong>piscina</strong></span> <span class='ocrx_word' id='word_1_245' title='bbox 1410 2016 1730 2086; x_wconf 88' lang='lat' dir='ltr'><strong>forinsecus,</strong></span> <span class='ocrx_word' id='word_1_246' title='bbox 1781 2035 1873 2075; x_wconf 91' lang='lat' dir='ltr'><strong>seu</strong></span> <span class='ocrx_word' id='word_1_247' title='bbox 1921 2020 1965 2075; x_wconf 90' lang='lat' dir='ltr'><strong>si</strong></span> <span class='ocrx_word' id='word_1_248' title='bbox 2007 2023 2228 2092; x_wconf 61' lang='lat' dir='ltr'><strong>graecari</strong></span> 
     </span>
    </p>
   </div>
   <div class='ocr_carea' id='block_1_36' title="bbox 653 2109 2230 2183">
    <p class='ocr_par' dir='ltr' id='par_1_36' title="bbox 653 2109 2230 2183">
     <span class='ocr_line' id='line_1_36' title="bbox 653 2109 2230 2183; baseline 0.004 -20"><span class='ocrx_word' id='word_1_249' title='bbox 653 2111 853 2177; x_wconf 90' lang='lat' dir='ltr'><strong>mavis,</strong></span> <span class='ocrx_word' id='word_1_250' title='bbox 904 2109 1271 2178; x_wconf 84' lang='lat' dir='ltr'><strong>baptisterium</strong></span> <span class='ocrx_word' id='word_1_251' title='bbox 1315 2109 1379 2163; x_wconf 91' lang='lat' dir='ltr'><strong>ab</strong></span> <span class='ocrx_word' id='word_1_252' title='bbox 1416 2109 1633 2165; x_wconf 91' lang='lat' dir='ltr'><strong>Oriente</strong></span> <span class='ocrx_word' id='word_1_253' title='bbox 1676 2111 2037 2178; x_wconf 86' lang='lat' dir='ltr'><strong>connectitur,</strong></span> <span class='ocrx_word' id='word_1_254' title='bbox 2088 2114 2230 2183; x_wconf 81' lang='lat' dir='ltr'><strong>quod</strong></span> 
     </span>
    </p>
   </div>
   <div class='ocr_carea' id='block_1_37' title="bbox 650 2198 2233 2272">
    <p class='ocr_par' dir='ltr' id='par_1_37' title="bbox 650 2198 2233 2272">
     <span class='ocr_line' id='line_1_37' title="bbox 650 2198 2233 2272; baseline 0.003 -16"><span class='ocrx_word' id='word_1_255' title='bbox 650 2201 834 2272; x_wconf 86' lang='lat' dir='ltr'><strong>viginti</strong></span> <span class='ocrx_word' id='word_1_256' title='bbox 873 2200 1087 2256; x_wconf 90' lang='lat' dir='ltr'><strong>circiter</strong></span> <span class='ocrx_word' id='word_1_257' title='bbox 1116 2198 1412 2255; x_wconf 91' lang='lat' dir='ltr'><strong>modiorum</strong></span> <span class='ocrx_word' id='word_1_258' title='bbox 1456 2201 1621 2256; x_wconf 90' lang='lat' dir='ltr'><strong>millia</strong></span> <span class='ocrx_word' id='word_1_259' title='bbox 1660 2202 1818 2271; x_wconf 83' lang='lat' dir='ltr'><strong>capit.</strong></span> <span class='ocrx_word' id='word_1_260' title='bbox 1869 2203 1983 2259; x_wconf 82' lang='lat' dir='ltr'><strong>Huc</strong></span> <span class='ocrx_word' id='word_1_261' title='bbox 2012 2205 2167 2259; x_wconf 88' lang='lat' dir='ltr'><strong>elutis</strong></span> <span class='ocrx_word' id='word_1_262' title='bbox 2203 2220 2233 2261; x_wconf 90' lang='lat' dir='ltr'><strong>c</strong></span> 
     </span>
    </p>
   </div>
   <div class='ocr_carea' id='block_1_38' title="bbox 652 2292 2232 2368">
    <p class='ocr_par' dir='ltr' id='par_1_38' title="bbox 652 2292 2232 2368">
     <span class='ocr_line' id='line_1_38' title="bbox 652 2292 2232 2368; baseline 0.001 -17"><span class='ocrx_word' id='word_1_263' title='bbox 652 2294 828 2351; x_wconf 92' lang='lat' dir='ltr'><strong>calore</strong></span> <span class='ocrx_word' id='word_1_264' title='bbox 864 2292 1198 2351; x_wconf 90' lang='lat' dir='ltr'><strong>venientibus</strong></span> <span class='ocrx_word' id='word_1_265' title='bbox 1238 2292 1432 2362; x_wconf 87' lang='lat' dir='ltr'><strong>triplex</strong></span> <span class='ocrx_word' id='word_1_266' title='bbox 1477 2293 1633 2349; x_wconf 90' lang='lat' dir='ltr'><strong>medii</strong></span> <span class='ocrx_word' id='word_1_267' title='bbox 1665 2295 1887 2363; x_wconf 89' lang='lat' dir='ltr'><strong>parietis</strong></span> <span class='ocrx_word' id='word_1_268' title='bbox 1934 2297 2107 2353; x_wconf 89' lang='lat' dir='ltr'><strong>aditus</strong></span> <span class='ocrx_word' id='word_1_269' title='bbox 2138 2314 2232 2368; x_wconf 90' lang='lat' dir='ltr'><strong>per</strong></span> 
     </span>
    </p>
   </div>
   <div class='ocr_carea' id='block_1_39' title="bbox 652 2470 2226 2539">
    <p class='ocr_par' dir='ltr' id='par_1_39' title="bbox 652 2470 2226 2539">
     <span class='ocr_line' id='line_1_39' title="bbox 652 2470 2226 2539; baseline -0.001 -9"><span class='ocrx_word' id='word_1_270' title='bbox 652 2475 765 2531; x_wconf 86' lang='lat' dir='ltr'><strong>risu</strong></span> <span class='ocrx_word' id='word_1_271' title='bbox 792 2473 1009 2539; x_wconf 91' lang='lat' dir='ltr'><strong>mortui,</strong></span> <span class='ocrx_word' id='word_1_272' title='bbox 1042 2480 1102 2528; x_wconf 89' lang='lat' dir='ltr'><strong>ut</strong></span> <span class='ocrx_word' id='word_1_273' title='bbox 1135 2470 1303 2528; x_wconf 84' lang='lat' dir='ltr'><strong>refert</strong></span> <span class='ocrx_word' id='word_1_274' title='bbox 1328 2470 1538 2527; x_wconf 91' lang='lat' dir='ltr'><strong>Suidas.</strong></span> <span class='ocrx_word' id='word_1_275' title='bbox 1572 2472 1831 2527; x_wconf 85' lang='lat' dir='ltr'><strong>Eusebius</strong></span> <span class='ocrx_word' id='word_1_276' title='bbox 1875 2473 1925 2526; x_wconf 91' lang='lat' dir='ltr'><strong>in</strong></span> <span class='ocrx_word' id='word_1_277' title='bbox 1960 2472 2226 2529; x_wconf 84' lang='lat' dir='ltr'><strong>Chronico</strong></span> 
     </span>
    </p>
   </div>
   <div class='ocr_carea' id='block_1_40' title="bbox 657 2543 2231 2616">
    <p class='ocr_par' dir='ltr' id='par_1_40' title="bbox 657 2543 2231 2616">
     <span class='ocr_line' id='line_1_40' title="bbox 657 2543 2231 2616; baseline -0.001 -15"><span class='ocrx_word' id='word_1_278' title='bbox 657 2546 758 2601; x_wconf 82' lang='lat' dir='ltr'><strong>sub</strong></span> <span class='ocrx_word' id='word_1_279' title='bbox 785 2546 1021 2612; x_wconf 88' lang='lat' dir='ltr'><strong>Tiberio,</strong></span> <span class='ocrx_word' id='word_1_280' title='bbox 1065 2544 1316 2616; x_wconf 60' lang='lat' dir='ltr'><strong>Philistio</strong></span> <span class='ocrx_word' id='word_1_281' title='bbox 1351 2543 1734 2616; x_wconf 76' lang='lat' dir='ltr'><strong>mimographus</strong></span> <span class='ocrx_word' id='word_1_282' title='bbox 1778 2544 1983 2616; x_wconf 84' lang='lat' dir='ltr'><strong>natione</strong></span> <span class='ocrx_word' id='word_1_283' title='bbox 2014 2544 2231 2616; x_wconf 81' lang='lat' dir='ltr'><strong>Magne-</strong></span> 
     </span>
    </p>
   </div>
   <div class='ocr_carea' id='block_1_41' title="bbox 655 2613 2229 2681">
    <p class='ocr_par' dir='ltr' id='par_1_41' title="bbox 655 2613 2229 2681">
     <span class='ocr_line' id='line_1_41' title="bbox 655 2613 2229 2681; baseline 0 -11"><span class='ocrx_word' id='word_1_284' title='bbox 655 2618 852 2681; x_wconf 81' lang='lat' dir='ltr'><strong>sianus,</strong></span> <span class='ocrx_word' id='word_1_285' title='bbox 881 2616 1056 2671; x_wconf 59' lang='lat' dir='ltr'><strong>Romae</strong></span> <span class='ocrx_word' id='word_1_286' title='bbox 1082 2614 1254 2668; x_wconf 79' lang='lat' dir='ltr'><strong>clarus</strong></span> <span class='ocrx_word' id='word_1_287' title='bbox 1296 2613 1523 2667; x_wconf 78' lang='lat' dir='ltr'><strong>habetur.</strong></span> <span class='ocrx_word' id='word_1_288' title='bbox 1568 2613 1845 2668; x_wconf 82' lang='lat' dir='ltr'><strong>Mitnorum</strong></span> <span class='ocrx_word' id='word_1_289' title='bbox 1893 2613 2229 2670; x_wconf 77' lang='lat' dir='ltr'><strong>inventorem</strong></span> 
     </span>
    </p>
   </div>
   <div class='ocr_carea' id='block_1_42' title="bbox 658 2683 2231 2754">
    <p class='ocr_par' dir='ltr' id='par_1_42' title="bbox 658 2683 2231 2754">
     <span class='ocr_line' id='line_1_42' title="bbox 658 2683 2231 2754; baseline 0.001 -14"><span class='ocrx_word' id='word_1_290' title='bbox 658 2685 1141 2741; x_wconf 82' lang='lat' dir='ltr'><strong>facitCassiodorus</strong></span> <span class='ocrx_word' id='word_1_291' title='bbox 1166 2685 1257 2754; x_wconf 87' lang='lat' dir='ltr'><strong>lib.</strong></span> <span class='ocrx_word' id='word_1_292' title='bbox 1276 2700 1361 2754; x_wconf 75' lang='lat' dir='ltr'><strong>xtv</strong></span> <span class='ocrx_word' id='word_1_293' title='bbox 1382 2683 1655 2738; x_wconf 85' lang='lat' dir='ltr'><strong>Variarum</strong></span> <span class='ocrx_word' id='word_1_294' title='bbox 1680 2686 1883 2754; x_wconf 48' lang='lat' dir='ltr'><strong>ultima.</strong></span> <span class='ocrx_word' id='word_1_295' title='bbox 1908 2685 2231 2754; x_wconf 82' lang='lat' dir='ltr'><strong>Epiphanius</strong></span> 
     </span>
    </p>
   </div>
   <div class='ocr_carea' id='block_1_43' title="bbox 658 2750 2225 2828">
    <p class='ocr_par' dir='ltr' id='par_1_43' title="bbox 658 2750 2225 2828">
     <span class='ocr_line' id='line_1_43' title="bbox 658 2750 2225 2828; baseline -0.001 -17"><span class='ocrx_word' id='word_1_296' title='bbox 658 2757 724 2811; x_wconf 90' lang='lat' dir='ltr'><strong>de</strong></span> <span class='ocrx_word' id='word_1_297' title='bbox 751 2757 1053 2828; x_wconf 77' lang='lat' dir='ltr'><strong>Manichzeis</strong></span> <span class='ocrx_word' id='word_1_298' title='bbox 1081 2771 1094 2809; x_wconf 87' lang='lat'><strong>:</strong></span> <span class='ocrx_word' id='word_1_299' title='bbox 1118 2755 1191 2809; x_wconf 84' lang='grc' dir='ltr'><strong>Τὰ</strong></span> <span class='ocrx_word' id='word_1_300' title='bbox 1216 2753 1271 2828; x_wconf 71' lang='grc' dir='ltr'><strong>δὲ</strong></span> <span class='ocrx_word' id='word_1_301' title='bbox 1296 2752 1420 2810; x_wconf 73' lang='grc' dir='ltr'>ἄλλα</span> <span class='ocrx_word' id='word_1_302' title='bbox 1450 2757 1609 2828; x_wconf 64' lang='grc' dir='ltr'><strong>εἰπεῖν</strong></span> <span class='ocrx_word' id='word_1_303' title='bbox 1635 2760 1711 2816; x_wconf 81' lang='grc' dir='ltr'><strong>τίς</strong></span> <span class='ocrx_word' id='word_1_304' title='bbox 1741 2758 1827 2809; x_wconf 80' lang='grc' dir='ltr'><strong>οὐκ</strong></span> <span class='ocrx_word' id='word_1_305' title='bbox 1858 2750 1917 2809; x_wconf 80' lang='grc' dir='ltr'>ἂν</span> <span class='ocrx_word' id='word_1_306' title='bbox 1942 2750 2225 2828; x_wconf 51' lang='grc' dir='ltr'><strong>ᾇεῖκάσςιεῆ</strong></span> 
     </span>
    </p>
   </div>
   <div class='ocr_carea' id='block_1_44' title="bbox 659 2822 2230 2901">
    <p class='ocr_par' dir='ltr' id='par_1_44' title="bbox 659 2822 2230 2901">
     <span class='ocr_line' id='line_1_44' title="bbox 659 2822 2230 2901; baseline 0 -20"><span class='ocrx_word' id='word_1_307' title='bbox 659 2832 726 2888; x_wconf 79' lang='grc' dir='ltr'><strong>ὡς</strong></span> <span class='ocrx_word' id='word_1_308' title='bbox 753 2830 902 2899; x_wconf 81' lang='grc' dir='ltr'>τάχα</span> <span class='ocrx_word' id='word_1_309' title='bbox 930 2826 994 2883; x_wconf 79' lang='grc' dir='ltr'>τὰ</span> <span class='ocrx_word' id='word_1_310' title='bbox 1030 2833 1120 2880; x_wconf 82' lang='grc' dir='ltr'><strong>τοῦ</strong></span> <span class='ocrx_word' id='word_1_311' title='bbox 1157 2827 1477 2901; x_wconf 57' lang='grc' dir='ltr'><strong>Φιλιστίωνος</strong></span> <span class='ocrx_word' id='word_1_312' title='bbox 1515 2822 1635 2880; x_wconf 74' lang='grc' dir='ltr'><strong>εἶναι</strong></span> <span class='ocrx_word' id='word_1_313' title='bbox 1666 2822 2052 2901; x_wconf 70' lang='grc' dir='ltr'><strong>ἁναγκαίοτέρα,</strong></span> <span class='ocrx_word' id='word_1_314' title='bbox 2096 2827 2126 2887; x_wconf 77' lang='grc' dir='ltr'><em>ἧ</em></span> <span class='ocrx_word' id='word_1_315' title='bbox 2165 2831 2230 2882; x_wconf 80' lang='grc' dir='ltr'><strong>τὰ</strong></span> 
     </span>
    </p>
   </div>
   <div class='ocr_carea' id='block_1_45' title="bbox 658 2896 2232 2969">
    <p class='ocr_par' dir='ltr' id='par_1_45' title="bbox 658 2896 2232 2969">
     <span class='ocr_line' id='line_1_45' title="bbox 658 2896 2232 2969; baseline -0.001 -16"><span class='ocrx_word' id='word_1_316' title='bbox 658 2896 1187 2969; x_wconf 32' lang='grc' dir='ltr'><strong>τούτούνμυθολργίας.</strong></span> <span class='ocrx_word' id='word_1_317' title='bbox 1218 2896 1410 2969; x_wconf 72' lang='lat' dir='ltr'><strong>Caetera</strong></span> <span class='ocrx_word' id='word_1_318' title='bbox 1433 2896 1806 2969; x_wconf 71' lang='lat' dir='ltr'><strong>sinerisuquis</strong></span> <span class='ocrx_word' id='word_1_319' title='bbox 1843 2896 2232 2969; x_wconf 59' lang='lat' dir='ltr'><strong>commemoret?</strong></span> 
     </span>
    </p>
   </div>
   <div class='ocr_carea' id='block_1_46' title="bbox 660 2967 2230 3035">
    <p class='ocr_par' dir='ltr' id='par_1_46' title="bbox 660 2967 2230 3035">
     <span class='ocr_line' id='line_1_46' title="bbox 660 2967 2230 3035; baseline 0.001 -14"><span class='ocrx_word' id='word_1_320' title='bbox 660 2984 773 3021; x_wconf 87' lang='lat' dir='ltr'><strong>cum</strong></span> <span class='ocrx_word' id='word_1_321' title='bbox 799 2967 1149 3022; x_wconf 85' lang='lat' dir='ltr'><strong>verisimiliora</strong></span> <span class='ocrx_word' id='word_1_322' title='bbox 1178 2967 1400 3033; x_wconf 85' lang='lat' dir='ltr'><strong>quodam</strong></span> <span class='ocrx_word' id='word_1_323' title='bbox 1435 2967 1586 3019; x_wconf 78' lang='lat' dir='ltr'><strong>modo</strong></span> <span class='ocrx_word' id='word_1_324' title='bbox 1608 2967 1893 3034; x_wconf 83' lang='lat' dir='ltr'><strong>uideantur,</strong></span> <span class='ocrx_word' id='word_1_325' title='bbox 1918 2984 2031 3035; x_wconf 81' lang='lat' dir='ltr'><strong>qua:</strong></span> <span class='ocrx_word' id='word_1_326' title='bbox 2057 2967 2230 3022; x_wconf 80' lang='lat' dir='ltr'><strong>Phili—</strong></span> 
     </span>
    </p>
   </div>
   <div class='ocr_carea' id='block_1_47' title="bbox 660 3036 2050 3109">
    <p class='ocr_par' dir='ltr' id='par_1_47' title="bbox 660 3036 2050 3109">
     <span class='ocr_line' id='line_1_47' title="bbox 660 3036 2050 3109; baseline 0 -18"><span class='ocrx_word' id='word_1_327' title='bbox 660 3040 810 3105; x_wconf 84' lang='lat' dir='ltr'><strong>stion,</strong></span> <span class='ocrx_word' id='word_1_328' title='bbox 834 3054 985 3109; x_wconf 88' lang='lat' dir='ltr'><strong>quam</strong></span> <span class='ocrx_word' id='word_1_329' title='bbox 1016 3054 1125 3107; x_wconf 79' lang='lat' dir='ltr'><strong>qua:</strong></span> <span class='ocrx_word' id='word_1_330' title='bbox 1161 3037 1243 3091; x_wconf 83' lang='lat' dir='ltr'><strong>hic</strong></span> <span class='ocrx_word' id='word_1_331' title='bbox 1276 3036 1467 3109; x_wconf 75' lang='lat' dir='ltr'><strong>fabulis</strong></span> <span class='ocrx_word' id='word_1_332' title='bbox 1489 3038 1597 3090; x_wconf 88' lang='lat' dir='ltr'><strong>suis</strong></span> <span class='ocrx_word' id='word_1_333' title='bbox 1625 3047 1933 3092; x_wconf 85' lang='lat' dir='ltr'><strong>commentus</strong></span> <span class='ocrx_word' id='word_1_334' title='bbox 1958 3047 2050 3091; x_wconf 87' lang='lat' dir='ltr'><strong>est.</strong></span> 
     </span>
    </p>
   </div>
   <div class='ocr_carea' id='block_1_48' title="bbox 729 3108 2229 3189">
    <p class='ocr_par' dir='ltr' id='par_1_48' title="bbox 729 3108 2229 3189">
     <span class='ocr_line' id='line_1_48' title="bbox 729 3108 2229 3189; baseline 0.001 -28"><span class='ocrx_word' id='word_1_335' title='bbox 729 3116 756 3145; x_wconf 75' lang='grc' dir='ltr'><strong>ι</strong></span> <span class='ocrx_word' id='word_1_336' title='bbox 797 3111 971 3189; x_wconf 40' lang='grc' dir='ltr'><strong>’Βάτων</strong></span> <span class='ocrx_word' id='word_1_337' title='bbox 1015 3111 1408 3189; x_wconf 58' lang='grc' dir='ltr'><strong>γυμνεισὶαρχος</strong></span> <span class='ocrx_word' id='word_1_338' title='bbox 1456 3108 1509 3161; x_wconf 89' lang='lat' dir='ltr'><strong>in</strong></span> <span class='ocrx_word' id='word_1_339' title='bbox 1531 3109 2229 3189; x_wconf 49' lang='lat' dir='ltr'><strong>_ma_rtnore&quot;Anconitano.</strong></span> 
     </span>
    </p>
   </div>
   <div class='ocr_carea' id='block_1_49' title="bbox 2334 1930 3913 2002">
    <p class='ocr_par' dir='ltr' id='par_1_49' title="bbox 2334 1930 3913 2002">
     <span class='ocr_line' id='line_1_49' title="bbox 2334 1930 3913 2002; baseline -0.002 -15"><span class='ocrx_word' id='word_1_340' title='bbox 2334 1942 2454 1987; x_wconf 89' lang='lat' dir='ltr'><strong>ortu</strong></span> <span class='ocrx_word' id='word_1_341' title='bbox 2478 1934 2649 1988; x_wconf 93' lang='lat' dir='ltr'><strong>lacum</strong></span> <span class='ocrx_word' id='word_1_342' title='bbox 2673 1933 2912 2002; x_wconf 87' lang='lat' dir='ltr'><strong>porticus</strong></span> <span class='ocrx_word' id='word_1_343' title='bbox 2939 1933 3198 1996; x_wconf 89' lang='lat' dir='ltr'><strong>intuetur,</strong></span> <span class='ocrx_word' id='word_1_344' title='bbox 3224 1933 3390 2001; x_wconf 82' lang='lat' dir='ltr'><strong>magis</strong></span> <span class='ocrx_word' id='word_1_345' title='bbox 3413 1940 3437 1977; x_wconf 73' lang='grc' dir='ltr'><em>ε</em></span> <span class='ocrx_word' id='word_1_346' title='bbox 3461 1930 3763 1985; x_wconf 88' lang='lat' dir='ltr'><strong>rotundatis</strong></span> <span class='ocrx_word' id='word_1_347' title='bbox 3784 1930 3913 1984; x_wconf 53' lang='lat' dir='ltr'><strong>fufta</strong></span> 
     </span>
    </p>
   </div>
   <div class='ocr_carea' id='block_1_50' title="bbox 2336 2022 3911 2096">
    <p class='ocr_par' dir='ltr' id='par_1_50' title="bbox 2336 2022 3911 2096">
     <span class='ocr_line' id='line_1_50' title="bbox 2336 2022 3911 2096; baseline -0.004 -15"><span class='ocrx_word' id='word_1_348' title='bbox 2336 2023 2363 2062; x_wconf 67' lang='grc' dir='ltr'><strong>ιι</strong></span> <span class='ocrx_word' id='word_1_349' title='bbox 2386 2025 2653 2096; x_wconf 82' lang='lat' dir='ltr'><strong>collyriis,</strong></span> <span class='ocrx_word' id='word_1_350' title='bbox 2699 2040 2856 2095; x_wconf 87' lang='lat' dir='ltr'><strong>quam</strong></span> <span class='ocrx_word' id='word_1_351' title='bbox 2894 2025 2909 2061; x_wconf 81' lang='grc' dir='ltr'>ί</span> <span class='ocrx_word' id='word_1_352' title='bbox 2944 2024 3206 2079; x_wconf 88' lang='lat' dir='ltr'><strong>columnis</strong></span> <span class='ocrx_word' id='word_1_353' title='bbox 3239 2022 3496 2078; x_wconf 87' lang='lat' dir='ltr'><strong>invidiosa</strong></span> <span class='ocrx_word' id='word_1_354' title='bbox 3529 2022 3911 2085; x_wconf 89' lang='lat' dir='ltr'><strong>monubilibus.</strong></span> 
     </span>
    </p>
   </div>
   <div class='ocr_carea' id='block_1_51' title="bbox 2335 2116 3912 2187">
    <p class='ocr_par' dir='ltr' id='par_1_51' title="bbox 2335 2116 3912 2187">
     <span class='ocr_line' id='line_1_51' title="bbox 2335 2116 3912 2187; baseline -0.003 -15"><span class='ocrx_word' id='word_1_355' title='bbox 2335 2118 2379 2172; x_wconf 86' lang='lat' dir='ltr'><strong>A</strong></span> <span class='ocrx_word' id='word_1_356' title='bbox 2426 2127 2574 2187; x_wconf 89' lang='lat' dir='ltr'><strong>parte</strong></span> <span class='ocrx_word' id='word_1_357' title='bbox 2618 2117 2866 2172; x_wconf 91' lang='lat' dir='ltr'><strong>vestibuli</strong></span> <span class='ocrx_word' id='word_1_358' title='bbox 2907 2116 3181 2186; x_wconf 89' lang='lat' dir='ltr'><strong>longitudo</strong></span> <span class='ocrx_word' id='word_1_359' title='bbox 3226 2119 3239 2165; x_wconf 84' lang='lat' dir='ltr'><strong>l</strong></span> <span class='ocrx_word' id='word_1_360' title='bbox 3275 2123 3422 2171; x_wconf 78' lang='lat' dir='ltr'><strong>tecta</strong></span> <span class='ocrx_word' id='word_1_361' title='bbox 3470 2116 3695 2171; x_wconf 87' lang='lat' dir='ltr'><strong>interius</strong></span> <span class='ocrx_word' id='word_1_362' title='bbox 3734 2124 3912 2185; x_wconf 90' lang='lat' dir='ltr'><strong>patet,</strong></span> 
     </span>
    </p>
   </div>
   <div class='ocr_carea' id='block_1_52' title="bbox 2335 2199 3914 2280">
    <p class='ocr_par' dir='ltr' id='par_1_52' title="bbox 2335 2199 3914 2280">
     <span class='ocr_line' id='line_1_52' title="bbox 2335 2199 3914 2280; baseline -0.002 -14"><span class='ocrx_word' id='word_1_363' title='bbox 2335 2210 2525 2267; x_wconf 89' lang='lat' dir='ltr'><strong>mediis</strong></span> <span class='ocrx_word' id='word_1_364' title='bbox 2556 2226 2659 2264; x_wconf 90' lang='lat' dir='ltr'><strong>non</strong></span> <span class='ocrx_word' id='word_1_365' title='bbox 2704 2210 3036 2280; x_wconf 83' lang='lat' dir='ltr'><strong>interpellata</strong></span> <span class='ocrx_word' id='word_1_366' title='bbox 3078 2210 3372 2278; x_wconf 82' lang='lat' dir='ltr'><strong>parietibus</strong></span> <span class='ocrx_word' id='word_1_367' title='bbox 3398 2199 3430 2261; x_wconf 77' lang='grc' dir='ltr'>ἐ</span> <span class='ocrx_word' id='word_1_368' title='bbox 3462 2224 3581 2279; x_wconf 64' lang='lat' dir='ltr'><strong>quae</strong></span> <span class='ocrx_word' id='word_1_369' title='bbox 3624 2208 3753 2278; x_wconf 81' lang='lat' dir='ltr'><strong>quia</strong></span> <span class='ocrx_word' id='word_1_370' title='bbox 3783 2207 3914 2263; x_wconf 88' lang='lat' dir='ltr'><strong>nihil</strong></span> 
     </span>
    </p>
   </div>
   <div class='ocr_carea' id='block_1_53' title="bbox 2334 2287 4012 2373">
    <p class='ocr_par' dir='ltr' id='par_1_53' title="bbox 2334 2287 4012 2373">
     <span class='ocr_line' id='line_1_53' title="bbox 2334 2287 4012 2373; baseline 0.001 -17"><span class='ocrx_word' id='word_1_371' title='bbox 2334 2287 2449 2373; x_wconf 72' lang='lat' dir='ltr'><strong>ipsa</strong></span> <span class='ocrx_word' id='word_1_372' title='bbox 2483 2310 2810 2373; x_wconf 85' lang='lat' dir='ltr'><strong>prospectat,</strong></span> <span class='ocrx_word' id='word_1_373' title='bbox 2834 2311 2892 2358; x_wconf 87' lang='lat' dir='ltr'><strong>et</strong></span> <span class='ocrx_word' id='word_1_374' title='bbox 2917 2301 2942 2339; x_wconf 66' lang='grc' dir='ltr'><strong><em>κ</em></strong></span> <span class='ocrx_word' id='word_1_375' title='bbox 2975 2304 3021 2357; x_wconf 93' lang='lat' dir='ltr'><strong>si</strong></span> <span class='ocrx_word' id='word_1_376' title='bbox 3045 2317 3150 2357; x_wconf 92' lang='lat' dir='ltr'><strong>non</strong></span> <span class='ocrx_word' id='word_1_377' title='bbox 3176 2300 3564 2373; x_wconf 83' lang='lat' dir='ltr'><strong>hypodromus,</strong></span> <span class='ocrx_word' id='word_1_378' title='bbox 3590 2300 3767 2356; x_wconf 85' lang='lat' dir='ltr'><strong>saltim</strong></span> <span class='ocrx_word' id='word_1_379' title='bbox 3794 2315 3915 2371; x_wconf 81' lang='lat' dir='ltr'><strong>cry-</strong></span> <span class='ocrx_word' id='word_1_380' title='bbox 4006 2310 4012 2315; x_wconf 88' lang='lat'>&#39;</span> 
     </span>
    </p>
   </div>
   <div class='ocr_carea' id='block_1_54' title="bbox 2332 2476 3915 2550">
    <p class='ocr_par' dir='ltr' id='par_1_54' title="bbox 2332 2476 3915 2550">
     <span class='ocr_line' id='line_1_54' title="bbox 2332 2476 3915 2550; baseline -0.001 -18"><span class='ocrx_word' id='word_1_381' title='bbox 2332 2492 2362 2550; x_wconf 68' lang='lat' dir='ltr'><strong>e</strong></span> <span class='ocrx_word' id='word_1_382' title='bbox 2389 2477 2715 2550; x_wconf 70' lang='lat' dir='ltr'><strong>Callimacho</strong></span> <span class='ocrx_word' id='word_1_383' title='bbox 2742 2478 2908 2550; x_wconf 65' lang='grc' dir='ltr'><strong>κοίλην</strong></span> <span class='ocrx_word' id='word_1_384' title='bbox 2947 2479 3255 2548; x_wconf 77' lang='grc' dir='ltr'><strong>κεκαμμένην</strong></span> <span class='ocrx_word' id='word_1_385' title='bbox 3286 2476 3316 2550; x_wconf 70' lang='grc' dir='ltr'><em>ᾖ</em></span> <span class='ocrx_word' id='word_1_386' title='bbox 3354 2477 3669 2550; x_wconf 60' lang='grc' dir='ltr'><strong>στρᾳγγῦλην</strong></span> <span class='ocrx_word' id='word_1_387' title='bbox 3701 2492 3712 2526; x_wconf 84' lang='lat'><strong>:</strong></span> <span class='ocrx_word' id='word_1_388' title='bbox 3748 2484 3805 2550; x_wconf 63' lang='lat' dir='ltr'><strong>et</strong></span> <span class='ocrx_word' id='word_1_389' title='bbox 3827 2498 3915 2530; x_wconf 78' lang='grc' dir='ltr'><strong>κο-</strong></span> 
     </span>
    </p>
   </div>
   <div class='ocr_carea' id='block_1_55' title="bbox 2334 2546 3916 2629">
    <p class='ocr_par' dir='ltr' id='par_1_55' title="bbox 2334 2546 3916 2629">
     <span class='ocr_line' id='line_1_55' title="bbox 2334 2546 3916 2629; baseline -0.001 -27"><span class='ocrx_word' id='word_1_390' title='bbox 2334 2549 2538 2626; x_wconf 74' lang='grc' dir='ltr'><strong>λονρὶαν</strong></span> <span class='ocrx_word' id='word_1_391' title='bbox 2590 2549 2887 2629; x_wconf 76' lang='lat' dir='ltr'><strong>Hesychius</strong></span> <span class='ocrx_word' id='word_1_392' title='bbox 2931 2546 3249 2629; x_wconf 41' lang='grc' dir='ltr'><strong>ἁποτόιζιίανλ</strong></span> <span class='ocrx_word' id='word_1_393' title='bbox 3280 2546 3391 2629; x_wconf 48' lang='grc' dir='ltr'><strong>ΡΜ.</strong></span> <span class='ocrx_word' id='word_1_394' title='bbox 3424 2546 3661 2629; x_wconf 35' lang='lat' dir='ltr'><strong>&#39;pil&#39;arnim</strong></span> <span class='ocrx_word' id='word_1_395' title='bbox 3685 2546 3916 2629; x_wconf 38' lang='lat' dir='ltr'><strong>colum.</strong></span> 
     </span>
    </p>
   </div>
   <div class='ocr_carea' id='block_1_56' title="bbox 2333 2615 3915 2743">
    <p class='ocr_par' dir='ltr' id='par_1_56' title="bbox 2333 2615 3915 2743">
     <span class='ocr_line' id='line_1_56' title="bbox 2333 2615 3915 2743; baseline 0 -71"><span class='ocrx_word' id='word_1_396' title='bbox 2333 2615 2662 2743; x_wconf 61' lang='lat' dir='ltr'><strong>tltar&#39;umque,</strong></span> <span class='ocrx_word' id='word_1_397' title='bbox 2699 2615 2800 2674; x_wconf 63' lang='lat' dir='ltr'><strong>&#39;sed</strong></span> <span class='ocrx_word' id='word_1_398' title='bbox 2839 2615 3105 2673; x_wconf 79' lang='lat' dir='ltr'><strong>conversa</strong></span> <span class='ocrx_word' id='word_1_399' title='bbox 3140 2617 3421 2672; x_wconf 86' lang='lat' dir='ltr'><strong>antithesis</strong></span> <span class='ocrx_word' id='word_1_400' title='bbox 3468 2616 3639 2671; x_wconf 85' lang='lat' dir='ltr'><strong>Natali</strong></span> <span class='ocrx_word' id='word_1_401' title='bbox 3679 2616 3745 2671; x_wconf 82' lang='grc'>10</span> <span class='ocrx_word' id='word_1_402' title='bbox 3772 2615 3915 2672; x_wconf 79' lang='lat' dir='ltr'><strong>Pau-</strong></span> 
     </span>
     <span class='ocr_line' id='line_1_57' title="bbox 2357 2704 2474 2743; baseline 0 0"><span class='ocrx_word' id='word_1_403' title='bbox 2357 2704 2425 2743; x_wconf 88' lang='lat' dir='ltr'><strong>tm</strong></span> <span class='ocrx_word' id='word_1_404' title='bbox 2457 2706 2474 2743; x_wconf 90' lang='lat'><strong>:</strong></span> 
     </span>
    </p>
   </div>
   <div class='ocr_carea' id='block_1_57' title="bbox 2454 2776 3667 2840">
    <p class='ocr_par' dir='ltr' id='par_1_57' title="bbox 2454 2776 3667 2840">
     <span class='ocr_line' id='line_1_58' title="bbox 2454 2776 3667 2840; baseline -0.002 -11"><span class='ocrx_word' id='word_1_405' title='bbox 2454 2781 2575 2830; x_wconf 88' lang='lat' dir='ltr'><strong>Nam</strong></span> <span class='ocrx_word' id='word_1_406' title='bbox 2598 2786 2836 2830; x_wconf 89' lang='lat' dir='ltr'><strong>steterant</strong></span> <span class='ocrx_word' id='word_1_407' title='bbox 2853 2786 2987 2829; x_wconf 84' lang='lat' dir='ltr'><strong>vasto</strong></span> <span class='ocrx_word' id='word_1_408' title='bbox 3004 2779 3302 2829; x_wconf 74' lang='lat' dir='ltr'><strong>deformibus</strong></span> <span class='ocrx_word' id='word_1_409' title='bbox 3323 2780 3518 2839; x_wconf 82' lang='lat' dir='ltr'><strong>agmine</strong></span> <span class='ocrx_word' id='word_1_410' title='bbox 3538 2776 3667 2840; x_wconf 77' lang='lat' dir='ltr'><strong>pilis.</strong></span> 
     </span>
    </p>
   </div>
   <div class='ocr_carea' id='block_1_58' title="bbox 2458 2840 3667 2892">
    <p class='ocr_par' dir='ltr' id='par_1_58' title="bbox 2458 2840 3667 2892">
     <span class='ocr_line' id='line_1_59' title="bbox 2458 2840 3667 2892; baseline -0.002 -1"><span class='ocrx_word' id='word_1_411' title='bbox 2458 2842 2595 2892; x_wconf 87' lang='lat' dir='ltr'><strong>Nunc</strong></span> <span class='ocrx_word' id='word_1_412' title='bbox 2613 2842 2818 2891; x_wconf 87' lang='lat' dir='ltr'><strong>meliore</strong></span> <span class='ocrx_word' id='word_1_413' title='bbox 2837 2843 2963 2891; x_wconf 87' lang='lat' dir='ltr'><strong>datis</strong></span> <span class='ocrx_word' id='word_1_414' title='bbox 2982 2847 3156 2889; x_wconf 81' lang='lat' dir='ltr'><strong>eadem</strong></span> <span class='ocrx_word' id='word_1_415' title='bbox 3174 2842 3281 2889; x_wconf 88' lang='lat' dir='ltr'><strong>vice</strong></span> <span class='ocrx_word' id='word_1_416' title='bbox 3299 2840 3414 2889; x_wconf 87' lang='lat' dir='ltr'><strong>fulta</strong></span> <span class='ocrx_word' id='word_1_417' title='bbox 3431 2841 3667 2890; x_wconf 87' lang='lat' dir='ltr'><strong>columnis</strong></span> 
     </span>
    </p>
   </div>
   <div class='ocr_carea' id='block_1_59' title="bbox 2454 2902 3571 2967">
    <p class='ocr_par' dir='ltr' id='par_1_59' title="bbox 2454 2902 3571 2967">
     <span class='ocr_line' id='line_1_60' title="bbox 2454 2902 3571 2967; baseline -0.002 -13"><span class='ocrx_word' id='word_1_418' title='bbox 2454 2903 2516 2954; x_wconf 87' lang='lat' dir='ltr'><strong>Et</strong></span> <span class='ocrx_word' id='word_1_419' title='bbox 2539 2906 2680 2967; x_wconf 87' lang='lat' dir='ltr'><strong>spatii</strong></span> <span class='ocrx_word' id='word_1_420' title='bbox 2699 2915 2881 2966; x_wconf 83' lang='lat' dir='ltr'><strong>cepere</strong></span> <span class='ocrx_word' id='word_1_421' title='bbox 2908 2910 2959 2953; x_wconf 91' lang='lat' dir='ltr'><strong>et</strong></span> <span class='ocrx_word' id='word_1_422' title='bbox 2981 2902 3175 2951; x_wconf 89' lang='lat' dir='ltr'><strong>luminis</strong></span> <span class='ocrx_word' id='word_1_423' title='bbox 3201 2904 3571 2952; x_wconf 89' lang='lat' dir='ltr'><strong>incrementum.</strong></span> 
     </span>
    </p>
   </div>
   <div class='ocr_carea' id='block_1_60' title="bbox 2407 3030 2711 3085">
    <p class='ocr_par' dir='ltr' id='par_1_60' title="bbox 2407 3030 2711 3085">
     <span class='ocr_line' id='line_1_61' title="bbox 2407 3030 2711 3085; baseline 0 0"><span class='ocrx_word' id='word_1_424' title='bbox 2407 3030 2433 3069; x_wconf 67' lang='grc' dir='ltr'>δ</span> <span class='ocrx_word' id='word_1_425' title='bbox 2468 3030 2711 3085; x_wconf 83' lang='lat' dir='ltr'><strong>Coluriis.</strong></span> 
     </span>
    </p>
   </div>
   <div class='ocr_carea' id='block_1_61' title="bbox 2418 3030 3915 3171">
    <p class='ocr_par' dir='ltr' id='par_1_61' title="bbox 2418 3030 3915 3171">
     <span class='ocr_line' id='line_1_62' title="bbox 2418 3033 2711 3085; baseline 0.007 -2"><span class='ocrx_word' id='word_1_426' title='bbox 2418 3033 2433 3069; x_wconf 65' lang='grc' dir='ltr'>ΐι</span> <span class='ocrx_word' id='word_1_427' title='bbox 2580 3051 2593 3083; x_wconf 86' lang='grc' dir='ltr'><strong>ι</strong></span> <span class='ocrx_word' id='word_1_428' title='bbox 2632 3033 2663 3084; x_wconf 80' lang='grc' dir='ltr'><strong>’ἱ</strong></span> <span class='ocrx_word' id='word_1_429' title='bbox 2698 3071 2711 3085; x_wconf 92' lang='grc'><strong>.</strong></span> 
     </span>
     <span class='ocr_line' id='line_1_63' title="bbox 2418 3030 3915 3171; baseline 0.001 -14"><span class='ocrx_word' id='word_1_430' title='bbox 2418 3102 2433 3140; x_wconf 78' lang='grc' dir='ltr'><strong>ί</strong></span> <span class='ocrx_word' id='word_1_431' title='bbox 2462 3030 2760 3171; x_wconf 44' lang='lat' dir='ltr'><strong>{ﬂgitium</strong></span> <span class='ocrx_word' id='word_1_432' title='bbox 2794 3119 2807 3156; x_wconf 92' lang='lat'><strong>:</strong></span> <span class='ocrx_word' id='word_1_433' title='bbox 2840 3104 3021 3171; x_wconf 87' lang='lat' dir='ltr'><strong>quales</strong></span> <span class='ocrx_word' id='word_1_434' title='bbox 3053 3098 3499 3171; x_wconf 82' lang='lat' dir='ltr'><strong>adhiberisolent</strong></span> <span class='ocrx_word' id='word_1_435' title='bbox 3527 3100 3580 3155; x_wconf 90' lang='lat' dir='ltr'><strong>in</strong></span> <span class='ocrx_word' id='word_1_436' title='bbox 3610 3088 3915 3159; x_wconf 90' lang='lat' dir='ltr'><strong>monimen-</strong></span> 
     </span>
    </p>
   </div>
   <div class='ocr_carea' id='block_1_62' title="bbox 660 3170 3917 3252">
    <p class='ocr_par' dir='ltr' id='par_1_62' title="bbox 660 3170 3917 3252">
     <span class='ocr_line' id='line_1_64' title="bbox 660 3170 3917 3252; baseline 0 -21"><span class='ocrx_word' id='word_1_437' title='bbox 660 3177 734 3252; x_wconf 83' lang='lat' dir='ltr'><strong>De</strong></span> <span class='ocrx_word' id='word_1_438' title='bbox 758 3179 908 3252; x_wconf 80' lang='lat' dir='ltr'><strong>virga</strong></span> <span class='ocrx_word' id='word_1_439' title='bbox 933 3170 1112 3232; x_wconf 79' lang='lat' dir='ltr'><strong>autem</strong></span> <span class='ocrx_word' id='word_1_440' title='bbox 1142 3170 1362 3252; x_wconf 65' lang='lat' dir='ltr'><strong>Servius</strong></span> <span class='ocrx_word' id='word_1_441' title='bbox 1388 3178 1442 3232; x_wconf 90' lang='lat' dir='ltr'><strong>in</strong></span> <span class='ocrx_word' id='word_1_442' title='bbox 1469 3193 1486 3230; x_wconf 85' lang='grc' dir='ltr'><strong>ι</strong></span> <span class='ocrx_word' id='word_1_443' title='bbox 1510 3177 1767 3232; x_wconf 70' lang='grc' dir='ltr'><strong>,Εηθίιιοδ</strong></span> <span class='ocrx_word' id='word_1_444' title='bbox 1798 3195 1814 3252; x_wconf 79' lang='lat'><strong>:_</strong></span> <span class='ocrx_word' id='word_1_445' title='bbox 1833 3178 2103 3252; x_wconf 76' lang='lat' dir='ltr'><strong>Hodieque</strong></span> <span class='ocrx_word' id='word_1_446' title='bbox 2126 3189 2233 3252; x_wconf 79' lang='lat' dir='ltr'><strong>tam</strong></span> <span class='ocrx_word' id='word_1_447' title='bbox 2259 3187 2308 3252; x_wconf 68' lang='grc' dir='ltr'><strong>ρ</strong></span> <span class='ocrx_word' id='word_1_448' title='bbox 2337 3176 2425 3252; x_wconf 61' lang='lat' dir='ltr'><strong>tis.</strong></span> <span class='ocrx_word' id='word_1_449' title='bbox 2458 3170 2754 3252; x_wconf 61' lang='lat' dir='ltr'><strong>Cyprianus</strong></span> <span class='ocrx_word' id='word_1_450' title='bbox 2783 3170 3038 3252; x_wconf 70' lang='lat' dir='ltr'><strong>diaconus</strong></span> <span class='ocrx_word' id='word_1_451' title='bbox 3065 3172 3119 3226; x_wconf 91' lang='lat' dir='ltr'><strong>in</strong></span> <span class='ocrx_word' id='word_1_452' title='bbox 3144 3170 3350 3252; x_wconf 51' lang='lat' dir='ltr'><strong>Vitas,</strong></span> <span class='ocrx_word' id='word_1_453' title='bbox 3380 3170 3593 3252; x_wconf 57' lang='grc' dir='ltr'><strong>(ξιτεδῆί</strong></span> <span class='ocrx_word' id='word_1_454' title='bbox 3618 3171 3709 3226; x_wconf 93' lang='lat' dir='ltr'><strong>lib.</strong></span> <span class='ocrx_word' id='word_1_455' title='bbox 3742 3189 3781 3239; x_wconf 91' lang='grc' dir='ltr'>ι,</span> <span class='ocrx_word' id='word_1_456' title='bbox 3812 3176 3917 3231; x_wconf 90' lang='lat' dir='ltr'><strong>sub</strong></span> 
     </span>
    </p>
   </div>
   <div class='ocr_carea' id='block_1_63' title="bbox 661 3248 2231 3372">
    <p class='ocr_par' dir='ltr' id='par_1_63' title="bbox 661 3248 2231 3372">
     <span class='ocr_line' id='line_1_65' title="bbox 661 3248 2231 3372; baseline -0.001 -70"><span class='ocrx_word' id='word_1_457' title='bbox 661 3248 992 3315; x_wconf 78' lang='lat' dir='ltr'><strong>athletarum,</strong></span> <span class='ocrx_word' id='word_1_458' title='bbox 1026 3265 1182 3372; x_wconf 59' lang='lat' dir='ltr'><strong>gnam</strong></span> <span class='ocrx_word' id='word_1_459' title='bbox 1222 3248 1568 3318; x_wconf 79' lang='lat' dir='ltr'><strong>gladiatorum</strong></span> <span class='ocrx_word' id='word_1_460' title='bbox 1611 3250 1887 3302; x_wconf 80' lang='lat' dir='ltr'><strong>certamina</strong></span> <span class='ocrx_word' id='word_1_461' title='bbox 1921 3249 2062 3319; x_wconf 77' lang='lat' dir='ltr'><strong>virga</strong></span> <span class='ocrx_word' id='word_1_462' title='bbox 2101 3249 2231 3302; x_wconf 87' lang='lat' dir='ltr'><strong>diri-</strong></span> 
     </span>
     <span class='ocr_line' id='line_1_66' title="bbox 662 3317 2231 3372; baseline 0.001 -2"><span class='ocrx_word' id='word_1_463' title='bbox 662 3328 887 3372; x_wconf 86' lang='lat' dir='ltr'><strong>muntur.</strong></span> <span class='ocrx_word' id='word_1_464' title='bbox 952 3317 1022 3372; x_wconf 88' lang='lat' dir='ltr'><strong>Se</strong></span> <span class='ocrx_word' id='word_1_465' title='bbox 1109 3318 1418 3372; x_wconf 80' lang='lat' dir='ltr'><strong>lanistarum</strong></span> <span class='ocrx_word' id='word_1_466' title='bbox 1475 3318 1655 3372; x_wconf 70' lang='lat' dir='ltr'><strong>viras.</strong></span> <span class='ocrx_word' id='word_1_467' title='bbox 1700 3334 1802 3372; x_wconf 86' lang='lat' dir='ltr'><strong>una</strong></span> <span class='ocrx_word' id='word_1_468' title='bbox 1854 3318 2231 3372; x_wconf 69' lang='lat' dir='ltr'><strong>gladiatoribus</strong></span> 
     </span>
    </p>
   </div>
   <div class='ocr_carea' id='block_1_64' title="bbox 662 3317 2236 3388">
    <p class='ocr_par' dir='ltr' id='par_1_64' title="bbox 662 3317 2236 3388">
     <span class='ocr_line' id='line_1_67' title="bbox 662 3317 2236 3388; baseline 0.002 -18"><span class='ocrx_word' id='word_1_469' title='bbox 662 3328 887 3381; x_wconf 85' lang='lat' dir='ltr'><strong>muntur.</strong></span> <span class='ocrx_word' id='word_1_470' title='bbox 952 3317 1057 3373; x_wconf 86' lang='lat' dir='ltr'><strong>Sed</strong></span> <span class='ocrx_word' id='word_1_471' title='bbox 1109 3317 1418 3373; x_wconf 69' lang='lat' dir='ltr'><strong>laniStarum</strong></span> <span class='ocrx_word' id='word_1_472' title='bbox 1475 3318 1655 3387; x_wconf 83' lang='lat' dir='ltr'><strong>virga,</strong></span> <span class='ocrx_word' id='word_1_473' title='bbox 1700 3334 1802 3388; x_wconf 89' lang='lat' dir='ltr'><strong>qua</strong></span> <span class='ocrx_word' id='word_1_474' title='bbox 1854 3317 2236 3388; x_wconf 80' lang='lat' dir='ltr'><strong>gladiatoribus</strong></span> 
     </span>
    </p>
   </div>
   <div class='ocr_carea' id='block_1_65' title="bbox 663 3386 2238 3456">
    <p class='ocr_par' dir='ltr' id='par_1_65' title="bbox 663 3386 2238 3456">
     <span class='ocr_line' id='line_1_68' title="bbox 663 3386 2238 3456; baseline 0.001 -15"><span class='ocrx_word' id='word_1_475' title='bbox 663 3388 879 3443; x_wconf 89' lang='lat' dir='ltr'><strong>modum</strong></span> <span class='ocrx_word' id='word_1_476' title='bbox 918 3388 1261 3454; x_wconf 88' lang='lat' dir='ltr'><strong>adhibebant,</strong></span> <span class='ocrx_word' id='word_1_477' title='bbox 1294 3388 1439 3442; x_wconf 90' lang='lat' dir='ltr'><strong>rudis</strong></span> <span class='ocrx_word' id='word_1_478' title='bbox 1480 3386 1695 3456; x_wconf 84' lang='lat' dir='ltr'><strong>proprie</strong></span> <span class='ocrx_word' id='word_1_479' title='bbox 1722 3386 1887 3443; x_wconf 86' lang='lat' dir='ltr'><strong>dicta.</strong></span> <span class='ocrx_word' id='word_1_480' title='bbox 1915 3386 2119 3442; x_wconf 64' lang='lat' dir='ltr'><strong>Glossze</strong></span> <span class='ocrx_word' id='word_1_481' title='bbox 2148 3406 2238 3443; x_wconf 82' lang='lat' dir='ltr'><strong>ve-</strong></span> 
     </span>
    </p>
   </div>
   <div class='ocr_carea' id='block_1_66' title="bbox 662 3459 2235 3535">
    <p class='ocr_par' dir='ltr' id='par_1_66' title="bbox 662 3459 2235 3535">
     <span class='ocr_line' id='line_1_69' title="bbox 662 3459 2235 3535; baseline 0.001 -22"><span class='ocrx_word' id='word_1_482' title='bbox 662 3459 1044 3535; x_wconf 73' lang='lat' dir='ltr'><strong>teres_:_Hu_dis</strong></span> <span class='ocrx_word' id='word_1_483' title='bbox 1072 3459 1277 3535; x_wconf 66' lang='grc' dir='ltr'><strong>ῥάᾷδος.</strong></span> <span class='ocrx_word' id='word_1_484' title='bbox 1299 3462 1329 3518; x_wconf 75' lang='grc' dir='ltr'>ἡ</span> <span class='ocrx_word' id='word_1_485' title='bbox 1356 3466 1454 3514; x_wconf 83' lang='grc' dir='ltr'><strong>τῶν</strong></span> <span class='ocrx_word' id='word_1_486' title='bbox 1472 3460 1761 3535; x_wconf 56' lang='lat' dir='ltr'><strong>{metata-(Iw</strong></span> <span class='ocrx_word' id='word_1_487' title='bbox 1786 3465 1889 3535; x_wconf 12' lang='grc' dir='ltr'><strong>ῖῶνγ</strong></span> <span class='ocrx_word' id='word_1_488' title='bbox 1902 3462 2235 3535; x_wconf 51' lang='grc' dir='ltr'><strong>μονομάχων.</strong></span> 
     </span>
    </p>
   </div>
   <div class='ocr_carea' id='block_1_67' title="bbox 731 3529 2237 3602">
    <p class='ocr_par' dir='ltr' id='par_1_67' title="bbox 731 3529 2237 3602">
     <span class='ocr_line' id='line_1_70' title="bbox 731 3529 2237 3602; baseline 0.001 -19"><span class='ocrx_word' id='word_1_489' title='bbox 731 3529 760 3569; x_wconf 70' lang='grc' dir='ltr'>ι)</span> <span class='ocrx_word' id='word_1_490' title='bbox 787 3530 892 3602; x_wconf 67' lang='grc'><strong>27</strong></span> <span class='ocrx_word' id='word_1_491' title='bbox 936 3529 1289 3602; x_wconf 63' lang='lat' dir='ltr'><strong>Tetrasticum</strong></span> <span class='ocrx_word' id='word_1_492' title='bbox 1337 3543 1529 3602; x_wconf 74' lang='lat' dir='ltr'><strong>nempe</strong></span> <span class='ocrx_word' id='word_1_493' title='bbox 1555 3529 1717 3602; x_wconf 81' lang='lat' dir='ltr'><strong>hujus</strong></span> <span class='ocrx_word' id='word_1_494' title='bbox 1762 3530 1982 3602; x_wconf 74' lang='lat' dir='ltr'><strong>piscina:</strong></span> <span class='ocrx_word' id='word_1_495' title='bbox 2028 3529 2237 3602; x_wconf 70' lang='lat' dir='ltr'><strong>foribus</strong></span> 
     </span>
    </p>
   </div>
   <div class='ocr_carea' id='block_1_68' title="bbox 663 3599 2235 3727">
    <p class='ocr_par' dir='ltr' id='par_1_68' title="bbox 663 3599 2235 3727">
     <span class='ocr_line' id='line_1_71' title="bbox 663 3599 2235 3727; baseline -0.001 -71"><span class='ocrx_word' id='word_1_496' title='bbox 663 3599 998 3727; x_wconf 47' lang='lat' dir='ltr'><strong>i‘rgptﬁi&#39;tum&#39;,</strong></span> <span class='ocrx_word' id='word_1_497' title='bbox 1030 3600 1172 3671; x_wconf 85' lang='lat' dir='ltr'><strong>quod</strong></span> <span class='ocrx_word' id='word_1_498' title='bbox 1213 3600 1354 3655; x_wconf 88' lang='lat' dir='ltr'><strong>inter</strong></span> <span class='ocrx_word' id='word_1_499' title='bbox 1381 3599 1585 3655; x_wconf 90' lang='lat' dir='ltr'><strong>Sidonii</strong></span> <span class='ocrx_word' id='word_1_500' title='bbox 1622 3601 1857 3655; x_wconf 91' lang='lat' dir='ltr'><strong>carmina</strong></span> <span class='ocrx_word' id='word_1_501' title='bbox 1894 3608 2088 3654; x_wconf 83' lang='lat' dir='ltr'><strong>exstat.</strong></span> <span class='ocrx_word' id='word_1_502' title='bbox 2131 3600 2235 3654; x_wconf 88' lang='lat' dir='ltr'><strong>Tit.</strong></span> 
     </span>
    </p>
   </div>
   <div class='ocr_carea' id='block_1_69' title="bbox 779 3766 2082 3856">
    <p class='ocr_par' dir='ltr' id='par_1_69' title="bbox 779 3766 2082 3856">
     <span class='ocr_line' id='line_1_72' title="bbox 779 3766 2082 3856; baseline -0.003 -33"><span class='ocrx_word' id='word_1_503' title='bbox 779 3772 970 3856; x_wconf 53' lang='lat' dir='ltr'><strong>kin-ate</strong></span> <span class='ocrx_word' id='word_1_504' title='bbox 991 3772 1216 3835; x_wconf 79' lang='lat' dir='ltr'><strong>algentes</strong></span> <span class='ocrx_word' id='word_1_505' title='bbox 1236 3776 1345 3834; x_wconf 85' lang='lat' dir='ltr'><strong>post</strong></span> <span class='ocrx_word' id='word_1_506' title='bbox 1366 3771 1541 3821; x_wconf 83' lang='lat' dir='ltr'><strong>balnea</strong></span> <span class='ocrx_word' id='word_1_507' title='bbox 1559 3771 1739 3821; x_wconf 88' lang='lat' dir='ltr'><strong>torrida</strong></span> <span class='ocrx_word' id='word_1_508' title='bbox 1762 3766 1959 3835; x_wconf 75' lang='lat' dir='ltr'><strong>ﬂuctus,</strong></span> <span class='ocrx_word' id='word_1_509' title='bbox 1986 3775 2082 3821; x_wconf 91' lang='lat' dir='ltr'><strong>etc.</strong></span> 
     </span>
    </p>
   </div>
   <div class='ocr_carea' id='block_1_70' title="bbox 778 3853 2232 3954">
    <p class='ocr_par' dir='ltr' id='par_1_70' title="bbox 778 3853 2232 3954">
     <span class='ocr_line' id='line_1_73' title="bbox 778 3853 2232 3954; baseline 0.001 -21"><span class='ocrx_word' id='word_1_510' title='bbox 778 3853 889 3954; x_wconf 44' lang='lat' dir='ltr'><strong>fles</strong></span> <span class='ocrx_word' id='word_1_511' title='bbox 918 3879 1079 3954; x_wconf 78' lang='lat' dir='ltr'><strong>exigit</strong></span> <span class='ocrx_word' id='word_1_512' title='bbox 1090 3889 1162 3954; x_wconf 51' lang='lat' dir='ltr'><strong>in</strong></span> <span class='ocrx_word' id='word_1_513' title='bbox 1181 3879 1555 3954; x_wconf 77' lang='lat' dir='ltr'><strong>Proconnesos</strong></span> <span class='ocrx_word' id='word_1_514' title='bbox 1577 3878 1859 3954; x_wconf 75' lang='lat' dir='ltr'><strong>scribatur.</strong></span> <span class='ocrx_word' id='word_1_515' title='bbox 1882 3881 2232 3954; x_wconf 65' lang='lat' dir='ltr'><strong>npexéwnaoc,</strong></span> 
     </span>
    </p>
   </div>
   <div class='ocr_carea' id='block_1_71' title="bbox 665 3947 2240 4018">
    <p class='ocr_par' dir='ltr' id='par_1_71' title="bbox 665 3947 2240 4018">
     <span class='ocr_line' id='line_1_74' title="bbox 665 3947 2240 4018; baseline 0.002 -17"><span class='ocrx_word' id='word_1_516' title='bbox 665 3947 839 4018; x_wconf 88' lang='lat' dir='ltr'><strong>insula</strong></span> <span class='ocrx_word' id='word_1_517' title='bbox 873 3947 1038 4002; x_wconf 90' lang='lat' dir='ltr'><strong>maris</strong></span> <span class='ocrx_word' id='word_1_518' title='bbox 1068 3949 1260 4018; x_wconf 64' lang='grc' dir='ltr'><strong>Εειεί,</strong></span> <span class='ocrx_word' id='word_1_519' title='bbox 1305 3948 1513 4002; x_wconf 87' lang='lat' dir='ltr'><strong>candidi</strong></span> <span class='ocrx_word' id='word_1_520' title='bbox 1556 3948 1836 4003; x_wconf 89' lang='lat' dir='ltr'><strong>marmoris</strong></span> <span class='ocrx_word' id='word_1_521' title='bbox 1877 3947 2054 4004; x_wconf 82' lang='lat' dir='ltr'><strong>fodina</strong></span> <span class='ocrx_word' id='word_1_522' title='bbox 2101 3951 2240 4004; x_wconf 89' lang='lat' dir='ltr'><strong>cele-</strong></span> 
     </span>
    </p>
   </div>
   <div class='ocr_carea' id='block_1_72' title="bbox 666 4017 1705 4083">
    <p class='ocr_par' dir='ltr' id='par_1_72' title="bbox 666 4017 1705 4083">
     <span class='ocr_line' id='line_1_75' title="bbox 666 4017 1705 4083; baseline 0.003 -12"><span class='ocrx_word' id='word_1_523' title='bbox 666 4017 801 4083; x_wconf 88' lang='lat' dir='ltr'><strong>bris,</strong></span> <span class='ocrx_word' id='word_1_524' title='bbox 835 4028 892 4072; x_wconf 91' lang='lat' dir='ltr'><strong>ut</strong></span> <span class='ocrx_word' id='word_1_525' title='bbox 916 4028 1102 4074; x_wconf 87' lang='lat' dir='ltr'><strong>auctor</strong></span> <span class='ocrx_word' id='word_1_526' title='bbox 1132 4017 1215 4074; x_wconf 86' lang='lat' dir='ltr'><strong>est</strong></span> <span class='ocrx_word' id='word_1_527' title='bbox 1242 4018 1435 4073; x_wconf 82' lang='lat' dir='ltr'><strong>Strabo</strong></span> <span class='ocrx_word' id='word_1_528' title='bbox 1465 4018 1557 4071; x_wconf 92' lang='lat' dir='ltr'><strong>lib.</strong></span> <span class='ocrx_word' id='word_1_529' title='bbox 1590 4034 1705 4074; x_wconf 89' lang='lat' dir='ltr'><strong>xm.</strong></span> 
     </span>
    </p>
   </div>
   <div class='ocr_carea' id='block_1_73' title="bbox 732 4083 2239 4144">
    <p class='ocr_par' dir='ltr' id='par_1_73' title="bbox 732 4083 2239 4144">
     <span class='ocr_line' id='line_1_76' title="bbox 732 4083 2239 4144; baseline 0.003 -4"><span class='ocrx_word' id='word_1_530' title='bbox 732 4083 759 4122; x_wconf 74' lang='grc' dir='ltr'><strong>ἀ</strong></span> <span class='ocrx_word' id='word_1_531' title='bbox 789 4088 1134 4142; x_wconf 85' lang='lat' dir='ltr'><strong>Ornamenta.</strong></span> <span class='ocrx_word' id='word_1_532' title='bbox 1163 4089 1311 4143; x_wconf 87' lang='lat' dir='ltr'><strong>Sicut</strong></span> <span class='ocrx_word' id='word_1_533' title='bbox 1333 4088 1474 4142; x_wconf 86' lang='lat' dir='ltr'><strong>enim</strong></span> <span class='ocrx_word' id='word_1_534' title='bbox 1504 4090 1637 4141; x_wconf 87' lang='lat' dir='ltr'><strong>vesti</strong></span> <span class='ocrx_word' id='word_1_535' title='bbox 1666 4087 1824 4143; x_wconf 80' lang='lat' dir='ltr'><strong>affert</strong></span> <span class='ocrx_word' id='word_1_536' title='bbox 1848 4089 2026 4143; x_wconf 89' lang='lat' dir='ltr'><strong>lumen</strong></span> <span class='ocrx_word' id='word_1_537' title='bbox 2055 4090 2239 4144; x_wconf 87' lang='lat' dir='ltr'><strong>clavus</strong></span> 
     </span>
    </p>
   </div>
   <div class='ocr_carea' id='block_1_74' title="bbox 665 4156 2229 4225">
    <p class='ocr_par' dir='ltr' id='par_1_74' title="bbox 665 4156 2229 4225">
     <span class='ocr_line' id='line_1_77' title="bbox 665 4156 2229 4225; baseline 0.002 -17"><span class='ocrx_word' id='word_1_538' title='bbox 665 4170 936 4225; x_wconf 85' lang='lat' dir='ltr'><strong>purpurae,</strong></span> <span class='ocrx_word' id='word_1_539' title='bbox 969 4168 1025 4211; x_wconf 90' lang='lat' dir='ltr'><strong>ut</strong></span> <span class='ocrx_word' id='word_1_540' title='bbox 1055 4158 1200 4212; x_wconf 88' lang='lat' dir='ltr'><strong>Fabii</strong></span> <span class='ocrx_word' id='word_1_541' title='bbox 1230 4157 1409 4210; x_wconf 89' lang='lat' dir='ltr'><strong>verbis</strong></span> <span class='ocrx_word' id='word_1_542' title='bbox 1438 4165 1574 4221; x_wconf 89' lang='lat' dir='ltr'><strong>utar,</strong></span> <span class='ocrx_word' id='word_1_543' title='bbox 1607 4156 1687 4210; x_wconf 90' lang='lat' dir='ltr'><strong>sic</strong></span> <span class='ocrx_word' id='word_1_544' title='bbox 1715 4157 1918 4212; x_wconf 63' lang='lat' dir='ltr'><strong>{edibus</strong></span> <span class='ocrx_word' id='word_1_545' title='bbox 1947 4159 2229 4213; x_wconf 70' lang='lat' dir='ltr'><strong>columnm.</strong></span> 
     </span>
    </p>
   </div>
   <div class='ocr_carea' id='block_1_75' title="bbox 665 4224 2236 4294">
    <p class='ocr_par' dir='ltr' id='par_1_75' title="bbox 665 4224 2236 4294">
     <span class='ocr_line' id='line_1_78' title="bbox 665 4224 2236 4294; baseline 0.002 -15"><span class='ocrx_word' id='word_1_546' title='bbox 665 4224 919 4293; x_wconf 80' lang='lat' dir='ltr'><strong>Purpurae</strong></span> <span class='ocrx_word' id='word_1_547' title='bbox 968 4242 1162 4281; x_wconf 91' lang='lat' dir='ltr'><strong>nomen</strong></span> <span class='ocrx_word' id='word_1_548' title='bbox 1211 4226 1502 4294; x_wconf 90' lang='lat' dir='ltr'><strong>scriptores</strong></span> <span class='ocrx_word' id='word_1_549' title='bbox 1546 4225 1613 4279; x_wconf 90' lang='lat' dir='ltr'><strong>ad</strong></span> <span class='ocrx_word' id='word_1_550' title='bbox 1657 4228 1836 4282; x_wconf 92' lang='lat' dir='ltr'><strong>omnia</strong></span> <span class='ocrx_word' id='word_1_551' title='bbox 1884 4228 2236 4294; x_wconf 82' lang='lat' dir='ltr'><strong>transierunt,</strong></span> 
     </span>
    </p>
   </div>
   <div class='ocr_carea' id='block_1_76' title="bbox 666 4296 2235 4364">
    <p class='ocr_par' dir='ltr' id='par_1_76' title="bbox 666 4296 2235 4364">
     <span class='ocr_line' id='line_1_79' title="bbox 666 4296 2235 4364; baseline 0.004 -16"><span class='ocrx_word' id='word_1_552' title='bbox 666 4310 784 4363; x_wconf 61' lang='lat' dir='ltr'><strong>quae</strong></span> <span class='ocrx_word' id='word_1_553' title='bbox 813 4307 1057 4350; x_wconf 91' lang='lat' dir='ltr'><strong>ornatum</strong></span> <span class='ocrx_word' id='word_1_554' title='bbox 1084 4298 1439 4364; x_wconf 90' lang='lat' dir='ltr'><strong>decoremque</strong></span> <span class='ocrx_word' id='word_1_555' title='bbox 1468 4296 1787 4364; x_wconf 83' lang='lat' dir='ltr'><strong>significant.</strong></span> <span class='ocrx_word' id='word_1_556' title='bbox 1818 4298 2072 4354; x_wconf 85' lang='lat' dir='ltr'><strong>Sidonius</strong></span> <span class='ocrx_word' id='word_1_557' title='bbox 2102 4301 2235 4354; x_wconf 81' lang='lat' dir='ltr'><strong>intra</strong></span> 
     </span>
    </p>
   </div>
   <div class='ocr_carea' id='block_1_77' title="bbox 666 4364 2239 4439">
    <p class='ocr_par' dir='ltr' id='par_1_77' title="bbox 666 4364 2239 4439">
     <span class='ocr_line' id='line_1_80' title="bbox 666 4364 2239 4439; baseline 0.005 -22"><span class='ocrx_word' id='word_1_558' title='bbox 666 4367 825 4439; x_wconf 71' lang='lat' dir='ltr'><strong>epist.</strong></span> <span class='ocrx_word' id='word_1_559' title='bbox 851 4366 944 4420; x_wconf 69' lang='lat'><strong>10;</strong></span> <span class='ocrx_word' id='word_1_560' title='bbox 963 4365 1150 4439; x_wconf 84' lang='lat' dir='ltr'><strong>Omnes</strong></span> <span class='ocrx_word' id='word_1_561' title='bbox 1179 4364 1428 4419; x_wconf 79' lang='lat' dir='ltr'><strong>nobilium</strong></span> <span class='ocrx_word' id='word_1_562' title='bbox 1448 4381 1735 4439; x_wconf 82' lang='lat' dir='ltr'><strong>sermonum</strong></span> <span class='ocrx_word' id='word_1_563' title='bbox 1756 4384 2018 4439; x_wconf 75' lang='lat' dir='ltr'><strong>purpuraz.</strong></span> <span class='ocrx_word' id='word_1_564' title='bbox 2050 4368 2239 4425; x_wconf 88' lang='lat' dir='ltr'><strong>Cicero</strong></span> 
     </span>
    </p>
   </div>
   <div class='ocr_carea' id='block_1_78' title="bbox 665 4434 2238 4510">
    <p class='ocr_par' dir='ltr' id='par_1_78' title="bbox 665 4434 2238 4510">
     <span class='ocr_line' id='line_1_81' title="bbox 665 4434 2238 4510; baseline 0.003 -22"><span class='ocrx_word' id='word_1_565' title='bbox 665 4434 717 4488; x_wconf 87' lang='lat' dir='ltr'><strong>in</strong></span> <span class='ocrx_word' id='word_1_566' title='bbox 750 4435 972 4510; x_wconf 79' lang='lat' dir='ltr'><strong>Oratore</strong></span> <span class='ocrx_word' id='word_1_567' title='bbox 1004 4456 1017 4490; x_wconf 91' lang='lat'><strong>:</strong></span> <span class='ocrx_word' id='word_1_568' title='bbox 1051 4438 1188 4503; x_wconf 85' lang='lat' dir='ltr'><strong>Quos</strong></span> <span class='ocrx_word' id='word_1_569' title='bbox 1220 4451 1451 4510; x_wconf 75' lang='lat' dir='ltr'><strong>numeros</strong></span> <span class='ocrx_word' id='word_1_570' title='bbox 1491 4434 2083 4510; x_wconf 56' lang='lat' dir='ltr'><strong>cumquibust&#39;anquam</strong></span> <span class='ocrx_word' id='word_1_571' title='bbox 2110 4456 2238 4510; x_wconf 85' lang='lat' dir='ltr'><strong>pur-</strong></span> 
     </span>
    </p>
   </div>
   <div class='ocr_carea' id='block_1_79' title="bbox 703 4504 2236 4578">
    <p class='ocr_par' dir='ltr' id='par_1_79' title="bbox 703 4504 2236 4578">
     <span class='ocr_line' id='line_1_82' title="bbox 703 4504 2236 4578; baseline 0.005 -19"><span class='ocrx_word' id='word_1_572' title='bbox 703 4522 795 4578; x_wconf 77' lang='lat' dir='ltr'><strong>ura</strong></span> <span class='ocrx_word' id='word_1_573' title='bbox 820 4504 1576 4578; x_wconf 76' lang='lat' dir='ltr'><strong>misceriOporteat._Lttciantts</strong></span> <span class='ocrx_word' id='word_1_574' title='bbox 1606 4504 1659 4561; x_wconf 89' lang='lat' dir='ltr'><strong>in</strong></span> <span class='ocrx_word' id='word_1_575' title='bbox 1682 4507 1868 4577; x_wconf 86' lang='lat' dir='ltr'><strong>Hippia</strong></span> <span class='ocrx_word' id='word_1_576' title='bbox 1890 4504 1957 4563; x_wconf 83' lang='lat' dir='ltr'><strong>de</strong></span> <span class='ocrx_word' id='word_1_577' title='bbox 1982 4504 2236 4566; x_wconf 80' lang='lat' dir='ltr'><strong>membris</strong></span> 
     </span>
    </p>
   </div>
   <div class='ocr_carea' id='block_1_80' title="bbox 664 4522 2233 4666">
    <p class='ocr_par' dir='ltr' id='par_1_80' title="bbox 664 4522 2233 4666">
     <span class='ocr_line' id='line_1_83' title="bbox 664 4522 2233 4628; baseline 0.005 -70"><span class='ocrx_word' id='word_1_578' title='bbox 664 4522 795 4628; x_wconf 59' lang='lat' dir='ltr'><strong>gum</strong></span> <span class='ocrx_word' id='word_1_579' title='bbox 820 4523 1020 4563; x_wconf 69' lang='grc' dir='ltr'><strong>ιηιδεετι</strong></span> <span class='ocrx_word' id='word_1_580' title='bbox 1044 4522 1292 4578; x_wconf 79' lang='lat' dir='ltr'><strong>Oporteat.</strong></span> <span class='ocrx_word' id='word_1_581' title='bbox 1311 4522 1576 4561; x_wconf 70' lang='lat' dir='ltr'><strong>LIICIaHlIS</strong></span> <span class='ocrx_word' id='word_1_582' title='bbox 1606 4523 1659 4561; x_wconf 84' lang='grc' dir='ltr'>ιη</span> <span class='ocrx_word' id='word_1_583' title='bbox 1682 4522 1868 4577; x_wconf 83' lang='lat' dir='ltr'><strong>ﬂtppta</strong></span> <span class='ocrx_word' id='word_1_584' title='bbox 1890 4522 1957 4563; x_wconf 76' lang='grc' dir='ltr'><strong>αθ</strong></span> <span class='ocrx_word' id='word_1_585' title='bbox 1982 4522 2233 4566; x_wconf 62' lang='lat' dir='ltr'><strong>membris</strong></span> 
     </span>
     <span class='ocr_line' id='line_1_84' title="bbox 673 4572 2233 4666; baseline 0.004 -38"><span class='ocrx_word' id='word_1_586' title='bbox 673 4575 838 4664; x_wconf 40' lang='lat' dir='ltr'><strong>‘alnei</strong></span> <span class='ocrx_word' id='word_1_587' title='bbox 872 4592 887 4629; x_wconf 73' lang='grc' dir='ltr'>ε</span> <span class='ocrx_word' id='word_1_588' title='bbox 928 4588 982 4632; x_wconf 80' lang='lat'><strong>‘0</strong></span> <span class='ocrx_word' id='word_1_589' title='bbox 1012 4576 1233 4666; x_wconf 43' lang='lat' dir='ltr'><strong>di‘é&#39;vdov</strong></span> <span class='ocrx_word' id='word_1_590' title='bbox 1269 4572 1413 4664; x_wconf 45' lang='grc' dir='ltr'><strong>οἶκος.</strong></span> <span class='ocrx_word' id='word_1_591' title='bbox 1435 4577 1715 4666; x_wconf 38' lang='lat' dir='ltr'><strong>nullius-oc,</strong></span> <span class='ocrx_word' id='word_1_592' title='bbox 1758 4579 2011 4666; x_wconf 51' lang='grc' dir='ltr'><strong>φῶτόςιτε</strong></span> <span class='ocrx_word' id='word_1_593' title='bbox 2050 4581 2233 4666; x_wconf 57' lang='grc' dir='ltr'><strong>πολὶρῦ</strong></span> 
     </span>
    </p>
   </div>
   <div class='ocr_carea' id='block_1_81' title="bbox 665 4646 2236 4723">
    <p class='ocr_par' dir='ltr' id='par_1_81' title="bbox 665 4646 2236 4723">
     <span class='ocr_line' id='line_1_85' title="bbox 665 4646 2236 4723; baseline 0.003 -22"><span class='ocrx_word' id='word_1_594' title='bbox 665 4646 964 4723; x_wconf 72' lang='grc' dir='ltr'><strong>ὄςνάμεστος,</strong></span> <span class='ocrx_word' id='word_1_595' title='bbox 1014 4652 1097 4703; x_wconf 78' lang='grc' dir='ltr'><strong>καὶ</strong></span> <span class='ocrx_word' id='word_1_596' title='bbox 1142 4652 1211 4708; x_wconf 79' lang='grc' dir='ltr'><strong>ὡς</strong></span> <span class='ocrx_word' id='word_1_597' title='bbox 1252 4646 1883 4723; x_wconf 45' lang='grc' dir='ltr'><strong>πορφύρα-διηνθισμένος.</strong></span> <span class='ocrx_word' id='word_1_598' title='bbox 1936 4648 1990 4723; x_wconf 81' lang='lat' dir='ltr'><strong>In</strong></span> <span class='ocrx_word' id='word_1_599' title='bbox 2027 4651 2236 4723; x_wconf 76' lang='lat' dir='ltr'><strong>onyclle</strong></span> 
     </span>
    </p>
   </div>
   <div class='ocr_carea' id='block_1_82' title="bbox 664 4668 2234 4788">
    <p class='ocr_par' dir='ltr' id='par_1_82' title="bbox 664 4668 2234 4788">
     <span class='ocr_line' id='line_1_86' title="bbox 665 4668 2234 4723; baseline 0.003 -23"><span class='ocrx_word' id='word_1_600' title='bbox 665 4668 964 4716; x_wconf 78' lang='grc' dir='ltr'><strong>αναμεστος,</strong></span> <span class='ocrx_word' id='word_1_601' title='bbox 1014 4668 1097 4703; x_wconf 80' lang='grc' dir='ltr'><strong>και</strong></span> <span class='ocrx_word' id='word_1_602' title='bbox 1142 4669 1211 4708; x_wconf 78' lang='grc' dir='ltr'><strong>ως</strong></span> <span class='ocrx_word' id='word_1_603' title='bbox 1252 4670 1318 4702; x_wconf 82' lang='grc' dir='ltr'><strong>πο</strong></span> <span class='ocrx_word' id='word_1_604' title='bbox 1355 4669 1488 4723; x_wconf 78' lang='grc' dir='ltr'><strong>φυρα</strong></span> <span class='ocrx_word' id='word_1_605' title='bbox 1531 4668 1883 4722; x_wconf 76' lang='grc' dir='ltr'><strong>οιηνυισμενος.</strong></span> <span class='ocrx_word' id='word_1_606' title='bbox 1937 4668 1990 4703; x_wconf 81' lang='lat' dir='ltr'><strong>In</strong></span> <span class='ocrx_word' id='word_1_607' title='bbox 2027 4668 2234 4721; x_wconf 74' lang='lat' dir='ltr'><strong>onycue</strong></span> 
     </span>
     <span class='ocr_line' id='line_1_87' title="bbox 664 4668 2234 4788; baseline 0.003 -16"><span class='ocrx_word' id='word_1_608' title='bbox 664 4715 880 4788; x_wconf 77' lang='lat' dir='ltr'><strong>demum</strong></span> <span class='ocrx_word' id='word_1_609' title='bbox 907 4734 1118 4788; x_wconf 87' lang='lat' dir='ltr'><strong>gemma</strong></span> <span class='ocrx_word' id='word_1_610' title='bbox 1132 4733 1287 4786; x_wconf 85' lang='lat' dir='ltr'><strong>quam</strong></span> <span class='ocrx_word' id='word_1_611' title='bbox 1318 4668 1532 4774; x_wconf 59' lang='lat' dir='ltr'><strong>Eamnii</strong></span> <span class='ocrx_word' id='word_1_612' title='bbox 1550 4720 1837 4775; x_wconf 86' lang='lat' dir='ltr'><strong>cardinalis</strong></span> <span class='ocrx_word' id='word_1_613' title='bbox 1859 4719 2047 4787; x_wconf 89' lang='lat' dir='ltr'><strong>optimi</strong></span> <span class='ocrx_word' id='word_1_614' title='bbox 2068 4718 2234 4777; x_wconf 87' lang='lat' dir='ltr'><strong>bene-</strong></span> 
     </span>
    </p>
   </div>
   <div class='ocr_carea' id='block_1_83' title="bbox 665 4782 2235 4860">
    <p class='ocr_par' dir='ltr' id='par_1_83' title="bbox 665 4782 2235 4860">
     <span class='ocr_line' id='line_1_88' title="bbox 665 4782 2235 4860; baseline 0.004 -20"><span class='ocrx_word' id='word_1_615' title='bbox 665 4782 892 4842; x_wconf 75' lang='lat' dir='ltr'><strong>ﬁcentia:</strong></span> <span class='ocrx_word' id='word_1_616' title='bbox 910 4782 1196 4853; x_wconf 70' lang='lat' dir='ltr'><strong>debemus,</strong></span> <span class='ocrx_word' id='word_1_617' title='bbox 1228 4788 1447 4844; x_wconf 82' lang='lat' dir='ltr'><strong>artificis</strong></span> <span class='ocrx_word' id='word_1_618' title='bbox 1474 4804 1636 4845; x_wconf 88' lang='lat' dir='ltr'><strong>manu</strong></span> <span class='ocrx_word' id='word_1_619' title='bbox 1665 4792 1871 4860; x_wconf 91' lang='lat' dir='ltr'><strong>sculpta</strong></span> <span class='ocrx_word' id='word_1_620' title='bbox 1899 4782 2014 4845; x_wconf 68' lang='lat' dir='ltr'><strong>haec</strong></span> <span class='ocrx_word' id='word_1_621' title='bbox 2048 4792 2235 4860; x_wconf 84' lang='lat' dir='ltr'><strong>legun-</strong></span> 
     </span>
    </p>
   </div>
   <div class='ocr_carea' id='block_1_84' title="bbox 668 4866 2232 4927">
    <p class='ocr_par' dir='ltr' id='par_1_84' title="bbox 668 4866 2232 4927">
     <span class='ocr_line' id='line_1_89' title="bbox 668 4866 2232 4927; baseline 0.005 -17"><span class='ocrx_word' id='word_1_622' title='bbox 668 4866 774 4927; x_wconf 41' lang='lat' dir='ltr'><strong>Iittt‘,</strong></span> <span class='ocrx_word' id='word_1_623' title='bbox 802 4869 1076 4923; x_wconf 74' lang='grc' dir='ltr'><strong>ΕΥἸῪΧΕῘ,</strong></span> <span class='ocrx_word' id='word_1_624' title='bbox 1102 4868 1409 4927; x_wconf 70' lang='grc' dir='ltr'><strong>ΜΔΚΕΔΟΝ,</strong></span> <span class='ocrx_word' id='word_1_625' title='bbox 1436 4872 1471 4915; x_wconf 80' lang='grc' dir='ltr'><em>Η</em></span> <span class='ocrx_word' id='word_1_626' title='bbox 1501 4870 1759 4918; x_wconf 71' lang='grc' dir='ltr'>ΠΟΡΦΥΡΔ</span> <span class='ocrx_word' id='word_1_627' title='bbox 1783 4873 1905 4917; x_wconf 82' lang='grc' dir='ltr'><strong>ΤΩΝ</strong></span> <span class='ocrx_word' id='word_1_628' title='bbox 1938 4871 2232 4919; x_wconf 70' lang='grc' dir='ltr'><strong>ΔΔΕΛΦΩΝ.</strong></span> 
     </span>
    </p>
   </div>
   <div class='ocr_carea' id='block_1_85' title="bbox 665 4924 2231 5067">
    <p class='ocr_par' dir='ltr' id='par_1_85' title="bbox 665 4924 2231 5067">
     <span class='ocr_line' id='line_1_90' title="bbox 665 4924 2231 5067; baseline 0.004 -86"><span class='ocrx_word' id='word_1_629' title='bbox 665 4924 766 5067; x_wconf 50' lang='grc' dir='ltr'><strong>Ιξῗι</strong></span> <span class='ocrx_word' id='word_1_630' title='bbox 784 4928 927 4998; x_wconf 73' lang='lat' dir='ltr'><strong>felix,</strong></span> <span class='ocrx_word' id='word_1_631' title='bbox 953 4928 1189 4996; x_wconf 81' lang='lat' dir='ltr'><strong>Macedo,</strong></span> <span class='ocrx_word' id='word_1_632' title='bbox 1217 4924 1466 4999; x_wconf 76' lang='lat' dir='ltr'><strong>purpura,</strong></span> <span class='ocrx_word' id='word_1_633' title='bbox 1494 4931 1595 4987; x_wconf 88' lang='lat' dir='ltr'><strong>hoc</strong></span> <span class='ocrx_word' id='word_1_634' title='bbox 1622 4942 1703 4987; x_wconf 91' lang='lat' dir='ltr'><strong>est</strong></span> <span class='ocrx_word' id='word_1_635' title='bbox 1727 4932 1890 4987; x_wconf 89' lang='lat' dir='ltr'><strong>decus</strong></span> <span class='ocrx_word' id='word_1_636' title='bbox 1921 4944 1971 4986; x_wconf 94' lang='lat' dir='ltr'><strong>et</strong></span> <span class='ocrx_word' id='word_1_637' title='bbox 2001 4948 2231 5002; x_wconf 88' lang='lat' dir='ltr'><strong>gemma,</strong></span> 
     </span>
     <span class='ocr_line' id='line_1_91' title="bbox 691 5015 902 5053; baseline 0.019 -4"><span class='ocrx_word' id='word_1_638' title='bbox 691 5015 715 5049; x_wconf 88' lang='lat' dir='ltr'><strong>r</strong></span> <span class='ocrx_word' id='word_1_639' title='bbox 771 5016 902 5053; x_wconf 88' lang='lat' dir='ltr'><strong>rum.</strong></span> 
     </span>
    </p>
   </div>
   <div class='ocr_carea' id='block_1_86' title="bbox 691 5015 902 5053">
    <p class='ocr_par' dir='ltr' id='par_1_86' title="bbox 691 5015 902 5053">
     <span class='ocr_line' id='line_1_92' title="bbox 691 5015 902 5053; baseline 0.019 -4"><span class='ocrx_word' id='word_1_640' title='bbox 691 5015 902 5053; x_wconf 83' lang='lat' dir='ltr'><strong>rutrum.</strong></span> 
     </span>
    </p>
   </div>
   <div class='ocr_carea' id='block_1_87' title="bbox 741 5068 1586 5139">
    <p class='ocr_par' dir='ltr' id='par_1_87' title="bbox 741 5068 1586 5139">
     <span class='ocr_line' id='line_1_93' title="bbox 741 5068 1586 5139; baseline 0.001 -14"><span class='ocrx_word' id='word_1_641' title='bbox 741 5079 764 5139; x_wconf 64' lang='grc' dir='ltr'><strong>εἶ</strong></span> <span class='ocrx_word' id='word_1_642' title='bbox 796 5071 852 5125; x_wconf 90' lang='lat' dir='ltr'><strong>In</strong></span> <span class='ocrx_word' id='word_1_643' title='bbox 882 5069 1147 5139; x_wconf 84' lang='lat' dir='ltr'><strong>aliquibus</strong></span> <span class='ocrx_word' id='word_1_644' title='bbox 1176 5068 1326 5124; x_wconf 90' lang='lat' dir='ltr'><strong>libris</strong></span> <span class='ocrx_word' id='word_1_645' title='bbox 1353 5070 1586 5137; x_wconf 82' lang='lat' dir='ltr'><strong>ﬂuvium.</strong></span> 
     </span>
    </p>
   </div>
   <div class='ocr_carea' id='block_1_88' title="bbox 744 5137 1539 5211">
    <p class='ocr_par' dir='ltr' id='par_1_88' title="bbox 744 5137 1539 5211">
     <span class='ocr_line' id='line_1_94' title="bbox 744 5137 1539 5211; baseline 0.001 -17"><span class='ocrx_word' id='word_1_646' title='bbox 744 5137 764 5176; x_wconf 77' lang='grc'><strong><em>¹</em></strong></span> <span class='ocrx_word' id='word_1_647' title='bbox 794 5140 848 5211; x_wconf 74' lang='lat' dir='ltr'><strong>in</strong></span> <span class='ocrx_word' id='word_1_648' title='bbox 868 5137 1317 5211; x_wconf 73' lang='lat' dir='ltr'><strong>aliquibuslibris</strong></span> <span class='ocrx_word' id='word_1_649' title='bbox 1338 5140 1539 5211; x_wconf 20' lang='lat' dir='ltr'><strong>Alittora.</strong></span> 
     </span>
    </p>
   </div>
   <div class='ocr_carea' id='block_1_89' title="bbox 739 5208 2236 5283">
    <p class='ocr_par' dir='ltr' id='par_1_89' title="bbox 739 5208 2236 5283">
     <span class='ocr_line' id='line_1_95' title="bbox 739 5208 2236 5283; baseline 0.004 -20"><span class='ocrx_word' id='word_1_650' title='bbox 739 5208 1018 5283; x_wconf 26' lang='lat' dir='ltr'><strong>BACollyria</strong></span> <span class='ocrx_word' id='word_1_651' title='bbox 1038 5208 1163 5283; x_wconf 82' lang='lat' dir='ltr'><strong>quid</strong></span> <span class='ocrx_word' id='word_1_652' title='bbox 1197 5210 1302 5283; x_wconf 76' lang='lat' dir='ltr'><strong>sint</strong></span> <span class='ocrx_word' id='word_1_653' title='bbox 1338 5209 1441 5283; x_wconf 88' lang='lat' dir='ltr'><strong>hoc</strong></span> <span class='ocrx_word' id='word_1_654' title='bbox 1468 5209 1588 5283; x_wconf 77' lang='lat' dir='ltr'><strong>loco</strong></span> <span class='ocrx_word' id='word_1_655' title='bbox 1615 5212 1924 5283; x_wconf 12' lang='lat' dir='ltr'><strong>nonicapio.</strong></span> <span class='ocrx_word' id='word_1_656' title='bbox 1967 5210 2236 5283; x_wconf 89' lang='lat' dir='ltr'><strong>Scriptum</strong></span> 
     </span>
    </p>
   </div>
   <div class='ocr_carea' id='block_1_90' title="bbox 667 5279 2238 5353">
    <p class='ocr_par' dir='ltr' id='par_1_90' title="bbox 667 5279 2238 5353">
     <span class='ocr_line' id='line_1_96' title="bbox 667 5279 2238 5353; baseline 0.004 -20"><span class='ocrx_word' id='word_1_657' title='bbox 667 5279 985 5353; x_wconf 80' lang='lat' dir='ltr'><strong>crediderim</strong></span> <span class='ocrx_word' id='word_1_658' title='bbox 1007 5296 1038 5353; x_wconf 90' lang='lat' dir='ltr'><strong>a</strong></span> <span class='ocrx_word' id='word_1_659' title='bbox 1057 5279 1287 5353; x_wconf 75' lang='lat' dir='ltr'><strong>Sidonio</strong></span> <span class='ocrx_word' id='word_1_660' title='bbox 1315 5280 1553 5353; x_wconf 67' lang='lat' dir='ltr'><strong>coluriis.</strong></span> <span class='ocrx_word' id='word_1_661' title='bbox 1567 5279 1983 5350; x_wconf 32' lang='lat' dir='ltr'><strong>Intelligit’enim</strong></span> <span class='ocrx_word' id='word_1_662' title='bbox 2007 5279 2142 5353; x_wconf 78' lang='lat' dir='ltr'><strong>pilas</strong></span> <span class='ocrx_word' id='word_1_663' title='bbox 2171 5300 2238 5340; x_wconf 83' lang='lat' dir='ltr'><strong>ex</strong></span> 
     </span>
    </p>
   </div>
   <div class='ocr_carea' id='block_1_91' title="bbox 668 5349 2239 5423">
    <p class='ocr_par' dir='ltr' id='par_1_91' title="bbox 668 5349 2239 5423">
     <span class='ocr_line' id='line_1_97' title="bbox 668 5349 2239 5423; baseline 0.006 -23"><span class='ocrx_word' id='word_1_664' title='bbox 668 5349 911 5423; x_wconf 84' lang='lat' dir='ltr'><strong>pluribus</strong></span> <span class='ocrx_word' id='word_1_665' title='bbox 932 5352 1075 5407; x_wconf 83' lang='lat' dir='ltr'><strong>saxis</strong></span> <span class='ocrx_word' id='word_1_666' title='bbox 1102 5351 1159 5423; x_wconf 84' lang='lat' dir='ltr'><strong>in</strong></span> <span class='ocrx_word' id='word_1_667' title='bbox 1184 5351 1368 5406; x_wconf 88' lang='lat' dir='ltr'><strong>orbem</strong></span> <span class='ocrx_word' id='word_1_668' title='bbox 1397 5349 1588 5423; x_wconf 85' lang='lat' dir='ltr'><strong>accisis</strong></span> <span class='ocrx_word' id='word_1_669' title='bbox 1608 5349 1905 5407; x_wconf 86' lang='lat' dir='ltr'><strong>exstructas</strong></span> <span class='ocrx_word' id='word_1_670' title='bbox 1930 5371 1943 5408; x_wconf 74' lang='grc' dir='ltr'><strong>ε</strong></span> <span class='ocrx_word' id='word_1_671' title='bbox 1967 5349 2097 5423; x_wconf 82' lang='lat' dir='ltr'><strong>quas</strong></span> <span class='ocrx_word' id='word_1_672' title='bbox 2119 5355 2239 5409; x_wconf 92' lang='lat' dir='ltr'><strong>ideo</strong></span> 
     </span>
    </p>
   </div>
   <div class='ocr_carea' id='block_1_92' title="bbox 579 5419 2235 5493">
    <p class='ocr_par' dir='ltr' id='par_1_92' title="bbox 579 5419 2235 5493">
     <span class='ocr_line' id='line_1_98' title="bbox 579 5419 2235 5493; baseline 0.004 -22"><span class='ocrx_word' id='word_1_673' title='bbox 579 5466 583 5471; x_wconf 85' lang='lat'><strong>.</strong></span> <span class='ocrx_word' id='word_1_674' title='bbox 668 5419 930 5493; x_wconf 83' lang='lat' dir='ltr'><strong>columnis</strong></span> <span class='ocrx_word' id='word_1_675' title='bbox 967 5421 1225 5493; x_wconf 82' lang='lat' dir='ltr'><strong>opponit,</strong></span> <span class='ocrx_word' id='word_1_676' title='bbox 1264 5429 1321 5476; x_wconf 88' lang='lat' dir='ltr'><strong>ut</strong></span> <span class='ocrx_word' id='word_1_677' title='bbox 1360 5421 1517 5489; x_wconf 88' lang='lat' dir='ltr'><strong>paulo</strong></span> <span class='ocrx_word' id='word_1_678' title='bbox 1552 5424 1795 5491; x_wconf 85' lang='lat' dir='ltr'><strong>superius</strong></span> <span class='ocrx_word' id='word_1_679' title='bbox 1838 5439 1928 5477; x_wconf 82' lang='lat' dir='ltr'><strong>nec</strong></span> <span class='ocrx_word' id='word_1_680' title='bbox 1971 5419 2089 5493; x_wconf 65' lang='lat' dir='ltr'><strong>pila:</strong></span> <span class='ocrx_word' id='word_1_681' title='bbox 2117 5435 2235 5478; x_wconf 83' lang='lat' dir='ltr'><strong>sunt</strong></span> 
     </span>
    </p>
   </div>
   <div class='ocr_carea' id='block_1_93' title="bbox 669 5490 2235 5558">
    <p class='ocr_par' dir='ltr' id='par_1_93' title="bbox 669 5490 2235 5558">
     <span class='ocr_line' id='line_1_99' title="bbox 669 5490 2235 5558; baseline 0.007 -19"><span class='ocrx_word' id='word_1_682' title='bbox 669 5490 871 5558; x_wconf 72' lang='lat' dir='ltr'><strong>medice,</strong></span> <span class='ocrx_word' id='word_1_683' title='bbox 910 5493 997 5545; x_wconf 86' lang='lat' dir='ltr'><strong>sed</strong></span> <span class='ocrx_word' id='word_1_684' title='bbox 1026 5490 1313 5558; x_wconf 65' lang='lat' dir='ltr'><strong>columna,-</strong></span> <span class='ocrx_word' id='word_1_685' title='bbox 1352 5492 1475 5558; x_wconf 90' lang='lat' dir='ltr'><strong>quia</strong></span> <span class='ocrx_word' id='word_1_686' title='bbox 1512 5490 1774 5546; x_wconf 78' lang='lat' dir='ltr'><strong>columna:</strong></span> <span class='ocrx_word' id='word_1_687' title='bbox 1811 5507 1875 5547; x_wconf 85' lang='lat' dir='ltr'><strong>ex</strong></span> <span class='ocrx_word' id='word_1_688' title='bbox 1906 5490 2063 5550; x_wconf 83' lang='lat' dir='ltr'><strong>unico</strong></span> <span class='ocrx_word' id='word_1_689' title='bbox 2103 5495 2235 5550; x_wconf 83' lang='lat' dir='ltr'><strong>liunt</strong></span> 
     </span>
    </p>
   </div>
   <div class='ocr_carea' id='block_1_94' title="bbox 668 5556 2233 5629">
    <p class='ocr_par' dir='ltr' id='par_1_94' title="bbox 668 5556 2233 5629">
     <span class='ocr_line' id='line_1_100' title="bbox 668 5556 2233 5629; baseline 0.007 -19"><span class='ocrx_word' id='word_1_690' title='bbox 668 5556 880 5627; x_wconf 88' lang='lat' dir='ltr'><strong>lapide,</strong></span> <span class='ocrx_word' id='word_1_691' title='bbox 916 5563 1038 5629; x_wconf 73' lang='lat' dir='ltr'><strong>pilae</strong></span> <span class='ocrx_word' id='word_1_692' title='bbox 1068 5578 1100 5617; x_wconf 92' lang='lat' dir='ltr'><strong>e</strong></span> <span class='ocrx_word' id='word_1_693' title='bbox 1146 5556 1348 5618; x_wconf 83' lang='lat' dir='ltr'><strong>multis.</strong></span> <span class='ocrx_word' id='word_1_694' title='bbox 1369 5556 1516 5618; x_wconf 74' lang='lat' dir='ltr'><strong>Saxa</strong></span> <span class='ocrx_word' id='word_1_695' title='bbox 1556 5570 1731 5618; x_wconf 90' lang='lat' dir='ltr'><strong>autem</strong></span> <span class='ocrx_word' id='word_1_696' title='bbox 1779 5563 1832 5618; x_wconf 93' lang='lat' dir='ltr'><strong>in</strong></span> <span class='ocrx_word' id='word_1_697' title='bbox 1876 5564 2059 5619; x_wconf 90' lang='lat' dir='ltr'><strong>orbem</strong></span> <span class='ocrx_word' id='word_1_698' title='bbox 2097 5580 2233 5621; x_wconf 65' lang='lat' dir='ltr'><strong>cmsa</strong></span> 
     </span>
    </p>
   </div>
   <div class='ocr_carea' id='block_1_95' title="bbox 670 5632 2235 5715">
    <p class='ocr_par' dir='ltr' id='par_1_95' title="bbox 670 5632 2235 5715">
     <span class='ocr_line' id='line_1_101' title="bbox 670 5632 2235 5715; baseline 0.005 -34"><span class='ocrx_word' id='word_1_699' title='bbox 670 5641 779 5715; x_wconf 55' lang='lat' dir='ltr'><strong>non</strong></span> <span class='ocrx_word' id='word_1_700' title='bbox 801 5636 1053 5715; x_wconf 67' lang='lat' dir='ltr'><strong>poterant</strong></span> <span class='ocrx_word' id='word_1_701' title='bbox 1081 5635 1260 5715; x_wconf 75' lang='lat' dir='ltr'><strong>aptius</strong></span> <span class='ocrx_word' id='word_1_702' title='bbox 1269 5632 1539 5715; x_wconf 70' lang='lat' dir='ltr'><strong>appellari</strong></span> <span class='ocrx_word' id='word_1_703' title='bbox 1583 5634 2057 5715; x_wconf 4' lang='lat' dir='ltr'><strong>quamgrotundat‘a</strong></span> <span class='ocrx_word' id='word_1_704' title='bbox 2086 5636 2235 5690; x_wconf 80' lang='lat' dir='ltr'><strong>colu-</strong></span> 
     </span>
    </p>
   </div>
   <div class='ocr_carea' id='block_1_96' title="bbox 670 5701 2235 5774">
    <p class='ocr_par' dir='ltr' id='par_1_96' title="bbox 670 5701 2235 5774">
     <span class='ocr_line' id='line_1_102' title="bbox 670 5701 2235 5774; baseline 0.005 -21"><span class='ocrx_word' id='word_1_705' title='bbox 670 5701 770 5753; x_wconf 85' lang='lat' dir='ltr'><strong>ria.</strong></span> <span class='ocrx_word' id='word_1_706' title='bbox 799 5701 990 5755; x_wconf 89' lang='lat' dir='ltr'><strong>Colura</strong></span> <span class='ocrx_word' id='word_1_707' title='bbox 1039 5701 1180 5757; x_wconf 81' lang='lat' dir='ltr'><strong>enim</strong></span> <span class='ocrx_word' id='word_1_708' title='bbox 1232 5701 1478 5759; x_wconf 85' lang='lat' dir='ltr'><strong>dicuntur</strong></span> <span class='ocrx_word' id='word_1_709' title='bbox 1508 5701 1626 5774; x_wconf 72' lang='lat' dir='ltr'><strong>quae</strong></span> <span class='ocrx_word' id='word_1_710' title='bbox 1676 5713 1911 5760; x_wconf 85' lang='lat' dir='ltr'><strong>extrema</strong></span> <span class='ocrx_word' id='word_1_711' title='bbox 1949 5707 2027 5759; x_wconf 92' lang='lat' dir='ltr'><strong>sui</strong></span> <span class='ocrx_word' id='word_1_712' title='bbox 2086 5716 2235 5773; x_wconf 89' lang='lat' dir='ltr'><strong>parte</strong></span> 
     </span>
    </p>
   </div>
   <div class='ocr_carea' id='block_1_97' title="bbox 662 5775 2237 5847">
    <p class='ocr_par' dir='ltr' id='par_1_97' title="bbox 662 5775 2237 5847">
     <span class='ocr_line' id='line_1_103' title="bbox 662 5775 2237 5847; baseline 0.006 -23"><span class='ocrx_word' id='word_1_713' title='bbox 662 5777 1006 5843; x_wconf 81' lang='lat' dir='ltr'><strong>truncantur,</strong></span> <span class='ocrx_word' id='word_1_714' title='bbox 1028 5780 1082 5829; x_wconf 88' lang='lat' dir='ltr'><strong>et</strong></span> <span class='ocrx_word' id='word_1_715' title='bbox 1100 5776 1394 5845; x_wconf 79' lang='grc' dir='ltr'><strong>κολουραίαν</strong></span> <span class='ocrx_word' id='word_1_716' title='bbox 1424 5776 1615 5846; x_wconf 69' lang='grc' dir='ltr'><strong>πέτραν</strong></span> <span class='ocrx_word' id='word_1_717' title='bbox 1642 5775 2019 5847; x_wconf 89' lang='lat' dir='ltr'><strong>interpretatur</strong></span> <span class='ocrx_word' id='word_1_718' title='bbox 2046 5776 2237 5833; x_wconf 86' lang='lat' dir='ltr'><strong>Suidas</strong></span> 
     </span>
    </p>
   </div>
   <div class='ocr_carea' id='block_1_98' title="bbox 2261 4552 2315 4614">
    <p class='ocr_par' dir='ltr' id='par_1_98' title="bbox 2261 4552 2315 4614">
     <span class='ocr_line' id='line_1_104' title="bbox 2261 4552 2315 4614; baseline 0 0"><span class='ocrx_word' id='word_1_719' title='bbox 2261 4552 2315 4614; x_wconf 83' lang='grc' dir='ltr'><strong>Ι)</strong></span> 
     </span>
    </p>
   </div>
   <div class='ocr_carea' id='block_1_99' title="bbox 2340 3242 3920 3313">
    <p class='ocr_par' dir='ltr' id='par_1_99' title="bbox 2340 3242 3920 3313">
     <span class='ocr_line' id='line_1_105' title="bbox 2340 3242 3920 3313; baseline -0.007 -14"><span class='ocrx_word' id='word_1_720' title='bbox 2340 3242 2549 3300; x_wconf 44' lang='lat' dir='ltr'><strong>linem?</strong></span> <span class='ocrx_word' id='word_1_721' title='bbox 2576 3242 2642 3296; x_wconf 90' lang='lat' dir='ltr'><strong>Et</strong></span> <span class='ocrx_word' id='word_1_722' title='bbox 2673 3253 2726 3295; x_wconf 86' lang='lat' dir='ltr'><strong>ut</strong></span> <span class='ocrx_word' id='word_1_723' title='bbox 2755 3246 3004 3312; x_wconf 80' lang='lat' dir='ltr'><strong>conferret</strong></span> <span class='ocrx_word' id='word_1_724' title='bbox 3032 3244 3190 3296; x_wconf 77' lang='lat' dir='ltr'><strong>sacris</strong></span> <span class='ocrx_word' id='word_1_725' title='bbox 3226 3242 3497 3312; x_wconf 75' lang='lat' dir='ltr'><strong>virginibus</strong></span> <span class='ocrx_word' id='word_1_726' title='bbox 3523 3259 3652 3311; x_wconf 82' lang='lat' dir='ltr'><strong>quas</strong></span> <span class='ocrx_word' id='word_1_727' title='bbox 3699 3261 3920 3313; x_wconf 71' lang='grc' dir='ltr'><strong>σοπςγε..</strong></span> 
     </span>
    </p>
   </div>
   <div class='ocr_carea' id='block_1_100' title="bbox 2339 3313 3918 3384">
    <p class='ocr_par' dir='ltr' id='par_1_100' title="bbox 2339 3313 3918 3384">
     <span class='ocr_line' id='line_1_106' title="bbox 2339 3313 3918 3384; baseline 0.002 -17"><span class='ocrx_word' id='word_1_728' title='bbox 2339 3324 2539 3384; x_wconf 81' lang='lat' dir='ltr'><strong>gaverat</strong></span> <span class='ocrx_word' id='word_1_729' title='bbox 2562 3329 2735 3366; x_wconf 87' lang='lat' dir='ltr'><strong>curam</strong></span> <span class='ocrx_word' id='word_1_730' title='bbox 2765 3315 3098 3367; x_wconf 77' lang='lat' dir='ltr'><strong>necessariam</strong></span> <span class='ocrx_word' id='word_1_731' title='bbox 3126 3313 3722 3384; x_wconf 14' lang='lat' dir='ltr'><strong>sepulturw,rm0nubilcs</strong></span> <span class='ocrx_word' id='word_1_732' title='bbox 3763 3333 3918 3371; x_wconf 86' lang='lat' dir='ltr'><strong>arcas</strong></span> 
     </span>
    </p>
   </div>
   <div class='ocr_carea' id='block_1_101' title="bbox 2338 3374 3920 3457">
    <p class='ocr_par' dir='ltr' id='par_1_101' title="bbox 2338 3374 3920 3457">
     <span class='ocr_line' id='line_1_107' title="bbox 2338 3374 3920 3457; baseline 0.002 -20"><span class='ocrx_word' id='word_1_733' title='bbox 2338 3374 2631 3452; x_wconf 61' lang='lat' dir='ltr'><strong>corporibus</strong></span> <span class='ocrx_word' id='word_1_734' title='bbox 2662 3384 2932 3437; x_wconf 83' lang='lat' dir='ltr'><strong>humandis</strong></span> <span class='ocrx_word' id='word_1_735' title='bbox 2968 3385 3031 3437; x_wconf 89' lang='lat' dir='ltr'><strong>de</strong></span> <span class='ocrx_word' id='word_1_736' title='bbox 3074 3374 3211 3437; x_wconf 76' lang='lat' dir='ltr'><strong>saxis</strong></span> <span class='ocrx_word' id='word_1_737' title='bbox 3252 3374 3525 3454; x_wconf 76' lang='lat' dir='ltr'><strong>ingentibus</strong></span> <span class='ocrx_word' id='word_1_738' title='bbox 3553 3385 3749 3438; x_wconf 78' lang='lat' dir='ltr'><strong>nariler</strong></span> <span class='ocrx_word' id='word_1_739' title='bbox 3793 3388 3920 3457; x_wconf 67' lang='lat' dir='ltr'><strong>fecit</strong></span> 
     </span>
    </p>
   </div>
   <div class='ocr_carea' id='block_1_102' title="bbox 2338 3457 2521 3510">
    <p class='ocr_par' dir='ltr' id='par_1_102' title="bbox 2338 3457 2521 3510">
     <span class='ocr_line' id='line_1_108' title="bbox 2338 3457 2521 3510; baseline -0.022 0"><span class='ocrx_word' id='word_1_740' title='bbox 2338 3457 2521 3510; x_wconf 73' lang='lat' dir='ltr'><strong>excidi.</strong></span> 
     </span>
    </p>
   </div>
   <div class='ocr_carea' id='block_1_103' title="bbox 2414 3524 3413 3593">
    <p class='ocr_par' dir='ltr' id='par_1_103' title="bbox 2414 3524 3413 3593">
     <span class='ocr_line' id='line_1_109' title="bbox 2414 3524 3413 3593; baseline -0.002 -15"><span class='ocrx_word' id='word_1_741' title='bbox 2414 3531 2427 3578; x_wconf 84' lang='lat' dir='ltr'><strong>t</strong></span> <span class='ocrx_word' id='word_1_742' title='bbox 2468 3526 2521 3578; x_wconf 89' lang='lat' dir='ltr'><strong>lu</strong></span> <span class='ocrx_word' id='word_1_743' title='bbox 2551 3524 2862 3593; x_wconf 87' lang='lat' dir='ltr'><strong>quibusdam</strong></span> <span class='ocrx_word' id='word_1_744' title='bbox 2891 3524 3057 3589; x_wconf 86' lang='lat' dir='ltr'><strong>libris,</strong></span> <span class='ocrx_word' id='word_1_745' title='bbox 3092 3524 3413 3577; x_wconf 76' lang='lat' dir='ltr'><strong>intrinsecus.</strong></span> 
     </span>
    </p>
   </div>
   <div class='ocr_carea' id='block_1_104' title="bbox 2414 3594 3916 3663">
    <p class='ocr_par' dir='ltr' id='par_1_104' title="bbox 2414 3594 3916 3663">
     <span class='ocr_line' id='line_1_110' title="bbox 2414 3594 3916 3663; baseline 0 -14"><span class='ocrx_word' id='word_1_746' title='bbox 2414 3595 2437 3634; x_wconf 69' lang='grc' dir='ltr'>ιί</span> <span class='ocrx_word' id='word_1_747' title='bbox 2468 3596 2627 3651; x_wconf 91' lang='lat' dir='ltr'><strong>Certa</strong></span> <span class='ocrx_word' id='word_1_748' title='bbox 2657 3594 2979 3655; x_wconf 80' lang='lat' dir='ltr'><strong>emendatio.</strong></span> <span class='ocrx_word' id='word_1_749' title='bbox 3004 3610 3160 3663; x_wconf 88' lang='lat' dir='ltr'><strong>quam</strong></span> <span class='ocrx_word' id='word_1_750' title='bbox 3193 3595 3311 3648; x_wconf 86' lang='lat' dir='ltr'><strong>libri</strong></span> <span class='ocrx_word' id='word_1_751' title='bbox 3340 3609 3524 3649; x_wconf 73' lang='lat' dir='ltr'><strong>omnes</strong></span> <span class='ocrx_word' id='word_1_752' title='bbox 3555 3594 3739 3661; x_wconf 89' lang='lat' dir='ltr'><strong>scripti</strong></span> <span class='ocrx_word' id='word_1_753' title='bbox 3771 3609 3916 3649; x_wconf 88' lang='lat' dir='ltr'><strong>asse—</strong></span> 
     </span>
    </p>
   </div>
   <div class='ocr_carea' id='block_1_105' title="bbox 2339 3664 3909 3735">
    <p class='ocr_par' dir='ltr' id='par_1_105' title="bbox 2339 3664 3909 3735">
     <span class='ocr_line' id='line_1_111' title="bbox 2339 3664 3909 3735; baseline -0.004 -13"><span class='ocrx_word' id='word_1_754' title='bbox 2339 3677 2481 3730; x_wconf 87' lang='lat' dir='ltr'><strong>runt,</strong></span> <span class='ocrx_word' id='word_1_755' title='bbox 2499 3682 2591 3735; x_wconf 88' lang='lat' dir='ltr'><strong>pro</strong></span> <span class='ocrx_word' id='word_1_756' title='bbox 2604 3681 2708 3735; x_wconf 86' lang='lat' dir='ltr'><strong>quo</strong></span> <span class='ocrx_word' id='word_1_757' title='bbox 2728 3666 2979 3720; x_wconf 87' lang='lat' dir='ltr'><strong>mendose</strong></span> <span class='ocrx_word' id='word_1_758' title='bbox 2992 3665 3185 3733; x_wconf 87' lang='lat' dir='ltr'><strong>vulgati</strong></span> <span class='ocrx_word' id='word_1_759' title='bbox 3208 3664 3460 3719; x_wconf 81' lang='lat' dir='ltr'><strong>exhibent</strong></span> <span class='ocrx_word' id='word_1_760' title='bbox 3477 3664 3909 3734; x_wconf 82' lang='lat' dir='ltr'><strong>hippodromum,</strong></span> 
     </span>
    </p>
   </div>
   <div class='ocr_carea' id='block_1_106' title="bbox 2340 3736 3914 3805">
    <p class='ocr_par' dir='ltr' id='par_1_106' title="bbox 2340 3736 3914 3805">
     <span class='ocr_line' id='line_1_112' title="bbox 2340 3736 3914 3805; baseline -0.004 -11"><span class='ocrx_word' id='word_1_761' title='bbox 2340 3740 2391 3794; x_wconf 88' lang='lat' dir='ltr'><strong>id</strong></span> <span class='ocrx_word' id='word_1_762' title='bbox 2419 3748 2501 3792; x_wconf 89' lang='lat' dir='ltr'><strong>est</strong></span> <span class='ocrx_word' id='word_1_763' title='bbox 2525 3738 2749 3791; x_wconf 84' lang='lat' dir='ltr'><strong>circum.</strong></span> <span class='ocrx_word' id='word_1_764' title='bbox 2788 3736 2902 3789; x_wconf 86' lang='lat' dir='ltr'><strong>Non</strong></span> <span class='ocrx_word' id='word_1_765' title='bbox 2941 3740 3086 3790; x_wconf 91' lang='lat' dir='ltr'><strong>enim</strong></span> <span class='ocrx_word' id='word_1_766' title='bbox 3115 3737 3312 3789; x_wconf 82' lang='lat' dir='ltr'><strong>circum</strong></span> <span class='ocrx_word' id='word_1_767' title='bbox 3344 3736 3606 3805; x_wconf 86' lang='lat' dir='ltr'><strong>intellig:t,</strong></span> <span class='ocrx_word' id='word_1_768' title='bbox 3634 3739 3724 3801; x_wconf 81' lang='lat' dir='ltr'><strong>qui</strong></span> <span class='ocrx_word' id='word_1_769' title='bbox 3753 3752 3914 3803; x_wconf 80' lang='lat' dir='ltr'><strong>quor-</strong></span> 
     </span>
    </p>
   </div>
   <div class='ocr_carea' id='block_1_107' title="bbox 2339 3806 3915 3875">
    <p class='ocr_par' dir='ltr' id='par_1_107' title="bbox 2339 3806 3915 3875">
     <span class='ocr_line' id='line_1_113' title="bbox 2339 3806 3915 3875; baseline -0.004 -11"><span class='ocrx_word' id='word_1_770' title='bbox 2339 3825 2459 3864; x_wconf 88' lang='lat' dir='ltr'><strong>sum</strong></span> <span class='ocrx_word' id='word_1_771' title='bbox 2491 3812 2541 3862; x_wconf 90' lang='lat' dir='ltr'><strong>in</strong></span> <span class='ocrx_word' id='word_1_772' title='bbox 2571 3807 2761 3861; x_wconf 68' lang='lat' dir='ltr'><strong>mdium</strong></span> <span class='ocrx_word' id='word_1_773' title='bbox 2787 3806 3067 3869; x_wconf 89' lang='lat' dir='ltr'><strong>vestibulo,</strong></span> <span class='ocrx_word' id='word_1_774' title='bbox 3097 3815 3187 3859; x_wconf 88' lang='lat' dir='ltr'><strong>aut</strong></span> <span class='ocrx_word' id='word_1_775' title='bbox 3215 3806 3341 3875; x_wconf 88' lang='lat' dir='ltr'><strong>quid</strong></span> <span class='ocrx_word' id='word_1_776' title='bbox 3369 3807 3522 3860; x_wconf 85' lang='lat' dir='ltr'><strong>habet</strong></span> <span class='ocrx_word' id='word_1_777' title='bbox 3548 3822 3669 3860; x_wconf 90' lang='lat' dir='ltr'><strong>cum</strong></span> <span class='ocrx_word' id='word_1_778' title='bbox 3700 3815 3915 3875; x_wconf 79' lang='lat' dir='ltr'><strong>crypto-</strong></span> 
     </span>
    </p>
   </div>
   <div class='ocr_carea' id='block_1_108' title="bbox 2340 3877 3911 3949">
    <p class='ocr_par' dir='ltr' id='par_1_108' title="bbox 2340 3877 3911 3949">
     <span class='ocr_line' id='line_1_114' title="bbox 2340 3877 3911 3949; baseline -0.004 -15"><span class='ocrx_word' id='word_1_779' title='bbox 2340 3882 2542 3949; x_wconf 90' lang='lat' dir='ltr'><strong>porticu</strong></span> <span class='ocrx_word' id='word_1_780' title='bbox 2574 3878 2891 3933; x_wconf 73' lang='lat' dir='ltr'><strong>commune?</strong></span> <span class='ocrx_word' id='word_1_781' title='bbox 2922 3878 3014 3930; x_wconf 85' lang='lat' dir='ltr'><strong>sed</strong></span> <span class='ocrx_word' id='word_1_782' title='bbox 3045 3877 3473 3949; x_wconf 76' lang='lat' dir='ltr'><strong>tectam_ut_dicit</strong></span> <span class='ocrx_word' id='word_1_783' title='bbox 3505 3877 3911 3949; x_wconf 75' lang='lat' dir='ltr'><strong>longitudinem,</strong></span> 
     </span>
    </p>
   </div>
   <div class='ocr_carea' id='block_1_109' title="bbox 2339 3947 3916 4016">
    <p class='ocr_par' dir='ltr' id='par_1_109' title="bbox 2339 3947 3916 4016">
     <span class='ocr_line' id='line_1_115' title="bbox 2339 3947 3916 4016; baseline -0.003 -12"><span class='ocrx_word' id='word_1_784' title='bbox 2339 3947 2395 4005; x_wconf 86' lang='lat' dir='ltr'><strong>et</strong></span> <span class='ocrx_word' id='word_1_785' title='bbox 2424 3953 2660 4004; x_wconf 87' lang='lat' dir='ltr'><strong>clausum</strong></span> <span class='ocrx_word' id='word_1_786' title='bbox 2707 3951 3057 4016; x_wconf 85' lang='lat' dir='ltr'><strong>nndequaque</strong></span> <span class='ocrx_word' id='word_1_787' title='bbox 3087 3947 3522 4001; x_wconf 85' lang='lat' dir='ltr'><strong>deambulacrum</strong></span> <span class='ocrx_word' id='word_1_788' title='bbox 3547 3965 3558 3998; x_wconf 87' lang='lat'>:</span> <span class='ocrx_word' id='word_1_789' title='bbox 3584 3947 3755 4014; x_wconf 86' lang='lat' dir='ltr'><strong>qualia</strong></span> <span class='ocrx_word' id='word_1_790' title='bbox 3788 3957 3916 4000; x_wconf 85' lang='lat' dir='ltr'><strong>sunt</strong></span> 
     </span>
    </p>
   </div>
   <div class='ocr_carea' id='block_1_110' title="bbox 2340 4016 3912 4087">
    <p class='ocr_par' dir='ltr' id='par_1_110' title="bbox 2340 4016 3912 4087">
     <span class='ocr_line' id='line_1_116' title="bbox 2340 4016 3912 4087; baseline -0.004 -12"><span class='ocrx_word' id='word_1_791' title='bbox 2340 4020 2392 4075; x_wconf 90' lang='lat' dir='ltr'><strong>in</strong></span> <span class='ocrx_word' id='word_1_792' title='bbox 2420 4019 2698 4075; x_wconf 52' lang='lat' dir='ltr'><strong>vestibulis</strong></span> <span class='ocrx_word' id='word_1_793' title='bbox 2724 4029 3049 4087; x_wconf 86' lang='lat' dir='ltr'><strong>magnatnm,</strong></span> <span class='ocrx_word' id='word_1_794' title='bbox 3080 4026 3169 4070; x_wconf 90' lang='lat' dir='ltr'><strong>aut</strong></span> <span class='ocrx_word' id='word_1_795' title='bbox 3198 4017 3371 4087; x_wconf 82' lang='lat' dir='ltr'><strong>qualia</strong></span> <span class='ocrx_word' id='word_1_796' title='bbox 3402 4033 3523 4083; x_wconf 76' lang='lat' dir='ltr'><strong>qua:</strong></span> <span class='ocrx_word' id='word_1_797' title='bbox 3543 4016 3711 4069; x_wconf 85' lang='lat' dir='ltr'><strong>stadia</strong></span> <span class='ocrx_word' id='word_1_798' title='bbox 3740 4031 3912 4087; x_wconf 65' lang='lat' dir='ltr'><strong>epam</strong></span> 
     </span>
    </p>
   </div>
   <div class='ocr_carea' id='block_1_111' title="bbox 2339 4086 3916 4159">
    <p class='ocr_par' dir='ltr' id='par_1_111' title="bbox 2339 4086 3916 4159">
     <span class='ocr_line' id='line_1_117' title="bbox 2339 4086 3916 4159; baseline -0.003 -15"><span class='ocrx_word' id='word_1_799' title='bbox 2339 4101 2492 4144; x_wconf 82' lang='lat' dir='ltr'><strong>vocat</strong></span> <span class='ocrx_word' id='word_1_800' title='bbox 2522 4086 2884 4144; x_wconf 85' lang='lat' dir='ltr'><strong>Tertullianus</strong></span> <span class='ocrx_word' id='word_1_801' title='bbox 2922 4090 3030 4159; x_wconf 74' lang='lat'><strong>28</strong></span> <span class='ocrx_word' id='word_1_802' title='bbox 3074 4089 3124 4140; x_wconf 92' lang='lat' dir='ltr'><strong>in</strong></span> <span class='ocrx_word' id='word_1_803' title='bbox 3174 4086 3351 4141; x_wconf 88' lang='lat' dir='ltr'><strong>libello</strong></span> <span class='ocrx_word' id='word_1_804' title='bbox 3380 4088 3443 4139; x_wconf 85' lang='lat' dir='ltr'><strong>ad</strong></span> <span class='ocrx_word' id='word_1_805' title='bbox 3482 4097 3780 4159; x_wconf 76' lang='lat' dir='ltr'><strong>martyres._</strong></span> <span class='ocrx_word' id='word_1_806' title='bbox 3808 4086 3916 4157; x_wconf 82' lang='lat' dir='ltr'><strong>Hy-</strong></span> 
     </span>
    </p>
   </div>
   <div class='ocr_carea' id='block_1_112' title="bbox 2341 4157 3915 4225">
    <p class='ocr_par' dir='ltr' id='par_1_112' title="bbox 2341 4157 3915 4225">
     <span class='ocr_line' id='line_1_118' title="bbox 2341 4157 3915 4225; baseline -0.002 -12"><span class='ocrx_word' id='word_1_807' title='bbox 2341 4161 2631 4225; x_wconf 80' lang='lat' dir='ltr'><strong>podromus</strong></span> <span class='ocrx_word' id='word_1_808' title='bbox 2672 4169 2846 4213; x_wconf 90' lang='lat' dir='ltr'><strong>autem</strong></span> <span class='ocrx_word' id='word_1_809' title='bbox 2880 4157 2968 4213; x_wconf 26' lang='lat' dir='ltr'><strong>exi</strong></span> <span class='ocrx_word' id='word_1_810' title='bbox 2993 4157 3057 4213; x_wconf 65' lang='lat' dir='ltr'><strong>co</strong></span> <span class='ocrx_word' id='word_1_811' title='bbox 3102 4158 3305 4222; x_wconf 89' lang='lat' dir='ltr'><strong>dictus,</strong></span> <span class='ocrx_word' id='word_1_812' title='bbox 3338 4159 3475 4224; x_wconf 86' lang='lat' dir='ltr'><strong>quod</strong></span> <span class='ocrx_word' id='word_1_813' title='bbox 3506 4159 3605 4209; x_wconf 89' lang='lat' dir='ltr'><strong>sub</strong></span> <span class='ocrx_word' id='word_1_814' title='bbox 3654 4172 3720 4210; x_wconf 92' lang='lat' dir='ltr'><strong>eo</strong></span> <span class='ocrx_word' id='word_1_815' title='bbox 3769 4157 3915 4210; x_wconf 81' lang='lat' dir='ltr'><strong>ince-</strong></span> 
     </span>
    </p>
   </div>
   <div class='ocr_carea' id='block_1_113' title="bbox 2339 4226 3915 4298">
    <p class='ocr_par' dir='ltr' id='par_1_113' title="bbox 2339 4226 3915 4298">
     <span class='ocr_line' id='line_1_119' title="bbox 2339 4226 3915 4298; baseline -0.003 -13"><span class='ocrx_word' id='word_1_816' title='bbox 2339 4231 2514 4295; x_wconf 87' lang='lat' dir='ltr'><strong>datur,</strong></span> <span class='ocrx_word' id='word_1_817' title='bbox 2543 4230 2681 4285; x_wconf 90' lang='lat' dir='ltr'><strong>sicut</strong></span> <span class='ocrx_word' id='word_1_818' title='bbox 2706 4230 3023 4298; x_wconf 89' lang='lat' dir='ltr'><strong>peridromis</strong></span> <span class='ocrx_word' id='word_1_819' title='bbox 3052 4228 3104 4281; x_wconf 93' lang='lat' dir='ltr'><strong>in</strong></span> <span class='ocrx_word' id='word_1_820' title='bbox 3138 4239 3289 4298; x_wconf 87' lang='lat' dir='ltr'><strong>xysto</strong></span> <span class='ocrx_word' id='word_1_821' title='bbox 3320 4227 3595 4297; x_wconf 76' lang='lat' dir='ltr'><strong>hypzetbra</strong></span> <span class='ocrx_word' id='word_1_822' title='bbox 3623 4226 3915 4281; x_wconf 83' lang='lat' dir='ltr'><strong>ambulatio</strong></span> 
     </span>
    </p>
   </div>
   <div class='ocr_carea' id='block_1_114' title="bbox 2339 4298 3916 4363">
    <p class='ocr_par' dir='ltr' id='par_1_114' title="bbox 2339 4298 3916 4363">
     <span class='ocr_line' id='line_1_120' title="bbox 2339 4298 3916 4363; baseline -0.003 -9"><span class='ocrx_word' id='word_1_823' title='bbox 2339 4316 2368 4354; x_wconf 90' lang='lat' dir='ltr'><strong>a</strong></span> <span class='ocrx_word' id='word_1_824' title='bbox 2396 4302 2675 4355; x_wconf 86' lang='lat' dir='ltr'><strong>circumitu</strong></span> <span class='ocrx_word' id='word_1_825' title='bbox 2700 4340 2715 4363; x_wconf 93' lang='lat'><strong>,</strong></span> <span class='ocrx_word' id='word_1_826' title='bbox 2753 4309 2806 4354; x_wconf 91' lang='lat' dir='ltr'><strong>et</strong></span> <span class='ocrx_word' id='word_1_827' title='bbox 2839 4298 3129 4353; x_wconf 89' lang='lat' dir='ltr'><strong>diadromis</strong></span> <span class='ocrx_word' id='word_1_828' title='bbox 3157 4314 3188 4351; x_wconf 90' lang='lat' dir='ltr'><strong>a</strong></span> <span class='ocrx_word' id='word_1_829' title='bbox 3232 4306 3454 4352; x_wconf 71' lang='lat' dir='ltr'><strong>transnu</strong></span> <span class='ocrx_word' id='word_1_830' title='bbox 3486 4316 3497 4350; x_wconf 86' lang='lat'><strong>:</strong></span> <span class='ocrx_word' id='word_1_831' title='bbox 3542 4298 3714 4350; x_wconf 87' lang='lat' dir='ltr'><strong>balnei</strong></span> <span class='ocrx_word' id='word_1_832' title='bbox 3746 4313 3916 4349; x_wconf 83' lang='lat' dir='ltr'><strong>mem—</strong></span> 
     </span>
    </p>
   </div>
   <div class='ocr_carea' id='block_1_115' title="bbox 2341 4368 3915 4439">
    <p class='ocr_par' dir='ltr' id='par_1_115' title="bbox 2341 4368 3915 4439">
     <span class='ocr_line' id='line_1_121' title="bbox 2341 4368 3915 4439; baseline -0.002 -16"><span class='ocrx_word' id='word_1_833' title='bbox 2341 4373 2491 4425; x_wconf 88' lang='lat' dir='ltr'><strong>brum</strong></span> <span class='ocrx_word' id='word_1_834' title='bbox 2529 4373 2579 4425; x_wconf 90' lang='lat' dir='ltr'><strong>in</strong></span> <span class='ocrx_word' id='word_1_835' title='bbox 2608 4370 2794 4439; x_wconf 82' lang='lat' dir='ltr'><strong>Hippia</strong></span> <span class='ocrx_word' id='word_1_836' title='bbox 2832 4369 3069 4439; x_wconf 86' lang='lat' dir='ltr'><strong>Luciani.</strong></span> <span class='ocrx_word' id='word_1_837' title='bbox 3112 4368 3229 4439; x_wconf 68' lang='lat' dir='ltr'><strong>Non</strong></span> <span class='ocrx_word' id='word_1_838' title='bbox 3263 4368 3412 4422; x_wconf 88' lang='lat' dir='ltr'><strong>latuit</strong></span> <span class='ocrx_word' id='word_1_839' title='bbox 3432 4383 3493 4422; x_wconf 90' lang='lat' dir='ltr'><strong>ea</strong></span> <span class='ocrx_word' id='word_1_840' title='bbox 3518 4383 3619 4439; x_wconf 83' lang='lat' dir='ltr'><strong>vox</strong></span> <span class='ocrx_word' id='word_1_841' title='bbox 3650 4368 3915 4439; x_wconf 81' lang='lat' dir='ltr'><strong>Angelum</strong></span> 
     </span>
    </p>
   </div>
   <div class='ocr_carea' id='block_1_116' title="bbox 2343 4436 3915 4509">
    <p class='ocr_par' dir='ltr' id='par_1_116' title="bbox 2343 4436 3915 4509">
     <span class='ocr_line' id='line_1_122' title="bbox 2343 4436 3915 4509; baseline -0.001 -15"><span class='ocrx_word' id='word_1_842' title='bbox 2343 4436 2742 4504; x_wconf 72' lang='lat' dir='ltr'><strong>Decembrium,</strong></span> <span class='ocrx_word' id='word_1_843' title='bbox 2772 4440 2859 4508; x_wconf 89' lang='lat' dir='ltr'><strong>qui</strong></span> <span class='ocrx_word' id='word_1_844' title='bbox 2898 4438 2990 4494; x_wconf 78' lang='grc' dir='ltr'>ιιι),</span> <span class='ocrx_word' id='word_1_845' title='bbox 3034 4455 3065 4492; x_wconf 91' lang='lat' dir='ltr'><strong>v</strong></span> <span class='ocrx_word' id='word_1_846' title='bbox 3090 4438 3499 4509; x_wconf 60' lang='lat' dir='ltr'><strong>,hypudromum</strong></span> <span class='ocrx_word' id='word_1_847' title='bbox 3538 4436 3818 4509; x_wconf 77' lang='lat' dir='ltr'><strong>distinguit</strong></span> <span class='ocrx_word' id='word_1_848' title='bbox 3846 4440 3915 4493; x_wconf 88' lang='lat' dir='ltr'><strong>ab</strong></span> 
     </span>
    </p>
   </div>
   <div class='ocr_carea' id='block_1_117' title="bbox 2342 4506 3915 4581">
    <p class='ocr_par' dir='ltr' id='par_1_117' title="bbox 2342 4506 3915 4581">
     <span class='ocr_line' id='line_1_123' title="bbox 2342 4506 3915 4581; baseline -0.002 -15"><span class='ocrx_word' id='word_1_849' title='bbox 2342 4511 2692 4581; x_wconf 84' lang='lat' dir='ltr'><strong>hippodromo</strong></span> <span class='ocrx_word' id='word_1_850' title='bbox 2711 4526 2723 4563; x_wconf 91' lang='lat'>:</span> <span class='ocrx_word' id='word_1_851' title='bbox 2741 4506 2838 4581; x_wconf 79' lang='lat' dir='ltr'><strong>nec</strong></span> <span class='ocrx_word' id='word_1_852' title='bbox 2856 4510 3035 4581; x_wconf 73' lang='lat' dir='ltr'><strong>saeculi</strong></span> <span class='ocrx_word' id='word_1_853' title='bbox 3057 4506 3569 4581; x_wconf 67' lang='lat' dir='ltr'><strong>suieruditissimum</strong></span> <span class='ocrx_word' id='word_1_854' title='bbox 3588 4506 3915 4581; x_wconf 68' lang='lat' dir='ltr'><strong>Aldelmum,</strong></span> 
     </span>
    </p>
   </div>
   <div class='ocr_carea' id='block_1_118' title="bbox 2342 4579 3916 4651">
    <p class='ocr_par' dir='ltr' id='par_1_118' title="bbox 2342 4579 3916 4651">
     <span class='ocr_line' id='line_1_124' title="bbox 2342 4579 3916 4651; baseline -0.003 -16"><span class='ocrx_word' id='word_1_855' title='bbox 2342 4579 2480 4651; x_wconf 83' lang='lat' dir='ltr'><strong>apud</strong></span> <span class='ocrx_word' id='word_1_856' title='bbox 2521 4596 2676 4651; x_wconf 89' lang='lat' dir='ltr'><strong>quem</strong></span> <span class='ocrx_word' id='word_1_857' title='bbox 2723 4581 2775 4634; x_wconf 93' lang='lat' dir='ltr'><strong>in</strong></span> <span class='ocrx_word' id='word_1_858' title='bbox 2822 4579 2961 4634; x_wconf 90' lang='lat' dir='ltr'><strong>libro</strong></span> <span class='ocrx_word' id='word_1_859' title='bbox 2994 4580 3061 4634; x_wconf 94' lang='lat' dir='ltr'><strong>de</strong></span> <span class='ocrx_word' id='word_1_860' title='bbox 3092 4579 3673 4651; x_wconf 25' lang='lat' dir='ltr'><strong>VirginitateLBabylas</strong></span> <span class='ocrx_word' id='word_1_861' title='bbox 3698 4588 3916 4651; x_wconf 80' lang='lat' dir='ltr'><strong>martyr</strong></span> 
     </span>
    </p>
   </div>
   <div class='ocr_carea' id='block_1_119' title="bbox 2340 4647 3919 4720">
    <p class='ocr_par' dir='ltr' id='par_1_119' title="bbox 2340 4647 3919 4720">
     <span class='ocr_line' id='line_1_125' title="bbox 2340 4647 3919 4720; baseline -0.004 -14"><span class='ocrx_word' id='word_1_862' title='bbox 2340 4647 2408 4706; x_wconf 79' lang='lat' dir='ltr'><strong>ad</strong></span> <span class='ocrx_word' id='word_1_863' title='bbox 2432 4647 2692 4720; x_wconf 80' lang='lat' dir='ltr'><strong>palatinas</strong></span> <span class='ocrx_word' id='word_1_864' title='bbox 2719 4652 2923 4705; x_wconf 79' lang='lat' dir='ltr'><strong>ducitur</strong></span> <span class='ocrx_word' id='word_1_865' title='bbox 2942 4660 3099 4720; x_wconf 74' lang='lat' dir='ltr'><strong>setas,</strong></span> <span class='ocrx_word' id='word_1_866' title='bbox 3122 4657 3170 4702; x_wconf 85' lang='lat' dir='ltr'><strong>et</strong></span> <span class='ocrx_word' id='word_1_867' title='bbox 3191 4648 3467 4720; x_wconf 79' lang='lat' dir='ltr'><strong>imperiaiis</strong></span> <span class='ocrx_word' id='word_1_868' title='bbox 3491 4647 3723 4720; x_wconf 71' lang='lat' dir='ltr'><strong>vestibuli</strong></span> <span class='ocrx_word' id='word_1_869' title='bbox 3749 4647 3919 4718; x_wconf 79' lang='lat' dir='ltr'><strong>hypo-</strong></span> 
     </span>
    </p>
   </div>
   <div class='ocr_carea' id='block_1_120' title="bbox 2341 4718 3916 4791">
    <p class='ocr_par' dir='ltr' id='par_1_120' title="bbox 2341 4718 3916 4791">
     <span class='ocr_line' id='line_1_126' title="bbox 2341 4718 3916 4791; baseline -0.001 -16"><span class='ocrx_word' id='word_1_870' title='bbox 2341 4718 2592 4777; x_wconf 79' lang='lat' dir='ltr'><strong>drontutn.</strong></span> <span class='ocrx_word' id='word_1_871' title='bbox 2634 4723 2687 4776; x_wconf 90' lang='lat' dir='ltr'><strong>In</strong></span> <span class='ocrx_word' id='word_1_872' title='bbox 2720 4722 2910 4791; x_wconf 90' lang='lat' dir='ltr'><strong>quibus</strong></span> <span class='ocrx_word' id='word_1_873' title='bbox 2954 4719 3137 4791; x_wconf 80' lang='lat' dir='ltr'><strong>verbis</strong></span> <span class='ocrx_word' id='word_1_874' title='bbox 3174 4718 3459 4791; x_wconf 80' lang='lat' dir='ltr'><strong>imaginem</strong></span> <span class='ocrx_word' id='word_1_875' title='bbox 3492 4718 3653 4791; x_wconf 75' lang='lat' dir='ltr'><strong>vides</strong></span> <span class='ocrx_word' id='word_1_876' title='bbox 3678 4722 3916 4788; x_wconf 81' lang='lat' dir='ltr'><strong>porticus</strong></span> 
     </span>
    </p>
   </div>
   <div class='ocr_carea' id='block_1_121' title="bbox 2341 4788 3918 4858">
    <p class='ocr_par' dir='ltr' id='par_1_121' title="bbox 2341 4788 3918 4858">
     <span class='ocr_line' id='line_1_127' title="bbox 2341 4788 3918 4858; baseline -0.004 -10"><span class='ocrx_word' id='word_1_877' title='bbox 2341 4793 2678 4849; x_wconf 71' lang='lat' dir='ltr'><strong>Sidonianaez</strong></span> <span class='ocrx_word' id='word_1_878' title='bbox 2716 4788 2770 4847; x_wconf 84' lang='lat' dir='ltr'><strong>et</strong></span> <span class='ocrx_word' id='word_1_879' title='bbox 2798 4790 2842 4845; x_wconf 89' lang='lat' dir='ltr'><strong>si</strong></span> <span class='ocrx_word' id='word_1_880' title='bbox 2870 4807 3016 4845; x_wconf 85' lang='lat' dir='ltr'><strong>suam</strong></span> <span class='ocrx_word' id='word_1_881' title='bbox 3049 4789 3329 4854; x_wconf 86' lang='lat' dir='ltr'><strong>Sidonius,</strong></span> <span class='ocrx_word' id='word_1_882' title='bbox 3368 4789 3493 4858; x_wconf 88' lang='lat' dir='ltr'><strong>quia</strong></span> <span class='ocrx_word' id='word_1_883' title='bbox 3530 4788 3656 4842; x_wconf 91' lang='lat' dir='ltr'><strong>nihil</strong></span> <span class='ocrx_word' id='word_1_884' title='bbox 3691 4804 3918 4857; x_wconf 87' lang='lat' dir='ltr'><strong>prospe-</strong></span> 
     </span>
    </p>
   </div>
   <div class='ocr_carea' id='block_1_122' title="bbox 2341 4859 3915 4935">
    <p class='ocr_par' dir='ltr' id='par_1_122' title="bbox 2341 4859 3915 4935">
     <span class='ocr_line' id='line_1_128' title="bbox 2341 4859 3915 4935; baseline -0.004 -16"><span class='ocrx_word' id='word_1_885' title='bbox 2341 4865 2537 4926; x_wconf 88' lang='lat' dir='ltr'><strong>ctabat,</strong></span> <span class='ocrx_word' id='word_1_886' title='bbox 2574 4862 3027 4935; x_wconf 80' lang='lat' dir='ltr'><strong>cryptoporticum</strong></span> <span class='ocrx_word' id='word_1_887' title='bbox 3051 4861 3517 4935; x_wconf 69' lang='lat' dir='ltr'><strong>appellat-emam.</strong></span> <span class='ocrx_word' id='word_1_888' title='bbox 3551 4859 3751 4913; x_wconf 89' lang='lat' dir='ltr'><strong>Plinius</strong></span> <span class='ocrx_word' id='word_1_889' title='bbox 3785 4875 3915 4913; x_wconf 88' lang='lat' dir='ltr'><strong>vero</strong></span> 
     </span>
    </p>
   </div>
   <div class='ocr_carea' id='block_1_123' title="bbox 2337 4930 3915 5004">
    <p class='ocr_par' dir='ltr' id='par_1_123' title="bbox 2337 4930 3915 5004">
     <span class='ocr_line' id='line_1_129' title="bbox 2337 4930 3915 5004; baseline -0.005 -15"><span class='ocrx_word' id='word_1_890' title='bbox 2337 4934 2537 5004; x_wconf 90' lang='lat' dir='ltr'><strong>junior,</strong></span> <span class='ocrx_word' id='word_1_891' title='bbox 2565 4950 2593 4987; x_wconf 90' lang='lat' dir='ltr'><strong>a</strong></span> <span class='ocrx_word' id='word_1_892' title='bbox 2625 4930 2730 5003; x_wconf 78' lang='lat' dir='ltr'><strong>quo</strong></span> <span class='ocrx_word' id='word_1_893' title='bbox 2753 4948 2936 4986; x_wconf 83' lang='lat' dir='ltr'><strong>vocem</strong></span> <span class='ocrx_word' id='word_1_894' title='bbox 2968 4934 3105 5004; x_wconf 80' lang='lat' dir='ltr'><strong>hanc</strong></span> <span class='ocrx_word' id='word_1_895' title='bbox 3142 4932 3278 5004; x_wconf 79' lang='lat' dir='ltr'><strong>haud</strong></span> <span class='ocrx_word' id='word_1_896' title='bbox 3310 4930 3769 5004; x_wconf 80' lang='lat' dir='ltr'><strong>dubie_mu:uatus</strong></span> <span class='ocrx_word' id='word_1_897' title='bbox 3807 4938 3915 5004; x_wconf 83' lang='lat' dir='ltr'><strong>est,</strong></span> 
     </span>
    </p>
   </div>
   <div class='ocr_carea' id='block_1_124' title="bbox 2343 4999 3913 5072">
    <p class='ocr_par' dir='ltr' id='par_1_124' title="bbox 2343 4999 3913 5072">
     <span class='ocr_line' id='line_1_130' title="bbox 2343 4999 3913 5072; baseline -0.004 -13"><span class='ocrx_word' id='word_1_898' title='bbox 2343 4999 2396 5059; x_wconf 83' lang='lat' dir='ltr'><strong>in</strong></span> <span class='ocrx_word' id='word_1_899' title='bbox 2436 4999 2791 5072; x_wconf 79' lang='lat' dir='ltr'><strong>descriptione</strong></span> <span class='ocrx_word' id='word_1_900' title='bbox 2818 5002 3124 5057; x_wconf 75' lang='lat' dir='ltr'><strong>Tuscanica:</strong></span> <span class='ocrx_word' id='word_1_901' title='bbox 3153 5001 3290 5055; x_wconf 62' lang='lat' dir='ltr'><strong>villae</strong></span> <span class='ocrx_word' id='word_1_902' title='bbox 3320 5015 3427 5071; x_wconf 84' lang='lat' dir='ltr'><strong>suae</strong></span> <span class='ocrx_word' id='word_1_903' title='bbox 3460 4999 3549 5053; x_wconf 88' lang='lat' dir='ltr'><strong>lib.</strong></span> <span class='ocrx_word' id='word_1_904' title='bbox 3581 5016 3631 5063; x_wconf 90' lang='lat' dir='ltr'><strong>v,</strong></span> <span class='ocrx_word' id='word_1_905' title='bbox 3667 5005 3828 5072; x_wconf 81' lang='lat' dir='ltr'><strong>epist.</strong></span> <span class='ocrx_word' id='word_1_906' title='bbox 3856 5001 3913 5064; x_wconf 81' lang='lat'><strong>6,</strong></span> 
     </span>
    </p>
   </div>
   <div class='ocr_carea' id='block_1_125' title="bbox 2343 5070 3920 5146">
    <p class='ocr_par' dir='ltr' id='par_1_125' title="bbox 2343 5070 3920 5146">
     <span class='ocr_line' id='line_1_131' title="bbox 2343 5070 3920 5146; baseline -0.003 -19"><span class='ocrx_word' id='word_1_907' title='bbox 2343 5070 2733 5146; x_wconf 80' lang='lat' dir='ltr'><strong>hypodromum</strong></span> <span class='ocrx_word' id='word_1_908' title='bbox 2751 5083 2904 5146; x_wconf 88' lang='lat' dir='ltr'><strong>vocat</strong></span> <span class='ocrx_word' id='word_1_909' title='bbox 2932 5072 3160 5146; x_wconf 75' lang='lat' dir='ltr'><strong>nativam</strong></span> <span class='ocrx_word' id='word_1_910' title='bbox 3186 5070 3746 5146; x_wconf 65' lang='lat' dir='ltr'><strong>pertisum,eonsertis</strong></span> <span class='ocrx_word' id='word_1_911' title='bbox 3776 5070 3920 5123; x_wconf 88' lang='lat' dir='ltr'><strong>inter</strong></span> 
     </span>
    </p>
   </div>
   <div class='ocr_carea' id='block_1_126' title="bbox 2340 5140 3912 5200">
    <p class='ocr_par' dir='ltr' id='par_1_126' title="bbox 2340 5140 3912 5200">
     <span class='ocr_line' id='line_1_132' title="bbox 2340 5140 3912 5200; baseline -0.006 -1"><span class='ocrx_word' id='word_1_912' title='bbox 2340 5140 2399 5199; x_wconf 78' lang='lat' dir='ltr'><strong>se</strong></span> <span class='ocrx_word' id='word_1_913' title='bbox 2418 5140 2481 5198; x_wconf 83' lang='lat' dir='ltr'><strong>ac</strong></span> <span class='ocrx_word' id='word_1_914' title='bbox 2502 5145 2715 5200; x_wconf 83' lang='lat' dir='ltr'><strong>reﬂexis</strong></span> <span class='ocrx_word' id='word_1_915' title='bbox 2735 5145 2984 5198; x_wconf 82' lang='lat' dir='ltr'><strong>arborum</strong></span> <span class='ocrx_word' id='word_1_916' title='bbox 3009 5143 3358 5200; x_wconf 87' lang='lat' dir='ltr'><strong>fruticumque</strong></span> <span class='ocrx_word' id='word_1_917' title='bbox 3381 5140 3544 5194; x_wconf 88' lang='lat' dir='ltr'><strong>ramis</strong></span> <span class='ocrx_word' id='word_1_918' title='bbox 3568 5149 3874 5193; x_wconf 86' lang='lat' dir='ltr'><strong>contextam</strong></span> <span class='ocrx_word' id='word_1_919' title='bbox 3896 5155 3912 5199; x_wconf 90' lang='lat'><strong>;</strong></span> 
     </span>
    </p>
   </div>
   <div class='ocr_carea' id='block_1_127' title="bbox 2340 5210 3917 5283">
    <p class='ocr_par' dir='ltr' id='par_1_127' title="bbox 2340 5210 3917 5283">
     <span class='ocr_line' id='line_1_133' title="bbox 2340 5210 3917 5283; baseline -0.004 -14"><span class='ocrx_word' id='word_1_920' title='bbox 2340 5216 2522 5283; x_wconf 89' lang='lat' dir='ltr'><strong>quales</strong></span> <span class='ocrx_word' id='word_1_921' title='bbox 2566 5217 2764 5283; x_wconf 13' lang='lat' dir='ltr'><strong>qumﬂin</strong></span> <span class='ocrx_word' id='word_1_922' title='bbox 2799 5215 2961 5267; x_wconf 75' lang='lat' dir='ltr'><strong>hortis.</strong></span> <span class='ocrx_word' id='word_1_923' title='bbox 2995 5224 3183 5266; x_wconf 85' lang='lat' dir='ltr'><strong>natura</strong></span> <span class='ocrx_word' id='word_1_924' title='bbox 3212 5210 3294 5283; x_wconf 84' lang='lat' dir='ltr'><strong>vel</strong></span> <span class='ocrx_word' id='word_1_925' title='bbox 3330 5222 3444 5283; x_wconf 90' lang='lat' dir='ltr'><strong>arte</strong></span> <span class='ocrx_word' id='word_1_926' title='bbox 3475 5210 3600 5283; x_wconf 75' lang='lat' dir='ltr'><strong>ﬁeri</strong></span> <span class='ocrx_word' id='word_1_927' title='bbox 3625 5210 3827 5283; x_wconf 82' lang='lat' dir='ltr'><strong>solent,</strong></span> <span class='ocrx_word' id='word_1_928' title='bbox 3860 5218 3917 5283; x_wconf 81' lang='lat' dir='ltr'><strong>et</strong></span> 
     </span>
    </p>
   </div>
   <div class='ocr_carea' id='block_1_128' title="bbox 2341 5280 3921 5354">
    <p class='ocr_par' dir='ltr' id='par_1_128' title="bbox 2341 5280 3921 5354">
     <span class='ocr_line' id='line_1_134' title="bbox 2341 5280 3921 5354; baseline -0.001 -20"><span class='ocrx_word' id='word_1_929' title='bbox 2341 5280 2549 5354; x_wconf 78' lang='lat' dir='ltr'><strong>qualem</strong></span> <span class='ocrx_word' id='word_1_930' title='bbox 2576 5280 2629 5337; x_wconf 85' lang='lat' dir='ltr'><strong>in</strong></span> <span class='ocrx_word' id='word_1_931' title='bbox 2649 5282 2925 5352; x_wconf 73' lang='lat' dir='ltr'><strong>VOroango</strong></span> <span class='ocrx_word' id='word_1_932' title='bbox 2954 5281 3304 5354; x_wconf 62' lang='lat' dir='ltr'><strong>Aptiolhnaris</strong></span> <span class='ocrx_word' id='word_1_933' title='bbox 3325 5282 3407 5335; x_wconf 87' lang='lat' dir='ltr'><strong>sui</strong></span> <span class='ocrx_word' id='word_1_934' title='bbox 3442 5280 3638 5349; x_wconf 55' lang='lat' dir='ltr'><strong>praedio</strong></span> <span class='ocrx_word' id='word_1_935' title='bbox 3661 5280 3921 5354; x_wconf 72' lang='lat' dir='ltr'><strong>_dep=n_git</strong></span> 
     </span>
    </p>
   </div>
   <div class='ocr_carea' id='block_1_129' title="bbox 2342 5349 3917 5433">
    <p class='ocr_par' dir='ltr' id='par_1_129' title="bbox 2342 5349 3917 5433">
     <span class='ocr_line' id='line_1_135' title="bbox 2342 5349 3917 5433; baseline -0.004 -23"><span class='ocrx_word' id='word_1_936' title='bbox 2342 5349 2593 5433; x_wconf 78' lang='lat' dir='ltr'><strong>Sidonius</strong></span> <span class='ocrx_word' id='word_1_937' title='bbox 2621 5356 2671 5407; x_wconf 89' lang='lat' dir='ltr'><strong>in</strong></span> <span class='ocrx_word' id='word_1_938' title='bbox 2705 5349 3096 5433; x_wconf 59' lang='lat' dir='ltr'><strong>Propemptico.</strong></span> <span class='ocrx_word' id='word_1_939' title='bbox 3120 5352 3265 5407; x_wconf 85' lang='lat' dir='ltr'><strong>Talis</strong></span> <span class='ocrx_word' id='word_1_940' title='bbox 3296 5361 3349 5406; x_wconf 87' lang='lat' dir='ltr'><strong>et</strong></span> <span class='ocrx_word' id='word_1_941' title='bbox 3361 5354 3513 5433; x_wconf 51' lang='lat' dir='ltr'><strong>.vitea</strong></span> <span class='ocrx_word' id='word_1_942' title='bbox 3541 5349 3777 5433; x_wconf 72' lang='lat' dir='ltr'><strong>porticus</strong></span> <span class='ocrx_word' id='word_1_943' title='bbox 3802 5350 3917 5419; x_wconf 77' lang='lat' dir='ltr'><strong>Cy-</strong></span> 
     </span>
    </p>
   </div>
   <div class='ocr_carea' id='block_1_130' title="bbox 2343 5420 3922 5495">
    <p class='ocr_par' dir='ltr' id='par_1_130' title="bbox 2343 5420 3922 5495">
     <span class='ocr_line' id='line_1_136' title="bbox 2343 5420 3922 5495; baseline -0.005 -14"><span class='ocrx_word' id='word_1_944' title='bbox 2343 5427 2527 5495; x_wconf 84' lang='lat' dir='ltr'><strong>priano</strong></span> <span class='ocrx_word' id='word_1_945' title='bbox 2555 5428 2606 5480; x_wconf 90' lang='lat' dir='ltr'><strong>in</strong></span> <span class='ocrx_word' id='word_1_946' title='bbox 2636 5424 2914 5495; x_wconf 86' lang='lat' dir='ltr'><strong>epistolam</strong></span> <span class='ocrx_word' id='word_1_947' title='bbox 2935 5420 3008 5479; x_wconf 72' lang='lat' dir='ltr'><strong>ad</strong></span> <span class='ocrx_word' id='word_1_948' title='bbox 3036 5423 3319 5495; x_wconf 87' lang='lat' dir='ltr'><strong>Donatum.</strong></span> <span class='ocrx_word' id='word_1_949' title='bbox 3344 5420 3524 5495; x_wconf 67' lang='lat' dir='ltr'><strong>Dant,</strong></span> <span class='ocrx_word' id='word_1_950' title='bbox 3543 5420 3735 5495; x_wconf 82' lang='lat' dir='ltr'><strong>inquit,</strong></span> <span class='ocrx_word' id='word_1_951' title='bbox 3750 5437 3922 5495; x_wconf 83' lang='lat' dir='ltr'><strong>_seces-</strong></span> 
     </span>
    </p>
   </div>
   <div class='ocr_carea' id='block_1_131' title="bbox 2341 5490 3922 5561">
    <p class='ocr_par' dir='ltr' id='par_1_131' title="bbox 2341 5490 3922 5561">
     <span class='ocr_line' id='line_1_137' title="bbox 2341 5490 3922 5561; baseline -0.006 -10"><span class='ocrx_word' id='word_1_952' title='bbox 2341 5490 2453 5551; x_wconf 73' lang='lat' dir='ltr'><strong>sum</strong></span> <span class='ocrx_word' id='word_1_953' title='bbox 2475 5498 2640 5550; x_wconf 84' lang='lat' dir='ltr'><strong>vicina</strong></span> <span class='ocrx_word' id='word_1_954' title='bbox 2668 5490 2858 5550; x_wconf 73' lang='lat' dir='ltr'><strong>secreta</strong></span> <span class='ocrx_word' id='word_1_955' title='bbox 2885 5512 2902 5547; x_wconf 89' lang='lat'><strong><em>:</em></strong></span> <span class='ocrx_word' id='word_1_956' title='bbox 2927 5495 3009 5547; x_wconf 75' lang='lat' dir='ltr'><strong>ubi</strong></span> <span class='ocrx_word' id='word_1_957' title='bbox 3040 5493 3160 5547; x_wconf 77' lang='lat' dir='ltr'><strong>dum</strong></span> <span class='ocrx_word' id='word_1_958' title='bbox 3204 5493 3404 5547; x_wconf 82' lang='lat' dir='ltr'><strong>erratici</strong></span> <span class='ocrx_word' id='word_1_959' title='bbox 3437 5490 3708 5561; x_wconf 77' lang='lat' dir='ltr'><strong>palmitum</strong></span> <span class='ocrx_word' id='word_1_960' title='bbox 3742 5490 3922 5559; x_wconf 81' lang='lat' dir='ltr'><strong>lapsus</strong></span> 
     </span>
    </p>
   </div>
   <div class='ocr_carea' id='block_1_132' title="bbox 2342 5562 3923 5636">
    <p class='ocr_par' dir='ltr' id='par_1_132' title="bbox 2342 5562 3923 5636">
     <span class='ocr_line' id='line_1_138' title="bbox 2342 5562 3923 5636; baseline -0.005 -15"><span class='ocrx_word' id='word_1_961' title='bbox 2342 5568 2551 5621; x_wconf 75' lang='lat' dir='ltr'><strong>nexibus</strong></span> <span class='ocrx_word' id='word_1_962' title='bbox 2575 5567 2811 5636; x_wconf 82' lang='lat' dir='ltr'><strong>pendulis</strong></span> <span class='ocrx_word' id='word_1_963' title='bbox 2840 5582 2930 5636; x_wconf 80' lang='lat' dir='ltr'><strong>per</strong></span> <span class='ocrx_word' id='word_1_964' title='bbox 2959 5566 3236 5619; x_wconf 82' lang='lat' dir='ltr'><strong>arundines</strong></span> <span class='ocrx_word' id='word_1_965' title='bbox 3265 5562 3465 5636; x_wconf 11' lang='lat' dir='ltr'><strong>bgajulas</strong></span> <span class='ocrx_word' id='word_1_966' title='bbox 3495 5572 3701 5636; x_wconf 78' lang='lat' dir='ltr'><strong>repunt,</strong></span> <span class='ocrx_word' id='word_1_967' title='bbox 3732 5564 3923 5615; x_wconf 76' lang='lat' dir='ltr'><strong>uiteam</strong></span> 
     </span>
    </p>
   </div>
   <div class='ocr_carea' id='block_1_133' title="bbox 2341 5632 3923 5709">
    <p class='ocr_par' dir='ltr' id='par_1_133' title="bbox 2341 5632 3923 5709">
     <span class='ocr_line' id='line_1_139' title="bbox 2341 5632 3923 5709; baseline -0.005 -18"><span class='ocrx_word' id='word_1_968' title='bbox 2341 5632 2590 5709; x_wconf 82' lang='lat' dir='ltr'><strong>porticum</strong></span> <span class='ocrx_word' id='word_1_969' title='bbox 2619 5632 2988 5709; x_wconf 45' lang='lat' dir='ltr'><strong>frondea&#39;tecta</strong></span> <span class='ocrx_word' id='word_1_970' title='bbox 3012 5638 3260 5709; x_wconf 71' lang='lat' dir='ltr'><strong>fecerunt.</strong></span> <span class='ocrx_word' id='word_1_971' title='bbox 3284 5632 3435 5688; x_wconf 85' lang='lat' dir='ltr'><strong>Plinii</strong></span> <span class='ocrx_word' id='word_1_972' title='bbox 3464 5633 3623 5689; x_wconf 86' lang='lat' dir='ltr'><strong>verba</strong></span> <span class='ocrx_word' id='word_1_973' title='bbox 3643 5632 3923 5709; x_wconf 76' lang='lat' dir='ltr'><strong>interpre-</strong></span> 
     </span>
    </p>
   </div>
   <div class='ocr_carea' id='block_1_134' title="bbox 2343 5703 3920 5777">
    <p class='ocr_par' dir='ltr' id='par_1_134' title="bbox 2343 5703 3920 5777">
     <span class='ocr_line' id='line_1_140' title="bbox 2343 5703 3920 5777; baseline -0.004 -15"><span class='ocrx_word' id='word_1_974' title='bbox 2343 5703 2541 5763; x_wconf 72' lang='lat' dir='ltr'><strong>tatione</strong></span> <span class='ocrx_word' id='word_1_975' title='bbox 2568 5703 2670 5764; x_wconf 84' lang='lat' dir='ltr'><strong>non</strong></span> <span class='ocrx_word' id='word_1_976' title='bbox 2699 5715 2855 5777; x_wconf 83' lang='lat' dir='ltr'><strong>egent</strong></span> <span class='ocrx_word' id='word_1_977' title='bbox 2888 5726 2898 5758; x_wconf 90' lang='lat'>:</span> <span class='ocrx_word' id='word_1_978' title='bbox 2934 5703 3194 5777; x_wconf 75' lang='lat' dir='ltr'><strong>ascribam</strong></span> <span class='ocrx_word' id='word_1_979' title='bbox 3225 5714 3423 5777; x_wconf 83' lang='lat' dir='ltr'><strong>tamen,</strong></span> <span class='ocrx_word' id='word_1_980' title='bbox 3458 5712 3516 5777; x_wconf 83' lang='lat' dir='ltr'><strong>ut</strong></span> <span class='ocrx_word' id='word_1_981' title='bbox 3546 5719 3609 5758; x_wconf 86' lang='lat' dir='ltr'><strong>ex</strong></span> <span class='ocrx_word' id='word_1_982' title='bbox 3640 5704 3708 5757; x_wconf 90' lang='lat' dir='ltr'><strong>iis</strong></span> <span class='ocrx_word' id='word_1_983' title='bbox 3735 5704 3920 5756; x_wconf 89' lang='lat' dir='ltr'><strong>statim</strong></span> 
     </span>
    </p>
   </div>
   <div class='ocr_carea' id='block_1_135' title="bbox 2346 5774 3925 5845">
    <p class='ocr_par' dir='ltr' id='par_1_135' title="bbox 2346 5774 3925 5845">
     <span class='ocr_line' id='line_1_141' title="bbox 2346 5774 3925 5845; baseline -0.002 -13"><span class='ocrx_word' id='word_1_984' title='bbox 2346 5779 2693 5845; x_wconf 87' lang='lat' dir='ltr'><strong>liqueat,jure</strong></span> <span class='ocrx_word' id='word_1_985' title='bbox 2716 5774 2787 5833; x_wconf 90' lang='lat' dir='ltr'><strong>illi</strong></span> <span class='ocrx_word' id='word_1_986' title='bbox 2815 5793 2913 5843; x_wconf 85' lang='lat' dir='ltr'><strong>per</strong></span> <span class='ocrx_word' id='word_1_987' title='bbox 2932 5774 3210 5832; x_wconf 85' lang='lat' dir='ltr'><strong>Sidonium</strong></span> <span class='ocrx_word' id='word_1_988' title='bbox 3235 5775 3560 5831; x_wconf 86' lang='lat' dir='ltr'><strong>reddendam</strong></span> <span class='ocrx_word' id='word_1_989' title='bbox 3584 5789 3709 5831; x_wconf 85' lang='lat' dir='ltr'><strong>esse</strong></span> <span class='ocrx_word' id='word_1_990' title='bbox 3730 5787 3925 5835; x_wconf 84' lang='lat' dir='ltr'><strong>vocem</strong></span> 
     </span>
    </p>
   </div>
  </div>
