4140 6336
331 359 427 415 477

1570 356 2041 417 EPISTOLARUII
2076 358 2205 416 LIB.
2245 360 2319 450 ll.

3458 364 3569 427 478

330 476 655 551 ptoporticus
695 486 815 530 meo
851 472 981 528 mihi
1016 472 1138 543 jure
1186 474 1523 553 vocitabitur.
1567 475 1691 531 Haec
1720 485 1896 533 tamen
1922 480 1971 539 Α
2000 477 2329 534 blaterantes
2352 519 2368 545 ,
2417 493 2617 551 cycnos
2660 488 2821 553 atque
2855 494 3077 540 anseres
3108 481 3366 540 concubia
3411 492 3571 544 nocte

329 547 523 639 aliquid
552 567 725 638 spatio
763 580 861 621 suo
887 566 939 620 in
968 567 1168 622 extimo
1194 547 1556 622 deambulacri
1597 567 1770 636 capite
1796 567 1893 622 de-

329 661 565 728 frudans,
597 658 760 716 efficit
784 658 1082 714 membrum
1112 658 1247 714 bene
1267 657 1541 727 frigidum,
1570 658 1658 713 ubi
1684 658 1895 728 publico

335 755 660 814 lectisternio
684 764 962 811 exstructo
988 793 1005 821 ,
1033 742 1348 809 clientarum
1376 752 1487 807 sive
1517 752 1781 806 nutricum
1811 752 1894 807 lo-

326 849 677 921 quacissimus
722 846 922 901 chorus
951 845 1186 915 receptui
1216 832 1383 908 canit,
1413 858 1533 898 cum
1562 857 1659 911 ego
1684 843 1894 911 meique

323 942 692 999 dormitorium
719 940 1021 995 cubiculum
1054 927 1390 1009 petierimus?
1429 937 1469 991 A
1496 935 1892 1005 cryptoporticu

323 1037 374 1092 in
405 1035 637 1092 hiemale
667 1033 957 1090 triclinium
988 1034 1219 1097 venitur,
1243 1030 1383 1101 quod
1411 1027 1656 1084 arcuatili
1683 1028 1913 1099 camino,

320 1141 462 1199 sape
488 1127 627 1198 ignis
656 1126 921 1180 animatus
948 1125 1087 1194 pulla
1131 1122 1353 1193 fuligine
1393 1120 1597 1177 infecit.
1631 1119 1737 1176 Sed
1766 1119 1893 1190 quid

320 1219 436 1275 bzec
463 1219 578 1287 tibi,
607 1232 766 1289 quem
802 1231 944 1271 nunc
976 1216 1041 1269 ad
1072 1214 1249 1270 focum
1274 1213 1493 1267 minime
1525 1210 1729 1265 invito?
1766 1210 1892 1280 quin

318 1311 494 1381 potius
519 1308 586 1364 ad
626 1316 698 1375 te,
731 1316 1046 1377 tempusque
1075 1304 1394 1375 pertinentia
1427 1302 1635 1372 loquar.
1677 1299 1757 1355 Ex
1790 1299 1893 1355 hoc

317 1400 551 1456 triclinio
605 1398 664 1453 fit
731 1399 784 1453 in
845 1396 1057 1452 dimtam
1113 1395 1222 1467 38
1276 1395 1389 1449 sive
1443 1391 1891 1448 cenatiunculam

316 1493 572 1545 transitus
597 1530 613 1555 ,
652 1488 741 1544 cui
784 1487 897 1543 fere
939 1496 1079 1541 totus
1120 1486 1299 1550 lacus,
1340 1497 1564 1553 qumque
1594 1492 1705 1536 tota
1753 1480 1891 1537 laeui

316 1589 486 1649 patet.
522 1581 577 1634 In
606 1578 707 1635 hac
727 1576 1035 1643 stibadium,
1062 1584 1115 1631 et
1137 1576 1311 1630 nitens
1332 1574 1555 1629 abacus:
1586 1573 1640 1628 in
1667 1586 1891 1643 quorum

314 1686 532 1739 aream,
571 1671 686 1726 sive
728 1678 1057 1740 suggestum,
1088 1682 1118 1721 a
1157 1666 1394 1736 subjecta
1436 1666 1640 1734 porticu
1668 1664 1889 1730 sensim,

313 1780 418 1820 non
447 1762 703 1823 breviatis
725 1762 1125 1832 angustatisque
1146 1758 1398 1830 gradibus
1425 1755 1751 1812 ascenditur.
1776 1756 1892 1822 Quo

1996 569 2326 640 clangentes,
2378 571 2697 642 intempesta
2727 575 2898 645 gallos
2925 577 3246 645 gallinaceos
3272 576 3568 634 concinen-

1999 673 2101 729 tes,
2123 663 2232 735 39
2257 665 2466 720 oscines
2488 681 2685 721 corvos
2704 681 2835 723 voce
2864 669 3124 738 triplicata
3146 671 3423 741 puniceam
3449 685 3566 728 sur-

1993 759 2169 827 gentis
2209 771 2415 812 aurorae
2469 756 2641 813 facem
2690 761 3129 830 consalutantes;
3170 763 3406 819 diluculo
3443 773 3570 823 ante

1994 847 2339 917 philomelam
2386 848 2522 904 inter
2573 847 2790 904 frutices
2837 850 3179 921 sibilantem,
3228 853 3256 893 δ
3304 870 3563 926 prognem

1996 940 2134 995 inter
2151 954 2363 996 asseres
2390 941 2767 997 minurientem
2791 943 2814 996 ἲ
2837 940 2936 998 Cui
2961 947 3244 1002 concentui
3266 947 3447 1004 licebit
3472 950 3565 1005 ad-

1989 1028 2181 1100 iungas
2204 1031 2393 1086 fistulae
2411 1032 2680 1101 septiforis
2701 1034 3047 1089 armentalem
3065 1051 3383 1106 cammnam,
3402 1057 3560 1110 quam

1994 1137 2136 1193 saepe
2183 1124 2453 1179 nocturnis
2501 1125 2799 1180 carminum
2850 1128 3239 1185 certaminibus
3292 1130 3565 1187 insomnes

1993 1222 2301 1269 nostrorum
2345 1216 2604 1270 montium
2645 1215 2817 1287 Tityri
2853 1228 3148 1285 exercent,
3197 1220 3335 1275 inter
3377 1237 3564 1292 greges

1995 1304 2339 1361 tinnibulatos
2384 1322 2479 1375 per
2505 1306 2722 1377 depasta
2752 1306 2940 1362 buceta
2977 1308 3266 1365 reboantes
3294 1327 3309 1363 :
3341 1326 3459 1380 quae
3490 1321 3565 1366 ta-

1994 1411 2116 1451 men
2145 1398 2292 1452 varia
2331 1412 2522 1452 vocum
2552 1405 2908 1468 cantuumque
2939 1408 2962 1437 °
2994 1398 3308 1467 certamina,
3348 1398 3564 1468 profun-

1994 1487 2113 1542 dius
2151 1488 2488 1544 confovendo
2529 1488 2708 1558 sopori
2748 1496 2838 1543 tuo
2878 1488 3344 1545 lenocinabuntur.
3389 1490 3566 1545 Porti-

1994 1581 2144 1637 cibus
2163 1596 2399 1651 egresso,
2422 1583 2467 1638 si
2489 1592 2697 1652 portum
2724 1583 2919 1638 littoris
2942 1591 3115 1652 petas,
3134 1582 3187 1637 in
3205 1597 3329 1639 area
3350 1583 3567 1651 virenti,

1997 1676 2217 1747 vulgare
2244 1693 2567 1748 quanquam,
2593 1694 2701 1734 non
2723 1680 2910 1750 procul
2934 1695 3154 1736 nemus:
3180 1680 3421 1751 ingentes
3442 1680 3569 1736 tilia

1995 1772 2134 1835 dum,
2161 1772 2417 1827 connexis
2447 1771 2739 1841 frondibus,
2773 1771 3046 1827 fomitibus
3075 1773 3358 1842 abjunctis,
3408 1789 3566 1829 unam

314 1855 416 1910 loci
444 1855 784 1919 recumbens,
816 1854 861 1910 si
886 1852 1013 1922 quid
1039 1853 1176 1907 inter
1197 1849 1460 1906 edendum
1488 1863 1668 1914 vacas,
1687 1845 1889 1917 prospi-

1994 1865 2240 1919 umbram
2267 1876 2370 1918 non
2402 1878 2507 1918 una
2546 1863 2727 1919 radice
2758 1863 3052 1919 conficiunt
3078 1880 3093 1918 :
3140 1865 3193 1919 in
3216 1864 3367 1933 cujus
3388 1864 3567 1933 opaci«

309 1949 490 2006 ciendi
530 1949 902 2019 voluptatibus
945 1947 1246 2016 occuparis.
1297 1944 1415 2001 Jam
1464 1943 1508 1999 si
1550 1940 1643 1998 tibi
1689 1957 1755 1996 ex
1798 1941 1891 1995 illo

308 2039 841 2096 conclamantissimo
869 2038 1092 2093 fontium
1123 2036 1341 2091 decocta
1372 2034 1651 2100 referatur,
1683 2032 1891 2088 videbis

310 2132 359 2186 in
397 2131 661 2186 calicibus
706 2138 927 2199 repente
973 2126 1206 2198 perfusis
1252 2127 1503 2182 nivalium
1547 2125 1781 2179 maculas
1829 2138 1891 2177 ac

308 2223 482 2279 frusta
514 2224 863 2289 nebularum;
893 2230 946 2277 et
988 2220 1133 2275 illam
1176 2220 1349 2273 lucem
1380 2217 1637 2272 lubricam
1676 2215 1891 2284 poculo-

304 2329 452 2380 rum,
476 2314 704 2383 quadam
731 2313 881 2384 quasi
910 2310 1232 2382 pinguedine
1260 2308 1417 2363 subiti
1451 2308 1647 2377 algoris
1671 2306 1890 2361 hebeta-

307 2413 441 2461 tam.
476 2405 610 2460 Tum
658 2404 1045 2474 respondentes
1094 2401 1298 2471 poculis
1339 2399 1615 2470 potiones,
1661 2411 1887 2467 quarum

304 2494 549 2567 rigentes
567 2495 742 2567 cyathi
771 2494 1049 2549 siticuloso
1074 2493 1287 2561 cuique,
1320 2507 1385 2545 ne
1410 2489 1580 2544 dicam
1608 2488 1696 2543 tibi
1729 2502 1888 2557 gran-

304 2582 451 2643 diter
490 2586 783 2653 abstctnio,
814 2594 1195 2640 metuerentur.
1224 2583 1356 2638 Hinc
1381 2582 1490 2651 jam
1532 2581 1797 2650 spectabis
1824 2588 1880 2633 ut

305 2688 627 2752 promoveat
665 2679 844 2733 alnum
898 2678 1131 2748 piscator
1182 2678 1231 2730 in
1273 2676 1531 2744 pelagus;
1574 2684 1629 2726 ut
1666 2673 1885 2727 stataria

302 2772 443 2826 retia
495 2769 763 2824 suberinis
808 2769 1099 2825 corticibus
1139 2766 1432 2832 extendat,
1474 2774 1564 2819 aut
1601 2765 1766 2835 signis
1797 2779 1889 2831 per

301 2873 452 2919 certa
486 2861 762 2917 intervalla
792 2861 1066 2931 dispositis
1090 2901 1106 2925 ,
1153 2869 1352 2913 tractus
1398 2858 1598 2911 funium
1631 2858 1890 2911 librentur

302 2956 777 3013 bamati:scilicet
819 2966 876 3011 ut
918 2954 1195 3010 nocturnis
1239 2968 1331 3023 per
1380 2953 1551 3006 lacum
1580 2949 1890 3006 excursibus

303 3048 643 3121 rapacissimi
669 3056 695 3085 α
719 3048 922 3102 salares
954 3046 1004 3100 in
1047 3043 1470 3113 consanguineas
1512 3053 1737 3112 agantur
1762 3042 1890 3095 insi-

304 3140 445 3197 dias.
488 3139 623 3209 Quid
671 3141 814 3195 enim
868 3138 954 3193 hic
1009 3135 1390 3206 congruentius
1438 3133 1707 3197 dixerim,
1766 3147 1885 3187 cum

1994 1963 2119 2023 tate,
2148 1968 2268 2009 cum
2295 1968 2381 2009 me
2408 1968 2558 2010 meus
2581 1954 2828 2009 Ecdicius
2852 1954 3108 2022 illustrat,
3138 1956 3258 2024 pila:
3280 1969 3563 2010 vacamus:

1991 2046 2085 2099 sed
2114 2044 2212 2099 hoc
2244 2059 2308 2099 eo
2335 2059 2518 2115 usque,
2545 2044 2713 2099 donec
2740 2044 2991 2099 arborum
3018 2045 3191 2114 imago
3219 2046 3564 2109 contractior,

1992 2137 2129 2192 intra
2173 2138 2400 2206 spatium
2433 2151 2705 2192 ramorum
2746 2150 2961 2192 recussa
3009 2136 3363 2200 cohibeatur;
3404 2142 3566 2204 atque

1992 2230 2098 2285 illic
2119 2230 2429 2285 aleatorium
2461 2229 2618 2284 lassis
2645 2239 2964 2299 consumpto
2994 2227 3355 2298 sphaeristerio
3384 2225 3563 2283 faciat.

1989 2322 2096 2377 Sed
2125 2322 2244 2391 quia
2276 2322 2368 2376 tibi
2398 2322 2535 2376 sicut
2562 2322 2846 2376 aedificium
2869 2320 3027 2385 solvi,
3053 2321 3133 2375 sic
3162 2320 3335 2375 lacum
3365 2319 3562 2385 debeo,

1988 2415 2127 2484 quod
2159 2421 2593 2483 restatagnosce.
2628 2412 2802 2467 Lacus
2840 2413 2895 2466 in
2937 2412 3137 2466 Eurum
3162 2411 3373 2466 defluus
3400 2420 3564 2476 meat,

1989 2506 2210 2575 ejusque
2229 2505 2408 2560 arenis
2439 2503 2778 2560 fundamenta
2802 2506 3058 2574 impressa
3080 2504 3358 2569 domicilii,
3386 2505 3560 2559 ventis

1990 2596 2318 2651 motantibus
2340 2604 2575 2650 mstuans
2598 2595 2870 2650 ltumectat
2891 2595 3108 2650 alluvio.
3131 2596 3175 2647 Is
3204 2595 3417 2664 quidem
3436 2609 3566 2649 sane

1989 2688 2129 2742 circa
2163 2688 2417 2756 principia
2446 2687 2560 2753 sui,
2591 2686 2708 2741 solo
2737 2685 2961 2756 palustri
2997 2686 3364 2754 voraginosus,
3391 2695 3446 2740 et
3469 2699 3565 2740 ve-

1990 2779 2147 2848 stigio
2179 2779 2496 2849 inspectoris
2537 2778 2804 2832 inadibilis
2833 2788 2957 2833 est:
3001 2779 3072 2831 ita
3094 2778 3213 2831 limi
3254 2776 3416 2832 bibuli
3448 2777 3565 2845 pin-

1989 2870 2162 2940 guedo
2188 2871 2479 2937 coalescit,
2525 2869 2883 2924 ambientibus
2921 2883 3041 2924 sese
3087 2869 3323 2924 fontibus
3353 2868 3562 2938 algidis,

1992 2963 2262 3019 littoribus
2312 2963 2528 3032 algosis.
2564 2965 2813 3016 Attamen
2861 2961 3031 3030 pelagi
3079 2961 3291 3015 mobilis
3344 2973 3567 3028 campus

1989 3056 2252 3129 cymbulis
2292 3056 2400 3110 late
2429 3063 2640 3110 secatur
2687 3052 3147 3124 pervagabilibus,
3189 3053 3234 3105 si
3281 3050 3443 3106 flabra
3474 3064 3567 3120 po-

1989 3164 2167 3205 suere.
2214 3148 2271 3204 Si
2310 3146 2466 3203 turbo
2508 3145 2791 3200 Austrinus
2833 3142 3129 3209 insorduit,
3185 3142 3418 3196 immane
3455 3147 3567 3194 tur-

302 3232 472 3304 piscis
498 3233 640 3302 pisce
666 3229 978 3303 decipitur?
1023 3227 1277 3283 Edulibus
1308 3226 1629 3293 terminatis,
1660 3226 1892 3294 excipiet
1918 3222 1964 3288 C
1994 3240 2197 3311 sese“;
2234 3239 2304 3294 ita
2335 3247 2392 3293 ιιι
2425 3236 2676 3292 arborum
2703 3235 2871 3290 comis
2902 3249 3021 3305 qua;
3049 3232 3273 3301 margini
3301 3231 3409 3303 ω
3436 3230 3566 3287 insi-

305 3334 359 3381 te
399 3324 755 3381 diversorium
783 3364 796 3389 ,
843 3324 964 3392 quia
1011 3321 1226 3376 minime
1273 3329 1562 3375 aestuosum
1590 3364 1604 3389 ,
1660 3319 1890 3375 maxime

301 3418 574 3473 aestivum.
604 3417 736 3472 Nam
787 3433 881 3487 per
908 3417 1045 3484 hoc,
1100 3416 1239 3486 quod
1287 3416 1339 3469 in
1379 3416 1683 3485 aquilonem
1714 3416 1887 3471 solum

300 3510 568 3581 patescit,
610 3509 773 3564 habet
807 3510 946 3564 diem
969 3550 982 3574 ,
1029 3525 1137 3563 non
1168 3508 1332 3563 habet
1363 3510 1530 3563 solem
1558 3550 1573 3574 ,
1605 3511 1889 3575 interjecto

301 3600 635 3657 consistorio
675 3610 1026 3669 perangusto,
1070 3600 1158 3653 ubi
1210 3600 1578 3653 somnulentiae
1616 3601 1889 3655 cubicula-

302 3694 518 3747 riorum
548 3690 869 3744 dormitandi
902 3690 1076 3757 potius
1106 3704 1264 3759 quam
1294 3689 1593 3743 dormiendi
1617 3691 1766 3746 locus
1785 3701 1886 3746 est.

302 3784 415 3839 Hic
464 3783 574 3852 jam
612 3798 770 3854 quam
796 3784 991 3852 volupe
1022 3792 1103 3836 est
1131 3780 1348 3835 auribus
1386 3782 1637 3838 insonare
1680 3786 1891 3839 cicadas

301 3874 538 3934 meridie
564 3885 953 3946 concrepantes
970 3915 986 3943 ,
1014 3888 1172 3929 ranas
1198 3875 1515 3945 crepusculo
1548 3875 1890 3933 incumbente

304 4053 471 4109 quam
504 4052 570 4093 ex
608 4037 725 4103 eius
758 4038 954 4094 scrinio
979 4038 1403 4107 deprompserat.
1450 4038 1580 4094 Nam
1613 4039 1750 4108 apud
1778 4037 1892 4093 Pli-

304 4111 461 4165 nium
488 4122 702 4180 quoque
743 4109 1128 4177 hippodromus
1158 4110 1337 4180 inepte
1377 4110 1570 4179 legitur
1598 4124 1693 4178 pro
1725 4110 1890 4180 hypo-

305 4181 528 4236 dromo.
552 4179 642 4234 Sic
666 4181 825 4247 igitur
854 4180 1068 4235 habent.
1094 4180 1242 4234 Hanc
1268 4182 1651 4247 dispositionem
1679 4181 1890 4233 amomi-

308 4262 566 4317 tatemque
588 4256 834 4303 tectorum
856 4251 1002 4319 longe
1024 4253 1222 4319 lateque
1244 4251 1483 4317 pra’cedit
1510 4250 1881 4320 hypodromus.

309 4320 523 4374 Medius
566 4321 800 4390 patescit,
832 4323 1099 4387 statimque
1128 4322 1421 4373 intrantium
1452 4322 1611 4374 oculis
1644 4332 1774 4373 totus
1805 4321 1885 4390 of-

306 4392 499 4462 fertur.
557 4388 793 4443 Platonis
846 4392 1090 4444 circuitur
1127 4406 1144 4444 :
1193 4390 1301 4462 illa:
1334 4390 1521 4462 hedera
1554 4388 1884 4462 vestiuntur,

307 4460 491 4529 utique
518 4476 729 4514 summ
756 4464 863 4514 suis
886 4501 902 4526 ,
951 4464 1021 4514 ita
1049 4463 1166 4517 ima:
1184 4460 1367 4515 alienis
1410 4461 1675 4529 frondibus
1704 4463 1884 4515 virent.

310 4530 527 4584 Hedera
549 4539 784 4584 truncum
804 4540 851 4584 et
874 4548 1040 4585 ramos
1072 4540 1316 4600 pererrat,
1338 4532 1626 4600 vicinasque
1654 4533 1888 4599 platanos

310 4600 536 4672 transitu
581 4616 671 4651 suo
709 4600 931 4669 copulat.
964 4600 1073 4654 Has
1104 4603 1263 4654 buxus
1291 4603 1546 4672 interjacet
1576 4618 1593 4654 :
1621 4605 1889 4655 exteriora

310 4671 479 4724 buxos
507 4672 832 4739 circumvenit
863 4672 1057 4735 laurus,
1080 4674 1368 4739 umlrrwque
1394 4671 1718 4738 platanorum
1747 4688 1891 4724 suam

308 4740 531 4811 confert.
560 4738 750 4811 Rectus
776 4742 856 4795 hic
882 4742 1185 4811 hypodromi
1206 4738 1372 4794 limes.
1398 4739 1462 4795 In
1490 4752 1718 4796 extrema
1748 4752 1892 4810 parte

310 4809 596 4882 [terriicyclo
639 4809 932 4882 frangitur,
950 4809 1203 4882 mutatque
1232 4812 1414 4881 [aciem
1443 4828 1462 4865 :
1504 4809 1755 4880 cupressis
1781 4827 1889 4862 am-

308 4878 454 4951 bitur
488 4878 535 4951 et
580 4878 780 4951 tegitur,
825 4878 1269 4951 densioreﬂu'mbra
1317 4882 1526 4951 opacior
1572 4878 1889 4951 nigriorque.

316 4951 395 5004 Al:
434 4949 735 5024 huiusmodi
770 4952 1037 5024 p_ort_icu_m
1068 4950 1221 5005 Plato
1248 4949 1558 5024 κᾳτᾷστεγον
1588 4949 1773 5024 δρόμρν
1812 4950 1893 5004 di-

316 4972 395 5004 ﬁc
435 4972 735 5017 IIUJUSIIIOUI
774 4972 1037 5017 porucnm
1068 4972 1221 5005 ι’ιὲιο
1248 4972 1469 5006 καταστε
1508 4973 1558 5004 ον
1589 4972 1773 5024 ορομον
1812 4972 1893 5004 Ul‘

314 5034 443 5074 cere
475 5020 683 5073 videtur
712 5020 763 5073 in
790 5020 1145 5090 Euthydemo,
1177 5022 1445 5075 εἰσελθόντε
1477 4972 1551 5083 gi,
1584 5022 1773 5087 inquit,
1802 5040 1893 5074 m-

316 5095 617 5165 ριπᾳτείτην
643 5092 1034 5165 βτί-καταστέγῳ
1072 5090 1263 5165 δρόμῳ.
1282 5090 1462 5165 _Port‘o
1487 5099 1662 5165 autem
1693 5101 1751 5165 ut
1778 5092 1896 5165 Ilip-

319 5159 615 5231 podromus
643 5159 694 5213 in
718 5161 799 5231 his
832 5159 1471 5231 locis'proihyptidromo,
1504 5163 1580 5213 sic
1614 5161 1753 5228 apud
1787 5161 1895 5213 Pli-

318 5231 470 5300 nium
501 5230 723 5283 alterum
755 5230 842 5284 lib.
877 5246 930 5295 ν,
959 5229 1075 5300 cap.
1109 5229 1197 5291 '52.
1230 5229 1450 5300 Hippius
1477 5247 1641 5295 mons,
1674 5239 1725 5283 et
1754 5231 1890 5295 apud

318 5298 672 5371 Ptolemaeum
686 5300 748 5371 in
768 5297 1126 5367 descriptione
1138 5297 1618 5371 Bithyniacftwmoc
1638 5301 1888 5371 ποταμός,
1930 5334 1933 5335 ν

323 5367 552 5438 Hippius
571 5370 755 5439 ﬂuvius
778 5356 1029 5439 perverse
1056 5371 1250 5435 legitur
1264 5356 1367 5439 pro
1393 5356 1701 5440 Ηνρὶαδξῡθ
1727 5356 1891 5425 Prusa

319 5441 468 5493 enim
486 5442 628 5510 urbe
657 5451 837 5509 agunt,
868 5456 990 5509 quae
1013 5441 1205 5508 duplex
1236 5450 1350 5495 erat
1378 5440 1433 5510 in
1463 5441 1703 5510 Bithynia
1732 5458 1747 5502 ;
1790 5456 1893 5495 una

322 5510 427 5565 sub
462 5509 690 5580 Olympo
718 5519 929 5575 monte,
970 5510 1134 5564 altera
1176 5511 1243 5563 ad
1282 5509 1507 5580 Hypium
1539 5509 1772 5564 fluvium.
1803 5512 1894 5564 Sic

323 5580 471 5634 enim
507 5580 847 5635 scribendum
887 5582 987 5634 hoc
1027 5595 1218 5633 nomen
1256 5581 1410 5633 docet
1451 5581 1725 5645 inscriptio
1750 5589 1896 5635 vete-

324 5660 447 5705 rum
475 5664 810 5705 nummorum
842 5652 902 5704 L.
924 5651 1045 5704 Veri
1068 5660 1123 5705 et
1146 5650 1545 5703 Diadumeniani
1572 5661 1896 5709 ΠΡΟΥΣΙΕΩΝ

276 5770 279 5775 ,
324 5728 473 5790 unos
498 5730 673 5785 mm,
713 5730 767 5775 et
796 5732 947 5776 vetns
974 5734 1187 5790 quoque
1214 5721 1351 5788 lapis
1381 5719 1562 5774 Romte
1594 5720 1647 5773 in
1679 5736 1785 5790 quo
1814 5723 1895 5773 di-

327 5789 667 5862 stinguuntur
682 5789 1010 5849 urorum:
1030 5789 1149 5846 suo
1170 5796 1482 5855 carunor,
1503 5800 1558 5846 et
1584 5789 1894 5849 urorum;

1992 3338 2174 3397 stunt,
2229 3329 2543 3400 superiectae
2588 3326 2880 3398 asperginis
2930 3325 3108 3395 fragor
3156 3324 3396 3394 impluat.
3448 3322 3568 3392 Ipso

1991 3436 2169 3479 autem
2213 3422 2503 3478 secundum
2549 3433 2828 3474 mensuras
2864 3431 2998 3490 quas
3022 3416 3200 3472 ferunt
3224 3417 3484 3479 nauticas,
3514 3415 3566 3468 in

1992 3516 2175 3571 decem
2213 3525 2263 3568 et
2295 3522 2498 3583 septem
2541 3511 2709 3566 stadia
2749 3510 3011 3580 procedit.
3064 3508 3252 3563 Fluvio
3302 3508 3565 3573 intratur,

1992 3608 2083 3676 qui
2128 3605 2435 3660 salebratim
2470 3618 2719 3658 saxorum
2758 3600 2999 3655 obicibus
3037 3599 3287 3654 afl‘ractus
3314 3611 3567 3669 spumoso

1992 3696 2231 3750 canescit
2252 3694 2502 3764 impulsu,
2526 3702 2580 3748 et
2607 3706 2706 3747 nec
2722 3692 2934 3761 longum
2957 3690 3190 3758 scopulis
3212 3687 3568 3757 praecipitibus

1994 3793 2298 3854 exemptus,
2327 3784 2447 3838 lacu
2476 3782 2721 3837 conditur
2746 3797 2762 3836 :
2798 3795 2958 3850 quem
2989 3780 3101 3833 fors
3130 3777 3262 3843 fuat,
3293 3792 3361 3831 an
3392 3778 3568 3831 incur-

1995 3884 2099 3945 rat,
2132 3891 2198 3931 an
2229 3874 2405 3945 faciat,
2441 3873 2679 3946 praeterit
2703 3880 2880 3939 certe,
2911 3880 3129 3927 coactus
3156 3884 3252 3940 per
3280 3868 3400 3925 cola
3436 3867 3569 3924 sub-

1992 4046 2112 4097 ᾹῘῙΟ
2133 4048 2335 4096 ΥΠΙΟΥ.

2065 4121 2089 4148 ι
2122 4110 2288 4180 Hujus
2319 4108 2479 4179 piscis
2500 4106 2741 4162 meminit
2770 4104 3038 4162 Ausonius
3066 4104 3122 4161 in
3153 4102 3409 4161 Mosella:

2112 4207 2479 4271 Purpureisque
2500 4206 2625 4257 salar
2656 4205 2913 4255 distinctus
2930 4210 3129 4267 tergora
3153 4204 3321 4266 guttis.

1992 4313 2109 4380 Quo
2131 4314 2330 4369 indicio
2358 4326 2742 4384 purpurearum
2775 4320 3043 4371 notarum,
3070 4318 3124 4364 et
3150 4310 3270 4435 quia
3299 4323 3362 4365 ex
3396 4310 3569 4365 salare

1994 4386 2285 4435 farionem.
2316 4399 2381 4435 ex
2418 4383 2625 4435 farione
2661 4383 2954 4435 salmonem
2997 4378 3111 4434 fieri
3189 4390 3336 4435 ocet.
3368 4381 3569 4435 salares

1994 4378 2285 4449 farionem,
2316 4378 2381 4439 ei
2418 4378 2625 4437 fa'rione
2661 4383 2954 4436 salmonem
2997 4378 3111 4434 fieri
3150 4378 3336 4446 docet,
3368 4381 3569 4436 salares

1996 4464 2194 4523 tractas
2221 4470 2340 4510 esse
2365 4453 2516 4509 multi
2544 4453 2862 4522 conjiciunt,
2895 4467 3002 4521 quo
3035 4451 3347 4523 salmonata
3367 4465 3568 4523 vocan-

1993 4520 2233 4597 ειμι-[29
2258 4534 2313 4581 et
2347 4526 2400 4597 i_n
2427 4520 2722 4597 salmonem
2755 4520 2981 4577 transire
3009 4522 3320 4597 creduntur.
3349 4520 3565 4597 AAlanus

1993 4596 2059 4649 ab
2090 4589 2300 4650 'Ithulis
2345 4595 2410 4648 de
2459 4594 2674 4662 planctu
2721 4603 2959 4662 naturze:
3012 4589 3131 4662 Illic
3171 4590 3567 4662 tructula‘st'nus

1990 4668 2216 4719 marinos
2258 4658 2545 4733 ingrediens
2574 4663 2629 4714 in
2658 4676 2859 4729 (equore
2904 4660 3160 4730 baptizata
3200 4658 3441 4712 sulmonis
3475 4675 3568 4712 no-

1991 4737 2130 4789 mine
2153 4736 2464 4789 censebatur.

2067 4804 2093 4841 δ
2116 4804 2409 4859 Minuriunt
2433 4799 2746 4856 hirundines
2767 4797 3011 4863 Sidonio,
3039 4797 3326 4866 Spartiano
3354 4796 3407 4851 in
3432 4797 3563 4853 Geta

1996 4875 2291 4946 palumbes.
2321 4872 2467 4926 Scite
2504 4879 2824 4935 utrumque:
2858 4883 2976 4946 nam
3004 4866 3278 4946 minuritio
3305 4867 3568 4946 gmina-

1992 4935 2113 5001 rum
2150 4944 2323 4997 avium
2365 4950 2577 4995 cantum
2626 4951 2839 4992 omnem
2880 4940 3175 5005 signiﬁcat,
3218 4946 3273 4991 et
3300 4935 3564 5003 flebilem,

1996 5015 2169 5085 qualis
2192 5024 2274 5068 est
2301 5012 2528 5082 gemitus
2554 5007 2899 5085 palumbium.
2930 5010 3005 5085 ita
3038 5007 3373 5085 grammatici
3395 5006 3567 5062 Graeci

1993 5078 2341 5161 έςνυρὶζῑινρὶ
2351 5078 2628 5161 [tonantum
2643 5084 2806 5161 ἡρέμα
2832 5085 2918 5135 καὶ
2928 5078 3332 5161 λεπτὸγῗᾷδεμνίῆ
3352 5080 3563 5161 θρηνεζγ.

1995 5149 2183 5212 ὉίοθΤο
2214 5172 2229 5208 ι
2257 5154 2323 5209 de
2352 5149 2620 5208 Oratore:
2670 5149 2785 5207 Hoc
2812 5167 2924 5215 nos,
2957 5149 3151 5221 inquit,
3179 5151 3221 5203 si
3252 5149 3426 5221 facere
3445 5149 3565 5201 veli-

1996 5244 2127 5292 mus,
2158 5232 2271 5279 ante
2297 5224 2692 5277 condemnentur
2718 5223 2755 5276 ii
2776 5238 2989 5291 quorum
3012 5218 3189 5275 causas
3209 5218 3561 5292 receperimus,

1994 5288 2145 5365 quam
2182 5296 2327 5349 toties
2362 5296 2555 5359 quoties
2584 5288 2923 5361 praescribitur
2962 5306 3140 5365 pwnna
3166 5300 3252 5343 aut
3281 5288 3568 5365 minuritiof

1996 5359 2109 5421 item
2145 5366 2449 5420 citarimus:
2489 5359 2594 5419 duo
2638 5377 2832 5434 genera
2875 5359 3178 5434 conjunxit,
3208 5373 3437 5434 _p:eana,
3478 5359 3566 5426 qui

1995 5437 2359 5493 concitatioris
2387 5438 2535 5491 vocis
2559 5430 2880 5494 esfcantus,
2909 5442 2964 5486 et
2978 5430 3403 5491 ‘minuritionem,
3446 5443 3566 5495 quas

1997 5507 2336 5563 remissioris.
2373 5505 2689 5560 Plutarchus
2726 5502 2795 5556 de
2836 5502 3148 5556 discrimine
3189 5499 3480 5563 adulatoris
3509 5507 3562 5552 et

2222 5559 2477 5631 γοῖἠτξολλοί
2508 5576 2750 5645 ﬂuctuare
2771 5574 2863 5626 οὔκ
2888 5573 3183 5645 uncinatth
3212 5573 3298 5645 μὲν
3338 5559 3395 5622 ἂν
3422 5590 3566 5645 βινε-

1997 5656 2209 5727 ρίσςωᾳι,
2249 5648 2472 5702 Διόνυσοι
2508 5634 2567 5698 ’δὲ
2611 5641 2667 5696 ἂν
2719 5644 3065 5716 μεθυσθῶσιν,
3099 5634 3361 5716 Ἠράκλεῖς
3417 5634 3471 5694 δὲ
3507 5634 3566 5694 ἄν

1997 5722 2272 5775 ualuimus.

2071 5802 2096 5829 ε
2126 5789 2183 5847 In
2210 5784 2475 5855 aliquibus
2493 5783 2664 5849 libris,
2684 5784 3054 5840 modulamina.
