4140 6336
612 358 722 420 479

1871 345 2118 405 SlDONll
2155 342 2605 405 APOLLINA'RIS

3773 349 3882 408 480

610 466 852 533 terranea
876 468 1159 542 deliquari,
1191 481 1299 524 non
1338 469 1397 523 ut
1436 465 1708 535 ﬂuctibus,
1750 464 1845 521 sed
1873 473 1931 520 ut
1959 464 2191 535 piscibus
2214 466 2268 528 Α
2300 465 2396 520 tibi
2424 464 2654 535 amplius
2689 461 2937 520 conferre
2978 470 3289 535 potuerunt,
3317 478 3477 536 quam
3518 470 3577 520 ut
3604 464 3650 521 si
3694 465 3746 520 id
3776 482 3880 523 no-

610 571 994 639 pauperaretur
1034 580 1050 620 :
1098 562 1187 634 qui
1230 560 1431 632 repulsi
1477 560 1531 615 in
1558 560 1823 630 gurgitem
1869 558 2184 630 pigriorem,

608 676 798 719 carnes
825 658 1015 715 rubras
1045 657 1183 713 albis
1210 654 1585 711 abdominibus
1614 653 1932 710 extendunt.
1978 652 2049 708 lta
2082 651 2189 708 illis

608 768 709 810 nec
734 750 912 808 redire
930 748 1255 816 valentibus,
1276 762 1376 803 nec
1401 747 1550 803 exire
1576 745 1870 817 permissis,
1902 744 2189 815 quemdam

608 844 786 901 vivum
818 853 874 901 et
914 840 1349 899 circumlatitium
1377 853 1647 895 carcerem
1677 838 2007 908 corpulentia
2040 835 2185 892 facit.

608 936 780 992 Lacus
825 934 940 1007 ipse
970 947 1072 1005 qua
1113 934 1335 997 dexter,
1398 930 1631 996 incisus,
1673 929 1975 993 ﬂexuosus,
2004 941 2190 984 nemo-

608 1042 906 1099 rosusque;
947 1042 1050 1098 qua
1091 1025 1292 1089 laevus,
1336 1031 1558 1094 patens,
1607 1021 1903 1090 herbosus,
1946 1009 2185 1091 aequalis.

608 1119 819 1191 Equor
859 1117 928 1173 ab
970 1114 1153 1173 Africo
1194 1114 1364 1170 viride
1402 1130 1499 1184 per
1538 1113 1684 1168 littus
1707 1157 1722 1183 ,
1755 1116 1877 1182 quia
1908 1114 1961 1168 in
1989 1112 2189 1168 undam

610 1211 795 1270 fronde
820 1218 1065 1282 porrecta
1088 1250 1103 1277 ,
1130 1216 1189 1263 ut
1231 1208 1439 1279 glareas
1476 1221 1613 1276 aqua
1639 1247 1654 1272 ,
1703 1205 1780 1261 sic
1807 1220 1971 1275 aquas
2003 1205 2191 1262 umbra

608 1303 898 1376 perfundit.
932 1300 1247 1372 Hujusmodi
1281 1302 1515 1357 colorem
1558 1301 1625 1356 ab
1653 1299 1871 1355 Oriente
1898 1314 1997 1369 par
2025 1299 2187 1355 silva-

609 1410 729 1453 rum
752 1409 949 1451 corona
973 1395 1248 1450 continuat
1277 1410 1291 1446 :
1321 1408 1418 1462 per
1441 1393 1696 1448 Arctoum
1727 1392 1883 1458 latus,
1917 1402 1975 1446 ut
2004 1391 2190 1462 pelago

609 1497 820 1554 natura,
852 1487 930 1542 sic
958 1487 1199 1556 species;
1226 1500 1255 1539 a
1286 1484 1534 1556 Zephyro
1564 1484 1802 1555 plebeius
1826 1495 1879 1539 et
1903 1484 2192 1538 tumultua-

609 1579 720 1635 rius
746 1577 942 1647 frutex,
974 1578 1385 1647 frequenterque
1416 1576 1711 1631 lemborum
1750 1575 2190 1645 superlabentum

609 1672 934 1743 ponderibus
983 1673 1227 1727 inﬂexus.
1263 1671 1414 1725 Hunc
1459 1670 1602 1725 circa
1653 1669 1841 1725 lubrici
1890 1670 2189 1737 scirporum

609 1765 732 1819 cirri
764 1765 1031 1835 plicantur
1055 1763 1324 1834 simulque
1350 1762 1575 1833 pingues
1598 1762 1838 1818 ulvarum
1862 1764 2066 1833 paginae
2097 1778 2192 1818 na-

2295 557 2586 623 luissimus,
2621 567 2643 595 ε
2672 556 3025 612 transiremus
3055 555 3224 611 inviti.
3263 555 3399 611 lllttd
3431 556 3701 628 peculiare
3730 565 3883 614 tuum

2294 659 2398 715 est,
2430 649 2558 704 illud
2601 649 2788 718 gratim
2831 648 3139 719 singularis,
3168 646 3312 719 quod
3361 657 3468 703 tam
3514 648 3607 719 qui
3641 657 3692 705 te
3718 664 3887 704 cmu-

2294 742 2471 799 lentur
2498 757 2605 799 non
2650 741 2835 810 habes,
2867 756 3026 813 quam
3069 755 3175 797 non
3206 742 3413 799 invenis
3438 742 3531 813 qui
3562 752 3880 815 sequantur.

2294 833 2443 890 Vale.

2850 923 3186 981 EPISTOLA
3225 924 3309 980 IV.

2625 1015 2871 1071 Sidonius
2910 1016 3135 1088 Syagrio
3171 1033 3265 1071 suo
3302 1018 3541 1073 salutem.

2364 1107 2461 1162 Vir
2500 1106 2831 1165 clarissimus
2872 1110 3149 1180 Projectus
3184 1111 3328 1167 domi
3361 1110 3562 1167 nobilis
3585 1151 3602 1179 ,
3634 1120 3687 1167 et
3727 1120 3886 1182 patre

2291 1211 2591 1273 patruoque
2617 1202 2999 1272 spectabilibus
3026 1244 3041 1269 ,
3089 1218 3189 1260 avo
3223 1204 3384 1259 etiam
3429 1206 3884 1275 praestantissimo

2292 1296 2575 1353 sacerdOte
2603 1298 2956 1367 conspicuus,
3000 1298 3355 1354 amicitiarum
3382 1307 3613 1366 tuarum,
3646 1299 3751 1362 nisi
3786 1316 3885 1356 re-

2290 1389 2458 1459 spuis,
2488 1390 2794 1447 avidissime
2819 1390 3025 1446 sinibus
3054 1391 3316 1448 infertur:
3340 1401 3394 1448 et
3419 1407 3541 1447 cum
3564 1392 3640 1447 illi
3664 1393 3884 1449 familia

2290 1481 2564 1551 splendor,
2598 1482 2833 1552 probitas
2865 1498 3105 1551 morum,
3158 1483 3464 1553 patrimonii
3492 1483 3745 1551 facultas,
3783 1484 3882 1553 ju-

2293 1575 2526 1629 ventutis
2560 1574 2834 1644 alacritas,
2870 1576 2921 1629 in
2946 1590 3105 1631 omne
3131 1574 3297 1630 decus
3325 1576 3439 1645 pari
3468 1574 3621 1631 lance
3641 1589 3882 1645 conqua-

2291 1665 2450 1722 drent
2474 1683 2487 1732 ;
2528 1667 2600 1721 ita
2631 1667 2846 1723 demum
2875 1667 2975 1723 sibi
3000 1676 3178 1722 tamen
3207 1666 3479 1722 videbitur
3505 1665 3573 1721 ad
3592 1682 3774 1722 arcem
3800 1667 3880 1722 τις

2294 1763 2655 1833 stigatissimaa
2688 1762 2959 1818 felicitatis
2985 1771 3226 1828 evectus,
3255 1760 3299 1816 si
3330 1762 3517 1833 gratia:
3549 1770 3655 1816 ture
3679 1760 3878 1816 sodali-

611 1863 757 1920 tant,
799 1855 1126 1921 salicumque
1166 1854 1475 1924 glaucarum
1528 1854 1637 1908 fota
1685 1868 1900 1924 semper
1943 1855 2190 1913 dulcibus
2218 1848 2267 1909 B
2297 1866 2402 1911 tate
2457 1857 2707 1926 potiatur.
2767 1855 3003 1924 Optantii
3052 1855 3340 1911 clarissimi
3394 1854 3495 1909 viri
3547 1869 3721 1922 nuper
3767 1854 3879 1912 vita

610 1948 763 2017 aquis
803 1946 1122 2001 amaritudo.
1152 1946 1208 2001 In
1258 1946 1437 2001 medio
1473 1945 1724 2016 profundi
1758 1946 1935 2002 brevis
1981 1948 2185 2017 insula,

608 2038 697 2093 ubi
746 2053 905 2107 supra
954 2038 1186 2095 molares
1241 2038 1557 2093 naturaliter
1593 2047 1901 2109 aggeratos,
1946 2056 2041 2109 per
2089 2042 2191 2096 im-

610 2140 884 2200 pactorum
911 2143 1105 2202 puncta
1138 2147 1408 2187 remorum
1435 2132 1713 2187 navalibus
1733 2133 1857 2188 trita
1877 2134 2020 2205 gyris
2045 2146 2189 2191 meta

607 2220 938 2290 protuberat,
972 2222 1038 2276 ad
1069 2236 1227 2292 quam
1256 2236 1315 2277 se
1339 2222 1577 2291 jocunda
1607 2223 1883 2278 ludentum
1915 2226 2189 2297 naufragia

605 2314 886 2369 collidunt.
929 2314 1060 2369 Nam
1113 2315 1279 2369 moris
1322 2314 1443 2370 istic
1492 2315 1589 2369 fuit
1641 2316 1943 2374 senioribus
1992 2319 2189 2374 nostris

608 2414 635 2442 ο
663 2419 889 2474 agonem
921 2405 1333 2474 Drepanitanum
1365 2405 1614 2475 Trojana:
1652 2408 2048 2476 superstitionis
2081 2409 2185 2481 41

605 2493 823 2550 imitari.
877 2495 995 2551 .iam
1027 2511 1155 2551 vero
1195 2512 1323 2567 ager
1355 2497 1470 2567 ipse
1514 2499 1837 2569 (quanquam
1880 2500 1981 2556 hoc
2028 2518 2188 2572 supra

549 2618 552 2621 λ
604 2586 897 2659 debitum),
951 2588 1175 2644 dilfusus
1203 2590 1256 2645 in
1287 2590 1465 2657 silvis,
1500 2592 1673 2661 pictus
1701 2594 1752 2647 in
1781 2594 1985 2664 pratis,
2025 2610 2188 2666 peco-

604 2695 761 2738 rosus
800 2683 851 2738 in
896 2685 1138 2753 pascuis,
1172 2685 1223 2739 in
1254 2685 1557 2754 pastoribus
1586 2687 1913 2755 peculiosus.
1948 2689 2053 2745 Sed
2082 2705 2189 2745 non

604 2776 836 2845 amplius
865 2792 1069 2843 moror,
1107 2792 1203 2843 ne,
1237 2778 1280 2831 si
1310 2778 1520 2847 longior
1548 2780 1689 2850 Stylo
1730 2781 2019 2847 terminus,
2053 2782 2191 2837 rele-

601 2877 817 2938 gentem
857 2877 909 2925 te
949 2880 1234 2925 autumnus
1263 2870 1521 2925 inveniat.
1576 2871 1807 2929 Proinde
1846 2874 1975 2928 mihi
2016 2876 2191 2931 tribue

603 2957 853 3013 veniendi
876 2959 1238 3025 celeritatem,
1273 2976 1394 3015 nam
1426 2961 1685 3018 redeundi
1715 2980 1917 3020 moram
1950 2966 2044 3021 tibi
2076 2969 2191 3037 ipse

604 3051 921 3120 praestabis:
965 3051 1189 3109 daturus
1227 3054 1353 3109 hinc
1381 3056 1592 3110 veniam
1619 3097 1635 3124 ,
1680 3058 1823 3127 quod
1872 3060 2186 3117 brevitatem

602 3140 703 3195 sibi
750 3140 984 3197 debitam
1038 3144 1195 3213 paulo
1239 3145 1606 3214 scrupulosior
1652 3148 1875 3215 epistola
1924 3152 2185 3219 excessit,

603 3232 731 3287 dum
760 3242 928 3289 totum
961 3236 1103 3290 ruris
1132 3235 1292 3291 situm
1323 3238 1551 3292 sollicita
1581 3240 1825 3307 rimatur,
1860 3257 1978 3311 qum
2007 3255 2183 3299 tamen
2215 3221 2261 3285 (ἶ
2292 3251 2513 3292 Securus
2563 3238 2817 3307 permille
2855 3238 3175 3307 promissam
3220 3253 3234 3289 τ

603 3323 953 3379 submovendi
997 3325 1192 3381 fastidii
1242 3329 1419 3383 studio
1460 3345 1559 3385 nec
1613 3341 1803 3386 cuncta
1848 3335 2181 3402 perstrinxit.

604 3411 940 3484 Quapropter
968 3415 1140 3471 bonus
1171 3417 1399 3484 arbiter,
1433 3429 1487 3475 et
1522 3421 1712 3477 artifex
1747 3423 1917 3479 lector
1944 3442 2047 3480 non
2089 3443 2183 3496 pa-

602 3501 780 3571 ginam
808 3519 927 3575 qua:
956 3506 1126 3575 spatia
1155 3507 1435 3580 describit,
1467 3512 1563 3566 sed
1604 3512 1783 3568 villam
1805 3532 1923 3585 quae
1953 3519 2184 3589 spatiosa

600 3592 945 3664 describitur,
973 3599 1227 3669 grandem
1256 3605 1694 3671 pronuntiabunt.
1731 3606 1875 3665 Vale.
2126 3592 2139 3617 "

1161 3691 1495 3751 EPISTULA
1536 3695 1623 3750 lli.

955 3780 1197 3837 Sidonius
1222 3781 1252 3822 δ
1280 3782 1448 3840 Felici
1468 3804 1560 3842 suo
1588 3789 1826 3845 salutent.

673 3871 893 3930 Gaudeo
932 3884 1005 3943 te,
1043 3876 1258 3933 domine
1289 3878 1482 3950 major,
1516 3884 1865 3952 amplissima:
1911 3886 2184 3954 dignitatis

600 3961 795 4018 infulas
825 3973 1193 4021 consecutum.
1225 3968 1331 4022 Sed
1371 3968 1423 4023 id
1477 3971 1607 4027 mihi
1647 3973 1717 4028 ob
1759 3975 1860 4032 hoc
1890 3978 2065 4033 solum
2093 3980 2187 4036 de-

599 4051 796 4108 stinato
819 4053 1103 4111 tabellario
1132 4059 1434 4113 nuntiatum
1467 4075 1575 4116 non
1603 4064 1778 4118 minus
1803 4068 2032 4136 gaudeo.
2054 4069 2185 4126 Nam

600 4140 729 4196 licet
753 4143 1233 4212 impraesentiarum
1272 4149 1346 4203 sis
1377 4150 1688 4219 patissimus
1730 4158 2101 4227 magistratus,
2132 4171 2187 4217 et

601 4229 655 4285 in
689 4229 830 4287 lares
868 4233 1236 4306 Philagrianos
1268 4240 1524 4307 patricius
1570 4257 1707 4313 apex
1751 4248 1909 4301 tantis
1940 4259 2061 4317 post
2086 4266 2187 4307 sa:-

601 4326 758 4395 culis,
776 4336 865 4383 tua
891 4338 1095 4386 tantum
1114 4330 1369 4390 felicitate
1386 4339 1731 4393 remeaverit:
1752 4340 1960 4397 invenis
1985 4353 2181 4412 tamen,

602 4416 685 4472 vir
729 4420 1082 4477 amicitiarum
1134 4425 1577 4494 servantissime,
1636 4431 1866 4499 qualiter
1922 4433 2184 4493 honorum

602 4516 812 4567 tuorum
863 4524 1071 4570 crescat
1125 4518 1504 4576 communione
1580 4520 1887 4593 fastigium,
1954 4542 2183 4598 raroque

2293 1946 2458 2001 functi
2503 1947 2666 2001 ﬁliam
2697 1947 2861 2017 (quod
2905 1947 3016 2002 Deo
3063 1955 3414 2016 prosperante
3450 1944 3725 2015 succedat)
3752 1944 3881 2002 licet

2294 2038 2346 2093 itt
2373 2038 2677 2109 conjuginm
2696 2040 2927 2109 petierit,
2954 2038 3353 2108 obtinueritque
3371 2054 3401 2094 a
3428 2047 3601 2093 matre
3622 2037 3878 2107 pupillas;

2291 2145 2478 2201 parum
2526 2140 2702 2187 tamen
2744 2140 2993 2187 votorum
3047 2145 3268 2186 suorum
3324 2141 3630 2200 promotum
3686 2139 3879 2187 censet

2292 2224 2569 2292 effectum,
2617 2224 2720 2280 nisi
2760 2238 3038 2281 assensum
3079 2234 3226 2280 tuum
3269 2239 3434 2295 super
3477 2225 3560 2279 his
3590 2226 3877 2296 omnibus,

2291 2330 2385 2370 seu
2408 2315 2689 2370 sedulitate
2717 2330 2833 2381 sua,
2863 2331 2957 2370 seu
2979 2325 3198 2386 precatu
3243 2325 3443 2371 nostra;
3469 2316 3879 2371 intercessionis

2292 2406 2627 2473 adipiscitur.
2651 2407 2893 2477 Namque
2939 2408 3054 2477 ipse
3087 2416 3341 2477 quantum
3373 2407 3439 2462 ad
3483 2406 3879 2465 institutionem

2292 2507 2497 2568 spectat
2525 2498 2715 2567 puellae
2761 2499 2813 2553 in
2853 2497 2957 2569 43
2988 2500 3163 2554 locum
3197 2498 3393 2553 mortui
3432 2500 3599 2568 patris
3624 2515 3877 2557 curarum

2293 2589 2699 2661 participatione
2737 2591 3016 2660 succedis,
3042 2591 3370 2647 conferendo
3411 2592 3605 2661 virgini
3636 2593 3877 2663 parentis

2291 2682 2558 2746 allectum,
2582 2684 2793 2754 patroni
2822 2685 3219 2751 auctoritatem,
3253 2684 3443 2740 tutoris
3464 2684 3877 2753 ofﬁcium.Quo—

2291 2773 2435 2831 circa
2482 2776 2604 2846 quia
2662 2775 2853 2845 dignus
2891 2790 2949 2831 es
2991 2784 3047 2830 ut
3084 2775 3277 2831 domus
3319 2783 3425 2830 tuae
3463 2776 3875 2833 celeberrimam

2291 2869 2652 2939 disciplinam,
2677 2869 2836 2925 etiam
2880 2869 3066 2939 procul
3108 2871 3405 2939 positorum
3437 2876 3583 2939 petat
3618 2868 3874 2937 ambitus,

2290 2960 2430 3015 sicut
2475 2960 2631 3016 decet
2671 2960 2933 3015 bonarum
2965 2960 3195 3030 partium
3231 2960 3398 3027 viros,
3428 2959 3756 3030 benignitate
3782 2973 3877 3014 re-

2291 3054 2475 3122 sponsi
2499 3054 2649 3125 proci
2673 3053 2930 3123 supplicis
2962 3053 3339 3109 verecundiam
3364 3067 3679 3118 munerare;
3704 3059 3758 3107 et
3777 3052 3876 3122 qui

2291 3145 2362 3201 ita
2420 3147 2685 3216 expetitus
2738 3146 2962 3201 deberes
3022 3144 3095 3200 illi
3157 3153 3410 3215 expetere
3470 3144 3872 3216 pollicendam,

3287 3239 3411 3307 quia
3457 3238 3535 3293 sic
3584 3246 3635 3293 te
3682 3236 3875 3292 condi-

2291 3328 2419 3383 tioni
2470 3328 2592 3383 huic
2644 3330 2963 3384 meritorum
3010 3330 3149 3384 ratio
3197 3330 3471 3398 prsefecit,
3525 3335 3585 3382 ut
3633 3344 3731 3383 nec
3775 3342 3875 3383 su-

2292 3422 2500 3489 perstiti
2533 3422 2785 3492 Optantio
2813 3423 2868 3477 in
2900 3423 3097 3479 liberos
3122 3439 3247 3479 suos
3272 3424 3506 3480 decuerit
3531 3422 3650 3495 plus
3674 3421 3871 3479 licere.

2290 3513 2438 3569 Vale.
3108 3578 3113 3582 δ

2856 3608 3185 3664 EPISTOLA
3229 3609 3291 3664 V.

2642 3702 2889 3757 Sidonius
2920 3702 3161 3756 Petronio
3181 3721 3274 3759 suo
3294 3703 3529 3759 salutem.

2360 3793 2593 3847 Joannes
2641 3793 2919 3848 familiaris
2970 3810 3120 3850 meus
3162 3795 3586 3851 inextricabilem
3630 3796 3865 3866 labyrin-

2290 3882 2435 3936 thum
2460 3883 2657 3954 negotii
2699 3885 3009 3954 multiplicis
3040 3885 3285 3953 incurrit,
3336 3897 3391 3942 ct
3435 3887 3608 3943 donec
3650 3903 3866 3945 suarum

2288 3975 2478 4030 merita
2508 3977 2830 4044 chartarum,
2860 3979 2943 4033 vel
2966 3990 3142 4035 vestra
3169 3980 3411 4047 scientia,
3439 3982 3525 4037 vel
3574 3981 3620 4035 si
3656 3998 3756 4052 qua
3782 3992 3870 4040 est

2233 4119 2238 4125 .
2286 4077 2499 4133 vestra),
2521 4069 2566 4123 si
2598 4077 2773 4125 tamen
2800 4082 2882 4126 est
2910 4071 3038 4138 ulla,
3060 4071 3250 4128 similis
3270 4073 3589 4143 inspexerit,
3618 4074 3743 4144 quid
3777 4091 3869 4130 re-

2286 4168 2443 4228 spuat
2494 4161 2689 4231 quidve
2734 4172 2880 4233 optet
2926 4164 3152 4235 ignorat.
3207 4165 3279 4219 Ita
3324 4182 3382 4221 se
3424 4166 3656 4237 quodam
3706 4169 3865 4223 modo

2287 4249 2554 4320 bipertitae
2604 4255 2710 4308 litis
2753 4256 2921 4309 forma
2971 4255 3265 4323 confundit,
3310 4268 3370 4312 ut
3412 4257 3706 4327 propositio
3744 4274 3865 4326 sua,

2286 4358 2443 4413 quem
2471 4345 2697 4401 actibnis
2724 4346 2966 4402 ordinem
3000 4357 3415 4419 propugnatura,
3461 4364 3619 4419 quem
3660 4350 3729 4403 sit
3760 4350 3867 4404 im-

2288 4445 2605 4505 pugnatura,
2640 4452 2744 4492 non
2792 4439 3033 4494 noverit.
3080 4438 3185 4495 Pro
3223 4455 3327 4511 quo
3363 4455 3573 4510 precem
3623 4439 3868 4498 sedulam

2290 4525 2473 4596 fundo,
2499 4536 2558 4582 ut
2587 4530 2878 4600 perspectis
2899 4531 3159 4587 chartulis
3178 4534 3312 4599 suis,
3337 4532 3381 4589 si
3406 4532 3533 4603 quid
3562 4532 3689 4601 jure
3717 4548 3869 4589 com-

598 4605 1073 4695 genereexempli
1115 4606 1449 4664 altitudinem
1493 4620 1635 4667 tuam
1680 4614 1978 4672 humilitate
2017 4595 2258 4675 subli-D
2285 4621 2415 4689 petit
2468 4595 2785 4688 instruatis;
2849 4638 2968 4692 qua:
3015 4595 3311 4693 qualiterve
3357 4595 3465 4681 sint
3523 4595 3866 4695 objicienda,

599 4707 734 4749 mas.
766 4693 858 4749 Sic
904 4698 1171 4766 quondam
1216 4698 1281 4766 ρ.
1329 4699 1549 4755 Fabium
1588 4704 1898 4775 magistrum
1941 4710 2177 4778 equitum

599 4785 883 4842 dictatorio
925 4789 1122 4859 rigori,
1155 4799 1210 4846 ct
1259 4791 1556 4862 Papiriana:
1596 4798 1863 4868 superbia:
1901 4801 2055 4857 favor
2082 4819 2179 4873 pu~

599 4873 768 4932 blicus
819 4880 1071 4947 prtetulit.
1124 4881 1231 4953 42
1280 4883 1369 4939 Sic
1414 4894 1466 4940 et
1511 4885 1611 4942 Cn.
1660 4888 1969 4961 Pompeium
2018 4908 2181 4965 super

596 4970 821 5027 aemulos
849 4974 1040 5028 extulit
1086 4990 1358 5044 nunquam
1402 4978 1635 5035 fastidita
1695 4986 2042 5053 popularitas.
2090 4989 2180 5045 Sic

596 5060 848 5119 invidiam
871 5065 1209 5123 Tiberianam
1234 5071 1427 5137 pressit
1450 5074 1814 5131 universitatis
1832 5092 2017 5134 amore
2044 5080 2180 5136 Ger-

597 5156 856 5210 manicus.
876 5156 1137 5223 Quocirca
1168 5158 1293 5214 nolo
1308 5159 1410 5215 sibi
1436 5161 1503 5217 de
1526 5166 1866 5222 successibus
1898 5169 2003 5223 tuis
2030 5171 2178 5238 prin-

598 5244 786 5312 cipalia
826 5242 1087 5305 beneﬁcia
1139 5250 1428 5320 plurimum
1468 5252 1848 5323 blandiantur;
1897 5274 2015 5327 qua:
2044 5261 2177 5318 nihil

638 5383 1005 5470 'lsudrieam
1028 5391 1420 5470 naumachiam,
1440 5407 1543 5463 qua
1559 5394 1761 5470 Ᾱξηθᾳξ
1781 5397 1847 5452 ad
1872 5398 2175 5470 Drepanum

597 5452 812 5534 Siciliae,
843 5459 975 5534 patri
1007 5462 1320 5534 parentavit,
1354 5452 1422 5517 de
1449 5452 1554 5534 qua
1587 5466 1775 5523 Eneid.
1801 5482 1854 5523 v.

670 5521 912 5606 ILMagits
932 5521 1115 5606 Felici,
1145 5530 1319 5602 Magni
1340 5521 1644 5606 exeo-nauus
1674 5521 1944 5595 ﬁlio.vllos
1970 5542 2113 5597 enim
2143 5558 2176 5599 a

599 5592 870 5679 Philagrio
900 5592 1122 5679 patricio
1168 5592 1423 5679 oriundos
1464 5606 1663 5663 diserte
1703 5592 2175 5679 scribit'Pr'o—pem:

600 5765 707 5790 wn
734 5765 802 5790 uc
826 5765 1006 5793 manu:
1034 5765 1182 5809 plura
1208 5765 1444 5801 carmtne
1472 5765 1527 5813 υ,
1554 5765 1695 5817 quoa
1727 5765 1891 5806 tutum
1918 5765 1991 5806 illi
2020 5765 2172 5809 utca-

538 5868 539 5871 η
602 5813 713 5863 tum
747 5814 851 5865 est.
876 5806 1219 5879 Amplissima
1251 5830 1409 5885 porro
1433 5818 1660 5891 dignitas
1678 5835 1835 5893 quam
1859 5823 2026 5884 Felici
2049 5838 2173 5898 gra-

2283 4726 2401 4781 quae
2448 4714 2733 4769 refellenda
2774 4724 3152 4771 monstrantes.
3198 4715 3315 4771 Non
3359 4718 3502 4771 enim
3530 4717 3864 4785 verebimur,

2292 4803 2433 4873 quod
2484 4819 2662 4860 causa:
2696 4805 2854 4861 istius
2893 4820 3100 4873 cursus,
3148 4807 3192 4861 si
3237 4807 3307 4863 de
3346 4792 3513 4864 vestri
3563 4810 3868 4866 manaverit

2282 4894 2428 4951 fonte
2451 4898 2681 4958 consilii.
2725 4899 2832 4954 ulla
2851 4899 3298 4955 contrastantium
3322 4900 3655 4958 derivatione
3677 4909 3871 4958 tenue«

2284 4995 2388 5043 tur.
2418 4989 2572 5045 Vale.

2780 5081 2889 5153 44
2909 5082 3234 5141 EPISTOLA
3261 5084 3350 5139 v1.

2638 5170 2883 5227 Sidonius
2913 5172 3132 5244 Pegasio
3157 5191 3248 5230 suo
3270 5174 3501 5230 salutem.

2354 5262 2769 5321 Proverbialiter
2795 5266 3010 5322 celebre
3053 5274 3140 5323 est
3181 5282 3324 5339 saepe
3352 5283 3557 5325 moram
3586 5281 3709 5326 esse
3748 5286 3873 5328 me-

2284 5406 2503 5477 tulatur,
2533 5423 2638 5467 non
2668 5419 2752 5467 est
2778 5410 3109 5478 consulatus,
3141 5410 3207 5465 ad
3228 5425 3387 5481 quem
3410 5410 3557 5467 Felix
3588 5425 3869 5480 nunquam

2280 5481 2555 5554 pervenit;
2605 5482 2724 5554 sed,
2739 5483 3076 5554 patriciatus,
3108 5482 3261 5554 cujus
3291 5490 3551 5553 praeterea
3595 5481 3751 5539 testis
3780 5492 3871 5539 est

2283 5547 2589 5607 Gennadius
2614 5552 2671 5609 in
2694 5547 2913 5610 Fausto.
3062 5547 3073 5554 ’
3172 5547 3190 5554 ’
3291 5547 3312 5553 ’

2356 5630 2377 5706 ξ
2409 5621 2532 5706 _Fuit
2564 5634 2957 5706 tamenpostei
2993 5626 3244 5706 patricius
3269 5626 3469 5706 et_i_pse
3494 5624 3869 5706 Sidonius,_ut
3908 5640 3927 5706 ε

2283 5698 2424 5758 patet
2450 5707 2515 5747 ex
2541 5696 2698 5763 epist.
2736 5692 2800 5749 16
2825 5692 2891 5747 ad
2918 5692 3261 5762 Papianillam
3281 5736 3298 5762 ,
3332 5692 3425 5752 lib.
3469 5711 3525 5764 v,
3566 5705 3621 5754 et
3650 5710 3720 5753 ex
3749 5695 3866 5752 lla-

2280 5764 2437 5822 morti
2461 5764 2740 5824 Claudiani
2763 5764 3090 5825 dedicatoria
3114 5765 3184 5825 ad
3204 5767 3503 5827 Sidonium.
3762 5800 3767 5805 ι
