4140 6336
228 284 311 347 081

180 484 189 559 ;
226 486 410 544 anticus
454 494 578 542 tuus
621 486 781 555 longo
807 485 924 543 istic
966 490 1210 554 tempore
1256 481 1551 553 inspectus,
1594 482 1791 538 meruit

176 562 190 650 ξ
226 580 346 637 inter
368 592 626 650 personas
654 578 809 633 nobis
845 592 1060 648 quoque
1081 589 1237 632 caras
1261 575 1643 644 devinctasque
1664 588 1789 631 cenc

226 674 318 729 seri
348 687 362 726 :
396 679 729 742 opportunus
752 710 767 737 ,
836 670 1050 740 elegans
1074 709 1091 737 ,
1138 668 1469 724 verecundus
1494 710 1509 736 ,
1557 666 1790 733 sobrius,

1448 271 1930 333 EPISTOLARUM
1969 271 2096 331 LIB.
2138 271 2205 328 II.

226 397 394 454 larem
425 438 440 465 ,
472 392 629 451 sicuti
654 400 707 450 et
737 405 879 449 nunc
912 391 1119 462 experti
1155 403 1360 448 sumus.
1411 388 1784 445 Menstruanus
1811 394 1868 456 Α

3361 258 3477 328 482

2428 384 2761 444 EPISTULA
2803 385 2940 445 VIII.

2207 476 2453 534 Sidonius
2482 477 2783 536 Desiderato
2807 497 2901 536 suo
2926 480 3159 538 salutent.
3248 498 3253 505 δ

1966 568 2341 626 Maestissimus
2375 569 2490 624 hzec
2519 570 2613 626 tibi
2637 572 2845 627 nuntio.
2878 573 3119 630 Decessit
3147 569 3341 630 nudius
3367 580 3477 631 ter-

1899 658 2027 725 tius,
2053 674 2162 717 non
2192 659 2397 729 absque
2419 660 2645 730 justitio,
2682 670 2709 699 ιι
2736 673 2980 719 matrona
3007 664 3295 732 Filimatia,
3317 665 3482 721 mori-

226 780 421 837 parcus,
452 764 755 834 religiosus,
800 770 855 818 et
884 762 965 816 his
993 777 1200 817 morum
1251 760 1467 816 dotibus
1511 758 1791 829 praeditus,
1896 768 2023 824 gera
2051 752 2267 822 conjux,
2290 751 2504 807 domina
2530 752 2791 821 clemens,
2815 754 2962 810 utilis
2997 766 3192 823 mater,
3225 756 3309 828 pia
3340 756 3477 811 ﬁlia:

225 868 276 912 ut
301 855 507 926 quoties
531 854 585 910 in
614 853 739 909 boni
765 853 1026 924 cujusque
1063 851 1342 908 asciscitur
1367 849 1651 916 amicitias,
1688 863 1794 905 non
1898 846 1983 901 cui
2011 845 2259 901 debuerit
2286 845 2431 900 domi
2451 845 2683 916 forisque
2706 860 2931 914 persona
2951 846 3126 903 minor
3146 847 3480 918 obsequium,

227 946 442 1015 amplius
489 954 855 1016 consequatur
905 944 1149 999 beneﬁcii
1200 945 1313 1013 ipse
1368 958 1524 1013 quant
1578 943 1793 997 tribuat.

230 1037 340 1092 llaec
370 1038 465 1092 tibi
497 1051 603 1091 non
632 1046 689 1091 ut
727 1036 1017 1107 ignoranti,
1046 1035 1141 1090 sed
1167 1044 1225 1089 ut
1247 1034 1453 1104 judicio
1494 1049 1615 1089 tneo
1643 1033 1801 1088 satis-

230 1130 467 1195 facerem,
501 1129 710 1198 scripsi.
742 1129 1099 1195 Quamobrem
1130 1128 1321 1197 triplex
1360 1143 1519 1182 causa
1551 1126 1796 1182 laetandi:

1903 938 2078 1006 major
2113 935 2371 1001 ofﬁcium,
2418 936 2640 1006 aequalis
2688 935 2960 991 affectum.
3011 937 3138 993 Haec
3175 953 3295 993 cum
3342 946 3484 994 esset

1905 1029 2061 1084 unica
2089 1027 2293 1097 jamdiu
2341 1029 2497 1083 matri
2538 1028 2770 1094 amissaa,
2822 1029 2977 1084 facile
3014 1028 3240 1085 diversis
3283 1031 3486 1085 blandi-

1902 1130 2204 1176 mentorum
2241 1119 2526 1190 generibus
2557 1118 2829 1186 effecerat,
2854 1134 2922 1175 ne
2943 1120 3078 1189 patri
3100 1119 3274 1175 adhuc
3298 1119 3485 1188 juveni

230 1221 314 1276 tibi
346 1220 537 1290 prima,
566 1219 652 1275 cui
675 1220 876 1274 amicos
904 1218 985 1273 sic
1010 1227 1101 1273 aut
1138 1219 1438 1284 instituere,
1469 1228 1561 1272 aut
1603 1217 1803 1288 eligere

1925 1210 2113 1278 whole,
2138 1224 2298 1266 sexus
2326 1210 2548 1266 alterius
2568 1210 2983 1266 desideraretur.
3012 1210 3163 1266 Nunc
3184 1219 3366 1266 autem
3395 1225 3489 1281 per

232 1313 504 1384 contingit;
530 1306 787 1367 Krvernis
808 1313 1065 1379 secunda,
1093 1311 1287 1380 quibus
1336 1309 1437 1365 hoc
1478 1309 1531 1364 in
1575 1324 1642 1364 eo
1682 1310 1799 1381 pla-

233 1406 395 1462 cuisse
420 1402 704 1467 conﬁrmo,
751 1402 891 1473 quod
937 1411 989 1457 te
1019 1401 1277 1472 probasse
1320 1416 1427 1456 non
1453 1401 1698 1472 ambigo;
1724 1401 1801 1456 illi

233 1497 399 1563 tertia,
424 1494 493 1550 de
536 1510 643 1565 quo
669 1494 796 1551 boni
847 1494 1043 1564 quique
1080 1495 1218 1549 bona
1260 1507 1485 1563 quaeque
1525 1492 1804 1561 judicave-

235 1597 365 1644 runt.
398 1587 543 1643 Vale.

781 1701 1110 1757 EPISTOLA
1142 1701 1249 1757 VII.

576 1818 823 1873 Sidonius
854 1819 1092 1889 Explicio
1116 1836 1210 1874 suo
1234 1820 1475 1875 salutem.

301 1952 428 2021 Quia
453 1954 660 2024 justitia
703 1964 878 2010 vestra
918 1955 1042 2025 jure
1068 1955 1125 2009 flt
1164 1954 1494 2011 universitati
1531 1968 1626 2025 per
1664 1969 1812 2011 com-

236 2045 382 2118 plura
408 2045 541 2100 recti
571 2046 941 2115 experimenta
969 2047 1315 2115 venerabilis,
1351 2047 1550 2102 idcirco
1572 2046 1811 2118 singulas

237 2150 472 2207 quasque
500 2151 758 2206 personas
789 2136 841 2190 id
863 2136 1036 2206 ipsum
1074 2137 1431 2207 efﬂagitantes
1481 2138 1534 2192 in
1584 2153 1809 2193 examen

240 2237 476 2284 vestrum
509 2228 680 2283 libens
708 2239 761 2283 et
796 2229 983 2285 avidus
1014 2231 1218 2298 emitto,
1263 2231 1653 2300 quamprimum
1699 2246 1815 2286 am-

238 2324 402 2388 biens,
434 2338 521 2378 me
556 2323 922 2389 discussionis,
958 2324 1080 2378 illos
1109 2324 1399 2379 simultatis
1426 2339 1589 2381 onere
1612 2325 1812 2383 laxari:

237 2416 373 2487 quod
400 2416 614 2471 demum
638 2418 708 2471 ita
730 2427 1009 2487 sequetur,
1040 2417 1086 2471 si
1117 2432 1219 2472 non
1260 2432 1325 2472 ex
1347 2416 1519 2473 solido
1548 2419 1816 2487 querimo-

238 2506 350 2562 nias
398 2506 629 2575 partium
684 2506 1019 2562 verecundus
1075 2522 1276 2563 censor
1334 2508 1440 2581 45
1511 2509 1813 2565 excludas:

239 2613 544 2669 quanquam
574 2607 628 2653 et
651 2599 751 2654 hoc
780 2600 972 2669 ipsum,
998 2601 1137 2670 quod
1159 2600 1367 2669 copiam
1392 2601 1461 2654 tui
1482 2599 1818 2670 jurgantibus

238 2691 455 2747 difﬁcile
475 2691 745 2759 concedis,
781 2692 1034 2748 indicium
1066 2694 1134 2748 sit
1161 2695 1297 2749 bene
1326 2694 1636 2764 judicaturi.
1687 2696 1818 2763 Quis

241 2782 382 2837 enim
406 2797 466 2837 se
496 2797 602 2836 non
633 2785 834 2839 ambiat
861 2785 1122 2840 arbitrum
1155 2786 1276 2855 legi,
1307 2796 1398 2840 aut
1426 2790 1596 2857 pretio
1621 2787 1818 2858 aliquid

241 2870 566 2937 indulturus,
599 2885 691 2929 aut
715 2877 939 2946 gratiae?
964 2878 1126 2946 Igitur
1156 2878 1372 2947 ignosce
1396 2878 1460 2933 ad
1492 2886 1598 2933 tam
1619 2888 1819 2934 sancta:

241 2966 581 3021 conscientia:
618 2969 1018 3039 praerogativam
1042 2971 1232 3039 raptim
1263 2970 1654 3042 perniciterque
1693 2987 1819 3043 pro-

243 3060 554 3128 perantibus
606 3076 620 3112 :
665 3059 1095 3130 quandoquidem
1140 3062 1460 3116 sententiam
1509 3073 1675 3131 tuam,
1724 3077 1823 3117 nec

242 3151 413 3207 vietus
436 3163 494 3207 ut
517 3153 745 3208 stolidus
766 3163 1014 3219 accusat;
1041 3169 1141 3209 nec
1164 3156 1336 3209 victor
1365 3164 1421 3210 ut
1450 3164 1668 3225 argutus
1698 3155 1821 3211 irri-
1845 3140 1892 3204 C

242 3240 367 3307 det;
395 3238 743 3313 veritatisque
772 3252 1015 3315 respectu
1038 3244 1345 3315 dependunt
1384 3244 1480 3301 tibi
1508 3246 1705 3302 addicti
1734 3262 1821 3303 re-

242 3334 564 3400 verentiam,
594 3337 818 3405 gratiam
850 3338 1079 3394 liberati.
1129 3339 1360 3395 Proinde
1396 3340 1635 3409 impense
1664 3342 1820 3398 obse-

239 3440 362 3493 cro,
412 3435 474 3481 ut
513 3427 649 3482 inter
691 3428 960 3485 Alethium
1001 3439 1056 3484 et
1093 3430 1338 3498 Paulum,
1372 3447 1489 3501 quas
1519 3434 1739 3488 veniunt
1767 3434 1820 3488 in

238 3522 722 3593 disceptationem,
759 3540 883 3578 mox
933 3535 992 3579 ut
1040 3528 1288 3595 utrinque
1328 3527 1519 3583 fuerint
1558 3532 1825 3598 opposita,

236 3614 539 3682 discingas.
584 3612 855 3683 Namque,
904 3615 957 3669 ni
996 3614 1176 3681 fallor,
1219 3632 1377 3686 supra
1423 3618 1829 3688 decemvirales,

237 3704 692 3777 pontiﬁcalesque
736 3706 1028 3762 sententias
1057 3747 1073 3773 ,
1116 3708 1413 3777 aegritudini
1452 3711 1609 3780 hujus
1665 3727 1834 3783 prope

239 3795 668 3855 interminabilis
693 3797 876 3869 iurgii,
906 3799 1020 3853 sola
1043 3813 1253 3855 morum
1283 3792 1495 3856 tuorum
1532 3812 1837 3873 temperan-

240 3889 320 3944 tia
349 3887 511 3943 solita
528 3887 799 3958 judicandi
825 3890 1140 3947 salubritate
1168 3891 1539 3950 medicabitur.
1573 3894 1725 3953 Vale.

322 4072 351 4099 ι
378 4059 483 4116 Pro
508 4062 841 4119 Philematia.
884 4063 1125 4121 Priscum
1173 4075 1229 4122 et
1256 4082 1442 4124 verum
1473 4084 1667 4129 nomen
1716 4082 1831 4130 erat

242 4133 671 4204 Philematium:
714 4134 982 4204 quomodo
1010 4150 1039 4189 a
1078 4136 1315 4193 Luciano
1343 4141 1597 4197 scribitur
1638 4145 1693 4198 in
1722 4143 1834 4199 dia-

244 4205 381 4278 iogo
412 4202 709 4278 Charmidis
733 4202 793 4278 et
828 4205 1165 4274 Tryphzenar,
1198 4224 1354 4278 quem
1382 4210 1584 4268 claudit
1606 4214 1687 4269 his
1714 4229 1837 4270 ver-

246 4275 705 4364 jtdmjténou
745 4273 797 4331 δέ
825 4273 987 4364 aranei
1017 4273 1265 4364 xatptirm.
1299 4279 1456 4364 Dieia
1478 4284 1621 4364 enim
1638 4284 1840 4364 _Phile-

247 4345 482 4420 [stationi
512 4345 914 4420 ὑποκορεᾳτικῶς
939 4345 1211 4404 δυ’όεούιο
1238 4366 1251 4403 :
1280 4353 1420 4420 quod
1444 4354 1615 4410 innuit
1636 4355 1840 4413 Lucre-

251 4415 368 4471 tius
397 4415 486 4470 illo
514 4415 791 4472 versu'lib.
818 4433 869 4472 tv
898 4434 911 4470 :

386 4528 569 4579 Simula
590 4542 717 4591 σιλιςνι,
742 4541 798 4578 ac
818 4536 977 4593 satyra
1003 4534 1097 4593 est,
1120 4531 1306 4583 labiosa
1326 4547 1499 4598 φίλημε

250 4636 646 4717 e_adem_iorma_
666 4653 770 4707 qua
791 4638 1160 4717 glielidonium
1178 4683 1192 4708 ,
1228 4642 1601 4717 Eustochium,
1646 4646 1843 4717 Glyce-

251 4709 431 4780 riutn,
457 4708 762 4771 Ilnsarium,
793 4709 1152 4780 Cymbalium,
1194 4720 1249 4768 et
1292 4713 1392 4767 alia
1442 4728 1535 4768 seu
1586 4708 1732 4770 vera'
1749 4731 1844 4771 seu

253 4779 390 4850 ficta
440 4780 667 4850 nomina
703 4779 1030 4850 mulierum;
1064 4797 1183 4850 quae
1221 4784 1484 4850 posterior
1514 4794 1644 4840 aetas
1692 4787 1847 4841 aliter

251 4849 499 4913 inflexit,
530 4857 586 4902 ut
614 4849 949 4915 Philematia,
977 4849 1312 4915 Chelidonia,
1368 4852 1661 4915 eodemque
1688 4856 1849 4910 modo

250 4928 480 4973 cetera:
509 4921 930 4989 appellarentur.
956 4921 1060 4974 Sed
1087 4936 1183 4989 pro
1211 4922 1523 4977 Philematia

212 5016 221 5055 ρ
251 4997 317 5044 et
345 5004 448 5058 pro
485 4990 800 5066 Piiilematio
837 4990 1142 5066 Filimatius
1198 4991 1415 5066 tandem
1461 4994 1624 5066 scribi
1664 4990 1847 5066 coepit,

220 5059 706 5136 iretento_Gr:ee:e
734 5062 879 5136 v_ocis
900 5075 1054 5136 sono,
1076 5078 1184 5136 non
1205 5063 1584 5136 orthographia
1609 5075 1664 5136 et
1683 5059 1855 5136 quan;

210 5134 215 5139 '
251 5130 447 5185 titate.
480 5130 554 5185 lta
581 5134 724 5186 enim
752 5132 1050 5187 Filimatius
1073 5133 1126 5188 in
1146 5134 1331 5189 codice
1371 5130 1748 5193 ‘l‘heodosian'o
1779 5139 1853 5192 Ie-

251 5202 414 5274 gitur
462 5216 966 5274 comes__sacrarum
1018 5203 1355 5274 largitionum
1412 5205 1512 5260 sub
1562 5207 1848 5264 Gratiano:

252 5273 401 5344 item
431 5272 573 5341 apud
606 5271 880 5328 Sidonium
921 5273 1015 5327 lib.
1045 5290 1084 5339 ι,
1104 5271 1272 5344 'epist.
1300 5276 1354 5338 3,
1383 5285 1436 5330 et
1466 5276 1560 5331 lib.
1593 5294 1645 5344 v,
1693 5280 1850 5344 epist.

256 5340 361 5409 17,
393 5344 501 5417 _ubi
544 5344 792 5399 Filimatii
836 5345 1042 5417 mentio
1086 5340 1170 5399 est
1200 5345 1438 5414 hujusce,
1472 5340 1683 5417 opinor,
1721 5340 1846 5404 Fili-

253 5412 459 5483 matia:
486 5422 686 5469 nostra:
709 5415 897 5483 patris.
929 5414 1045 5469 Jam
1087 5430 1222 5470 vero
1259 5412 1363 5471 non
1387 5412 1559 5472 solum
1589 5417 1858 5473 Philema-

251 5481 412 5554 gum
446 5484 590 5554 apud
616 5481 824 5540 veteres
876 5485 1071 5540 femina
1116 5486 1413 5553 dicebatur,
1462 5503 1646 5543 verum
1694 5490 1857 5545 etiam

253 5551 622 5615 Philematio.
672 5555 986 5612 Sieutcnim
1035 5555 1285 5611 Venuleia
1335 5551 1737 5626 Philematium,
1783 5561 1861 5616 sic

333 5703 357 5766 _'
392 5700 472 5766 De
485 5701 590 5766 isto
619 5702 818 5766 Abgaro
837 5704 1174 5766 regiojuvene
1195 5699 1331 5762 cuius
1348 5703 1650 5766 epitaphium
1667 5703 1748 5766 hic
1772 5716 1865 5753 ex-

257 5760 423 5820 hibet
444 5760 755 5821 Sirmondus.
778 5760 959 5821 videsis
978 5760 1088 5822 (tua:
1111 5760 1398 5823 coniecerit
1422 5760 1645 5818 eruditus
1666 5764 1867 5817 Franci—

1865 4441 1920 4502 D

1602 4924 1846 4993 ilimatia,
1900 4917 1911 4928 ’

1904 1300 2079 1356 subita
2100 1315 2348 1371 suprema
2371 1301 2564 1356 virium
2586 1302 2857 1368 ctelibatu,
2882 1312 3087 1372 patrem
3113 1303 3341 1359 orbitate
3361 1316 3490 1359 con-

1908 1392 2065 1450 fodit.
2096 1393 2191 1451 His
2218 1393 2327 1466 56
2354 1394 2585 1463 additur,
2617 1396 2760 1468 quod
2785 1397 3023 1467 quinque
3047 1397 3272 1453 liberum
3296 1410 3490 1468 parens

1908 1485 2198 1543 immaturo
2226 1488 2375 1544 exitu
2400 1488 2635 1544 reddidit
2677 1488 3059 1546 infortunatam
3090 1489 3490 1548 fecunditatem.

1910 1576 2015 1645 Qui
2045 1579 2284 1649 parvuli,
2332 1580 2377 1634 si
2417 1590 2590 1636 matre
2634 1582 2840 1652 sospite
2885 1583 3245 1653 perdidissent
3291 1582 3494 1652 jamdiu

1919 1669 2150 1728 debilem
2182 1680 2410 1742 patrem,
2441 1672 2619 1729 minus
2649 1675 2836 1745 pupilli
2856 1677 3306 1732 existimarentur.
3351 1675 3496 1731 Hanc

1841 1766 1891 1827 B
1918 1772 2122 1829 tamen,
2156 1763 2202 1817 si
2249 1763 2369 1834 quis
2429 1763 2571 1819 haud
2611 1764 2882 1821 incassum
2929 1768 3102 1822 honor
3145 1766 3495 1822 cadaveribus

1917 1855 2246 1926 impenditur
2277 1898 2295 1924 ,
2356 1871 2465 1913 non
2514 1857 2869 1928 vespillonum
2915 1860 3498 1930 sandapilariorumque

1915 1948 2213 2004 ministeria
2240 1948 2482 2004 ominosa
2509 1950 2880 2007 tumulavere:
2922 1952 3017 2007 sed
3057 1966 3175 2007 eum
3211 1951 3498 2008 Libitinam

1917 2038 2090 2109 ipsam
2132 2040 2324 2096 ﬁentes
2364 2056 2550 2097 omnes
2608 2043 2819 2098 externi
2863 2058 3075 2114 quoque
3123 2043 3498 2113 prensitarent,

1918 2132 2343 2196 remorarentur,
2383 2133 2845 2202 exoscularentur,
2900 2134 3239 2190 sacerdotum
3282 2135 3501 2205 propin-

1917 2241 2248 2297 quorumque
2277 2228 2525 2284 manibus
2549 2239 2798 2300 excepta,
2825 2233 3099 2301 perpetuis
3127 2230 3344 2287 sedibus
3367 2231 3495 2286 dor-

1916 2316 2102 2373 mienti
2129 2317 2354 2374 similior
2376 2319 2518 2374 illata
2547 2329 2648 2375 est.
2680 2321 2810 2375 Post
2832 2337 2971 2391 quae,
3006 2331 3223 2392 precatu
3270 2322 3505 2393 parentis

1919 2409 2112 2478 orbati,
2137 2412 2366 2466 maniam
2413 2412 2716 2479 funebrem,
2759 2427 2865 2468 non
2914 2428 3010 2483 per
3053 2415 3234 2485 elegos
3277 2413 3372 2470 sed
3412 2429 3505 2484 per

1920 2500 2395 2573 hendecasyllabos
2422 2545 2439 2571 ,
2488 2506 2743 2560 marmori
2788 2504 3034 2574 incisam,
3086 2506 3301 2577 planctu
3343 2519 3507 2577 prope

1920 2591 2131 2646 calente
2155 2592 2375 2648 dictavi.
2407 2594 2582 2662 Quam
2610 2599 2655 2650 si
2686 2610 2793 2651 non
2834 2596 2964 2651 satis
2990 2596 3276 2667 improbas,
3302 2596 3508 2651 caeteris

1920 2685 2358 2755 epigrammatum
2414 2704 2655 2744 meorum
2716 2689 3076 2746 voluminibus
3138 2691 3508 2762 applicandam

1921 2780 2286 2835 mercenarius
2318 2780 2605 2852 bibliopola
2632 2783 2910 2851 suscipiet.
2944 2783 3000 2839 Si
3034 2783 3158 2854 quid
3188 2798 3369 2851 secus,
3398 2783 3508 2840 suf-

1926 2870 2038 2924 ﬁcit
2064 2885 2194 2926 saxo
2215 2886 2433 2929 carmen
2463 2887 2681 2928 saxeum
2730 2873 3014 2930 contineri.
3056 2872 3170 2929 lloc
3215 2874 3357 2929 enim
3399 2873 3511 2945 epi-

1925 2964 2166 3034 taphium
2200 2974 2302 3020 est.

2049 3055 2234 3121 Qccasn
2251 3057 2404 3121 celeri
2424 3056 2630 3120 feroque
2650 3063 2835 3121 raptam

2047 3116 2442 3184 ﬁatis‘quinque,
2467 3116 2717 3184 patrique,
2734 3121 3047 3184 eonjugique,

2047 3179 2153 3229 Hoc
2176 3179 2531 3232 ﬂentis‘natr‘ias
2552 3179 2722 3231 manus
2743 3179 2960 3232 locarunt

2049 3194 2153 3229 nec
2176 3194 2340 3229 uenus
2394 3194 2531 3230 atrtae
2552 3195 2722 3231 manus
2744 3194 2937 3231 tocarun

2049 3239 2317 3306 Idatrpnatn
2345 3194 2672 3292 Igitilimatiam
2696 3243 2937 3306 sepulcro.

2056 3302 2097 3367 ρ
2121 3303 2352 3367 splendor
2381 3307 2600 3367 generis,
2622 3302 2775 3356 decus
2796 3307 2954 3355 mariti
2976 3344 2988 3354 .

2059 3363 2305 3430 Prudens,
2320 3363 2479 3430 ica‘sta.
2498 3363 2699 3430 decens,
2718 3380 2910 3429 severa,
2931 3367 3104 3430 dulcis,

2057 3426 2219 3491 1Atque
2240 3429 2354 3491 ipsis
2375 3429 2652 3478 senioribus
2673 3426 2959 3491 sequenda:

2055 3485 2390 3552 [iiscordantia
2412 3503 2521 3552 qua)
2539 3492 2701 3539 solent
2723 3485 2900 3552 putari,

2059 3547 2249 3613 gorem
2266 3547 2606 3600 commoditate
2625 3547 2878 3613 copulasti.

2056 3607 2177 3674 {iam
2209 3611 2321 3657 vitm
2344 3613 2547 3660 comites
2585 3607 2724 3674 bona;
2749 3611 2968 3674 fuerunt,

2058 3667 2285 3733 Libertas
2313 3674 2493 3732 gravis,
2512 3680 2557 3722 et
2579 3672 2732 3733 pudor
2752 3670 2956 3722 facetus.

2060 3729 2187 3794 iiine
2207 3737 2285 3780 est
2316 3729 2446 3794 quod
2469 3729 2706 3782 decimam
2739 3739 2837 3782 tua:
2856 3734 2999 3784 saluti

2065 3789 2155 3856 Yix
2181 3789 2347 3856 aetam'
2359 3794 2664 3843 trieteridem
2696 3794 2935 3856 dolemus,

2062 3852 2227 3927 {\t'que
2256 3854 2313 3927 in
2330 3856 2638 3927 temporibus
2662 3857 2869 3927 vigentis
2892 3852 3001 3917 aevi,

2066 3912 2097 3953 b
2122 3912 2306 3977 lajuste
2328 3917 2417 3967 tibi
2435 3912 2564 3979 justa
2584 3912 2846 3982 persoluta.

1941 4078 2091 4162 Aelia
2114 4080 2251 4162 βυ.
2285 4083 2598 4162 Philematio
2638 4086 2693 4162 in
2736 4087 2969 4162 antiquis
3002 4087 3263 4162 lapidibus
3319 4091 3519 4162 rem

1940 4158 2044 4220 tur,
2071 4161 2125 4207 et
2149 4153 2285 4209 'l‘ttia
2315 4156 2628 4212 Philematio
2651 4157 2837 4229 inihoc
2868 4153 3162 4229 Uceciensi,

2639 4228 2821 4285 TITIA

2526 4299 2947 4358 PHILEMATIO

2573 4371 2735 4426 VIVA
2775 4371 2900 4427 SIBI

2477 4439 2567 4495 ET
2595 4441 2743 4498 SUIS
2772 4441 2993 4498 FECIT.

1948 4527 2235 4602 Utriusque
2273 4541 2452 4591 autem
2484 4534 3017 4607 exemplum‘exstat
3045 4534 3098 4607 in
3133 4535 3304 4591 altero
3349 4537 3527 4607 lapide

1947 4611 2277 4673 pervetusto,
2304 4612 2487 4657 nostra
2512 4604 2770 4657 memoria
2803 4602 2854 4673 in
2878 4605 3007 4657 urbe
3036 4604 3102 4659 ad
3134 4615 3340 4673 portam
3379 4602 3528 4662 Sala-

1947 4670 2083 4744 riam
2110 4670 2305 4744 effosso
2335 4690 2349 4726 :
2376 4675 2426 4727 in
2450 4688 2556 4742 quo
2583 4672 2846 4744 exsculpti
2869 4683 2994 4726 sunt
3016 4674 3121 4728 duo
3134 4670 3395 4744 conjuges
3415 4676 3529 4730 col—

1950 4738 2148 4807 liberti,
2178 4738 2611 4814 et_suh_t_ttr'aq_ue
2632 4738 2829 4811 efﬁgie
2853 4744 3060 4814 singula
3095 4738 3363 4814 epitaph'ia
3412 4745 3529 4801 rudi

1950 4822 2120 4879 opere
2147 4812 2335 4866 incisa.
2366 4811 2638 4867 Muliebris
2668 4821 2845 4866 autem
2879 4812 2981 4869 hoc
3008 4823 3090 4869 est
3119 4811 3345 4881 initium,

2352 4943 2581 4983 AUBBLIA
2611 4944 2661 4984 ι..
2696 4945 2748 4984 L.
2782 4943 3128 4986 PBILEIATIO.

2078 5036 2197 5103 Vitia
2222 5038 2546 5103 Philematum
2569 5054 2677 5089 sum
2698 5040 2895 5091 Aurelia
2919 5055 2983 5103 no
3002 5044 3223 5103 uinitata,

2138 5100 2293 5161 Casta,
2320 5101 2524 5163 pudens,
2550 5103 2714 5165 volgei
2738 5106 2921 5167 nescia,
2949 5102 3077 5153 feida
3102 5100 3223 5154 viro.

2028 5201 2534 5279 Picommunisltmc
2570 5209 2900 5279 querimonia
2943 5210 2996 5263 in
3036 5217 3212 5264 morte
3255 5207 3536 5265 immatura

1958 5274 2200 5351 sublatis.
2235 5276 2386 5351 Iliuc
2409 5278 2495 5333 illa
2523 5274 2837 5351 in'antiquis
2877 5280 3256 5351 monumentis,
3288 5279 3537 5351 Moleju-

1960 5346 2247 5421 dicantibits
2296 5349 2416 5417 fatis
2438 5390 2453 5413 ,
2502 5361 2553 5421 et
2578 5390 2592 5414 ,
2642 5346 2859 5405 Su6lata
2887 5350 3150 5421 uinculis
3176 5354 3283 5421 [ato
3312 5346 3537 5406 dictdnte

1961 5417 2157 5492 iniquo:
2178 5419 2400 5492 Elegans
2432 5422 2483 5474 in
2516 5420 2617 5474 hoc
2644 5435 2841 5490 genere
2872 5426 2888 5445 ⁶
2914 5420 3115 5490 Abgari
3161 5417 3291 5492 regii
3327 5421 3538 5492 juvenis

1962 5487 2312 5560 epitaphium,
2339 5494 2478 5560 quod
2510 5487 2691 5544 Romae
2723 5492 2906 5559 paucis
2951 5487 3147 5546 abhinc
3187 5487 3343 5548 annis
3365 5493 3432 5548 ad
3473 5493 3537 5547 Ι).

1966 5557 2109 5612 Pauli
2142 5557 2413 5616 basilicam
2454 5570 2664 5616 erutum
2703 5557 3060 5629 meminimus,
3098 5562 3419 5635 dignumque
3455 5564 3540 5618 vi-

1966 5710 2080 5749 scus
2099 5698 2259 5749 Wise
2277 5700 2325 5749 in
2341 5700 2546 5763 epistola
2568 5699 2627 5748 ad
2650 5700 2711 5749 V.
2731 5699 2784 5763 C7.
2798 5699 3034 5752 Joannem
3053 5701 3243 5754 Masson
3260 5701 3326 5753 de
3346 5713 3548 5753 nummo

1975 5763 2149 5823 Abgari
2170 5764 2323 5824 regis,
2358 5762 2488 5814 edita
2510 5762 2712 5815 Oxonize
2738 5762 2875 5826 I736,
2901 5777 3013 5827 pag.
3034 5765 3114 5817 2t.
