4140 6336
254 294 347 359 485

1442 281 1918 345 EPISTOLARUM
1954 280 2083 353 us.
2123 260 2187 345 ιιζ

3337 277 3445 337 486

242 413 535 471 incrementa
556 412 879 471 servantem,
913 401 1168 474 probabat
1187 408 1550 471 competenter
1569 401 1773 473 ingres-
1796 405 1853 468 Α
1874 399 1970 459 tati
1992 412 2149 469 quem
2174 395 2493 453 verecundia
2518 410 2622 449 non
2665 393 2904 464 adhibet,
2949 392 3131 479 charta
3160 394 3440 469 posuisset.

246 518 347 562 sum
385 510 409 537 ι
450 498 628 568 quinta
686 493 1004 569 digrediens.
1072 491 1469 553 Prandehamus
1512 491 1772 563 breviter,

241 594 445 663 copiose,
477 590 801 645 senatorium
829 590 896 642 ad
923 602 1149 653 morem,
1179 602 1283 657 quo
1313 586 1529 640 insitum
1560 586 1778 643 institu-

244 697 454 751 tumque,
488 681 680 736 multas
717 682 900 750 epulas
932 680 1112 751 paucis
1142 678 1513 749 parapsidibus
1541 678 1776 747 apponi:

241 779 451 852 quamvis
477 775 778 831 convivium
811 790 903 846 per
926 774 1102 829 edulia
1131 788 1271 828 nunc
1293 787 1432 838 assa,
1460 787 1600 827 nunc
1628 773 1780 843 juru-

242 874 361 928 lenta
389 873 637 923 varietur.
688 870 826 922 Inter
858 867 1144 923 bibendum
1188 866 1621 931 narratiunculae,
1644 878 1778 933 qua-

239 979 340 1019 rum
377 962 585 1028 cognitu
649 959 999 1013 hilararemur
1054 959 1595 1025 institueremurque,
1659 955 1779 1025 quia

237 1073 317 1114 eas
335 1055 567 1110 bifariam
594 1053 819 1121 orditas,
850 1052 1027 1108 laetitia
1052 1051 1344 1122 peritiaque
1367 1050 1778 1106 comitabantur.

233 1149 351 1218 Quid
381 1146 580 1201 multa?
612 1146 825 1213 Sancte,
858 1144 1100 1214 pulchre,
1130 1142 1461 1197 abundanter
1486 1140 1777 1209 accipieba-

235 1255 357 1295 mur.
385 1237 510 1291 lnde
537 1246 838 1306 surgentes,
864 1233 891 1273 δ
920 1235 964 1290 si
989 1234 1252 1303 Voroangi
1278 1246 1515 1299 eramus,
1545 1232 1670 1304 (hoc
1691 1230 1784 1289 uni

231 1330 410 1401 praedio
430 1326 649 1400 nomen)
673 1328 739 1382 ad
766 1327 1004 1382 sarcinas
1031 1335 1085 1382 et
1113 1325 1179 1380 ad
1208 1325 1560 1381 diversorium
1592 1323 1782 1393 pedem

231 1421 571 1478 referebamus
598 1420 678 1474 :si
709 1419 947 1474 Prusiani
980 1418 1077 1489 (sic
1109 1416 1302 1472 fundus
1330 1417 1462 1471 alter
1508 1429 1780 1485 nuncupa-

227 1515 383 1586 batur)
413 1512 735 1569 Tonantium
767 1527 887 1566 cum
920 1510 1194 1574 fratribus,
1241 1509 1562 1563 lectissimos
1589 1521 1782 1577 aequae-

227 1619 394 1662 vorum
422 1604 680 1660 nobilium
710 1602 1002 1673 principes,
1040 1601 1222 1657 stratis
1262 1601 1372 1657 suis
1412 1598 1777 1669 ejiciebamus,

222 1698 332 1770 quia
361 1713 456 1754 nec
490 1698 646 1752 facile
678 1697 782 1769 50
809 1694 1000 1750 crebro
1048 1694 1303 1749 cubilium
1344 1701 1645 1749 nostrorum
1696 1692 1780 1747 in-

1880 495 2112 563 Quarum
2139 505 2352 563 quoque
2377 489 2654 559 replicatio
2676 488 2778 561 51
2803 488 2955 545 fieret
2976 501 3185 551 amoena
3204 497 3444 558 narratu,

1879 585 1983 642 nisi
2022 584 2261 657 epistolae
2284 592 2489 655 tergum
2520 581 2747 638 madidis
2790 581 3062 639 sordidare
3083 583 3298 639 calamis
3327 599 3447 641 eru-

1880 677 2237 732 besceremus.
2266 674 2370 730 Sed
2402 673 2489 749 qui
2516 682 2569 731 et
2608 672 2708 745 ipsi
2753 676 2803 730 in
2832 676 3107 745 procinctu
3135 689 3336 749 sumus,
3374 688 3448 733 te-

1881 786 1983 842 que
2012 770 2110 825 sub
2136 785 2237 840 ope
2278 768 2472 824 Christi
2502 777 2739 823 actutum
2781 768 2936 824 nobis
2984 768 3213 825 invisere
3255 770 3447 840 placet,

1882 862 2188 932 expeditius
2210 863 2302 918 tibi
2333 878 2499 917 coenae
2528 867 2822 919 amicorum
2851 864 2903 918 in
2934 878 3053 921 mea
3079 879 3233 921 ccena
3259 873 3450 935 tuaque

1881 955 2442 1010 commemorabuntur
2468 970 2481 1006 :
2510 953 2669 1008 modo
2701 969 2796 1007 nos
2828 955 3220 1024 quamprimum
3250 955 3449 1010 bebdo-
3519 972 3526 983 ·

1884 1048 2054 1102 madis
2080 1056 2283 1103 exaetze
2309 1047 2479 1118 spatia
2507 1048 2769 1118 completa
2796 1048 2985 1105 votivae
3022 1048 3302 1107 restituant
3331 1063 3450 1104 esu-

1884 1140 2062 1195 ritioni
2107 1159 2117 1193 :
2164 1141 2284 1211 quia
2339 1138 2634 1210 disruptum
2689 1155 2858 1213 ganea
2918 1141 3250 1199 Stomachum
3308 1142 3453 1203 nulla

1882 1231 2084 1287 sarcire
2108 1246 2195 1286 res
2222 1230 2410 1291 melius
2438 1247 2595 1305 quam
2628 1232 2957 1301 parcimonia
2985 1232 3143 1289 solet.
3172 1232 3315 1288 Vale.

2452 1385 2781 1443 EPISTOLA
2820 1386 2889 1445 X.

2184 1543 2430 1601 Sidonius
2459 1542 2487 1583 ἀ
2512 1544 2765 1617 Hesperio
2788 1563 2879 1603 suo
2908 1548 3141 1603 salutem.

1953 1696 2087 1751 Amo
2128 1694 2178 1750 iu
2209 1703 2260 1752 te
2300 1697 2445 1767 quod
2487 1697 2692 1755 litteras
2740 1715 2927 1768 amas,
2975 1709 3031 1757 et
3075 1717 3450 1773 usquequaque

223 1783 500 1846 strumenta
528 1787 1056 1842 circumferebantur.
1103 1784 1343 1839 Excusso
1370 1794 1392 1821 ο
1430 1793 1642 1853 torpore
1673 1798 1786 1839 me-
1815 1775 1861 1838 Β
1888 1787 2168 1858 prmconiis
2207 1789 2644 1843 cumulatissimis
2690 1792 2938 1846 excolere
2982 1794 3247 1849 contendo
3296 1804 3453 1855 taan

221 1880 430 1947 ridiano,
462 1881 741 1952 paulisper
768 1880 1157 1950 equitabamus,
1205 1894 1311 1949 quo
1338 1878 1541 1934 facilius
1569 1886 1787 1947 pectora

221 1972 441 2029 marcida
470 1956 611 2028 cibis
639 1973 942 2043 coenamrite
974 1971 1099 2026 fami
1129 1985 1533 2027 exacueremus.
1568 1969 1787 2025 Balneas

219 2063 432 2121 habebat
456 2075 692 2135 uterque
715 2067 911 2132 hospes
942 2065 992 2117 in
1020 2078 1203 2132 opere,
1239 2064 1290 2117 in
1319 2078 1419 2117 usu
1447 2072 1635 2117 neuter
1658 2078 1670 2115 :
1693 2060 1787 2117 sed

218 2168 327 2211 cum
378 2157 458 2212 vel
524 2156 870 2227 pauxillulum
931 2155 1113 2209 bibere
1169 2153 1419 2208 desiisset
1463 2154 1791 2219 asseclamm

216 2261 446 2303 meorum
506 2247 936 2318 farinulorumque
984 2245 1135 2300 turba
1183 2246 1514 2315 compotrix,
1560 2260 1786 2315 quorum

215 2335 441 2393 cerebris
501 2335 794 2406 hospitales
836 2349 1060 2391 craterae
1110 2335 1329 2391 nimium
1390 2336 1654 2391 immersa:
1693 2334 1787 2390 do-

216 2427 576 2494 minabantur,
625 2428 795 2483 vicina
848 2427 974 2483 fonti
1020 2434 1112 2481 aut
1158 2426 1318 2481 ﬂuvio
1362 2427 1555 2496 raptim
1602 2425 1786 2481 scrobs

213 2516 534 2586 fodiebatur,
567 2519 618 2573 in
642 2534 798 2589 quam
825 2518 959 2574 forte
989 2533 1112 2573 cum
1143 2517 1387 2573 cumulus
1415 2516 1650 2586 lapidum
1674 2530 1790 2571 am-

213 2608 392 2666 bustus
432 2610 833 2676 demitteretur,
886 2620 1040 2663 antro
1088 2610 1139 2662 in
1181 2607 1529 2679 hemiSpberii
1564 2608 1785 2664 formam

209 2703 400 2773 corylis
432 2699 707 2775 ﬂexilibus
736 2701 969 2766 intexto,
1020 2699 1161 2755 fossa
1206 2700 1548 2757 inardescens
1578 2700 1786 2772 operie-

209 2792 359 2849 batur
385 2814 398 2850 :
433 2795 517 2852 sic
543 2803 721 2849 tamen
744 2805 801 2849 ut
831 2793 1146 2864 superjectis
1172 2792 1394 2848 Cilicum
1422 2794 1574 2861 velis,
1605 2804 1790 2867 paten-

208 2886 275 2940 tia
302 2887 594 2942 intervalla
619 2887 908 2956 virgarum,
940 2884 1139 2940 lumine
1154 2886 1393 2951 excluso,
1418 2887 1787 2953 tenebrantur,

206 2990 460 3047 vaporem
517 2980 792 3048 repulsura
842 2978 1154 3043 salientem,
1209 2978 1296 3050 qui
1341 2977 1497 3033 unda:
1536 2979 1789 3033 ferventis

202 3074 493 3142 aspergine
547 3072 831 3127 ﬂammatis
876 3070 1117 3126 silicibus
1160 3072 1461 3133 excuditur.
1508 3073 1603 3127 llic
1634 3073 1789 3128 nobis

204 3162 567 3218 trahebantur
621 3162 802 3227 horae,
857 3178 962 3217 non
1008 3162 1209 3232 absque
1257 3162 1593 3223 sermonibus
1634 3162 1790 3219 salsis

198 3251 674 3323 iocularibusque;
730 3268 864 3323 quos
893 3253 1033 3307 inter
1069 3253 1235 3308 halitu
1278 3254 1485 3310 nebula:
1514 3254 1791 3311 stridentis

195 3344 463 3413 oppletis,
515 3343 875 3414 involutisque
918 3342 1299 3400 saluberrimus
1340 3345 1506 3401 sudor
1544 3345 1791 3401 elicieba-

195 3441 309 3501 tur;
344 3450 466 3507 qno
497 3442 656 3504 prout
676 3434 919 3491 libuisset
948 3434 1140 3502 effuso,
1171 3437 1449 3493 coctilibus
1470 3438 1623 3509 aquis
1644 3438 1789 3509 inge-

189 3525 485 3593 rebamur,
508 3525 802 3595 harumquc
825 3524 939 3579 fotu
955 3526 1270 3582 cruditatem
1294 3538 1531 3583 nostram
1552 3540 1792 3598 tergente

184 3617 456 3681 resoluti,
512 3626 602 3671 aut
647 3615 869 3670 fontano
907 3615 1161 3685 deinceps
1196 3616 1416 3685 frigore,
1465 3620 1788 3688 putealique,

185 3718 274 3762 aut
329 3704 555 3760 ﬂuviali
603 3706 755 3775 copia
802 3704 1183 3761 solidabamur.
1230 3706 1502 3777 Siquidem
1548 3708 1792 3765 domibus

184 3799 413 3856 medius
448 3797 494 3850 it
528 3796 738 3853 Vnardo
768 3796 982 3863 ﬂuvius,
1003 3795 1107 3852 nisi
1135 3813 1255 3855 cum
1276 3798 1449 3855 deﬂua
1472 3802 1594 3857 nive
1616 3811 1795 3871 pastos

186 3890 478 3961 impalluit
511 3888 663 3945 ﬂavis
694 3889 856 3945 ruber
882 3888 1102 3956 glareis,
1149 3899 1204 3946 et
1233 3906 1327 3961 per
1351 3893 1559 3948 alveum
1588 3892 1792 3964 perspi.

189 3994 346 4047 cuus,
392 3980 643 4052 quietus,
696 3979 1126 4047 calculosusque,
1179 3996 1352 4051 neque
1395 3983 1462 4037 ob
1488 3982 1589 4039 hoc
1619 3984 1793 4039 minus

189 4073 432 4143 piscium
498 4070 648 4125 ferax
702 4070 1072 4125 delicatorum.
1128 4070 1368 4127 Dicerem
1412 4082 1466 4128 et
1509 4089 1712 4143 coenas,
1746 4084 1798 4131 et

193 4164 420 4234 quidem
460 4160 829 4227 unctissimas,
863 4160 962 4215 nisi
1009 4163 1295 4218 terminum
1332 4174 1531 4222 nostrae
1560 4165 1797 4237 loquaci-

196 4345 445 4395 μισαντες
472 4328 540 4395 τῇ
574 4328 673 4375 τῶν
702 4317 886 4391 ὐδρὶων
925 4323 1274 4393 ὡροσκοπείων
1296 4322 1415 4387 ἔξει,
1438 4324 1571 4386 ἥτις
1599 4326 1720 4395 ἡμῖν
1749 4324 1798 4378 ἐν

196 4397 414 4444 τέταοσι
449 4392 671 4444 ϐιϐλίοις
694 4394 1231 4444 προσαναγέγραπται.

194 4394 414 4470 (Erupere
445 4394 671 4465 βιϐλίοις
694 4394 1231 4466 προσαναγέγραπται.
1634 4394 1637 4395 ⁷

202 4517 215 4535 ,
264 4474 291 4509 ι
326 4467 466 4545 ﬂag
486 4470 578 4543 est
597 4460 873 4545 undecima
904 4472 1105 4545 nostra.
1134 4462 1393 4545 Horarum
1420 4461 1554 4545 apud
1582 4470 1794 4545 veteres

195 4530 477 4590 usus'erat
513 4530 853 4604 inaequalium
886 4552 899 4587 :
926 4547 1046 4604 quae
1074 4532 1331 4585 duodena:
1353 4533 1405 4584 in
1427 4530 1542 4586 dies
1562 4533 1796 4601 singulos

194 4606 260 4659 ab
304 4612 520 4660 exortu
563 4602 692 4655 solis
718 4602 782 4655 ad
830 4602 1075 4658 occasum
1110 4604 1543 4666 numerabantur,
1577 4604 1797 4657 totidem

196 4673 251 4727 in
276 4675 537 4741 singulas
572 4682 776 4727 noctes.
809 4674 925 4739 Quo
953 4674 1112 4727 ﬁebat
1140 4682 1197 4725 ut
1247 4686 1346 4741 pro
1392 4673 1595 4726 dierum
1640 4672 1800 4725 modo

196 4745 279 4799 Vel
307 4748 567 4799 noctium
598 4742 886 4811 inmqualcs
913 4750 1113 4807 essent,
1142 4756 1282 4796 nunc
1326 4743 1619 4805 breviores,
1661 4756 1802 4795 nunc

198 4815 510 4883 longiores.
556 4812 711 4876 Quod
750 4825 997 4881 spectans
1041 4815 1368 4879 Augustinus
1397 4816 1465 4865 de
1494 4811 1626 4866 Vera
1658 4811 1804 4883 Reli—

198 4881 381 4953 gione.
425 4884 607 4948 liora,
657 4884 849 4951 inquit,
880 4882 1123 4953 brumalis
1158 4883 1343 4935 wstivte
1390 4881 1805 4953 comparatagmi-

199 4951 295 5010 iter
314 4967 417 5010 est.
435 4956 483 5009 Ω
502 4965 711 5008 merum
738 4955 860 5023 quia
888 4962 1033 5008 sexta
1058 4952 1270 5023 illorum
1297 4952 1427 5023 hora
1452 4953 1501 5023 in
1525 4951 1805 5023 meridiem

201 5026 637 5088 terminabatur,
660 5036 727 5077 eo
749 5020 907 5078 fiebat
955 5032 1012 5077 ut
1050 5022 1233 5091 quinta
1281 5022 1581 5075 undecima:
1629 5020 1805 5075 afﬂuis

203 5108 424 5165 semper
456 5102 632 5149 esset.
682 5094 1012 5165 Hancigitur
1059 5092 1301 5165 eamdem
1347 5092 1568 5165 denotat
1597 5092 1808 5165 Persius

202 5176 303 5223 sat.
320 5161 398 5234 ’5,
435 5165 631 5233 quinta
659 5164 781 5217 dum
830 5161 965 5218 linea
1007 5163 1229 5232 tangitur
1257 5161 1437 5215 umbra
1468 5177 1487 5215 :
1526 5162 1578 5217 in
1610 5162 1807 5217 solario

204 5235 309 5307 32
354 5237 582 5290 scilicet
648 5234 1340 5307 heliotropiogsciuterico,
1392 5235 1444 5307 in
1502 5248 1607 5301 quo
1663 5234 1809 5307 ejus-

205 5301 348 5359 6.3m
386 5306 556 5361 horas
588 5301 926 5359 notabantur.
962 5304 1155 5371 Quinta
1186 5312 1360 5357 autem
1409 5305 1538 5357 hora
1578 5301 1806 5373 prandii.

205 5374 484 5433 Martialis
523 5375 621 5430 lib.
654 5388 747 5429 uti
776 5391 789 5427 :

335 5448 511 5497 Horas
532 5447 749 5506 quinque
774 5459 897 5506 puer
921 5445 1132 5506 nondum
1154 5443 1243 5491 tibi
1264 5444 1466 5506 nuntiat,
1486 5451 1538 5493 et
1562 5452 1609 5494 tu

398 5507 426 5557 J
435 5521 526 5556 am
554 5504 755 5558 conviva
776 5504 928 5566 inihi,
954 5504 1230 5565 Caeciliane,
1253 5506 1412 5555 venis.

208 5591 502 5648 Ausonius
540 5590 592 5644 in
624 5590 983 5659 premeride
1013 5605 1028 5640 :

288 5690 289 5697 ‘
335 5682 519 5744 Sosia,

328 5805 339 5818 .
405 5740 512 5795 Sd
531 5740 665 5793 calet
682 5777 698 5804 ,
722 5741 783 5793 ad
802 5744 1016 5807 quintam
1037 5740 1253 5793 ﬂectitur
1274 5740 1443 5791 umbra
1463 5746 1643 5790 notam

552 5681 879 5743 prandendum
904 5688 977 5730 est
1002 5693 1013 5728 :
1038 5687 1255 5743 quartam
1275 5691 1371 5743 1am
1396 5681 1525 5726 totus
1560 5678 1609 5726 in
1649 5676 1817 5726 horam

1889 1879 2177 1949 diligentiae
2204 1880 2616 1950 generositatem
2660 1897 2755 1952 per
2779 1898 2935 1951 quam
2969 1885 3120 1943 nobis
3148 1901 3252 1943 non
3283 1887 3452 1941 solum

1888 1970 2036 2024 initia
2068 1981 2177 2037 tua,
2226 1987 2409 2026 verum
2460 1974 2617 2027 etiam
2658 1973 2829 2028 studia
2880 1986 3059 2030 n03tra
3089 1977 3452 2033 commendas.

1889 2062 2019 2118 Nam
2063 2079 2182 2118 cum
2222 2065 2465 2129 videmus
2492 2066 2544 2120 in
2574 2065 2875 2135 hujusmodi
2907 2066 3242 2137 disciplinam
3274 2066 3454 2136 junio-

1887 2170 2004 2211 rum
2037 2155 2244 2225 ingenia
2276 2171 2634 2223 succrescere,
2680 2167 2894 2229 propter
2924 2173 3080 2228 quam
3122 2173 3219 2213 nos
3247 2173 3455 2230 quoque

1887 2245 2233 2302 subduximus
2263 2245 2443 2301 ferulae
2469 2262 2705 2309 manum,
2750 2248 3179 2317 copiosissimum
3229 2248 3453 2304 fructum

1890 2341 2058 2396 nostri
2090 2340 2287 2395 laboris
2332 2339 2694 2409 adipiscimur.
2740 2340 2873 2395 illud
2902 2355 3129 2410 appone,
3173 2340 3313 2410 quod
3342 2351 3452 2394 tau-

1890 2441 1999 2488 tum
2041 2431 2307 2487 increbuit
2354 2432 2639 2493 multitudo
2669 2430 3081 2498 desidiosorum,
3130 2441 3186 2487 ut
3234 2431 3333 2486 nisi
3375 2431 3457 2485 vel

1888 2526 2194 2595 paucissimi
2217 2526 2415 2594 quique
2441 2539 2641 2579 meram
2676 2524 2901 2579 Latiaris
2936 2525 3124 2593 lingute
3165 2523 3457 2593 proprieta-

1893 2627 1995 2674 tem
2023 2619 2088 2673 de
2117 2619 2407 2672 trivialium
2451 2617 2905 2673 barbarismorum
2948 2614 3192 2685 rubigine
3225 2615 3458 2673 vindica-

1890 2712 2096 2778 veritis,
2127 2725 2243 2766 eam
2266 2710 2412 2765 brevi
2441 2711 2692 2764 abolitam
2726 2710 3018 2764 deﬂeamus
3048 2709 3455 2778 interitamquc:

1891 2804 1971 2857 sic
1992 2816 2176 2856 omnes
2200 2802 2458 2855 nobilium
2484 2816 2790 2856 sermonum
2816 2815 3061 2869 purpurae
3084 2814 3177 2868 per
3203 2798 3459 2853 incuriam

1891 2893 2033 2962 vulgi
2063 2892 2530 2946 decolorabuntur.
2582 2891 2686 2946 Sed
2727 2891 2913 2945 isthasc
2958 2891 3110 2944 alias.
3152 2890 3354 2943 Interea
3406 2898 3459 2942 tu

1891 2985 2031 3055 quod
2073 2984 2207 3053 petis
2253 2982 2451 3051 accipe.
2495 2982 2639 3037 Petis
2690 2992 2868 3037 autem
2911 2991 2965 3041 ut
3004 2982 3046 3035 si
3076 2981 3164 3049 qui
3211 2976 3459 3035 versiculi

1892 3074 2022 3131 mihi
2064 3072 2347 3135 ﬂuxerunt,
2381 3072 2484 3143 52
2509 3080 2786 3141 postquam
2815 3070 2883 3124 ab
2920 3069 3176 3125 alterutro
3204 3066 3462 3122 discessi-

1814 3145 1861 3207 C
1893 3180 2030 3235 mus,
2061 3165 2156 3218 hos
2198 3164 2287 3219 tibi
2330 3178 2426 3241 pro
2448 3161 2674 3235 quadam
2707 3177 2975 3217 morarum
2998 3161 3241 3223 mercede
3270 3173 3463 3229 pernu-

1896 3270 2119 3311 merem.
2166 3255 2318 3309 Dicto
2350 3269 2532 3323 pareo,
2581 3252 2709 3307 Nam
2758 3254 3012 3323 praeditus
3042 3267 3119 3313 es,
3167 3263 3464 3319 quanquam

1889 3348 2120 3420 juvenis,
2174 3348 2273 3404 hac
2318 3346 2483 3402 animi
2531 3347 2854 3413 maturitate,
2903 3355 2961 3401 ut
3008 3344 3099 3400 tibi
3141 3343 3299 3399 etiam
3341 3350 3465 3396 natu

1895 3441 2099 3509 priores
2150 3455 2338 3510 gerere
2391 3454 2595 3499 morem
2641 3437 3105 3507 concupiscamus.
3158 3445 3180 3472 °
3232 3432 3467 3490 Ecclesia

1895 3550 2067 3603 nuper
2095 3541 2367 3588 exstructa
2409 3531 2654 3600 Lugduni
2683 3540 2785 3594 est,
2816 3543 2936 3598 qua:
2974 3527 3152 3583 studio
3179 3540 3329 3594 papae
3366 3524 3469 3578 Pa-

1899 3624 2077 3681 tientis
2108 3638 2372 3677 summum
2405 3623 2564 3693 coepti
2616 3622 2791 3692 operis
2836 3618 3083 3686 accessit,
3132 3619 3229 3672 viri
3278 3617 3470 3682 sancti,

1900 3713 2124 3783 strenui,
2175 3712 2370 3779 severi,
2422 3710 2819 3779 misericordis,
2872 3708 3067 3781 quique
3110 3723 3206 3777 per
3255 3706 3473 3763 uberem

1901 3805 2322 3860 munificentiam
2347 3804 2398 3857 in
2424 3816 2684 3872 pauperes
2707 3801 3219 3869 humanitatemque,
3248 3814 3351 3853 non
3374 3800 3474 3852 mi-

1903 3912 2033 3953 nora
2062 3897 2216 3952 bonae
2261 3895 2601 3951 conscientiae
2644 3894 2873 3948 culmina
2919 3893 3077 3947 levet.
3126 3888 3287 3962 Hujus
3318 3890 3476 3961 igitur

1902 3988 2031 4043 tedis
2061 3985 2297 4051 extimis,
2324 3993 2509 4056 rogatu
2538 3982 2744 4054 praefati
2771 3980 3044 4048 antistitis,
3075 3982 3475 4037 tumultuarium

1899 4093 2117 4135 carmen
2170 4076 2414 4147 inscripsi
2450 4074 2700 4133 trochaeis
2748 4074 3075 4144 triplicibus,
3134 4073 3309 4129 adhuc
3350 4073 3478 4129 mihi

1898 4169 2119 4241 jamque
2149 4168 2242 4223 tibi
2268 4164 2737 4237 perfamiliaribus.
2780 4165 3020 4235 Namque
3062 4165 3129 4220 ab
3159 4163 3479 4219 hexametris

1970 4322 1999 4363 δ
2032 4322 2295 4378 Praedium
2327 4321 2379 4376 id
2410 4321 2752 4390 Apollinaris.
2788 4320 2841 4374 ln
2875 4319 3255 4390 Propempticor
3293 4333 3310 4372 :
3346 4316 3473 4390 Las-

1900 4410 2010 4447 sum
2038 4404 2085 4447 te
2112 4392 2411 4462 Voroangus
2440 4386 2698 4446 obtinebit.
2723 4386 3072 4462 Nostrruntjhic
3094 4386 3477 4462 i'nttcnjesApol-

1820 4431 1872 4489 θ
1903 4464 2135 4517 linarem.
2181 4431 2468 4517 Prusivauus
2504 4473 2621 4517 erat
2662 4461 2909 4516 Tonantii
2942 4460 3197 4514 Ferreoli.
3234 4431 3471 4527 Utraque

1900 4535 2024 4588 villa
2058 4534 2123 4587 ad
2156 4533 2480 4587 Wardonem
2521 4533 2763 4596 ﬂuvium,
2814 4531 2903 4600 qui
2942 4545 3038 4599 per
3069 4529 3256 4583 Volcas
3284 4529 3480 4580 Areco-

1900 4606 2069 4667 micos
2096 4604 2361 4658 evolvitur
2378 4607 2432 4657 in
2456 4602 2794 4662 Rhodanum,
2816 4608 3025 4653 vetusto
3056 4608 3214 4666 ponte
3235 4611 3287 4651 et
3307 4608 3483 4667 aqum-

1904 4674 2067 4729 ductu
2122 4680 2403 4726 structurae
2459 4672 2709 4725 Romanae
2761 4669 2955 4723 nobilis
2988 4685 2999 4718 :
3035 4681 3260 4736 quorum
3312 4666 3484 4718 adhuc

1903 4745 2103 4812 reliqua
2136 4751 2259 4797 sunt
2290 4741 2531 4809 vestigia.

1981 4804 2207 4880 {Supra
2257 4812 2351 4864 lib.
2382 4804 2622 4875 t,'epist.
2662 4808 2697 4861 2
2739 4808 2805 4861 de
2832 4805 3164 4880 Theoderico
3208 4822 3221 4857 :
3255 4804 3485 4880 Dapibus

1907 4872 2339 4950 expleto-somnus
2370 4872 2683 4950 meridianus
2716 4893 2909 4950 semper
2937 4877 3168 4950 exiguus,
3205 4872 3484 4950 stupenti!—

1909 4944 2011 5007 ius.
2061 4951 2481 5006 Meridiationem
2514 4948 2780 5018 appellant
2815 4944 2833 5000 ξ
2863 4948 2930 5002 de
2955 4944 3056 5018 qua
3107 4944 3482 5018 intelligendus

1910 5032 1992 5077 est
2020 5022 2214 5077 Iuliani
2235 5019 2478 5095 lucus_ad
2506 5013 2804 5073 Libanium.
2833 5013 3063 5095 ’ῥνέγῦων
3082 5018 3219 5095 *χθὲς
3239 5018 3323 5095 rev
3342 5013 3486 5095 Myos

1910 5096 2011 5178 ττρρ
2036 5095 2249 5178 ipim-arcu
2275 5090 2488 5178 σχεδόν.
2511 5095 2815 5178 ’Δρίστήσας
2838 5088 2908 5172 δέ,
2930 5087 3048 5170 τὶρξν
3071 5087 3484 5178 diiunctum-tuear,

1911 5158 1967 5219 τὸ
1991 5158 2163 5219 λοάτὸν
2190 5158 2506 5218 ἀποδέδωκα.
2560 5158 2831 5225 Hesterno,
2874 5158 3067 5229 inquit,
3097 5158 3181 5209 die
3208 5158 3490 5229 orationem

1913 5234 2013 5303 legi
2054 5243 2170 5287 ante
2206 5234 2475 5304 prandium
2520 5247 2685 5304 prope
2722 5224 3171 5304 irttegrqntapoat
3219 5224 3488 5298 prandium

1914 5300 2053 5371 vero,
2085 5300 2215 5356 ante
2230 5319 2460 5357 somnum
2489 5303 2623 5371 quod
2654 5302 2828 5354 deerat
2850 5300 3069 5371 absolui.

1986 5372 2014 5412 ά
2042 5367 2096 5428 is
2124 5375 2333 5427 videtur
2363 5367 2521 5443 quem
2553 5373 2645 5426 lib.
2676 5387 2750 5437 tv,
2776 5370 2931 5443 epist.
2964 5368 3259 5443 22,__virum
3288 5367 3492 5436 magni-

1920 5446 2073 5499 ﬂrum
2105 5445 2355 5513 appellnt,
2381 5439 2672 5513 'gemmam
2718 5439 3012 5513 amicorum
3064 5439 3489 5513 litterarumque.

1921 5515 2053 5570 lluic
2082 5507 2209 5581 ergo
2238 5507 2719 5585 llen'decasyllahos
2756 5512 2937 5579 mittit,
2990 5523 3123 5581 quos
3162 5509 3226 5564 de
3268 5507 3490 5564 basilica

1922 5585 2162 5655 Lugduni
2194 5583 2822 5655 exstructacmididerat.

1997 5648 2031 5693 ἶ
2060 5662 2312 5720 υιιίιιιιίιιιι
2342 5658 2427 5708 illa
2456 5654 2615 5708 fuerit
2643 5662 2898 5708 incertum
2920 5660 3021 5708 est.
3043 5649 3172 5706 Nam
3196 5665 3299 5719 quo
3318 5648 3497 5705 minus

1926 5726 1988 5783 S.
2018 5724 2206 5783 lrenmi
2228 5727 2440 5783 basilica
2470 5724 2737 5787 videatur,
2766 5722 2889 5780 facit
2918 5723 3057 5785 quod
3090 5722 3161 5778 ab
3188 5720 3343 5778 Arari
3370 5732 3503 5790 νισι

2758 5868 2765 5875 ς
2818 5862 2895 5881 αν..
