4140 6336
598 337 701 400 487

596 556 824 610 cinantia
854 552 1008 608 altari
1045 551 1280 608 basilicae
1316 551 1483 607 latera
1523 551 1825 608 clarescunt
1868 571 1880 607 :
1928 568 2065 624 quos
2107 555 2163 610 in

596 649 734 704 hanc
777 649 1021 718 paginam
1068 646 1275 701 admitti
1315 656 1497 702 nostra
1545 661 1707 717 quam
1748 647 1981 703 maxime
2005 661 2164 704 vere-

595 740 787 797 cundia
816 746 982 806 vetat,
1000 753 1159 808 quam
1182 752 1305 794 suas
1331 737 1631 794 otiositates
1655 738 1986 807 trepidanter
2002 739 2167 794 eden-

593 838 704 888 tem
750 830 1033 886 meliorum
1073 822 1366 886 carminum
1413 830 1741 899 comparatio
1781 831 1993 899 premit.
2032 828 2164 883 Nam

593 920 746 977 sicuti
785 934 977 977 novam
1023 929 1241 990 nuptam
1290 920 1420 975 nihil
1470 920 1645 974 minus
1689 934 1846 989 quam
1894 918 2166 989 pulchrior

594 1014 835 1086 pronuba
865 1013 1018 1069 decet
1057 1032 1072 1068 :
1110 1025 1164 1069 et
1193 1014 1349 1069 sicuti
1394 1013 1440 1069 si
1487 1013 1745 1068 vestiatur
1780 1013 1903 1067 albo
1943 1013 2166 1083 quisque

594 1106 796 1173 fuscus,
846 1106 905 1161 fit
945 1107 1184 1177 nigrior:
1213 1108 1289 1162 sic
1314 1116 1517 1173 nostra,
1558 1105 2022 1176 quantulacunque
2061 1114 2161 1174 est,

594 1201 735 1256 tubis
779 1199 1096 1255 circumfusa
1145 1199 1440 1269 potioribus
1492 1199 1685 1268 stipula
1732 1200 1973 1254 vilescit:
2006 1212 2163 1269 quam

594 1294 828 1351 mediam
856 1293 996 1361 loco,
1029 1292 1265 1347 infimam
1306 1290 1519 1358 merito,
1552 1290 2014 1360 despicabiliorem
2044 1305 2169 1360 pro-

595 1384 853 1440 nuntiari.
885 1400 990 1440 non
1017 1384 1281 1453 imperitia
1327 1382 1508 1450 modo,
1555 1382 1649 1437 sed
1680 1392 1735 1437 et
1762 1382 2061 1451 arrogantia
2092 1381 2163 1435 fa-

594 1476 687 1532 cit.
720 1476 1052 1546 Quapropter
1080 1474 1290 1529 illorum
1319 1472 1513 1542 iustius
1538 1472 1916 1542 epigrammata
1945 1472 2165 1538 micant,

596 1584 753 1641 quam
782 1570 885 1624 ista
928 1567 1064 1635 haec,
1094 1583 1214 1640 quae
1255 1568 1566 1638 imaginarie
1605 1575 1810 1621 tantum
1854 1574 1909 1621 et
1936 1566 2166 1637 quodam

595 1659 756 1716 modo
805 1657 1160 1715 umbratiliter
1207 1657 1533 1728 efﬁngimus.
1584 1655 1691 1712 Sed
1736 1669 1989 1727 quorsum
2036 1656 2169 1711 ista?

595 1750 723 1822 quin
770 1748 945 1819 potius
980 1747 1326 1818 paupertinus
1366 1746 1615 1814 flagitatus
1640 1746 1921 1801 cantilena:
1963 1745 2169 1801 culmus

599 1839 992 1899 immurmuret.

824 1997 969 2045 audss
985 1991 1223 2043 Patientis
1244 1993 1324 2041 hic
1348 1991 1587 2054 laborem,

718 2057 829 2106 Voti
841 2061 1062 2117 compote
1086 2054 1436 2117 supplicatione

718 2114 1007 2178 Concessum
1032 2114 1293 2178 experiere
1318 2115 1445 2178 quod
1479 2114 1689 2178 rogabis.

718 2178 866 2229 Edes
892 2177 1025 2229 celsa
1045 2177 1187 2234 nitet,
1224 2188 1317 2225 nec
1341 2180 1389 2224 in
1409 2177 1654 2225 sinistrum

716 2240 816 2288 Aut
832 2240 1058 2289 dextrum
1081 2239 1307 2297 trahitur,
1332 2236 1420 2284 sed
1442 2250 1552 2283 arce
1576 2234 1744 2285 frontis

718 2297 747 2362 ἓν
782 2302 952 2362 Ortum
977 2299 1205 2362 prospicit
1228 2296 1634 2362 aequinoctialem.

722 2361 856 2410 intus
878 2361 959 2411 lux
980 2360 1149 2419 micat,
1185 2366 1330 2420 atque
1356 2360 1653 2407 liracteatum

719 2421 802 2470 Sol
824 2422 895 2471 sic
916 2422 1199 2481 sollicitatur
1218 2421 1277 2467 ad
1297 2420 1508 2481 lacunar,

720 2482 876 2531 Fulvo
907 2489 958 2532 ut
983 2479 1204 2531 concolor
1227 2486 1361 2529 erret
1385 2482 1433 2528 in
1456 2479 1671 2530 metallo.

719 2542 1007 2594 Distinetum
1032 2545 1163 2593 vario
1186 2542 1342 2604 nitore
1380 2553 1607 2604 marmor,

720 2606 970 2656 Percurrit
992 2614 1249 2661 cameram,
1273 2601 1447 2663 solum,
1467 2600 1708 2653 feneStras
1730 2615 1744 2650 :

724 2668 794 2716 Ac
815 2668 905 2716 sub
928 2663 1300 2716 versicoloribus
1336 2664 1504 2724 figuris

721 2728 943 2778 Vernans
965 2724 1169 2776 herbida
1192 2730 1352 2774 crusta
1380 2725 1685 2785 sapphiratos

727 2739 943 2778 vernans
966 2739 1169 2796 nemina
1192 2739 1352 2795 crusta
1380 2739 1676 2832 sappniratos

722 2789 876 2839 Flecti
902 2802 989 2851 per
1015 2800 1257 2851 prasinum
1274 2794 1451 2851 vitrum
1491 2786 1676 2851 apillos.

722 2851 846 2900 Huic
866 2846 941 2899 eat
967 2846 1179 2912 porticus
1212 2847 1442 2909 applicata
1466 2846 1646 2912 triplex

728 2915 750 2943 ε
778 2910 1045 2961 ιθυιωθιὶιιε
1063 2910 1360 2971 Aquitanicis
1380 2910 1615 2970 superba:

720 2973 795 3035 Ad
819 2972 954 3033 cujus
971 2973 1218 3035 specimen
1232 2971 1504 3035 remotiora

723 3030 959 3083 Claudunt
976 3030 1095 3083 atria
1119 3033 1332 3093 porticus
1354 3030 1581 3081 secundae
1606 3043 1619 3078 :

722 3095 787 3158 Et
808 3108 1028 3158 campum
1050 3095 1261 3158 medium
1284 3094 1447 3158 procul
1470 3093 1652 3142 locatas

721 3156 886 3207 Vestis
906 3153 1057 3205 Saxea
1080 3156 1196 3203 silva
1220 3153 1309 3216 per
1331 3153 1595 3216 columnas.

720 3216 849 3268 lline
869 3230 1023 3280 agger
1039 3224 1196 3278 sonat,
1214 3214 1325 3263 hinc
1347 3214 1466 3263 Arar
1488 3214 1711 3265 resultat.

605 3341 690 3397 cul
715 3341 871 3407 absit,
900 3354 1193 3410 parumque
1214 3340 1261 3394 ei
1287 3338 1731 3410 conveniatsitus
1751 3338 1993 3410 ecclesiae
2015 3338 2171 3396 Sido-

607 3413 799 3467 nianae.
858 3408 1411 3481 Papirius'Massonns
1445 3409 1513 3481 de
1562 3408 1620 3481 S_.
1650 3409 1906 3481 Stephani
1948 3410 2174 3466 ecclesia

605 3496 725 3548 quae
764 3477 1172 3550 metro’politana
1220 3479 1375 3534 sedes
1422 3479 1550 3534 olim
1592 3477 1719 3548 fuit,
1747 3477 2171 3550 interpretatur.

604 3552 732 3620 Quae
761 3566 880 3606 cum
922 3549 1060 3606 inter
1088 3551 1297 3621 Ararim
1326 3564 1682 3621 aggeremque
1708 3549 1973 3621 publicum
2004 3550 2173 3619 posita

604 3619 697 3688 sit,
728 3621 933 3678 Sidonii
959 3619 1379 3689 descriptionem
1415 3619 1569 3675 facile
1599 3621 1839 3689 recipiet,
1882 3620 1926 3674 si
1953 3628 2175 3674 exstru-

602 3701 688 3761 cta
718 3699 926 3747 constet
962 3706 993 3745 a
1026 3691 1287 3757 Patiente,
1336 3704 1367 3745 a
1393 3705 1498 3761 quo
1543 3705 1671 3745 sane
1702 3690 1897 3761 multas
1927 3689 2173 3760 plurimis

603 3760 735 3890 :oleis
758 3762 1004 3818 fundatas
1029 3756 1426 3832 restitutasque'
1441 3761 1590 3817 testis
1618 3768 1701 3817 est
1722 3756 1946 3831 epistola
1987 3761 2172 3816 ultima

626 3850 639 3888 ι
684 3873 697 3887 .
733 3849 805 3888 vr.

626 3848 697 3888 ID.
733 3849 805 3888 Vl.
2194 3848 2195 3851 ‘

677 3913 703 3941 α
732 3901 1073 3959 Constantius
1101 3910 1259 3957 notus
1305 3910 1479 3957 estex
1508 3901 1732 3971 epistola
1763 3904 1790 3956 l
1825 3910 1879 3957 et
1906 3901 2023 3956 aliis
2051 3916 2173 3970 pas-

604 3973 736 4055 sim.
788 3972 1078 4055 Secundini
1136 3981 1195 4026 ut
1242 3982 1410 4041 poeta:
1453 3972 1696 4027 meminit
1740 3974 1931 4027 iterum
1978 3971 2075 4027 lib.
2118 3988 2169 4039 ν,

606 4044 1152 4167 epimis:hsristianorum
1183 4110 1326 4165 aedes
1350 4125 1517 4166 sacrae
1540 4112 1607 4166 ab
1633 4111 1853 4166 exordio
1897 4112 1951 4165 in
1978 4112 2169 4166 Orien-

607 4183 981 4255 tem_conv_erti
1011 4181 1202 4255 solitae.
1232 4178 1482 4255 Clemens
1512 4181 1602 4255 lib.
1635 4179 2167 4255 ii_Constitutionum,
2262 4252 2263 4255 η

605 4262 663 4323 :0
692 4247 824 4323 οἶκος
865 4251 1002 4323 ἔστω
1046 4252 1488 4323 ἐπιμῄκηςηκατὰ
1526 4253 1767 4323 avaram;
1806 4247 2165 4323 τετρᾳμμένοςζ

605 4318 855 4377 Paulinus
883 4320 1104 4389 epistola
1130 4318 1201 4375 η
1229 4322 1295 4373 ad
1316 4320 1594 4387 Severum,
1618 4318 1923 4389 Prospectui:
1944 4318 2169 4376 basilica:

606 4406 732 4457 non,
762 4402 817 4444 ut
843 4391 1075 4461 usitatior
1106 4406 1213 4445 mos
1250 4400 1341 4458 est,
1391 4389 1646 4445 Orientem
1681 4400 1895 4461 spectat.
1928 4392 2080 4457 Quod
2122 4394 2167 4448 si

607 4461 733 4531 quid
762 4458 1146 4531 interpellaret,
1194 4461 1361 4514 altare
1387 4461 1576 4531 saltem
1612 4476 1676 4515 eo
1707 4458 2003 4530 dirigebant
2026 4478 2037 4513 :
2063 4476 2168 4530 quo

607 4529 712 4585 situ
744 4531 925 4585 Roma:
967 4529 1191 4600 plur’ima
1233 4532 1498 4585 visuntur.
1540 4530 1664 4586 Ideo
1701 4529 1866 4586 notati
1901 4529 2165 4600 quondam

605 4606 673 4661 ὡς
700 4601 939 4671 ὶδιονὸμος
969 4600 1307 4667 Autiocheni,
1357 4603 1495 4669 quod
1539 4603 1605 4654 ab
1645 4602 1838 4655 usitato
1867 4604 1970 4656 ritu
1994 4601 2167 4658 disce-

605 4671 811 4745 derent.
852 4670 957 4742 33
996 4671 1241 4745 Socrates
1286 4671 1378 4745 lib.
1411 4686 1466 4737 v,
1505 4685 1625 4741 cap.
1660 4671 1723 4745 fit
1755 4680 1864 4726 :‘Ev
1888 4676 2171 4745 ’Δντιόχείᾳ

604 4740 659 4819 δέ
683 4752 773 4803 τῆς
793 4730 973 4819 Eppia}
988 4744 1026 4819 si
1050 4743 1280 4819 Ergino-ia
1303 4730 1637 4819 ᾁντίσίτρᾳᾷον
1657 4741 1788 4819 Exte
1806 4749 1894 4819 τὴν
1927 4730 2089 4819 Oswy?
2111 4730 2168 4798 οὗ

603 4816 699 4901 γὰρ
741 4812 869 4901 πρὸς
912 4812 1152 4873 ἀνάτολάς
1192 4815 1249 4867 τὸ
1295 4812 1836 4901 θυσίαισέτήριοηίᾶᾖλὰ
1864 4816 1992 4887 πρὸς
2024 4813 2170 4901 δύσεις

602 4884 719 4959 ὁρᾷ.
765 4884 1068 4959 .ludreorum
1112 4897 1241 4938 vero
1292 4884 1558 4959 templum
1595 4885 1662 4959 ad
1708 4884 1994 4959 obeuntem
2046 4886 2169 4959 εφη

605 4952 813 5024 plagam
843 4952 1157 5024 spectabat;
1187 4953 1327 5024 quod
1362 4952 1553 5024 divinae
1599 4954 1786 5008 lit'erae
1832 4956 2046 5021 docent,
2076 4955 2173 5009 ob.

602 5021 885 5093 servatque
908 5024 1046 5094 inter
1075 5022 1209 5076 alios
1228 5021 1615 5094 Theodoretus.
1652 5023 1759 5078 Nec
1779 5024 2040 5094 repugnat
2059 5026 2171 5079 Ari-

598 5102 741 5167 steas
778 5092 829 5150 et
846 5092 1128 5167 losepbus,
1158 5092 1247 5161 qui
1266 5094 1379 5147 ναὸν
1401 5095 1528 5167 πρὸς
1553 5099 1644 5167 gris
1670 5094 1735 5147 ἔω
1761 5100 1844 5149 καὶ
1871 5092 1959 5154 τήν
1989 5098 2173 5151 ἀνατο-

598 5164 686 5241 λάγ
705 5161 992 5241 τετρᾲςξᾷαιζ
1018 5162 1106 5241 ad
1152 5176 1418 5241 aurqram,
1442 5161 1516 5241 '_e_t
1544 5161 1815 5241 Qrientem
1840 5179 2167 5241 conversum

598 5232 768 5291 fuisse
788 5231 1065 5290 scribunt:
1094 5234 1217 5302 quia
1247 5232 1313 5288 de
1342 5232 1587 5287 vestibuli
1620 5234 1814 5289 nonde
1837 5234 2027 5289 frontis
2049 5249 2173 5304 pro-

600 5314 785 5375 spectu
806 5304 1122 5375 loquuntur.

675 5385 697 5412 ε
724 5371 997 5429 Columnis
1017 5389 1047 5429 e
1075 5386 1339 5429 marmore
1359 5371 1678 5445 Aquitanico
1698 5374 1753 5445 in
1772 5373 2014 5445 Pyrenaei
2032 5374 2169 5445 jugis

602 5457 745 5499 caeso
768 5447 1030 5513 :‘quarum
1057 5446 1215 5500 etiam
1246 5442 1444 5499 mentio
1473 5444 1526 5497 in
1558 5442 1675 5514 Vita
1720 5442 1879 5499 Hilari
1914 5442 2166 5514 papzc,'in

598 5529 703 5581 qua
744 5515 1079 5570 nominantur
1124 5516 1388 5570 columna:
1426 5513 1774 5583 Aquitanicae,
1816 5513 2088 5584 Tripolitze
2114 5525 2167 5570 et

602 5584 1007 5653 porphyreticm.
1038 5586 1193 5639 Aliud
1224 5594 1303 5640 est
1333 5584 1682 5653 scriptoribus
1698 5584 1897 5640 Graecis
1934 5599 2167 5639 marmor

598 5652 878 5725 nume»,
911 5653 1301 5725 ut‘Theopbani
1336 5663 1390 5709 et
1425 5652 1665 5710 Cedreno
1703 5655 1771 5711 de
1812 5654 1998 5711 funere
2026 5659 2168 5711 Ana-

600 5724 747 5795 stasii
775 5730 908 5794 Aug.
942 5723 1008 5778 ab
1038 5723 1205 5795 Acy’to
1233 5725 1531 5794 Sporadum
1555 5740 1680 5781 una.

673 5791 699 5835 ά
724 5791 1083 5863 Dum'nautze,
1114 5791 1305 5865 inquit,
1336 5795 1544 5853 alleluia
1569 5797 1877 5867 decantant,
1910 5796 1965 5853 id
1992 5795 2170 5869 ipsum

1836 334 2083 398 SlDONll
2122 338 2573 402 APOIJL‘lNARIS

597 459 940 519 eminentium
978 463 1255 527 poetarum
1279 465 1307 494 ι
1340 454 1642 513 Constantii
1686 462 1741 513 et
1766 456 2052 515 Secundini
2078 459 2173 533 :vi-
2194 471 2249 533 Α

3728 330 3840 403 488

2397 462 2522 513 Hinc
2542 473 2655 511 sese
2679 457 2851 522 pedes,
2877 463 3025 524 atque
3048 471 3201 523 eques
3221 461 3448 524 reﬂectit,

2396 524 2699 574 Strideutum
2723 529 2773 572 et
2794 522 3072 572 moderator
3094 522 3407 573 essedorum:

2390 564 2655 636 Cur-verum
2678 564 2789 633 hinc
2807 564 2983 647 ctionus
2997 564 3374 646 helciariorum-,-
3395 564 3407 573 ’
3608 640 3617 647 ,
3868 564 3881 647 ζ

2391 630 2426 718 ξ
2434 630 2861 718 egissemus
2873 630 3244 718 nisainsa;
3261 630 3355 646 “’“’
3608 640 3617 647 ·
3870 630 3891 718 ς

2385 709 2461 775 Ad
2495 709 2737 775 Christum
2760 708 2889 755 levat
2912 709 3150 775 amnicum
3168 708 3406 756 celeuma.
3877 708 3889 775 ξ

2387 772 2471 821 Sic
2490 772 2560 819 sic
2584 769 2792 831 psallite,
2819 775 2979 826 nauta,
3003 768 3080 817 vel
3108 770 3258 831 viator
3290 784 3301 817 :

2386 826 2607 890 Namque
2631 834 2724 879 iste
2752 826 2826 879 est
2842 831 2984 879 locus
3004 830 3228 878 omnibus
3251 826 3490 890 petendut,
3863 829 3874 881 ι

2390 888 2574 944 Omnes
2608 905 2706 955 quo
2728 893 2803 943 via
2826 892 2959 941 ducit
2982 892 3037 940 ad
3058 888 3284 941 salutem.
3480 888 3485 889 7
3856 888 3877 921 f

2339 996 2445 1068 54
2464 999 2604 1053 Ecce
2619 998 2767 1067 parui
2792 1006 3040 1067 tanquam
3061 997 3241 1067 junior
3260 997 3559 1067 imperatis.
3575 993 3656 1051 'I'u
3681 996 3842 1053 modo

2268 1090 2354 1146 fac
2372 1088 2680 1144 memineris
2695 1088 3048 1159 multiplicato
3061 1104 3145 1144 me
3161 1088 3346 1144 fenore
3360 1088 3810 1144 remunerandum
3828 1106 3841 1141 :

2266 1195 2479 1252 quoque
2520 1180 2571 1235 id
2614 1179 2820 1235 facilius
2862 1182 3031 1251 possit
3059 1182 3556 1251 voluptuosiusque,
3586 1196 3723 1251 opus
3757 1190 3844 1235 est

2266 1281 2328 1328 ut
2370 1274 2487 1328 sine
2519 1270 2939 1328 dissimulatione
2987 1272 3216 1338 lectites,
3258 1271 3377 1328 sine
3423 1269 3842 1326 linelecturias.

2268 1363 2452 1434 Neque
2498 1365 2739 1434 patiaris,
2784 1372 2843 1418 ut
2881 1372 2936 1418 te
2974 1364 3041 1419 ab
3086 1362 3189 1419 hoc
3217 1361 3489 1433 proposito
3531 1361 3844 1431 propediem

2269 1457 2466 1526 conjux
2518 1456 2732 1511 domum
2781 1455 3010 1511 feliciter
3046 1454 3286 1512 ducenda
3330 1454 3578 1510 deflectat
3611 1471 3627 1509 :
3659 1453 3846 1524 sisque

2268 1547 2464 1618 oppido
2505 1546 2824 1612 meminens,
2867 1560 2973 1617 quo
3012 1546 3139 1601 olim
3169 1545 3353 1602 Martia
3400 1542 3708 1613 Hortensio,
3738 1542 3846 1599 ‘l'e-

2268 1638 2658 1705 rentiax'l‘ullio,
2691 1638 2973 1708 Calpurnia
3012 1637 3205 1703 Plinio,
3252 1635 3553 1692 Pudentilla
3592 1634 3843 1705 Apuleio,

2272 1731 2580 1788 Rusticiana
2627 1731 2951 1802 Symmacho
3011 1730 3309 1802 legentibus
3360 1728 3846 1799 meditantibusque

2197 1824 2521 1888 Bcandelas
2559 1834 2613 1878 ct
2649 1822 2965 1879 candelabra
3008 1830 3314 1879 tenuerunt.
3361 1819 3518 1877 Certe
3553 1822 3599 1876 si
3642 1827 3846 1891 praeter

2272 1931 2384 1972 rem
2430 1915 2715 1971 oratoriam
2742 1955 2758 1981 ,
2808 1913 3165 1970 contubernio
3208 1912 3521 1968 feminarum
3567 1912 3844 1981 poeticum

2271 2006 2564 2076 ingenium,
2612 2014 2666 2061 et
2694 2005 2802 2060 oris
2827 2005 2902 2060 tui
2949 2005 3128 2060 limam
3160 2003 3516 2075 frequentium
3543 2002 3847 2058 studiorum

2274 2100 2481 2154 cotibus
2527 2098 2842 2167 expolitam,
2891 2098 3134 2167 quereris
3205 2096 3451 2165 obtundi,
3500 2095 3849 2151 reminiscere

2273 2191 2414 2262 quod
2443 2206 2585 2261 saepe
2612 2205 2823 2247 versum
2842 2187 3074 2245 Corinna
3104 2204 3224 2245 cum
3250 2204 3345 2245 suo
3370 2188 3581 2244 Nasone
3608 2186 3850 2257 comple-

2275 2285 2367 2347 vit,
2416 2283 2604 2338 Lesbia
2653 2296 2770 2337 cum
2816 2280 3041 2346 Catullo,
3088 2280 3348 2337 Cesennia
3393 2294 3515 2336 cum
3561 2278 3850 2344 Gaetulico,

2272 2376 2586 2446 Argentaria
2631 2391 2751 2431 cum
2803 2375 3039 2440 Lucano,
3088 2372 3316 2445 Cynthia
3365 2387 3486 2428 cum
3541 2370 3849 2441 PrOpertio,

2275 2467 2418 2521 Delia
2448 2483 2569 2522 cum
2610 2466 2841 2522 Tibullo.
2872 2466 3106 2522 Proinde
3134 2465 3336 2535 liquido
3365 2464 3553 2530 claret,
3587 2461 3851 2518 studenti-

2275 2558 2372 2614 bus
2399 2557 2637 2614 discendi
2678 2573 2771 2628 per
2800 2559 3016 2628 nuptias
3059 2557 3395 2613 occasionem
3432 2555 3615 2622 tribui,
3642 2552 3849 2610 desidi-

2275 2648 2374 2704 bus
2398 2650 2815 2705 excusationem.
2865 2648 3028 2718 lgitur
3076 2648 3347 2715 incumbe,
3399 2662 3573 2718 neque
3611 2645 3754 2717 apud
3792 2654 3849 2701 te

2276 2740 2588 2795 litterariam
2615 2756 2798 2796 curam
2828 2739 2979 2795 turba
3009 2740 3272 2811 depretiet
3301 2740 3663 2811 imperitorum
3689 2739 3850 2808 :quia

2282 2843 2470 2889 natura
2510 2842 2878 2903 comparatum
2909 2839 2989 2888 est
3035 2841 3093 2888 ut
3129 2834 3181 2888 in
3223 2833 3470 2888 omnibus
3511 2832 3713 2887 artibus
3742 2830 3851 2887 hoc

2276 2926 2348 2981 sit
2373 2926 2611 2983 scientiae
2641 2925 2925 2997 pretiosior
2956 2939 3165 2995 pompa,
3192 2939 3297 2994 quo
3321 2924 3511 2979 rarior.
3548 2922 3692 2979 Vale.

2828 3015 3161 3073 EPISTOLA
3199 3015 3240 3070 Χ
3252 3015 3291 3071 1.

2597 3110 2843 3165 Sidonius
2869 3117 2892 3145 θ
2928 3108 3139 3164 Rustico
3166 3124 3261 3163 suo
3289 3108 3525 3164 salutem.

2201 3197 2249 3261 C
2347 3201 2404 3259 Si
2432 3200 2585 3257 nobis
2603 3214 2703 3271 pro
2728 3201 2832 3255 situ
2852 3199 3145 3271 spatiisque
3169 3200 3445 3269 regionum
3468 3199 3850 3256 vicinaremur.
3870 3234 3879 3237 Ἰ

2280 3338 2416 3394 eclio
2444 3338 2498 3392 in
2529 3337 2643 3406 ripa
2673 3343 2910 3392 resonat.
2946 3334 3013 3391 Et
3037 3335 3229 3391 cantici
3258 3336 3385 3406 ergo
3408 3335 3592 3390 lemma
3621 3338 3851 3406 expres.

2280 3409 2375 3478 sit,
2404 3416 2458 3463 et
2483 3404 2615 3462 voce
2646 3420 2773 3461 usus
2801 3416 2882 3478 est
2910 3407 3140 3476 propria.
3164 3406 3259 3478 Est
3277 3404 3646 3478 enimpmprie
3662 3404 3852 3460 celeu-

2278 3476 2369 3533 ma
2418 3491 2634 3532 carmen
2693 3477 2995 3540 nauticum;
3046 3476 3186 3546 quod
3237 3477 3458 3545 proinde
3508 3477 3599 3545 qui
3645 3486 3854 3532 canunt

2277 3557 2476 3616 nautas,
2501 3549 2782 3609 κελεύοντες
2814 3545 3268 3618 Longodicuntur
3296 3546 3405 3618 lib.
3430 3561 3486 3618 in
3515 3553 3848 3618 Ποιμενικῶνς

2278 3619 2367 3675 ubi
2392 3629 2445 3674 et
2480 3619 2747 3675 celeusma
2784 3617 3179 3687 elegantissime
3218 3616 3494 3682 describit,
3534 3616 3764 3687 et'eclio
3793 3618 3851 3672 in

2275 3690 2521 3761 proxima
2546 3689 2699 3761 valle
2726 3697 2786 3761 ut
2820 3685 3079 3761 Sidonius
3121 3688 3190 3761 in
3214 3687 3370 3761 ripis,
3398 3686 3724 3761 celeusmati
3753 3701 3847 3743 re-

2275 3756 2639 3829 sponsantem.
2667 3756 2772 3829 Sed
2801 3757 3112 3814 celeumatis
3138 3757 3410 3829 Sidoiiiani
3450 3766 3846 3829 argumentum,

2274 3826 2504 3885 Alleluia
2531 3836 2595 3882 et'
2616 3827 2706 3884 Dei
2737 3828 2920 3883 laudes
2949 3837 3120 3884 erant.
3150 3827 3266 3894 Quo
3294 3840 3443 3883 more
3462 3826 3673 3883 veteres
3693 3826 3852 3882 Chri-

2274 3901 2435 3957 stiani
2465 3896 2711 3956 modulos
2738 3914 2865 3954 suos
2895 3907 2950 3953 et
2976 3898 3181 3953 cantica
3215 3898 3267 3952 in
3289 3896 3489 3953 Christi
3514 3908 3853 3954 sanctorum-

2316 3986 2382 4027 ue
2409 3972 2666 4026 honorem
2697 3982 2841 4038 saepe
2878 3968 3180 4025 vertebant.
3211 3971 3289 4023 Ac
3316 3983 3385 4025 ne
3418 3984 3450 4024 a
3474 3969 3651 4025 nautis
3677 3968 3854 4025 dsue-

2308 4056 2482 4106 amus,
2517 4040 2771 4095 Paulinus
2791 4039 2860 4094 de
2885 4038 3060 4094 reditu
3085 4038 3316 4095 Nicetze:

2394 4152 2576 4203 Navitae
2599 4151 2698 4203 laeti
2716 4151 2908 4201 solitum
2926 4150 3170 4202 celeusma

2394 4214 2659 4276 Concinent
2682 4214 2839 4263 versis
2860 4211 3065 4276 modulis
3092 4216 3139 4263 in
3162 4214 3378 4276 hymnos,

2396 4275 2456 4325 Et
2477 4276 2569 4337 pits
2584 4275 2770 4337 ducent
2790 4275 2991 4324 comites
3012 4275 3060 4323 in
3080 4286 3245 4337 aequor

2551 4336 2762 4386 Vocibus
2797 4347 2940 4385 auras

2271 4460 2399 4517 item
2426 4461 2673 4534 Asterius
2699 4460 2942 4534 Amaseae
2976 4462 3258 4530 episcOpus
3292 4460 3345 4516 in
3372 4460 3604 4517 Pbocsm
3635 4474 3855 4534 marty‘

2270 4548 2411 4608 rem.
2438 4530 2705 4608 Ναῦταιδρ
2731 4536 2813 4587 καὶ
2849 4533 3114 4608 «lg-arripe;
3152 4534 3195 4586 οἱ
3226 4534 3625 4608 πανταχοῦντᾶ
3659 4530 3860 4594 manda»

2270 4601 2606 4675 κελεύσματα,
2628 4600 2718 4678 ⁸οἷς
2752 4610 2840 4657 τοῦ
2877 4603 3011 4678 πλοῖ(
3027 4600 3203 4678 ’πόνονί
3223 4600 3727 4678 ιιι-ρ(κτοιᾶιὸιττστύῳσινἓ
3781 4611 3861 4665 εἰς

2272 4679 2430 4733 κοινὴν
2453 4672 2546 4729 rei")
2559 4675 2832 4797 ζάρτυρος
2860 4674 3133 4743 μετέϐαλον
3160 4672 3413 4761 surripias.
3454 4677 3538 4728 καὶ
3571 4672 3657 4729 διὰ
3682 4675 3861 4745 ’γλώσ-

2273 4766 2369 4797 σης
2396 4746 2528 4797 ἐστὶν
2552 4768 2576 4797 ο
2608 4765 2675 4797 ως
2697 4743 2722 4797 ὁ
2746 4747 2916 4797 Omittit:
2939 4745 3107 4797 αὐτοῖς
3139 4743 3467 4797 ἕπαδοιιςνος.
3506 4742 3720 4797 Nam.
3764 4748 3859 4797 in-

2273 4766 2369 4818 σης
2396 4746 2528 4800 ἐστὶν
2552 4742 2675 4818 Elei;
2697 4743 2722 4798 ὁ
2745 4742 2916 4818 itaque}:
2939 4745 3110 4818 αὐτοῖς
3139 4742 3467 4818 ἕπᾲδόμςνος.
3506 4742 3720 4818 Nam,
3764 4748 3859 4799 in-

2273 4816 2408 4885 quit,
2450 4824 2494 4869 et
2528 4816 2741 4885 remiges
2769 4815 2953 4885 ubique
2977 4815 3477 4884 gentium'consueta
3502 4815 3858 4885 celeumate,

2271 4883 2451 4969 quibus
2474 4883 2808 4969 nauigationis
2833 4883 3039 4969 taedium
3063 4885 3412 4969 consolantur,
3442 4884 3509 4937 ad
3530 4898 3862 4967 communem
3916 4914 3933 4969 Γ

2272 4954 2512 5025 martyris
2542 4954 2746 5009 laudem
2773 4955 3110 5024 transferunt,
3133 4970 3333 5025 unoque
3373 4970 3582 5025 prprsus
3618 4956 3865 5009 omnium

2273 5041 2360 5079 ore
2386 5022 2587 5080 Phocus
2612 5022 2929 5080 decantatur.
2972 5022 3299 5092 Augustinus
3325 5022 3393 5079 de
3412 5022 3633 5080 Cantico
3662 5038 3813 5080 novo
3841 5042 3866 5083 :

2272 5095 2339 5148 At
2386 5096 2449 5150 sit
2490 5104 2664 5149 nostra
2706 5095 2861 5148 tutela
2885 5091 3078 5149 Christi
3111 5096 3296 5159 gratia,
3348 5096 3574 5150 celeuma
3614 5101 3867 5150 nostum:

2271 5164 2430 5246 dulce.
2444 5175 2704 5247 cantemus
2730 5164 2977 5247 Alleluia,
3025 5175 3080 5219 ut
3108 5164 3297 5247 laztiac
3315 5167 3478 5220 securi
3497 5164 3872 5238 ingrediantur

2271 5236 2627 5304 sempiternam
2650 5250 2711 5287 ac
2740 5235 3083 5316 felicissimam
3100 5237 3336 5318 patriam.
3555 5235 3571 5238 “

2348 5314 2371 5341 ι’
2403 5304 2802 5377 Burdegalensi.
2840 5305 2967 5377 Lib:
2988 5321 3099 5377 νηί,
3140 5314 3299 5375 epist.
3335 5305 3421 5360 ll.
3583 5305 3673 5361 alii
3702 5320 3868 5377 prte-

2272 5382 2416 5446 terea
2447 5376 2564 5446 ejus
2586 5375 2819 5430 nominis
2846 5376 2898 5429 in
2930 5375 3099 5431 Gallia
3122 5377 3281 5446 paulo
3316 5384 3441 5431 ante
3469 5375 3748 5432 Sidonium
3788 5380 3873 5434 ii-

2272 5444 2763 5519 lustresAvixerunt,
2796 5455 2855 5500 ut
2871 5444 3137 5519 Decimius
3152 5446 3418 5519 Rusticus,
3445 5447 3512 5519 de
3532 5447 3761 5519 quoglib.
3794 5464 3866 5519 ν,

2273 5515 2429 5587 epist.
2462 5515 2494 5570 9
2523 5525 2577 5571 et
2602 5515 2851 5587 Rusticus
2877 5518 3163 5587 episcopus
3182 5515 3566 5583 Narbonensis,
3592 5516 3659 5572 ad
3681 5515 3869 5587 queni

2270 5584 2379 5657 beo
2407 5600 2540 5656 papa
2566 5586 2769 5643 scribit.
2797 5584 3034 5653 Quorum
3063 5584 3188 5655 utri,
3219 5602 3286 5657 an
3306 5588 3396 5641 alii
3418 5588 3593 5656 potius
3611 5584 3870 5657 cuipiam

2272 5654 2507 5727 Rustico,
2523 5657 2801 5712 tribuenda
2830 5658 2899 5712 sit
2921 5656 3146 5727 epistola
3170 5654 3237 5712 ad
3264 5654 3609 5721 Eucherium,
3638 5654 3762 5727 quae
3801 5662 3871 5717 in

2270 5726 2793 5797 codiceCorbeiensi
2830 5726 3102 5796 post'ejus
3137 5727 3471 5795 Quaestiones
3513 5728 3569 5783 in
3605 5726 3877 5797 Scriptth

2270 5809 2385 5855 ram
2405 5796 2686 5865 subjicitur
2710 5798 2953 5869 epistolis
2976 5797 3213 5857 Salviani
3245 5808 3302 5858 et
3327 5798 3515 5858 Hilarii
3537 5796 3610 5857 ad
3635 5798 3887 5865 Euche‘
