  <div class='ocr_page' id='page_1' title='image "/cluster/home/n/w/nwhite01/storage/ocr_20150623/58/hvd.32044015706401/252.png"; bbox 0 0 4140 6336; ppageno 0'>
   <div class='ocr_carea' id='block_1_1' title="bbox 398 246 508 309">
    <p class='ocr_par' dir='ltr' id='par_1_1' title="bbox 398 246 508 309">
     <span class='ocr_line' id='line_1_1' title="bbox 398 246 508 309; baseline 0 -2"><span class='ocrx_word' id='word_1_1' title='bbox 398 246 508 309; x_wconf 60' lang='grc' dir='ltr'><strong>ἐνθῦ</strong></span> 
     </span>
    </p>
   </div>
   <div class='ocr_carea' id='block_1_2' title="bbox 1629 250 2382 321">
    <p class='ocr_par' dir='ltr' id='par_1_2' title="bbox 1629 250 2382 321">
     <span class='ocr_line' id='line_1_2' title="bbox 1629 250 2382 321; baseline 0.007 -7"><span class='ocrx_word' id='word_1_2' title='bbox 1629 250 2110 321; x_wconf 72' lang='grc' dir='ltr'><strong>ΕΡιδΤΟΙιΛῐῖωί</strong></span> <span class='ocrx_word' id='word_1_3' title='bbox 2148 262 2277 319; x_wconf 83' lang='lat' dir='ltr'><strong>LIB.</strong></span> <span class='ocrx_word' id='word_1_4' title='bbox 2312 263 2382 319; x_wconf 18' lang='lat' dir='ltr'><strong>illi</strong></span> 
     </span>
    </p>
   </div>
   <div class='ocr_carea' id='block_1_3' title="bbox 3570 271 3669 329">
    <p class='ocr_par' dir='ltr' id='par_1_3' title="bbox 3570 271 3669 329">
     <span class='ocr_line' id='line_1_3' title="bbox 3570 271 3669 329; baseline -0.04 0"><span class='ocrx_word' id='word_1_5' title='bbox 3570 271 3669 329; x_wconf 65' lang='grc'><strong>401</strong></span> 
     </span>
    </p>
   </div>
   <div class='ocr_carea' id='block_1_4' title="bbox 396 366 3664 454">
    <p class='ocr_par' dir='ltr' id='par_1_4' title="bbox 396 366 3664 454">
     <span class='ocr_line' id='line_1_4' title="bbox 396 366 3664 454; baseline 0.006 -33"><span class='ocrx_word' id='word_1_6' title='bbox 396 368 607 429; x_wconf 86' lang='lat' dir='ltr'><strong>tissime</strong></span> <span class='ocrx_word' id='word_1_7' title='bbox 656 366 812 433; x_wconf 79' lang='lat' dir='ltr'><strong>rexit,</strong></span> <span class='ocrx_word' id='word_1_8' title='bbox 862 366 1000 423; x_wconf 89' lang='lat' dir='ltr'><strong>inter</strong></span> <span class='ocrx_word' id='word_1_9' title='bbox 1034 368 1293 424; x_wconf 73' lang='lat' dir='ltr'><strong>tumultus</strong></span> <span class='ocrx_word' id='word_1_10' title='bbox 1324 378 1582 437; x_wconf 76' lang='lat' dir='ltr'><strong>multum,</strong></span> <span class='ocrx_word' id='word_1_11' title='bbox 1612 374 1972 442; x_wconf 81' lang='lat' dir='ltr'><strong>popularium,</strong></span> <span class='ocrx_word' id='word_1_12' title='bbox 1994 412 2004 429; x_wconf 82' lang='lat'><strong><em>,</em></strong></span> <span class='ocrx_word' id='word_1_13' title='bbox 2025 381 2057 435; x_wconf 54' lang='grc' dir='ltr'><strong>λ</strong></span> <span class='ocrx_word' id='word_1_14' title='bbox 2085 377 2250 431; x_wconf 95' lang='lat' dir='ltr'><strong>nabat</strong></span> <span class='ocrx_word' id='word_1_15' title='bbox 2270 376 2535 447; x_wconf 81' lang='lat' dir='ltr'><strong>exemplo,</strong></span> <span class='ocrx_word' id='word_1_16' title='bbox 2570 393 2636 434; x_wconf 89' lang='lat' dir='ltr'><strong>ne</strong></span> <span class='ocrx_word' id='word_1_17' title='bbox 2657 379 2760 435; x_wconf 91' lang='lat' dir='ltr'><strong>cibi</strong></span> <span class='ocrx_word' id='word_1_18' title='bbox 2790 379 3014 452; x_wconf 83' lang='lat' dir='ltr'><strong>ingressi</strong></span> <span class='ocrx_word' id='word_1_19' title='bbox 3047 395 3143 451; x_wconf 89' lang='lat' dir='ltr'><strong>per</strong></span> <span class='ocrx_word' id='word_1_20' title='bbox 3174 396 3290 449; x_wconf 87' lang='lat' dir='ltr'><strong>ora,</strong></span> <span class='ocrx_word' id='word_1_21' title='bbox 3324 398 3421 454; x_wconf 87' lang='lat' dir='ltr'><strong>per</strong></span> <span class='ocrx_word' id='word_1_22' title='bbox 3451 400 3664 441; x_wconf 72' lang='lat' dir='ltr'><strong>vomer:</strong></span> 
     </span>
    </p>
   </div>
   <div class='ocr_carea' id='block_1_5' title="bbox 392 460 1977 532">
    <p class='ocr_par' dir='ltr' id='par_1_5' title="bbox 392 460 1977 532">
     <span class='ocr_line' id='line_1_5' title="bbox 392 460 1977 532; baseline 0.003 -17"><span class='ocrx_word' id='word_1_23' title='bbox 392 461 805 529; x_wconf 67' lang='lat' dir='ltr'><strong>fmderatorum,</strong></span> <span class='ocrx_word' id='word_1_24' title='bbox 830 460 977 530; x_wconf 86' lang='lat' dir='ltr'><strong>quod</strong></span> <span class='ocrx_word' id='word_1_25' title='bbox 1016 470 1071 515; x_wconf 89' lang='lat' dir='ltr'><strong>et</strong></span> <span class='ocrx_word' id='word_1_26' title='bbox 1100 462 1276 517; x_wconf 79' lang='lat' dir='ltr'><strong>exitus</strong></span> <span class='ocrx_word' id='word_1_27' title='bbox 1322 463 1553 532; x_wconf 79' lang='lat' dir='ltr'><strong>prodidit</strong></span> <span class='ocrx_word' id='word_1_28' title='bbox 1580 481 1781 529; x_wconf 88' lang='lat' dir='ltr'><strong>novus,</strong></span> <span class='ocrx_word' id='word_1_29' title='bbox 1812 467 1977 528; x_wconf 86' lang='lat' dir='ltr'><strong>celer.</strong></span> 
     </span>
    </p>
   </div>
   <div class='ocr_carea' id='block_1_6' title="bbox 387 555 1981 622">
    <p class='ocr_par' dir='ltr' id='par_1_6' title="bbox 387 555 1981 622">
     <span class='ocr_line' id='line_1_6' title="bbox 387 555 1981 622; baseline 0.003 -14"><span class='ocrx_word' id='word_1_30' title='bbox 387 555 663 611; x_wconf 86' lang='lat' dir='ltr'><strong>acerbus:</strong></span> <span class='ocrx_word' id='word_1_31' title='bbox 696 569 853 622; x_wconf 88' lang='lat' dir='ltr'><strong>quem</strong></span> <span class='ocrx_word' id='word_1_32' title='bbox 896 556 1202 611; x_wconf 79' lang='lat' dir='ltr'><strong>cruentavit</strong></span> <span class='ocrx_word' id='word_1_33' title='bbox 1232 555 1460 613; x_wconf 70' lang='lat' dir='ltr'><strong>fortuna:</strong></span> <span class='ocrx_word' id='word_1_34' title='bbox 1504 558 1596 613; x_wconf 90' lang='lat' dir='ltr'><strong>diu</strong></span> <span class='ocrx_word' id='word_1_35' title='bbox 1628 558 1981 614; x_wconf 61' lang='lat' dir='ltr'><strong>lenocinantis</strong></span> 
     </span>
    </p>
   </div>
   <div class='ocr_carea' id='block_1_7' title="bbox 388 645 1976 719">
    <p class='ocr_par' dir='ltr' id='par_1_7' title="bbox 388 645 1976 719">
     <span class='ocr_line' id='line_1_7' title="bbox 388 645 1976 719; baseline 0.004 -20"><span class='ocrx_word' id='word_1_36' title='bbox 388 645 630 715; x_wconf 77' lang='lat' dir='ltr'><strong>perfidus</strong></span> <span class='ocrx_word' id='word_1_37' title='bbox 680 645 822 711; x_wconf 85' lang='lat' dir='ltr'><strong>finis,</strong></span> <span class='ocrx_word' id='word_1_38' title='bbox 866 660 987 715; x_wconf 68' lang='lat' dir='ltr'><strong>qua:</strong></span> <span class='ocrx_word' id='word_1_39' title='bbox 1018 647 1213 714; x_wconf 83' lang='lat' dir='ltr'><strong>virum,</strong></span> <span class='ocrx_word' id='word_1_40' title='bbox 1248 658 1303 703; x_wconf 96' lang='lat' dir='ltr'><strong>ut</strong></span> <span class='ocrx_word' id='word_1_41' title='bbox 1350 649 1613 719; x_wconf 87' lang='lat' dir='ltr'><strong>sc0rpius,</strong></span> <span class='ocrx_word' id='word_1_42' title='bbox 1664 652 1845 706; x_wconf 89' lang='lat' dir='ltr'><strong>ultima</strong></span> <span class='ocrx_word' id='word_1_43' title='bbox 1895 652 1976 709; x_wconf 83' lang='lat' dir='ltr'><strong>siti</strong></span> 
     </span>
    </p>
   </div>
   <div class='ocr_carea' id='block_1_8' title="bbox 387 738 1979 812">
    <p class='ocr_par' dir='ltr' id='par_1_8' title="bbox 387 738 1979 812">
     <span class='ocr_line' id='line_1_8' title="bbox 387 738 1979 812; baseline 0.006 -23"><span class='ocrx_word' id='word_1_44' title='bbox 387 749 543 808; x_wconf 63' lang='lat' dir='ltr'><strong>parte</strong></span> <span class='ocrx_word' id='word_1_45' title='bbox 585 738 864 807; x_wconf 74' lang='lat' dir='ltr'><strong>percussit.</strong></span> <span class='ocrx_word' id='word_1_46' title='bbox 902 739 1093 803; x_wconf 82' lang='lat' dir='ltr'><strong>Dicere</strong></span> <span class='ocrx_word' id='word_1_47' title='bbox 1140 740 1345 795; x_wconf 89' lang='lat' dir='ltr'><strong>solebat</strong></span> <span class='ocrx_word' id='word_1_48' title='bbox 1375 742 1458 795; x_wconf 84' lang='lat' dir='ltr'><strong>vir</strong></span> <span class='ocrx_word' id='word_1_49' title='bbox 1502 743 1785 809; x_wconf 89' lang='lat' dir='ltr'><strong>litteratus,</strong></span> <span class='ocrx_word' id='word_1_50' title='bbox 1818 754 1979 812; x_wconf 87' lang='lat' dir='ltr'><strong>atque</strong></span> 
     </span>
    </p>
   </div>
   <div class='ocr_carea' id='block_1_9' title="bbox 384 832 1979 906">
    <p class='ocr_par' dir='ltr' id='par_1_9' title="bbox 384 832 1979 906">
     <span class='ocr_line' id='line_1_9' title="bbox 384 832 1979 906; baseline 0.007 -21"><span class='ocrx_word' id='word_1_51' title='bbox 384 832 461 886; x_wconf 91' lang='lat' dir='ltr'><strong>ob</strong></span> <span class='ocrx_word' id='word_1_52' title='bbox 510 832 711 903; x_wconf 89' lang='lat' dir='ltr'><strong>ingenii</strong></span> <span class='ocrx_word' id='word_1_53' title='bbox 742 834 928 887; x_wconf 87' lang='lat' dir='ltr'><strong>merita</strong></span> <span class='ocrx_word' id='word_1_54' title='bbox 960 834 1305 903; x_wconf 61' lang='lat' dir='ltr'><strong>quaestorius,</strong></span> <span class='ocrx_word' id='word_1_55' title='bbox 1338 836 1571 906; x_wconf 85' lang='lat' dir='ltr'><strong>partium</strong></span> <span class='ocrx_word' id='word_1_56' title='bbox 1616 846 1764 893; x_wconf 88' lang='lat' dir='ltr'><strong>certe</strong></span> <span class='ocrx_word' id='word_1_57' title='bbox 1813 841 1979 895; x_wconf 88' lang='lat' dir='ltr'><strong>bona-</strong></span> 
     </span>
    </p>
   </div>
   <div class='ocr_carea' id='block_1_10' title="bbox 386 924 1977 999">
    <p class='ocr_par' dir='ltr' id='par_1_10' title="bbox 386 924 1977 999">
     <span class='ocr_line' id='line_1_10' title="bbox 386 924 1977 999; baseline 0.004 -21"><span class='ocrx_word' id='word_1_58' title='bbox 386 940 508 985; x_wconf 79' lang='lat' dir='ltr'><strong>rum</strong></span> <span class='ocrx_word' id='word_1_59' title='bbox 550 939 673 993; x_wconf 86' lang='lat' dir='ltr'><strong>pars</strong></span> <span class='ocrx_word' id='word_1_60' title='bbox 716 940 930 995; x_wconf 86' lang='lat' dir='ltr'><strong>magna,</strong></span> <span class='ocrx_word' id='word_1_61' title='bbox 965 934 991 962; x_wconf 69' lang='grc' dir='ltr'><strong><em>η</em></strong></span> <span class='ocrx_word' id='word_1_62' title='bbox 1023 924 1358 996; x_wconf 69' lang='lat' dir='ltr'><strong>Fulgentius,</strong></span> <span class='ocrx_word' id='word_1_63' title='bbox 1406 943 1501 983; x_wconf 86' lang='lat' dir='ltr'><strong>ore</strong></span> <span class='ocrx_word' id='word_1_64' title='bbox 1530 943 1588 983; x_wconf 90' lang='lat' dir='ltr'><strong>se</strong></span> <span class='ocrx_word' id='word_1_65' title='bbox 1632 944 1698 984; x_wconf 80' lang='lat' dir='ltr'><strong>ex</strong></span> <span class='ocrx_word' id='word_1_66' title='bbox 1726 930 1843 999; x_wconf 91' lang='lat' dir='ltr'><strong>ejus</strong></span> <span class='ocrx_word' id='word_1_67' title='bbox 1871 928 1977 986; x_wconf 86' lang='lat' dir='ltr'><strong>fre-</strong></span> 
     </span>
    </p>
   </div>
   <div class='ocr_carea' id='block_1_11' title="bbox 383 1018 1967 1093">
    <p class='ocr_par' dir='ltr' id='par_1_11' title="bbox 383 1018 1967 1093">
     <span class='ocr_line' id='line_1_11' title="bbox 383 1018 1967 1093; baseline 0.005 -21"><span class='ocrx_word' id='word_1_68' title='bbox 383 1026 616 1087; x_wconf 68' lang='lat' dir='ltr'><strong>quenter</strong></span> <span class='ocrx_word' id='word_1_69' title='bbox 643 1018 882 1085; x_wconf 83' lang='lat' dir='ltr'><strong>audisse,</strong></span> <span class='ocrx_word' id='word_1_70' title='bbox 908 1035 1028 1073; x_wconf 88' lang='lat' dir='ltr'><strong>cum</strong></span> <span class='ocrx_word' id='word_1_71' title='bbox 1082 1035 1305 1089; x_wconf 89' lang='lat' dir='ltr'><strong>perosus</strong></span> <span class='ocrx_word' id='word_1_72' title='bbox 1334 1022 1544 1090; x_wconf 87' lang='lat' dir='ltr'><strong>pondus</strong></span> <span class='ocrx_word' id='word_1_73' title='bbox 1565 1023 1796 1093; x_wconf 88' lang='lat' dir='ltr'><strong>imperii,</strong></span> <span class='ocrx_word' id='word_1_74' title='bbox 1824 1031 1967 1079; x_wconf 58' lang='lat' dir='ltr'><strong>veteo</strong></span> 
     </span>
    </p>
   </div>
   <div class='ocr_carea' id='block_1_12' title="bbox 383 1109 1971 1182">
    <p class='ocr_par' dir='ltr' id='par_1_12' title="bbox 383 1109 1971 1182">
     <span class='ocr_line' id='line_1_12' title="bbox 383 1109 1971 1182; baseline 0.003 -17"><span class='ocrx_word' id='word_1_75' title='bbox 383 1125 500 1167; x_wconf 84' lang='lat' dir='ltr'><strong>retu</strong></span> <span class='ocrx_word' id='word_1_76' title='bbox 522 1109 1245 1177; x_wconf 84' lang='lat' dir='ltr'><strong>securitatemdesideraret,</strong></span> <span class='ocrx_word' id='word_1_77' title='bbox 1274 1112 1507 1169; x_wconf 82' lang='lat' dir='ltr'><strong>Felicem</strong></span> <span class='ocrx_word' id='word_1_78' title='bbox 1555 1124 1626 1181; x_wconf 90' lang='lat' dir='ltr'><strong>te,</strong></span> <span class='ocrx_word' id='word_1_79' title='bbox 1674 1113 1971 1182; x_wconf 72' lang='lat' dir='ltr'><strong>Damocles,</strong></span> 
     </span>
    </p>
   </div>
   <div class='ocr_carea' id='block_1_13' title="bbox 382 1200 1970 1275">
    <p class='ocr_par' dir='ltr' id='par_1_13' title="bbox 382 1200 1970 1275">
     <span class='ocr_line' id='line_1_13' title="bbox 382 1200 1970 1275; baseline 0.006 -22"><span class='ocrx_word' id='word_1_80' title='bbox 382 1200 475 1268; x_wconf 86' lang='lat' dir='ltr'><strong>qui</strong></span> <span class='ocrx_word' id='word_1_81' title='bbox 502 1215 611 1255; x_wconf 91' lang='lat' dir='ltr'><strong>non</strong></span> <span class='ocrx_word' id='word_1_82' title='bbox 636 1216 741 1257; x_wconf 90' lang='lat' dir='ltr'><strong>uno</strong></span> <span class='ocrx_word' id='word_1_83' title='bbox 776 1202 987 1271; x_wconf 77' lang='lat' dir='ltr'><strong>longius</strong></span> <span class='ocrx_word' id='word_1_84' title='bbox 1013 1205 1239 1275; x_wconf 84' lang='lat' dir='ltr'><strong>prandio</strong></span> <span class='ocrx_word' id='word_1_85' title='bbox 1265 1209 1411 1273; x_wconf 88' lang='lat' dir='ltr'><strong>regni</strong></span> <span class='ocrx_word' id='word_1_86' title='bbox 1437 1207 1811 1262; x_wconf 88' lang='lat' dir='ltr'><strong>necessitatem</strong></span> <span class='ocrx_word' id='word_1_87' title='bbox 1836 1207 1970 1262; x_wconf 85' lang='lat' dir='ltr'><strong>tole-</strong></span> 
     </span>
    </p>
   </div>
   <div class='ocr_carea' id='block_1_14' title="bbox 381 1291 1970 1369">
    <p class='ocr_par' dir='ltr' id='par_1_14' title="bbox 381 1291 1970 1369">
     <span class='ocr_line' id='line_1_14' title="bbox 381 1291 1970 1369; baseline 0.008 -24"><span class='ocrx_word' id='word_1_88' title='bbox 381 1291 591 1347; x_wconf 83' lang='lat' dir='ltr'><strong>ravisti.</strong></span> <span class='ocrx_word' id='word_1_89' title='bbox 626 1292 731 1349; x_wconf 87' lang='lat' dir='ltr'><strong>Iste</strong></span> <span class='ocrx_word' id='word_1_90' title='bbox 769 1295 938 1360; x_wconf 83' lang='lat' dir='ltr'><strong>enim,</strong></span> <span class='ocrx_word' id='word_1_91' title='bbox 974 1306 1031 1350; x_wconf 92' lang='lat' dir='ltr'><strong>ut</strong></span> <span class='ocrx_word' id='word_1_92' title='bbox 1081 1298 1334 1369; x_wconf 82' lang='lat' dir='ltr'><strong>legimus,</strong></span> <span class='ocrx_word' id='word_1_93' title='bbox 1363 1299 1647 1355; x_wconf 83' lang='lat' dir='ltr'><strong>Damocles</strong></span> <span class='ocrx_word' id='word_1_94' title='bbox 1697 1302 1970 1367; x_wconf 79' lang='lat' dir='ltr'><strong>provincia</strong></span> 
     </span>
    </p>
   </div>
   <div class='ocr_carea' id='block_1_15' title="bbox 380 1384 1972 1465">
    <p class='ocr_par' dir='ltr' id='par_1_15' title="bbox 380 1384 1972 1465">
     <span class='ocr_line' id='line_1_15' title="bbox 380 1384 1972 1465; baseline 0.006 -28"><span class='ocrx_word' id='word_1_95' title='bbox 380 1384 616 1449; x_wconf 84' lang='lat' dir='ltr'><strong>Siculus,</strong></span> <span class='ocrx_word' id='word_1_96' title='bbox 642 1385 775 1442; x_wconf 83' lang='lat' dir='ltr'><strong>urbe</strong></span> <span class='ocrx_word' id='word_1_97' title='bbox 796 1386 1189 1458; x_wconf 83' lang='lat' dir='ltr'><strong>Syracusanus,</strong></span> <span class='ocrx_word' id='word_1_98' title='bbox 1218 1391 1495 1451; x_wconf 77' lang='lat' dir='ltr'><strong>familiaris</strong></span> <span class='ocrx_word' id='word_1_99' title='bbox 1523 1402 1750 1464; x_wconf 84' lang='lat' dir='ltr'><strong>tyranno</strong></span> <span class='ocrx_word' id='word_1_100' title='bbox 1775 1392 1972 1465; x_wconf 61' lang='lat' dir='ltr'><strong>Dionyo</strong></span> 
     </span>
    </p>
   </div>
   <div class='ocr_carea' id='block_1_16' title="bbox 381 1475 1972 1553">
    <p class='ocr_par' dir='ltr' id='par_1_16' title="bbox 381 1475 1972 1553">
     <span class='ocr_line' id='line_1_16' title="bbox 381 1475 1972 1553; baseline 0.007 -24"><span class='ocrx_word' id='word_1_101' title='bbox 381 1476 466 1533; x_wconf 79' lang='lat' dir='ltr'><strong>sio</strong></span> <span class='ocrx_word' id='word_1_102' title='bbox 495 1475 597 1531; x_wconf 88' lang='lat' dir='ltr'><strong>fuit</strong></span> <span class='ocrx_word' id='word_1_103' title='bbox 626 1494 640 1531; x_wconf 87' lang='lat'><strong>:</strong></span> <span class='ocrx_word' id='word_1_104' title='bbox 670 1478 761 1548; x_wconf 79' lang='lat' dir='ltr'><strong>qui</strong></span> <span class='ocrx_word' id='word_1_105' title='bbox 809 1493 933 1533; x_wconf 89' lang='lat' dir='ltr'><strong>cum</strong></span> <span class='ocrx_word' id='word_1_106' title='bbox 965 1481 1141 1537; x_wconf 89' lang='lat' dir='ltr'><strong>nimiis</strong></span> <span class='ocrx_word' id='word_1_107' title='bbox 1172 1482 1416 1547; x_wconf 85' lang='lat' dir='ltr'><strong>laudibus</strong></span> <span class='ocrx_word' id='word_1_108' title='bbox 1461 1484 1598 1539; x_wconf 87' lang='lat' dir='ltr'><strong>bona</strong></span> <span class='ocrx_word' id='word_1_109' title='bbox 1650 1484 1881 1553; x_wconf 84' lang='lat' dir='ltr'><strong>patroni,</strong></span> <span class='ocrx_word' id='word_1_110' title='bbox 1913 1494 1972 1540; x_wconf 91' lang='lat' dir='ltr'><strong>ut</strong></span> 
     </span>
    </p>
   </div>
   <div class='ocr_carea' id='block_1_17' title="bbox 382 1572 1971 1649">
    <p class='ocr_par' dir='ltr' id='par_1_17' title="bbox 382 1572 1971 1649">
     <span class='ocr_line' id='line_1_17' title="bbox 382 1572 1971 1649; baseline 0.007 -25"><span class='ocrx_word' id='word_1_111' title='bbox 382 1580 619 1635; x_wconf 66' lang='lat' dir='ltr'><strong>cmtera,</strong></span> <span class='ocrx_word' id='word_1_112' title='bbox 667 1572 871 1630; x_wconf 78' lang='lat' dir='ltr'><strong>scilicet</strong></span> <span class='ocrx_word' id='word_1_113' title='bbox 919 1574 1261 1646; x_wconf 81' lang='lat' dir='ltr'><strong>inexpertus,</strong></span> <span class='ocrx_word' id='word_1_114' title='bbox 1306 1577 1573 1634; x_wconf 67' lang='lat' dir='ltr'><strong>eﬁ‘erret:</strong></span> <span class='ocrx_word' id='word_1_115' title='bbox 1622 1579 1743 1645; x_wconf 79' lang='lat' dir='ltr'><strong>Vis,</strong></span> <span class='ocrx_word' id='word_1_116' title='bbox 1798 1579 1971 1649; x_wconf 82' lang='lat' dir='ltr'><strong>inquit</strong></span> 
     </span>
    </p>
   </div>
   <div class='ocr_carea' id='block_1_18' title="bbox 379 1665 1969 1737">
    <p class='ocr_par' dir='ltr' id='par_1_18' title="bbox 379 1665 1969 1737">
     <span class='ocr_line' id='line_1_18' title="bbox 379 1665 1969 1737; baseline 0.009 -16"><span class='ocrx_word' id='word_1_117' title='bbox 379 1665 694 1737; x_wconf 83' lang='lat' dir='ltr'><strong>Dionysius,</strong></span> <span class='ocrx_word' id='word_1_118' title='bbox 748 1668 907 1726; x_wconf 89' lang='lat' dir='ltr'><strong>hodie</strong></span> <span class='ocrx_word' id='word_1_119' title='bbox 936 1672 1128 1728; x_wconf 80' lang='lat' dir='ltr'><strong>saltem</strong></span> <span class='ocrx_word' id='word_1_120' title='bbox 1161 1675 1213 1729; x_wconf 90' lang='lat' dir='ltr'><strong>in</strong></span> <span class='ocrx_word' id='word_1_121' title='bbox 1258 1674 1361 1729; x_wconf 90' lang='lat' dir='ltr'><strong>hac</strong></span> <span class='ocrx_word' id='word_1_122' title='bbox 1405 1691 1589 1731; x_wconf 90' lang='lat' dir='ltr'><strong>mensa</strong></span> <span class='ocrx_word' id='word_1_123' title='bbox 1632 1676 1789 1733; x_wconf 89' lang='lat' dir='ltr'><strong>bonis</strong></span> <span class='ocrx_word' id='word_1_124' title='bbox 1834 1681 1969 1736; x_wconf 86' lang='lat' dir='ltr'><strong>meis</strong></span> 
     </span>
    </p>
   </div>
   <div class='ocr_carea' id='block_1_19' title="bbox 377 1764 1971 1840">
    <p class='ocr_par' dir='ltr' id='par_1_19' title="bbox 377 1764 1971 1840">
     <span class='ocr_line' id='line_1_19' title="bbox 377 1764 1971 1840; baseline 0.01 -27"><span class='ocrx_word' id='word_1_125' title='bbox 377 1765 583 1831; x_wconf 88' lang='lat' dir='ltr'><strong>pariter</strong></span> <span class='ocrx_word' id='word_1_126' title='bbox 611 1777 675 1817; x_wconf 83' lang='lat' dir='ltr'><strong>ac</strong></span> <span class='ocrx_word' id='word_1_127' title='bbox 718 1764 874 1819; x_wconf 89' lang='lat' dir='ltr'><strong>malis</strong></span> <span class='ocrx_word' id='word_1_128' title='bbox 901 1767 976 1820; x_wconf 89' lang='lat' dir='ltr'><strong>uti</strong></span> <span class='ocrx_word' id='word_1_129' title='bbox 996 1766 1019 1820; x_wconf 63' lang='grc' dir='ltr'><em>ἲ</em></span> <span class='ocrx_word' id='word_1_130' title='bbox 1043 1766 1151 1838; x_wconf 74' lang='lat'><strong>59</strong></span> <span class='ocrx_word' id='word_1_131' title='bbox 1181 1767 1456 1834; x_wconf 88' lang='lat' dir='ltr'><strong>Libenter,</strong></span> <span class='ocrx_word' id='word_1_132' title='bbox 1494 1769 1685 1840; x_wconf 86' lang='lat' dir='ltr'><strong>inquit.</strong></span> <span class='ocrx_word' id='word_1_133' title='bbox 1715 1770 1850 1826; x_wconf 85' lang='lat' dir='ltr'><strong>Tum</strong></span> <span class='ocrx_word' id='word_1_134' title='bbox 1882 1773 1971 1829; x_wconf 87' lang='lat' dir='ltr'><strong>ille</strong></span> 
     </span>
    </p>
   </div>
   <div class='ocr_carea' id='block_1_20' title="bbox 376 1856 1966 1934">
    <p class='ocr_par' dir='ltr' id='par_1_20' title="bbox 376 1856 1966 1934">
     <span class='ocr_line' id='line_1_20' title="bbox 376 1856 1966 1934; baseline 0.005 -23"><span class='ocrx_word' id='word_1_135' title='bbox 376 1856 662 1915; x_wconf 74' lang='lat' dir='ltr'><strong>confestim</strong></span> <span class='ocrx_word' id='word_1_136' title='bbox 697 1858 875 1915; x_wconf 66' lang='lat' dir='ltr'><strong>latium</strong></span> <span class='ocrx_word' id='word_1_137' title='bbox 900 1860 1187 1928; x_wconf 89' lang='lat' dir='ltr'><strong>.clientem,</strong></span> <span class='ocrx_word' id='word_1_138' title='bbox 1219 1877 1525 1934; x_wconf 82' lang='lat' dir='ltr'><strong>quanquam</strong></span> <span class='ocrx_word' id='word_1_139' title='bbox 1554 1874 1609 1918; x_wconf 88' lang='lat' dir='ltr'><strong>et</strong></span> <span class='ocrx_word' id='word_1_140' title='bbox 1657 1866 1966 1934; x_wconf 86' lang='lat' dir='ltr'><strong>attonitum,</strong></span> 
     </span>
    </p>
   </div>
   <div class='ocr_carea' id='block_1_21' title="bbox 376 1950 1964 2027">
    <p class='ocr_par' dir='ltr' id='par_1_21' title="bbox 376 1950 1964 2027">
     <span class='ocr_line' id='line_1_21' title="bbox 376 1950 1964 2027; baseline 0.006 -24"><span class='ocrx_word' id='word_1_141' title='bbox 376 1950 594 2020; x_wconf 88' lang='lat' dir='ltr'><strong>plebeio</strong></span> <span class='ocrx_word' id='word_1_142' title='bbox 616 1951 847 2022; x_wconf 77' lang='lat' dir='ltr'><strong>tegmine</strong></span> <span class='ocrx_word' id='word_1_143' title='bbox 868 1963 1079 2022; x_wconf 90' lang='lat' dir='ltr'><strong>erepto,</strong></span> <span class='ocrx_word' id='word_1_144' title='bbox 1109 1955 1329 2010; x_wconf 85' lang='lat' dir='ltr'><strong>muricis</strong></span> <span class='ocrx_word' id='word_1_145' title='bbox 1354 1956 1525 2027; x_wconf 85' lang='lat' dir='ltr'><strong>Tyrii,</strong></span> <span class='ocrx_word' id='word_1_146' title='bbox 1546 1971 1642 2012; x_wconf 90' lang='lat' dir='ltr'><strong>seu</strong></span> <span class='ocrx_word' id='word_1_147' title='bbox 1663 1955 1964 2027; x_wconf 85' lang='lat' dir='ltr'><strong>Tarentini,</strong></span> 
     </span>
    </p>
   </div>
   <div class='ocr_carea' id='block_1_22' title="bbox 374 2042 1961 2122">
    <p class='ocr_par' dir='ltr' id='par_1_22' title="bbox 374 2042 1961 2122">
     <span class='ocr_line' id='line_1_22' title="bbox 374 2042 1961 2122; baseline 0.006 -25"><span class='ocrx_word' id='word_1_148' title='bbox 374 2042 721 2113; x_wconf 83' lang='lat' dir='ltr'><strong>conchyliato</strong></span> <span class='ocrx_word' id='word_1_149' title='bbox 768 2044 905 2101; x_wconf 86' lang='lat' dir='ltr'><strong>ditat</strong></span> <span class='ocrx_word' id='word_1_150' title='bbox 951 2046 1185 2103; x_wconf 89' lang='lat' dir='ltr'><strong>indutu:</strong></span> <span class='ocrx_word' id='word_1_151' title='bbox 1225 2056 1280 2103; x_wconf 88' lang='lat' dir='ltr'><strong>et</strong></span> <span class='ocrx_word' id='word_1_152' title='bbox 1327 2048 1663 2106; x_wconf 88' lang='lat' dir='ltr'><strong>renidentem</strong></span> <span class='ocrx_word' id='word_1_153' title='bbox 1705 2054 1961 2122; x_wconf 87' lang='lat' dir='ltr'><strong>gemmis,</strong></span> 
     </span>
    </p>
   </div>
   <div class='ocr_carea' id='block_1_23' title="bbox 376 2136 1966 2211">
    <p class='ocr_par' dir='ltr' id='par_1_23' title="bbox 376 2136 1966 2211">
     <span class='ocr_line' id='line_1_23' title="bbox 376 2136 1966 2211; baseline 0.006 -22"><span class='ocrx_word' id='word_1_154' title='bbox 376 2136 788 2205; x_wconf 73' lang='lat' dir='ltr'><strong>margaritisque</strong></span> <span class='ocrx_word' id='word_1_155' title='bbox 839 2153 1005 2193; x_wconf 86' lang='lat' dir='ltr'><strong>aureo</strong></span> <span class='ocrx_word' id='word_1_156' title='bbox 1060 2140 1222 2209; x_wconf 87' lang='lat' dir='ltr'><strong>lecto,</strong></span> <span class='ocrx_word' id='word_1_157' title='bbox 1280 2140 1616 2211; x_wconf 69' lang='lat' dir='ltr'><strong>sericatoque</strong></span> <span class='ocrx_word' id='word_1_158' title='bbox 1680 2145 1966 2198; x_wconf 86' lang='lat' dir='ltr'><strong>toreumati</strong></span> 
     </span>
    </p>
   </div>
   <div class='ocr_carea' id='block_1_24' title="bbox 374 2228 1965 2304">
    <p class='ocr_par' dir='ltr' id='par_1_24' title="bbox 374 2228 1965 2304">
     <span class='ocr_line' id='line_1_24' title="bbox 374 2228 1965 2304; baseline 0.004 -22"><span class='ocrx_word' id='word_1_159' title='bbox 374 2228 625 2297; x_wconf 84' lang='lat' dir='ltr'><strong>imponit.</strong></span> <span class='ocrx_word' id='word_1_160' title='bbox 656 2228 903 2300; x_wconf 86' lang='lat' dir='ltr'><strong>Cumque</strong></span> <span class='ocrx_word' id='word_1_161' title='bbox 951 2246 1215 2302; x_wconf 84' lang='lat' dir='ltr'><strong>pransuro</strong></span> <span class='ocrx_word' id='word_1_162' title='bbox 1253 2233 1733 2304; x_wconf 81' lang='lat' dir='ltr'><strong>Sardanapalicuni</strong></span> <span class='ocrx_word' id='word_1_163' title='bbox 1765 2236 1816 2290; x_wconf 91' lang='lat' dir='ltr'><strong>in</strong></span> <span class='ocrx_word' id='word_1_164' title='bbox 1851 2252 1965 2289; x_wconf 70' lang='lat' dir='ltr'><strong>mo.</strong></span> 
     </span>
    </p>
   </div>
   <div class='ocr_carea' id='block_1_25' title="bbox 374 2323 1965 2395">
    <p class='ocr_par' dir='ltr' id='par_1_25' title="bbox 374 2323 1965 2395">
     <span class='ocr_line' id='line_1_25' title="bbox 374 2323 1965 2395; baseline 0.004 -18"><span class='ocrx_word' id='word_1_165' title='bbox 374 2338 514 2385; x_wconf 80' lang='lat' dir='ltr'><strong>rent,</strong></span> <span class='ocrx_word' id='word_1_166' title='bbox 544 2325 698 2392; x_wconf 86' lang='lat' dir='ltr'><strong>panis</strong></span> <span class='ocrx_word' id='word_1_167' title='bbox 720 2323 941 2380; x_wconf 77' lang='lat' dir='ltr'><strong>daretur</strong></span> <span class='ocrx_word' id='word_1_168' title='bbox 967 2341 998 2381; x_wconf 91' lang='lat' dir='ltr'><strong>e</strong></span> <span class='ocrx_word' id='word_1_169' title='bbox 1023 2325 1287 2381; x_wconf 87' lang='lat' dir='ltr'><strong>Leontina</strong></span> <span class='ocrx_word' id='word_1_170' title='bbox 1324 2338 1508 2395; x_wconf 91' lang='lat' dir='ltr'><strong>segete</strong></span> <span class='ocrx_word' id='word_1_171' title='bbox 1541 2330 1849 2394; x_wconf 88' lang='lat' dir='ltr'><strong>confectus,</strong></span> <span class='ocrx_word' id='word_1_172' title='bbox 1883 2329 1965 2383; x_wconf 79' lang='lat' dir='ltr'><strong>in-</strong></span> 
     </span>
    </p>
   </div>
   <div class='ocr_carea' id='block_1_26' title="bbox 374 2416 1960 2490">
    <p class='ocr_par' dir='ltr' id='par_1_26' title="bbox 374 2416 1960 2490">
     <span class='ocr_line' id='line_1_26' title="bbox 374 2416 1960 2490; baseline 0.004 -22"><span class='ocrx_word' id='word_1_173' title='bbox 374 2430 537 2486; x_wconf 86' lang='lat' dir='ltr'><strong>super</strong></span> <span class='ocrx_word' id='word_1_174' title='bbox 560 2416 726 2486; x_wconf 84' lang='lat' dir='ltr'><strong>dapes</strong></span> <span class='ocrx_word' id='word_1_175' title='bbox 752 2418 913 2472; x_wconf 73' lang='lat' dir='ltr'><strong>culta:</strong></span> <span class='ocrx_word' id='word_1_176' title='bbox 947 2418 1165 2474; x_wconf 81' lang='lat' dir='ltr'><strong>ferculis</strong></span> <span class='ocrx_word' id='word_1_177' title='bbox 1193 2420 1511 2475; x_wconf 87' lang='lat' dir='ltr'><strong>cultioribus</strong></span> <span class='ocrx_word' id='word_1_178' title='bbox 1536 2428 1960 2490; x_wconf 86' lang='lat' dir='ltr'><strong>apponerentur,</strong></span> 
     </span>
    </p>
   </div>
   <div class='ocr_carea' id='block_1_27' title="bbox 372 2508 1963 2586">
    <p class='ocr_par' dir='ltr' id='par_1_27' title="bbox 372 2508 1963 2586">
     <span class='ocr_line' id='line_1_27' title="bbox 372 2508 1963 2586; baseline 0.006 -24"><span class='ocrx_word' id='word_1_179' title='bbox 372 2517 687 2578; x_wconf 77' lang='lat' dir='ltr'><strong>spumarent</strong></span> <span class='ocrx_word' id='word_1_180' title='bbox 707 2508 914 2565; x_wconf 83' lang='lat' dir='ltr'><strong>falerno</strong></span> <span class='ocrx_word' id='word_1_181' title='bbox 940 2526 1173 2580; x_wconf 68' lang='lat' dir='ltr'><strong>gemmae</strong></span> <span class='ocrx_word' id='word_1_182' title='bbox 1199 2529 1426 2583; x_wconf 82' lang='lat' dir='ltr'><strong>capaces</strong></span> <span class='ocrx_word' id='word_1_183' title='bbox 1446 2553 1460 2578; x_wconf 94' lang='lat'><strong>,</strong></span> <span class='ocrx_word' id='word_1_184' title='bbox 1506 2515 1670 2585; x_wconf 89' lang='lat' dir='ltr'><strong>inque</strong></span> <span class='ocrx_word' id='word_1_185' title='bbox 1693 2515 1963 2586; x_wconf 85' lang='lat' dir='ltr'><strong>crystallis</strong></span> 
     </span>
    </p>
   </div>
   <div class='ocr_carea' id='block_1_28' title="bbox 372 2606 1964 2679">
    <p class='ocr_par' dir='ltr' id='par_1_28' title="bbox 372 2606 1964 2679">
     <span class='ocr_line' id='line_1_28' title="bbox 372 2606 1964 2679; baseline 0.003 -18"><span class='ocrx_word' id='word_1_186' title='bbox 372 2606 607 2661; x_wconf 86' lang='lat' dir='ltr'><strong>calerent</strong></span> <span class='ocrx_word' id='word_1_187' title='bbox 651 2618 917 2677; x_wconf 87' lang='lat' dir='ltr'><strong>unguenta</strong></span> <span class='ocrx_word' id='word_1_188' title='bbox 947 2609 1302 2679; x_wconf 76' lang='lat' dir='ltr'><strong>glacialibus:</strong></span> <span class='ocrx_word' id='word_1_189' title='bbox 1335 2612 1459 2666; x_wconf 90' lang='lat' dir='ltr'><strong>hinc</strong></span> <span class='ocrx_word' id='word_1_190' title='bbox 1497 2611 1671 2666; x_wconf 85' lang='lat' dir='ltr'><strong>suffita</strong></span> <span class='ocrx_word' id='word_1_191' title='bbox 1712 2613 1964 2667; x_wconf 88' lang='lat' dir='ltr'><strong>cinnamo</strong></span> 
     </span>
    </p>
   </div>
   <div class='ocr_carea' id='block_1_29' title="bbox 371 2699 1965 2773">
    <p class='ocr_par' dir='ltr' id='par_1_29' title="bbox 371 2699 1965 2773">
     <span class='ocr_line' id='line_1_29' title="bbox 371 2699 1965 2773; baseline 0.005 -22"><span class='ocrx_word' id='word_1_192' title='bbox 371 2714 436 2752; x_wconf 91' lang='lat' dir='ltr'><strong>ac</strong></span> <span class='ocrx_word' id='word_1_193' title='bbox 463 2699 622 2754; x_wconf 84' lang='lat' dir='ltr'><strong>thure</strong></span> <span class='ocrx_word' id='word_1_194' title='bbox 651 2702 887 2756; x_wconf 64' lang='lat' dir='ltr'><strong>cenatio</strong></span> <span class='ocrx_word' id='word_1_195' title='bbox 930 2712 1207 2771; x_wconf 82' lang='lat' dir='ltr'><strong>spargeret</strong></span> <span class='ocrx_word' id='word_1_196' title='bbox 1237 2704 1551 2773; x_wconf 86' lang='lat' dir='ltr'><strong>peregrinos</strong></span> <span class='ocrx_word' id='word_1_197' title='bbox 1577 2705 1799 2760; x_wconf 87' lang='lat' dir='ltr'><strong>naribus</strong></span> <span class='ocrx_word' id='word_1_198' title='bbox 1830 2707 1965 2759; x_wconf 81' lang='lat' dir='ltr'><strong>odo-</strong></span> 
     </span>
    </p>
   </div>
   <div class='ocr_carea' id='block_1_30' title="bbox 370 2793 1959 2865">
    <p class='ocr_par' dir='ltr' id='par_1_30' title="bbox 370 2793 1959 2865">
     <span class='ocr_line' id='line_1_30' title="bbox 370 2793 1959 2865; baseline 0.004 -20"><span class='ocrx_word' id='word_1_199' title='bbox 370 2805 483 2855; x_wconf 90' lang='lat' dir='ltr'><strong>res,</strong></span> <span class='ocrx_word' id='word_1_200' title='bbox 517 2801 571 2846; x_wconf 88' lang='lat' dir='ltr'><strong>et</strong></span> <span class='ocrx_word' id='word_1_201' title='bbox 590 2793 965 2848; x_wconf 83' lang='lat' dir='ltr'><strong>madescentes</strong></span> <span class='ocrx_word' id='word_1_202' title='bbox 991 2794 1159 2848; x_wconf 82' lang='lat' dir='ltr'><strong>nardo</strong></span> <span class='ocrx_word' id='word_1_203' title='bbox 1174 2794 1398 2865; x_wconf 87' lang='lat' dir='ltr'><strong>capillos</strong></span> <span class='ocrx_word' id='word_1_204' title='bbox 1424 2794 1744 2850; x_wconf 86' lang='lat' dir='ltr'><strong>circumfusa</strong></span> <span class='ocrx_word' id='word_1_205' title='bbox 1769 2798 1959 2851; x_wconf 86' lang='lat' dir='ltr'><strong>florum</strong></span> 
     </span>
    </p>
   </div>
   <div class='ocr_carea' id='block_1_31' title="bbox 367 2882 1963 2955">
    <p class='ocr_par' dir='ltr' id='par_1_31' title="bbox 367 2882 1963 2955">
     <span class='ocr_line' id='line_1_31' title="bbox 367 2882 1963 2955; baseline 0.004 -20"><span class='ocrx_word' id='word_1_206' title='bbox 367 2892 512 2936; x_wconf 80' lang='lat' dir='ltr'><strong>serta</strong></span> <span class='ocrx_word' id='word_1_207' title='bbox 554 2882 824 2939; x_wconf 85' lang='lat' dir='ltr'><strong>siccarent</strong></span> <span class='ocrx_word' id='word_1_208' title='bbox 858 2903 870 2937; x_wconf 88' lang='lat'>:</span> <span class='ocrx_word' id='word_1_209' title='bbox 903 2886 1069 2954; x_wconf 73' lang='lat' dir='ltr'><strong>erepit</strong></span> <span class='ocrx_word' id='word_1_210' title='bbox 1098 2900 1256 2955; x_wconf 85' lang='lat' dir='ltr'><strong>supra</strong></span> <span class='ocrx_word' id='word_1_211' title='bbox 1288 2894 1496 2955; x_wconf 87' lang='lat' dir='ltr'><strong>tergum</strong></span> <span class='ocrx_word' id='word_1_212' title='bbox 1523 2887 1603 2942; x_wconf 88' lang='lat' dir='ltr'><strong>sic</strong></span> <span class='ocrx_word' id='word_1_213' title='bbox 1646 2888 1963 2942; x_wconf 87' lang='lat' dir='ltr'><strong>recumben-</strong></span> 
     </span>
    </p>
   </div>
   <div class='ocr_carea' id='block_1_32' title="bbox 368 2973 1958 3043">
    <p class='ocr_par' dir='ltr' id='par_1_32' title="bbox 368 2973 1958 3043">
     <span class='ocr_line' id='line_1_32' title="bbox 368 2973 1958 3043; baseline 0.005 -18"><span class='ocrx_word' id='word_1_214' title='bbox 368 2973 438 3026; x_wconf 91' lang='lat' dir='ltr'><strong>tis</strong></span> <span class='ocrx_word' id='word_1_215' title='bbox 469 2983 689 3040; x_wconf 85' lang='lat' dir='ltr'><strong>repente</strong></span> <span class='ocrx_word' id='word_1_216' title='bbox 721 2975 917 3028; x_wconf 83' lang='lat' dir='ltr'><strong>vibrari</strong></span> <span class='ocrx_word' id='word_1_217' title='bbox 971 2990 1158 3029; x_wconf 88' lang='lat' dir='ltr'><strong>mucro</strong></span> <span class='ocrx_word' id='word_1_218' title='bbox 1198 2975 1477 3031; x_wconf 85' lang='lat' dir='ltr'><strong>districtus</strong></span> <span class='ocrx_word' id='word_1_219' title='bbox 1520 2991 1554 3032; x_wconf 78' lang='grc' dir='ltr'><strong>ο</strong></span> <span class='ocrx_word' id='word_1_220' title='bbox 1591 2976 1958 3043; x_wconf 81' lang='lat' dir='ltr'><strong>lacunaribus,</strong></span> 
     </span>
    </p>
   </div>
   <div class='ocr_carea' id='block_1_33' title="bbox 367 3065 1959 3140">
    <p class='ocr_par' dir='ltr' id='par_1_33' title="bbox 367 3065 1959 3140">
     <span class='ocr_line' id='line_1_33' title="bbox 367 3065 1959 3140; baseline 0.004 -21"><span class='ocrx_word' id='word_1_221' title='bbox 367 3065 458 3133; x_wconf 83' lang='lat' dir='ltr'><strong>qui</strong></span> <span class='ocrx_word' id='word_1_222' title='bbox 486 3066 767 3121; x_wconf 88' lang='lat' dir='ltr'><strong>videbatur</strong></span> <span class='ocrx_word' id='word_1_223' title='bbox 796 3067 850 3121; x_wconf 92' lang='lat' dir='ltr'><strong>in</strong></span> <span class='ocrx_word' id='word_1_224' title='bbox 877 3067 1122 3138; x_wconf 87' lang='lat' dir='ltr'><strong>jugulum</strong></span> <span class='ocrx_word' id='word_1_225' title='bbox 1150 3068 1428 3139; x_wconf 86' lang='lat' dir='ltr'><strong>purpurati</strong></span> <span class='ocrx_word' id='word_1_226' title='bbox 1466 3068 1575 3137; x_wconf 91' lang='lat' dir='ltr'><strong>jam</strong></span> <span class='ocrx_word' id='word_1_227' title='bbox 1602 3070 1822 3140; x_wconf 84' lang='lat' dir='ltr'><strong>jamque</strong></span> <span class='ocrx_word' id='word_1_228' title='bbox 1851 3070 1959 3125; x_wconf 88' lang='lat' dir='ltr'><strong>rui-</strong></span> 
     </span>
    </p>
   </div>
   <div class='ocr_carea' id='block_1_34' title="bbox 366 3162 1956 3233">
    <p class='ocr_par' dir='ltr' id='par_1_34' title="bbox 366 3162 1956 3233">
     <span class='ocr_line' id='line_1_34' title="bbox 366 3162 1956 3233; baseline 0.005 -22"><span class='ocrx_word' id='word_1_229' title='bbox 366 3169 521 3212; x_wconf 89' lang='lat' dir='ltr'><strong>turus</strong></span> <span class='ocrx_word' id='word_1_230' title='bbox 554 3178 565 3211; x_wconf 90' lang='lat'>:</span> <span class='ocrx_word' id='word_1_231' title='bbox 605 3174 725 3214; x_wconf 87' lang='lat' dir='ltr'><strong>nam</strong></span> <span class='ocrx_word' id='word_1_232' title='bbox 753 3162 842 3215; x_wconf 86' lang='lat' dir='ltr'><strong>filo</strong></span> <span class='ocrx_word' id='word_1_233' title='bbox 872 3163 1083 3232; x_wconf 63' lang='lat' dir='ltr'><strong>equinae</strong></span> <span class='ocrx_word' id='word_1_234' title='bbox 1112 3174 1243 3217; x_wconf 72' lang='lat' dir='ltr'><strong>seta:</strong></span> <span class='ocrx_word' id='word_1_235' title='bbox 1273 3162 1489 3233; x_wconf 89' lang='lat' dir='ltr'><strong>ligatus,</strong></span> <span class='ocrx_word' id='word_1_236' title='bbox 1532 3174 1585 3217; x_wconf 92' lang='lat' dir='ltr'><strong>et</strong></span> <span class='ocrx_word' id='word_1_237' title='bbox 1614 3163 1687 3218; x_wconf 87' lang='lat' dir='ltr'><strong>ita</strong></span> <span class='ocrx_word' id='word_1_238' title='bbox 1718 3163 1956 3232; x_wconf 87' lang='lat' dir='ltr'><strong>pondere</strong></span> 
     </span>
    </p>
   </div>
   <div class='ocr_carea' id='block_1_35' title="bbox 365 3250 1953 3324">
    <p class='ocr_par' dir='ltr' id='par_1_35' title="bbox 365 3250 1953 3324">
     <span class='ocr_line' id='line_1_35' title="bbox 365 3250 1953 3324; baseline 0.006 -22"><span class='ocrx_word' id='word_1_239' title='bbox 365 3250 568 3316; x_wconf 83' lang='lat' dir='ltr'><strong>minax,</strong></span> <span class='ocrx_word' id='word_1_240' title='bbox 600 3260 655 3305; x_wconf 93' lang='lat' dir='ltr'><strong>ut</strong></span> <span class='ocrx_word' id='word_1_241' title='bbox 703 3253 950 3308; x_wconf 85' lang='lat' dir='ltr'><strong>acumine</strong></span> <span class='ocrx_word' id='word_1_242' title='bbox 989 3253 1170 3324; x_wconf 88' lang='lat' dir='ltr'><strong>gulam</strong></span> <span class='ocrx_word' id='word_1_243' title='bbox 1197 3254 1538 3310; x_wconf 75' lang='lat' dir='ltr'><strong>formidolosi</strong></span> <span class='ocrx_word' id='word_1_244' title='bbox 1563 3254 1821 3312; x_wconf 80' lang='lat' dir='ltr'><strong>Tantaleo</strong></span> <span class='ocrx_word' id='word_1_245' title='bbox 1846 3256 1953 3312; x_wconf 40' lang='lat' dir='ltr'><strong>fret</strong></span> 
     </span>
    </p>
   </div>
   <div class='ocr_carea' id='block_1_36' title="bbox 439 3409 1946 3483">
    <p class='ocr_par' dir='ltr' id='par_1_36' title="bbox 439 3409 1946 3483">
     <span class='ocr_line' id='line_1_36' title="bbox 439 3409 1946 3483; baseline 0.005 -21"><span class='ocrx_word' id='word_1_246' title='bbox 439 3419 464 3447; x_wconf 80' lang='grc' dir='ltr'><strong>ι</strong></span> <span class='ocrx_word' id='word_1_247' title='bbox 480 3409 582 3477; x_wconf 88' lang='lat' dir='ltr'><strong>Qui</strong></span> <span class='ocrx_word' id='word_1_248' title='bbox 608 3411 745 3466; x_wconf 88' lang='lat' dir='ltr'><strong>sacri</strong></span> <span class='ocrx_word' id='word_1_249' title='bbox 775 3412 951 3483; x_wconf 85' lang='lat' dir='ltr'><strong>palatii</strong></span> <span class='ocrx_word' id='word_1_250' title='bbox 974 3424 1211 3483; x_wconf 67' lang='lat' dir='ltr'><strong>quaastor</strong></span> <span class='ocrx_word' id='word_1_251' title='bbox 1233 3414 1425 3471; x_wconf 82' lang='lat' dir='ltr'><strong>fuerat.</strong></span> <span class='ocrx_word' id='word_1_252' title='bbox 1441 3415 1720 3482; x_wconf 76' lang='lat' dir='ltr'><strong>Quaestum</strong></span> <span class='ocrx_word' id='word_1_253' title='bbox 1745 3424 1946 3482; x_wconf 87' lang='lat' dir='ltr'><strong>autem,</strong></span> 
     </span>
    </p>
   </div>
   <div class='ocr_carea' id='block_1_37' title="bbox 364 3482 1947 3556">
    <p class='ocr_par' dir='ltr' id='par_1_37' title="bbox 364 3482 1947 3556">
     <span class='ocr_line' id='line_1_37' title="bbox 364 3482 1947 3556; baseline 0.002 -21"><span class='ocrx_word' id='word_1_254' title='bbox 364 3482 487 3556; x_wconf 69' lang='lat' dir='ltr'><strong>quia</strong></span> <span class='ocrx_word' id='word_1_255' title='bbox 523 3484 800 3556; x_wconf 78' lang='lat' dir='ltr'><strong>litteratos</strong></span> <span class='ocrx_word' id='word_1_256' title='bbox 813 3482 1066 3556; x_wconf 78' lang='lat' dir='ltr'><strong>postulat,</strong></span> <span class='ocrx_word' id='word_1_257' title='bbox 1110 3485 1329 3556; x_wconf 78' lang='lat' dir='ltr'><strong>lignitas</strong></span> <span class='ocrx_word' id='word_1_258' title='bbox 1350 3486 1489 3542; x_wconf 88' lang='lat' dir='ltr'><strong>dicta</strong></span> <span class='ocrx_word' id='word_1_259' title='bbox 1515 3496 1598 3541; x_wconf 69' lang='lat' dir='ltr'><strong>est</strong></span> <span class='ocrx_word' id='word_1_260' title='bbox 1623 3487 1947 3554; x_wconf 88' lang='lat' dir='ltr'><strong>litterarum,</strong></span> 
     </span>
    </p>
   </div>
   <div class='ocr_carea' id='block_1_38' title="bbox 365 3552 1503 3613">
    <p class='ocr_par' dir='ltr' id='par_1_38' title="bbox 365 3552 1503 3613">
     <span class='ocr_line' id='line_1_38' title="bbox 365 3552 1503 3613; baseline 0.007 -8"><span class='ocrx_word' id='word_1_261' title='bbox 365 3568 394 3605; x_wconf 88' lang='lat' dir='ltr'><strong>a</strong></span> <span class='ocrx_word' id='word_1_262' title='bbox 425 3552 734 3606; x_wconf 88' lang='lat' dir='ltr'><strong>Senatoret</strong></span> <span class='ocrx_word' id='word_1_263' title='bbox 766 3554 971 3608; x_wconf 77' lang='lat' dir='ltr'><strong>Variar.</strong></span> <span class='ocrx_word' id='word_1_264' title='bbox 1004 3553 1093 3608; x_wconf 69' lang='lat' dir='ltr'><strong>i2.</strong></span> <span class='ocrx_word' id='word_1_265' title='bbox 1161 3552 1182 3556; x_wconf 75' lang='grc'><em>”</em></span> <span class='ocrx_word' id='word_1_266' title='bbox 1498 3608 1503 3613; x_wconf 82' lang='lat'><strong>.</strong></span> 
     </span>
    </p>
   </div>
   <div class='ocr_carea' id='block_1_39' title="bbox 438 3619 1952 3695">
    <p class='ocr_par' dir='ltr' id='par_1_39' title="bbox 438 3619 1952 3695">
     <span class='ocr_line' id='line_1_39' title="bbox 438 3619 1952 3695; baseline 0.005 -22"><span class='ocrx_word' id='word_1_267' title='bbox 438 3619 466 3657; x_wconf 71' lang='grc' dir='ltr'>δ</span> <span class='ocrx_word' id='word_1_268' title='bbox 490 3620 565 3674; x_wconf 91' lang='lat' dir='ltr'><strong>Ita</strong></span> <span class='ocrx_word' id='word_1_269' title='bbox 595 3622 719 3695; x_wconf 76' lang='lat' dir='ltr'><strong>libri</strong></span> <span class='ocrx_word' id='word_1_270' title='bbox 735 3638 1095 3695; x_wconf 86' lang='lat' dir='ltr'><strong>omnes,quos</strong></span> <span class='ocrx_word' id='word_1_271' title='bbox 1116 3625 1649 3682; x_wconf 72' lang='lat' dir='ltr'><strong>vidimus.Ca:terum</strong></span> <span class='ocrx_word' id='word_1_272' title='bbox 1675 3627 1777 3681; x_wconf 89' lang='lat' dir='ltr'><strong>vici</strong></span> <span class='ocrx_word' id='word_1_273' title='bbox 1796 3626 1952 3694; x_wconf 89' lang='lat' dir='ltr'><strong>hujus</strong></span> 
     </span>
    </p>
   </div>
   <div class='ocr_carea' id='block_1_40' title="bbox 364 3691 1952 3754">
    <p class='ocr_par' dir='ltr' id='par_1_40' title="bbox 364 3691 1952 3754">
     <span class='ocr_line' id='line_1_40' title="bbox 364 3691 1952 3754; baseline 0.003 -9"><span class='ocrx_word' id='word_1_274' title='bbox 364 3701 562 3745; x_wconf 77' lang='lat' dir='ltr'><strong>nomen</strong></span> <span class='ocrx_word' id='word_1_275' title='bbox 596 3691 914 3749; x_wconf 89' lang='lat' dir='ltr'><strong>hodiernum</strong></span> <span class='ocrx_word' id='word_1_276' title='bbox 957 3691 1131 3753; x_wconf 79' lang='lat' dir='ltr'><strong>adhuc</strong></span> <span class='ocrx_word' id='word_1_277' title='bbox 1182 3697 1465 3754; x_wconf 89' lang='lat' dir='ltr'><strong>incertum.</strong></span> <span class='ocrx_word' id='word_1_278' title='bbox 1497 3696 1633 3753; x_wconf 90' lang='lat' dir='ltr'><strong>Cum</strong></span> <span class='ocrx_word' id='word_1_279' title='bbox 1662 3707 1843 3753; x_wconf 89' lang='lat' dir='ltr'><strong>autem</strong></span> <span class='ocrx_word' id='word_1_280' title='bbox 1866 3691 1952 3751; x_wconf 25' lang='lat' dir='ltr'><strong>Vsi-</strong></span> 
     </span>
    </p>
   </div>
   <div class='ocr_carea' id='block_1_41' title="bbox 360 3834 3351 3858">
    <p class='ocr_par' dir='ltr' id='par_1_41' title="bbox 360 3834 3351 3858">
     <span class='ocr_line' id='line_1_41' title="bbox 360 3834 3351 3858; baseline 0.004 -24"><span class='ocrx_word' id='word_1_281' title='bbox 360 3834 3351 3858; x_wconf 65' lang='lat' dir='ltr'><em>W</em></span> 
     </span>
    </p>
   </div>
   <div class='ocr_carea' id='block_1_42' title="bbox 1996 1719 2046 1781">
    <p class='ocr_par' dir='ltr' id='par_1_42' title="bbox 1996 1719 2046 1781">
     <span class='ocr_line' id='line_1_42' title="bbox 1996 1719 2046 1781; baseline 0 0"><span class='ocrx_word' id='word_1_282' title='bbox 1996 1719 2046 1781; x_wconf 88' lang='lat' dir='ltr'><strong>B</strong></span> 
     </span>
    </p>
   </div>
   <div class='ocr_carea' id='block_1_43' title="bbox 2084 469 3661 551">
    <p class='ocr_par' dir='ltr' id='par_1_43' title="bbox 2084 469 3661 551">
     <span class='ocr_line' id='line_1_43' title="bbox 2084 469 3661 551; baseline 0.011 -30"><span class='ocrx_word' id='word_1_283' title='bbox 2084 472 2313 526; x_wconf 72' lang='lat' dir='ltr'><strong>exirent.</strong></span> <span class='ocrx_word' id='word_1_284' title='bbox 2338 469 2491 527; x_wconf 85' lang='lat' dir='ltr'><strong>Unde</strong></span> <span class='ocrx_word' id='word_1_285' title='bbox 2517 481 2636 541; x_wconf 86' lang='lat' dir='ltr'><strong>post</strong></span> <span class='ocrx_word' id='word_1_286' title='bbox 2664 475 2855 530; x_wconf 83' lang='lat' dir='ltr'><strong>mixtas</strong></span> <span class='ocrx_word' id='word_1_287' title='bbox 2884 475 3099 543; x_wconf 84' lang='lat' dir='ltr'><strong>ﬂetibus</strong></span> <span class='ocrx_word' id='word_1_288' title='bbox 3134 493 3324 545; x_wconf 85' lang='lat' dir='ltr'><strong>preces</strong></span> <span class='ocrx_word' id='word_1_289' title='bbox 3350 488 3510 551; x_wconf 88' lang='lat' dir='ltr'><strong>atque</strong></span> <span class='ocrx_word' id='word_1_290' title='bbox 3534 484 3661 549; x_wconf 80' lang='lat' dir='ltr'><strong>uitil-</strong></span> 
     </span>
    </p>
   </div>
   <div class='ocr_carea' id='block_1_44' title="bbox 2085 564 3663 641">
    <p class='ocr_par' dir='ltr' id='par_1_44' title="bbox 2085 564 3663 641">
     <span class='ocr_line' id='line_1_44' title="bbox 2085 564 3663 641; baseline 0.009 -28"><span class='ocrx_word' id='word_1_291' title='bbox 2085 564 2282 617; x_wconf 87' lang='lat' dir='ltr'><strong>timoda</strong></span> <span class='ocrx_word' id='word_1_292' title='bbox 2325 564 2580 633; x_wconf 84' lang='lat' dir='ltr'><strong>suspiria,</strong></span> <span class='ocrx_word' id='word_1_293' title='bbox 2628 566 2714 620; x_wconf 88' lang='lat' dir='ltr'><strong>vix</strong></span> <span class='ocrx_word' id='word_1_294' title='bbox 2763 568 3038 623; x_wconf 88' lang='lat' dir='ltr'><strong>absolutus</strong></span> <span class='ocrx_word' id='word_1_295' title='bbox 3080 571 3458 639; x_wconf 89' lang='lat' dir='ltr'><strong>emicatimque</strong></span> <span class='ocrx_word' id='word_1_296' title='bbox 3491 576 3663 641; x_wconf 67' lang='lat' dir='ltr'><strong>prusi«</strong></span> 
     </span>
    </p>
   </div>
   <div class='ocr_carea' id='block_1_45' title="bbox 2085 655 3663 734">
    <p class='ocr_par' dir='ltr' id='par_1_45' title="bbox 2085 655 3663 734">
     <span class='ocr_line' id='line_1_45' title="bbox 2085 655 3663 734; baseline 0.006 -25"><span class='ocrx_word' id='word_1_297' title='bbox 2085 655 2243 721; x_wconf 91' lang='lat' dir='ltr'><strong>liens,</strong></span> <span class='ocrx_word' id='word_1_298' title='bbox 2279 657 2366 712; x_wconf 89' lang='lat' dir='ltr'><strong>illa</strong></span> <span class='ocrx_word' id='word_1_299' title='bbox 2412 657 2608 727; x_wconf 88' lang='lat' dir='ltr'><strong>refugit</strong></span> <span class='ocrx_word' id='word_1_300' title='bbox 2634 658 2916 715; x_wconf 87' lang='lat' dir='ltr'><strong>celeritate</strong></span> <span class='ocrx_word' id='word_1_301' title='bbox 2945 660 3163 717; x_wconf 90' lang='lat' dir='ltr'><strong>divitias</strong></span> <span class='ocrx_word' id='word_1_302' title='bbox 3207 662 3535 734; x_wconf 84' lang='lat' dir='ltr'><strong>deliciasque</strong></span> <span class='ocrx_word' id='word_1_303' title='bbox 3581 681 3663 719; x_wconf 88' lang='lat' dir='ltr'><strong>re-</strong></span> 
     </span>
    </p>
   </div>
   <div class='ocr_carea' id='block_1_46' title="bbox 2082 749 3663 821">
    <p class='ocr_par' dir='ltr' id='par_1_46' title="bbox 2082 749 3663 821">
     <span class='ocr_line' id='line_1_46' title="bbox 2082 749 3663 821; baseline 0.005 -21"><span class='ocrx_word' id='word_1_304' title='bbox 2082 750 2249 818; x_wconf 80' lang='lat' dir='ltr'><strong>gales,</strong></span> <span class='ocrx_word' id='word_1_305' title='bbox 2297 764 2401 819; x_wconf 89' lang='lat' dir='ltr'><strong>qua</strong></span> <span class='ocrx_word' id='word_1_306' title='bbox 2448 749 2625 805; x_wconf 89' lang='lat' dir='ltr'><strong>solent</strong></span> <span class='ocrx_word' id='word_1_307' title='bbox 2678 752 2860 821; x_wconf 80' lang='lat' dir='ltr'><strong>appeti</strong></span> <span class='ocrx_word' id='word_1_308' title='bbox 2909 769 2922 805; x_wconf 89' lang='lat'><strong>:</strong></span> <span class='ocrx_word' id='word_1_309' title='bbox 2971 751 3225 807; x_wconf 91' lang='lat' dir='ltr'><strong>reductus</strong></span> <span class='ocrx_word' id='word_1_310' title='bbox 3280 754 3346 808; x_wconf 87' lang='lat' dir='ltr'><strong>ad</strong></span> <span class='ocrx_word' id='word_1_311' title='bbox 3398 754 3663 811; x_wconf 87' lang='lat' dir='ltr'><strong>desideria</strong></span> 
     </span>
    </p>
   </div>
   <div class='ocr_carea' id='block_1_47' title="bbox 2083 841 3663 913">
    <p class='ocr_par' dir='ltr' id='par_1_47' title="bbox 2083 841 3663 913">
     <span class='ocr_line' id='line_1_47' title="bbox 2083 841 3663 913; baseline 0.006 -19"><span class='ocrx_word' id='word_1_312' title='bbox 2083 841 2435 901; x_wconf 88' lang='lat' dir='ltr'><strong>mediocrium</strong></span> <span class='ocrx_word' id='word_1_313' title='bbox 2480 843 2674 899; x_wconf 87' lang='lat' dir='ltr'><strong>timore</strong></span> <span class='ocrx_word' id='word_1_314' title='bbox 2701 856 3032 907; x_wconf 86' lang='lat' dir='ltr'><strong>summorum</strong></span> <span class='ocrx_word' id='word_1_315' title='bbox 3056 886 3072 910; x_wconf 91' lang='lat'><strong>,</strong></span> <span class='ocrx_word' id='word_1_316' title='bbox 3100 854 3154 900; x_wconf 89' lang='lat' dir='ltr'><strong>et</strong></span> <span class='ocrx_word' id='word_1_317' title='bbox 3191 848 3321 901; x_wconf 80' lang='lat' dir='ltr'><strong>satis</strong></span> <span class='ocrx_word' id='word_1_318' title='bbox 3347 861 3566 913; x_wconf 83' lang='lat' dir='ltr'><strong>cavens,</strong></span> <span class='ocrx_word' id='word_1_319' title='bbox 3600 863 3663 903; x_wconf 82' lang='lat' dir='ltr'><strong>ne</strong></span> 
     </span>
    </p>
   </div>
   <div class='ocr_carea' id='block_1_48' title="bbox 2084 935 3663 1011">
    <p class='ocr_par' dir='ltr' id='par_1_48' title="bbox 2084 935 3663 1011">
     <span class='ocr_line' id='line_1_48' title="bbox 2084 935 3663 1011; baseline 0.003 -22"><span class='ocrx_word' id='word_1_320' title='bbox 2084 935 2294 990; x_wconf 86' lang='lat' dir='ltr'><strong>beatum</strong></span> <span class='ocrx_word' id='word_1_321' title='bbox 2319 937 2457 991; x_wconf 89' lang='lat' dir='ltr'><strong>ultra</strong></span> <span class='ocrx_word' id='word_1_322' title='bbox 2479 936 2691 993; x_wconf 85' lang='lat' dir='ltr'><strong>diceret</strong></span> <span class='ocrx_word' id='word_1_323' title='bbox 2717 936 3067 1008; x_wconf 84' lang='lat' dir='ltr'><strong>duceretque,</strong></span> <span class='ocrx_word' id='word_1_324' title='bbox 3097 942 3186 1009; x_wconf 88' lang='lat' dir='ltr'><strong>qui</strong></span> <span class='ocrx_word' id='word_1_325' title='bbox 3214 949 3398 1011; x_wconf 78' lang='lat' dir='ltr'><strong>sepius</strong></span> <span class='ocrx_word' id='word_1_326' title='bbox 3419 941 3584 997; x_wconf 90' lang='lat' dir='ltr'><strong>armis</strong></span> <span class='ocrx_word' id='word_1_327' title='bbox 3602 956 3663 995; x_wconf 89' lang='lat' dir='ltr'><strong>ac</strong></span> 
     </span>
    </p>
   </div>
   <div class='ocr_carea' id='block_1_49' title="bbox 2081 1026 3735 1099">
    <p class='ocr_par' dir='ltr' id='par_1_49' title="bbox 2081 1026 3735 1099">
     <span class='ocr_line' id='line_1_49' title="bbox 2081 1026 3735 1099; baseline 0.001 -19"><span class='ocrx_word' id='word_1_328' title='bbox 2081 1026 2424 1095; x_wconf 86' lang='lat' dir='ltr'><strong>satellitibus,</strong></span> <span class='ocrx_word' id='word_1_329' title='bbox 2450 1037 2505 1083; x_wconf 89' lang='lat' dir='ltr'><strong>et</strong></span> <span class='ocrx_word' id='word_1_330' title='bbox 2534 1029 2757 1098; x_wconf 88' lang='lat' dir='ltr'><strong>perhoc</strong></span> <span class='ocrx_word' id='word_1_331' title='bbox 2798 1027 2966 1099; x_wconf 90' lang='lat' dir='ltr'><strong>raptis</strong></span> <span class='ocrx_word' id='word_1_332' title='bbox 2998 1027 3257 1086; x_wconf 87' lang='lat' dir='ltr'><strong>incubans</strong></span> <span class='ocrx_word' id='word_1_333' title='bbox 3278 1030 3493 1099; x_wconf 89' lang='lat' dir='ltr'><strong>opibus,</strong></span> <span class='ocrx_word' id='word_1_334' title='bbox 3524 1031 3665 1085; x_wconf 84' lang='lat' dir='ltr'><strong>ferro</strong></span> <span class='ocrx_word' id='word_1_335' title='bbox 3728 1062 3735 1071; x_wconf 73' lang='grc' dir='ltr'><strong>ο</strong></span> 
     </span>
    </p>
   </div>
   <div class='ocr_carea' id='block_1_50' title="bbox 2080 1119 3662 1191">
    <p class='ocr_par' dir='ltr' id='par_1_50' title="bbox 2080 1119 3662 1191">
     <span class='ocr_line' id='line_1_50' title="bbox 2080 1119 3662 1191; baseline 0.001 -17"><span class='ocrx_word' id='word_1_336' title='bbox 2080 1133 2320 1189; x_wconf 89' lang='lat' dir='ltr'><strong>pressus,</strong></span> <span class='ocrx_word' id='word_1_337' title='bbox 2356 1128 2629 1190; x_wconf 86' lang='lat' dir='ltr'><strong>premeret</strong></span> <span class='ocrx_word' id='word_1_338' title='bbox 2656 1134 2868 1176; x_wconf 85' lang='lat' dir='ltr'><strong>aurum.</strong></span> <span class='ocrx_word' id='word_1_339' title='bbox 2892 1119 3230 1191; x_wconf 86' lang='lat' dir='ltr'><strong>Quapropter</strong></span> <span class='ocrx_word' id='word_1_340' title='bbox 3258 1122 3324 1176; x_wconf 92' lang='lat' dir='ltr'><strong>ad</strong></span> <span class='ocrx_word' id='word_1_341' title='bbox 3354 1132 3550 1177; x_wconf 78' lang='lat' dir='ltr'><strong>Statum</strong></span> <span class='ocrx_word' id='word_1_342' title='bbox 3576 1122 3662 1176; x_wconf 36' lang='lat' dir='ltr'><strong>hu.</strong></span> 
     </span>
    </p>
   </div>
   <div class='ocr_carea' id='block_1_51' title="bbox 2074 1212 3662 1283">
    <p class='ocr_par' dir='ltr' id='par_1_51' title="bbox 2074 1212 3662 1283">
     <span class='ocr_line' id='line_1_51' title="bbox 2074 1212 3662 1283; baseline 0.001 -16"><span class='ocrx_word' id='word_1_343' title='bbox 2074 1213 2333 1283; x_wconf 91' lang='lat' dir='ltr'><strong>jusmodi,</strong></span> <span class='ocrx_word' id='word_1_344' title='bbox 2376 1212 2597 1270; x_wconf 90' lang='lat' dir='ltr'><strong>domine</strong></span> <span class='ocrx_word' id='word_1_345' title='bbox 2640 1214 2827 1283; x_wconf 89' lang='lat' dir='ltr'><strong>frater,</strong></span> <span class='ocrx_word' id='word_1_346' title='bbox 2866 1216 3053 1271; x_wconf 84' lang='lat' dir='ltr'><strong>nescio</strong></span> <span class='ocrx_word' id='word_1_347' title='bbox 3094 1230 3160 1279; x_wconf 84' lang='lat' dir='ltr'><strong>an</strong></span> <span class='ocrx_word' id='word_1_348' title='bbox 3204 1224 3411 1271; x_wconf 90' lang='lat' dir='ltr'><strong>constet</strong></span> <span class='ocrx_word' id='word_1_349' title='bbox 3442 1215 3662 1271; x_wconf 88' lang='lat' dir='ltr'><strong>tendere</strong></span> 
     </span>
    </p>
   </div>
   <div class='ocr_carea' id='block_1_52' title="bbox 2079 1308 3423 1381">
    <p class='ocr_par' dir='ltr' id='par_1_52' title="bbox 2079 1308 3423 1381">
     <span class='ocr_line' id='line_1_52' title="bbox 2079 1308 3423 1381; baseline -0.001 -17"><span class='ocrx_word' id='word_1_350' title='bbox 2079 1308 2265 1366; x_wconf 85' lang='lat' dir='ltr'><strong>beatos</strong></span> <span class='ocrx_word' id='word_1_351' title='bbox 2295 1326 2309 1364; x_wconf 90' lang='lat'><strong>:</strong></span> <span class='ocrx_word' id='word_1_352' title='bbox 2343 1318 2487 1379; x_wconf 89' lang='lat' dir='ltr'><strong>patet</strong></span> <span class='ocrx_word' id='word_1_353' title='bbox 2512 1320 2661 1366; x_wconf 88' lang='lat' dir='ltr'><strong>certe</strong></span> <span class='ocrx_word' id='word_1_354' title='bbox 2690 1310 2916 1367; x_wconf 87' lang='lat' dir='ltr'><strong>miseros</strong></span> <span class='ocrx_word' id='word_1_355' title='bbox 2946 1310 3248 1381; x_wconf 86' lang='lat' dir='ltr'><strong>pervenire.</strong></span> <span class='ocrx_word' id='word_1_356' title='bbox 3274 1308 3423 1366; x_wconf 78' lang='lat' dir='ltr'><strong>Vale.</strong></span> 
     </span>
    </p>
   </div>
   <div class='ocr_carea' id='block_1_53' title="bbox 2538 1443 3195 1516">
    <p class='ocr_par' dir='ltr' id='par_1_53' title="bbox 2538 1443 3195 1516">
     <span class='ocr_line' id='line_1_53' title="bbox 2538 1443 3195 1516; baseline 0 -16"><span class='ocrx_word' id='word_1_357' title='bbox 2538 1444 2648 1516; x_wconf 75' lang='lat' dir='ltr'><strong>eo</strong></span> <span class='ocrx_word' id='word_1_358' title='bbox 2684 1443 3017 1502; x_wconf 74' lang='lat' dir='ltr'><strong>EPISTOLA</strong></span> <span class='ocrx_word' id='word_1_359' title='bbox 3060 1445 3195 1501; x_wconf 81' lang='lat' dir='ltr'><strong>xw.</strong></span> 
     </span>
    </p>
   </div>
   <div class='ocr_carea' id='block_1_54' title="bbox 2395 1556 3328 1616">
    <p class='ocr_par' dir='ltr' id='par_1_54' title="bbox 2395 1556 3328 1616">
     <span class='ocr_line' id='line_1_54' title="bbox 2395 1556 3328 1616; baseline 0.005 -5"><span class='ocrx_word' id='word_1_360' title='bbox 2395 1556 2645 1613; x_wconf 80' lang='lat' dir='ltr'><strong>Sidonius</strong></span> <span class='ocrx_word' id='word_1_361' title='bbox 2676 1556 2946 1613; x_wconf 76' lang='lat' dir='ltr'><strong>Maurusio</strong></span> <span class='ocrx_word' id='word_1_362' title='bbox 2970 1577 3062 1613; x_wconf 81' lang='lat' dir='ltr'><strong>suo</strong></span> <span class='ocrx_word' id='word_1_363' title='bbox 3095 1561 3328 1616; x_wconf 80' lang='lat' dir='ltr'><strong>salutem.</strong></span> 
     </span>
    </p>
   </div>
   <div class='ocr_carea' id='block_1_55' title="bbox 2146 1667 3659 1747">
    <p class='ocr_par' dir='ltr' id='par_1_55' title="bbox 2146 1667 3659 1747">
     <span class='ocr_line' id='line_1_55' title="bbox 2146 1667 3659 1747; baseline 0.01 -24"><span class='ocrx_word' id='word_1_364' title='bbox 2146 1668 2319 1723; x_wconf 85' lang='lat' dir='ltr'><strong>Audio</strong></span> <span class='ocrx_word' id='word_1_365' title='bbox 2351 1667 2628 1726; x_wconf 76' lang='lat' dir='ltr'><strong>industria:</strong></span> <span class='ocrx_word' id='word_1_366' title='bbox 2659 1682 2761 1726; x_wconf 67' lang='lat' dir='ltr'><strong>ture</strong></span> <span class='ocrx_word' id='word_1_367' title='bbox 2796 1672 3041 1743; x_wconf 88' lang='lat' dir='ltr'><strong>votisque</strong></span> <span class='ocrx_word' id='word_1_368' title='bbox 3090 1678 3463 1734; x_wconf 89' lang='lat' dir='ltr'><strong>communibus</strong></span> <span class='ocrx_word' id='word_1_369' title='bbox 3483 1723 3496 1747; x_wconf 90' lang='lat'><strong>,</strong></span> <span class='ocrx_word' id='word_1_370' title='bbox 3531 1680 3659 1738; x_wconf 45' lang='lat' dir='ltr'><strong>ube‘</strong></span> 
     </span>
    </p>
   </div>
   <div class='ocr_carea' id='block_1_56' title="bbox 2078 1764 3660 1839">
    <p class='ocr_par' dir='ltr' id='par_1_56' title="bbox 2078 1764 3660 1839">
     <span class='ocr_line' id='line_1_56' title="bbox 2078 1764 3660 1839; baseline 0.008 -22"><span class='ocrx_word' id='word_1_371' title='bbox 2078 1764 2225 1819; x_wconf 91' lang='lat' dir='ltr'><strong>riore</strong></span> <span class='ocrx_word' id='word_1_372' title='bbox 2256 1774 2520 1833; x_wconf 89' lang='lat' dir='ltr'><strong>proventu</strong></span> <span class='ocrx_word' id='word_1_373' title='bbox 2561 1780 2717 1834; x_wconf 90' lang='lat' dir='ltr'><strong>quam</strong></span> <span class='ocrx_word' id='word_1_374' title='bbox 2753 1764 3055 1821; x_wconf 88' lang='lat' dir='ltr'><strong>minabatur</strong></span> <span class='ocrx_word' id='word_1_375' title='bbox 3099 1769 3301 1825; x_wconf 87' lang='lat' dir='ltr'><strong>sterilis</strong></span> <span class='ocrx_word' id='word_1_376' title='bbox 3330 1786 3532 1839; x_wconf 85' lang='lat' dir='ltr'><strong>annos,</strong></span> <span class='ocrx_word' id='word_1_377' title='bbox 3577 1788 3660 1830; x_wconf 88' lang='lat' dir='ltr'><strong>re-</strong></span> 
     </span>
    </p>
   </div>
   <div class='ocr_carea' id='block_1_57' title="bbox 2076 1856 3659 1933">
    <p class='ocr_par' dir='ltr' id='par_1_57' title="bbox 2076 1856 3659 1933">
     <span class='ocr_line' id='line_1_57' title="bbox 2076 1856 3659 1933; baseline 0.006 -22"><span class='ocrx_word' id='word_1_378' title='bbox 2076 1857 2346 1927; x_wconf 88' lang='lat' dir='ltr'><strong>spondere</strong></span> <span class='ocrx_word' id='word_1_379' title='bbox 2375 1856 2723 1912; x_wconf 80' lang='lat' dir='ltr'><strong>vindemiam.</strong></span> <span class='ocrx_word' id='word_1_380' title='bbox 2754 1857 2906 1923; x_wconf 89' lang='lat' dir='ltr'><strong>Unde</strong></span> <span class='ocrx_word' id='word_1_381' title='bbox 2936 1869 2989 1915; x_wconf 89' lang='lat' dir='ltr'><strong>et</strong></span> <span class='ocrx_word' id='word_1_382' title='bbox 3016 1860 3068 1915; x_wconf 90' lang='lat' dir='ltr'><strong>in</strong></span> <span class='ocrx_word' id='word_1_383' title='bbox 3093 1859 3119 1898; x_wconf 73' lang='grc' dir='ltr'>ι’</span> <span class='ocrx_word' id='word_1_384' title='bbox 3147 1878 3278 1931; x_wconf 81' lang='lat' dir='ltr'><strong>pago</strong></span> <span class='ocrx_word' id='word_1_385' title='bbox 3306 1863 3659 1933; x_wconf 81' lang='lat' dir='ltr'><strong>Vialoscensi,</strong></span> 
     </span>
    </p>
   </div>
   <div class='ocr_carea' id='block_1_58' title="bbox 2074 1951 3660 2029">
    <p class='ocr_par' dir='ltr' id='par_1_58' title="bbox 2074 1951 3660 2029">
     <span class='ocr_line' id='line_1_58' title="bbox 2074 1951 3660 2029; baseline 0.008 -25"><span class='ocrx_word' id='word_1_386' title='bbox 2074 1951 2163 2021; x_wconf 90' lang='lat' dir='ltr'><strong>qui</strong></span> <span class='ocrx_word' id='word_1_387' title='bbox 2197 1951 2450 2006; x_wconf 81' lang='lat' dir='ltr'><strong>Martialis</strong></span> <span class='ocrx_word' id='word_1_388' title='bbox 2483 1959 2641 2006; x_wconf 65' lang='lat' dir='ltr'><strong>actate</strong></span> <span class='ocrx_word' id='word_1_389' title='bbox 2694 1952 2951 2009; x_wconf 89' lang='lat' dir='ltr'><strong>citeriore</strong></span> <span class='ocrx_word' id='word_1_390' title='bbox 3004 1956 3265 2011; x_wconf 86' lang='lat' dir='ltr'><strong>vocitatus</strong></span> <span class='ocrx_word' id='word_1_391' title='bbox 3309 1966 3393 2013; x_wconf 86' lang='lat' dir='ltr'><strong>est</strong></span> <span class='ocrx_word' id='word_1_392' title='bbox 3440 1969 3660 2029; x_wconf 88' lang='lat' dir='ltr'><strong>pr0pter</strong></span> 
     </span>
    </p>
   </div>
   <div class='ocr_carea' id='block_1_59' title="bbox 2076 2042 3655 2119">
    <p class='ocr_par' dir='ltr' id='par_1_59' title="bbox 2076 2042 3655 2119">
     <span class='ocr_line' id='line_1_59' title="bbox 2076 2042 3655 2119; baseline 0.007 -23"><span class='ocrx_word' id='word_1_393' title='bbox 2076 2042 2295 2099; x_wconf 87' lang='lat' dir='ltr'><strong>hiberna</strong></span> <span class='ocrx_word' id='word_1_394' title='bbox 2344 2043 2611 2114; x_wconf 78' lang='lat' dir='ltr'><strong>legionum</strong></span> <span class='ocrx_word' id='word_1_395' title='bbox 2652 2043 3006 2113; x_wconf 75' lang='lat' dir='ltr'><strong>,lulianarum,</strong></span> <span class='ocrx_word' id='word_1_396' title='bbox 3059 2050 3306 2119; x_wconf 83' lang='lat' dir='ltr'><strong>suspicor</strong></span> <span class='ocrx_word' id='word_1_397' title='bbox 3345 2050 3655 2108; x_wconf 88' lang='lat' dir='ltr'><strong>diuturnius</strong></span> 
     </span>
    </p>
   </div>
   <div class='ocr_carea' id='block_1_60' title="bbox 2074 2136 3657 2212">
    <p class='ocr_par' dir='ltr' id='par_1_60' title="bbox 2074 2136 3657 2212">
     <span class='ocr_line' id='line_1_60' title="bbox 2074 2136 3657 2212; baseline 0.005 -23"><span class='ocrx_word' id='word_1_398' title='bbox 2074 2144 2126 2191; x_wconf 89' lang='lat' dir='ltr'><strong>te</strong></span> <span class='ocrx_word' id='word_1_399' title='bbox 2177 2146 2528 2191; x_wconf 89' lang='lat' dir='ltr'><strong>moraturum.</strong></span> <span class='ocrx_word' id='word_1_400' title='bbox 2564 2136 2681 2203; x_wconf 86' lang='lat' dir='ltr'><strong>Quo</strong></span> <span class='ocrx_word' id='word_1_401' title='bbox 2733 2138 2853 2193; x_wconf 89' lang='lat' dir='ltr'><strong>loco</strong></span> <span class='ocrx_word' id='word_1_402' title='bbox 2885 2139 2979 2193; x_wconf 88' lang='lat' dir='ltr'><strong>tibi</strong></span> <span class='ocrx_word' id='word_1_403' title='bbox 3011 2154 3133 2194; x_wconf 90' lang='lat' dir='ltr'><strong>cum</strong></span> <span class='ocrx_word' id='word_1_404' title='bbox 3184 2142 3333 2196; x_wconf 86' lang='lat' dir='ltr'><strong>ferax</strong></span> <span class='ocrx_word' id='word_1_405' title='bbox 3366 2143 3517 2199; x_wconf 89' lang='lat' dir='ltr'><strong>vinea</strong></span> <span class='ocrx_word' id='word_1_406' title='bbox 3549 2155 3657 2212; x_wconf 88' lang='lat' dir='ltr'><strong>est,</strong></span> 
     </span>
    </p>
   </div>
   <div class='ocr_carea' id='block_1_61' title="bbox 2073 2229 3659 2303">
    <p class='ocr_par' dir='ltr' id='par_1_61' title="bbox 2073 2229 3659 2303">
     <span class='ocr_line' id='line_1_61' title="bbox 2073 2229 3659 2303; baseline 0.008 -23"><span class='ocrx_word' id='word_1_407' title='bbox 2073 2237 2181 2281; x_wconf 92' lang='lat' dir='ltr'><strong>tum</strong></span> <span class='ocrx_word' id='word_1_408' title='bbox 2211 2236 2473 2298; x_wconf 66' lang='lat' dir='ltr'><strong>praeterea</strong></span> <span class='ocrx_word' id='word_1_409' title='bbox 2520 2229 2778 2299; x_wconf 82' lang='lat' dir='ltr'><strong>pr:cdium</strong></span> <span class='ocrx_word' id='word_1_410' title='bbox 2828 2246 3021 2302; x_wconf 78' lang='lat' dir='ltr'><strong>magno</strong></span> <span class='ocrx_word' id='word_1_411' title='bbox 3063 2249 3168 2286; x_wconf 90' lang='lat' dir='ltr'><strong>non</strong></span> <span class='ocrx_word' id='word_1_412' title='bbox 3215 2235 3392 2290; x_wconf 89' lang='lat' dir='ltr'><strong>minus</strong></span> <span class='ocrx_word' id='word_1_413' title='bbox 3417 2236 3659 2303; x_wconf 83' lang='lat' dir='ltr'><strong>domino,</strong></span> 
     </span>
    </p>
   </div>
   <div class='ocr_carea' id='block_1_62' title="bbox 2069 2321 3659 2399">
    <p class='ocr_par' dir='ltr' id='par_1_62' title="bbox 2069 2321 3659 2399">
     <span class='ocr_line' id='line_1_62' title="bbox 2069 2321 3659 2399; baseline 0.007 -24"><span class='ocrx_word' id='word_1_414' title='bbox 2069 2321 2211 2389; x_wconf 88' lang='lat' dir='ltr'><strong>quod</strong></span> <span class='ocrx_word' id='word_1_415' title='bbox 2245 2332 2296 2377; x_wconf 90' lang='lat' dir='ltr'><strong>te</strong></span> <span class='ocrx_word' id='word_1_416' title='bbox 2350 2331 2578 2392; x_wconf 85' lang='lat' dir='ltr'><strong>tuosque</strong></span> <span class='ocrx_word' id='word_1_417' title='bbox 2618 2322 2893 2393; x_wconf 86' lang='lat' dir='ltr'><strong>plurifaria</strong></span> <span class='ocrx_word' id='word_1_418' title='bbox 2946 2325 3157 2395; x_wconf 84' lang='lat' dir='ltr'><strong>frugum</strong></span> <span class='ocrx_word' id='word_1_419' title='bbox 3209 2328 3659 2399; x_wconf 86' lang='lat' dir='ltr'><strong>mansionumque</strong></span> 
     </span>
    </p>
   </div>
   <div class='ocr_carea' id='block_1_63' title="bbox 2069 2415 3656 2494">
    <p class='ocr_par' dir='ltr' id='par_1_63' title="bbox 2069 2415 3656 2494">
     <span class='ocr_line' id='line_1_63' title="bbox 2069 2415 3656 2494; baseline 0.006 -25"><span class='ocrx_word' id='word_1_420' title='bbox 2069 2415 2195 2470; x_wconf 90' lang='lat' dir='ltr'><strong>dote</strong></span> <span class='ocrx_word' id='word_1_421' title='bbox 2245 2426 2567 2471; x_wconf 88' lang='lat' dir='ltr'><strong>remoretur.</strong></span> <span class='ocrx_word' id='word_1_422' title='bbox 2610 2417 2761 2477; x_wconf 85' lang='lat' dir='ltr'><strong>Ilicet</strong></span> <span class='ocrx_word' id='word_1_423' title='bbox 2784 2418 2826 2473; x_wconf 87' lang='lat' dir='ltr'><strong>si</strong></span> <span class='ocrx_word' id='word_1_424' title='bbox 2860 2417 3068 2473; x_wconf 90' lang='lat' dir='ltr'><strong>horreis</strong></span> <span class='ocrx_word' id='word_1_425' title='bbox 3112 2420 3517 2494; x_wconf 82' lang='lat' dir='ltr'><strong>apothecisque,</strong></span> <span class='ocrx_word' id='word_1_426' title='bbox 3561 2440 3656 2481; x_wconf 89' lang='lat' dir='ltr'><strong>seu</strong></span> 
     </span>
    </p>
   </div>
   <div class='ocr_carea' id='block_1_64' title="bbox 2068 2510 3658 2581">
    <p class='ocr_par' dir='ltr' id='par_1_64' title="bbox 2068 2510 3658 2581">
     <span class='ocr_line' id='line_1_64' title="bbox 2068 2510 3658 2581; baseline 0.005 -17"><span class='ocrx_word' id='word_1_427' title='bbox 2068 2526 2208 2579; x_wconf 88' lang='lat' dir='ltr'><strong>penu</strong></span> <span class='ocrx_word' id='word_1_428' title='bbox 2250 2511 2501 2580; x_wconf 89' lang='lat' dir='ltr'><strong>impleta,</strong></span> <span class='ocrx_word' id='word_1_429' title='bbox 2529 2510 2771 2567; x_wconf 73' lang='lat' dir='ltr'><strong>destinas</strong></span> <span class='ocrx_word' id='word_1_430' title='bbox 2806 2511 2915 2566; x_wconf 91' lang='lat' dir='ltr'><strong>illic</strong></span> <span class='ocrx_word' id='word_1_431' title='bbox 2945 2527 3112 2581; x_wconf 91' lang='lat' dir='ltr'><strong>usque</strong></span> <span class='ocrx_word' id='word_1_432' title='bbox 3151 2514 3218 2568; x_wconf 88' lang='lat' dir='ltr'><strong>ad</strong></span> <span class='ocrx_word' id='word_1_433' title='bbox 3259 2515 3544 2572; x_wconf 88' lang='lat' dir='ltr'><strong>adventum</strong></span> <span class='ocrx_word' id='word_1_434' title='bbox 3577 2517 3658 2572; x_wconf 84' lang='lat' dir='ltr'><strong>hi-</strong></span> 
     </span>
    </p>
   </div>
   <div class='ocr_carea' id='block_1_65' title="bbox 2070 2602 3656 2682">
    <p class='ocr_par' dir='ltr' id='par_1_65' title="bbox 2070 2602 3656 2682">
     <span class='ocr_line' id='line_1_65' title="bbox 2070 2602 3656 2682; baseline 0.007 -26"><span class='ocrx_word' id='word_1_435' title='bbox 2070 2604 2414 2670; x_wconf 87' lang='lat' dir='ltr'><strong>rundineum,</strong></span> <span class='ocrx_word' id='word_1_436' title='bbox 2443 2602 2526 2657; x_wconf 84' lang='lat' dir='ltr'><strong>vel</strong></span> <span class='ocrx_word' id='word_1_437' title='bbox 2553 2604 2877 2669; x_wconf 89' lang='lat' dir='ltr'><strong>cic0ninnm,</strong></span> <span class='ocrx_word' id='word_1_438' title='bbox 2898 2606 3018 2661; x_wconf 85' lang='lat' dir='ltr'><strong>Jani</strong></span> <span class='ocrx_word' id='word_1_439' title='bbox 3051 2606 3343 2676; x_wconf 58' lang='lat' dir='ltr'><strong>Nomasque</strong></span> <span class='ocrx_word' id='word_1_440' title='bbox 3370 2609 3656 2682; x_wconf 87' lang='lat' dir='ltr'><strong>ninguidos</strong></span> 
     </span>
    </p>
   </div>
   <div class='ocr_carea' id='block_1_66' title="bbox 2068 2694 3656 2771">
    <p class='ocr_par' dir='ltr' id='par_1_66' title="bbox 2068 2694 3656 2771">
     <span class='ocr_line' id='line_1_66' title="bbox 2068 2694 3656 2771; baseline 0.006 -22"><span class='ocrx_word' id='word_1_441' title='bbox 2068 2710 2282 2750; x_wconf 80' lang='lat' dir='ltr'><strong>menses</strong></span> <span class='ocrx_word' id='word_1_442' title='bbox 2310 2695 2363 2750; x_wconf 94' lang='lat' dir='ltr'><strong>in</strong></span> <span class='ocrx_word' id='word_1_443' title='bbox 2392 2695 2504 2751; x_wconf 92' lang='lat' dir='ltr'><strong>otio</strong></span> <span class='ocrx_word' id='word_1_444' title='bbox 2538 2694 2847 2764; x_wconf 81' lang='lat' dir='ltr'><strong>fuliginoso,</strong></span> <span class='ocrx_word' id='word_1_445' title='bbox 2874 2711 2971 2752; x_wconf 90' lang='lat' dir='ltr'><strong>seu</strong></span> <span class='ocrx_word' id='word_1_446' title='bbox 2995 2698 3231 2753; x_wconf 90' lang='lat' dir='ltr'><strong>tunicata</strong></span> <span class='ocrx_word' id='word_1_447' title='bbox 3259 2702 3444 2771; x_wconf 89' lang='lat' dir='ltr'><strong>quiete</strong></span> <span class='ocrx_word' id='word_1_448' title='bbox 3476 2711 3656 2758; x_wconf 86' lang='lat' dir='ltr'><strong>trans-</strong></span> 
     </span>
    </p>
   </div>
   <div class='ocr_carea' id='block_1_67' title="bbox 2068 2788 3656 2863">
    <p class='ocr_par' dir='ltr' id='par_1_67' title="bbox 2068 2788 3656 2863">
     <span class='ocr_line' id='line_1_67' title="bbox 2068 2788 3656 2863; baseline 0.008 -22"><span class='ocrx_word' id='word_1_449' title='bbox 2068 2790 2301 2854; x_wconf 89' lang='lat' dir='ltr'><strong>mittere,</strong></span> <span class='ocrx_word' id='word_1_450' title='bbox 2353 2788 2505 2843; x_wconf 90' lang='lat' dir='ltr'><strong>nobis</strong></span> <span class='ocrx_word' id='word_1_451' title='bbox 2546 2804 2759 2859; x_wconf 89' lang='lat' dir='ltr'><strong>quoque</strong></span> <span class='ocrx_word' id='word_1_452' title='bbox 2788 2804 2975 2859; x_wconf 88' lang='lat' dir='ltr'><strong>parum</strong></span> <span class='ocrx_word' id='word_1_453' title='bbox 3023 2791 3074 2844; x_wconf 90' lang='lat' dir='ltr'><strong>in</strong></span> <span class='ocrx_word' id='word_1_454' title='bbox 3124 2792 3321 2863; x_wconf 87' lang='lat' dir='ltr'><strong>oppido</strong></span> <span class='ocrx_word' id='word_1_455' title='bbox 3368 2794 3656 2854; x_wconf 73' lang='lat' dir='ltr'><strong>fructuosa</strong></span> 
     </span>
    </p>
   </div>
   <div class='ocr_carea' id='block_1_68' title="bbox 2068 2880 3654 2951">
    <p class='ocr_par' dir='ltr' id='par_1_68' title="bbox 2068 2880 3654 2951">
     <span class='ocr_line' id='line_1_68' title="bbox 2068 2880 3654 2951; baseline 0.011 -22"><span class='ocrx_word' id='word_1_456' title='bbox 2068 2880 2313 2946; x_wconf 82' lang='lat' dir='ltr'><strong>protinus</strong></span> <span class='ocrx_word' id='word_1_457' title='bbox 2371 2881 2791 2948; x_wconf 88' lang='lat' dir='ltr'><strong>amputabuntur</strong></span> <span class='ocrx_word' id='word_1_458' title='bbox 2844 2897 3020 2936; x_wconf 79' lang='lat' dir='ltr'><strong>causa:</strong></span> <span class='ocrx_word' id='word_1_459' title='bbox 3072 2898 3376 2951; x_wconf 88' lang='lat' dir='ltr'><strong>morarum;</strong></span> <span class='ocrx_word' id='word_1_460' title='bbox 3424 2896 3481 2941; x_wconf 89' lang='lat' dir='ltr'><strong>ut</strong></span> <span class='ocrx_word' id='word_1_461' title='bbox 3525 2888 3654 2946; x_wconf 84' lang='lat' dir='ltr'><strong>dum</strong></span> 
     </span>
    </p>
   </div>
   <div class='ocr_carea' id='block_1_69' title="bbox 2067 2972 3655 3051">
    <p class='ocr_par' dir='ltr' id='par_1_69' title="bbox 2067 2972 3655 3051">
     <span class='ocr_line' id='line_1_69' title="bbox 2067 2972 3655 3051; baseline 0.006 -24"><span class='ocrx_word' id='word_1_462' title='bbox 2067 2972 2184 3041; x_wconf 51' lang='lat' dir='ltr'><strong>ipse</strong></span> <span class='ocrx_word' id='word_1_463' title='bbox 2244 2973 2494 3026; x_wconf 88' lang='lat' dir='ltr'><strong>nimirum</strong></span> <span class='ocrx_word' id='word_1_464' title='bbox 2528 2972 2724 3027; x_wconf 86' lang='lat' dir='ltr'><strong>frueris</strong></span> <span class='ocrx_word' id='word_1_465' title='bbox 2749 2988 2899 3037; x_wconf 87' lang='lat' dir='ltr'><strong>rure,</strong></span> <span class='ocrx_word' id='word_1_466' title='bbox 2929 2988 3028 3029; x_wconf 91' lang='lat' dir='ltr'><strong>nos</strong></span> <span class='ocrx_word' id='word_1_467' title='bbox 3078 2983 3129 3030; x_wconf 91' lang='lat' dir='ltr'><strong>te</strong></span> <span class='ocrx_word' id='word_1_468' title='bbox 3167 2974 3428 3046; x_wconf 81' lang='lat' dir='ltr'><strong>fruamur,</strong></span> <span class='ocrx_word' id='word_1_469' title='bbox 3461 2981 3655 3051; x_wconf 87' lang='lat' dir='ltr'><strong>quibus</strong></span> 
     </span>
    </p>
   </div>
   <div class='ocr_carea' id='block_1_70' title="bbox 2068 3067 3655 3143">
    <p class='ocr_par' dir='ltr' id='par_1_70' title="bbox 2068 3067 3655 3143">
     <span class='ocr_line' id='line_1_70' title="bbox 2068 3067 3655 3143; baseline 0.008 -24"><span class='ocrx_word' id='word_1_470' title='bbox 2068 3078 2125 3120; x_wconf 89' lang='lat' dir='ltr'><strong>ut</strong></span> <span class='ocrx_word' id='word_1_471' title='bbox 2167 3067 2545 3136; x_wconf 83' lang='lat' dir='ltr'><strong>recognoscis,</strong></span> <span class='ocrx_word' id='word_1_472' title='bbox 2593 3081 2696 3121; x_wconf 92' lang='lat' dir='ltr'><strong>non</strong></span> <span class='ocrx_word' id='word_1_473' title='bbox 2746 3068 2915 3136; x_wconf 89' lang='lat' dir='ltr'><strong>magis</strong></span> <span class='ocrx_word' id='word_1_474' title='bbox 2945 3067 3095 3123; x_wconf 91' lang='lat' dir='ltr'><strong>cordi</strong></span> <span class='ocrx_word' id='word_1_475' title='bbox 3142 3077 3226 3124; x_wconf 84' lang='lat' dir='ltr'><strong>est</strong></span> <span class='ocrx_word' id='word_1_476' title='bbox 3274 3080 3367 3125; x_wconf 90' lang='lat' dir='ltr'><strong>aut</strong></span> <span class='ocrx_word' id='word_1_477' title='bbox 3396 3073 3655 3143; x_wconf 83' lang='lat' dir='ltr'><strong>voluptati</strong></span> 
     </span>
    </p>
   </div>
   <div class='ocr_carea' id='block_1_71' title="bbox 2058 3157 3655 3236">
    <p class='ocr_par' dir='ltr' id='par_1_71' title="bbox 2058 3157 3655 3236">
     <span class='ocr_line' id='line_1_71' title="bbox 2058 3157 3655 3236; baseline 0.007 -25"><span class='ocrx_word' id='word_1_478' title='bbox 2058 3174 2194 3229; x_wconf 9' lang='lat' dir='ltr'><strong>vager</strong></span> <span class='ocrx_word' id='word_1_479' title='bbox 2220 3174 2341 3213; x_wconf 90' lang='lat' dir='ltr'><strong>cum</strong></span> <span class='ocrx_word' id='word_1_480' title='bbox 2389 3157 2648 3213; x_wconf 86' lang='lat' dir='ltr'><strong>reditibus</strong></span> <span class='ocrx_word' id='word_1_481' title='bbox 2695 3158 2913 3226; x_wconf 89' lang='lat' dir='ltr'><strong>amplis,</strong></span> <span class='ocrx_word' id='word_1_482' title='bbox 2965 3174 3126 3230; x_wconf 91' lang='lat' dir='ltr'><strong>quam</strong></span> <span class='ocrx_word' id='word_1_483' title='bbox 3175 3160 3387 3216; x_wconf 89' lang='lat' dir='ltr'><strong>vicinus</strong></span> <span class='ocrx_word' id='word_1_484' title='bbox 3433 3167 3655 3236; x_wconf 67' lang='lat' dir='ltr'><strong>aequalis</strong></span> 
     </span>
    </p>
   </div>
   <div class='ocr_carea' id='block_1_72' title="bbox 2070 3242 3617 3309">
    <p class='ocr_par' dir='ltr' id='par_1_72' title="bbox 2070 3242 3617 3309">
     <span class='ocr_line' id='line_1_72' title="bbox 2070 3242 3617 3309; baseline -0.008 0"><span class='ocrx_word' id='word_1_485' title='bbox 2070 3271 2191 3309; x_wconf 91' lang='lat' dir='ltr'><strong>cum</strong></span> <span class='ocrx_word' id='word_1_486' title='bbox 2224 3251 2377 3307; x_wconf 91' lang='lat' dir='ltr'><strong>bonis</strong></span> <span class='ocrx_word' id='word_1_487' title='bbox 2402 3250 2662 3305; x_wconf 89' lang='lat' dir='ltr'><strong>moribus.</strong></span> <span class='ocrx_word' id='word_1_488' title='bbox 2698 3250 2844 3305; x_wconf 68' lang='lat' dir='ltr'><strong>Vale.</strong></span> <span class='ocrx_word' id='word_1_489' title='bbox 3610 3242 3617 3248; x_wconf 85' lang='grc'><em>’</em></span> 
     </span>
    </p>
   </div>
   <div class='ocr_carea' id='block_1_73' title="bbox 2064 3407 3649 3481">
    <p class='ocr_par' dir='ltr' id='par_1_73' title="bbox 2064 3407 3649 3481">
     <span class='ocr_line' id='line_1_73' title="bbox 2064 3407 3649 3481; baseline -0.002 -15"><span class='ocrx_word' id='word_1_490' title='bbox 2064 3414 2282 3481; x_wconf 78' lang='lat' dir='ltr'><strong>gnifiret</strong></span> <span class='ocrx_word' id='word_1_491' title='bbox 2335 3409 2644 3481; x_wconf 87' lang='lat' dir='ltr'><strong>antiquttm_</strong></span> <span class='ocrx_word' id='word_1_492' title='bbox 2674 3407 2811 3481; x_wconf 51' lang='lat' dir='ltr'><strong>illius</strong></span> <span class='ocrx_word' id='word_1_493' title='bbox 2862 3423 3069 3481; x_wconf 84' lang='lat' dir='ltr'><strong>nomen</strong></span> <span class='ocrx_word' id='word_1_494' title='bbox 3106 3408 3267 3464; x_wconf 89' lang='lat' dir='ltr'><strong>fuisse</strong></span> <span class='ocrx_word' id='word_1_495' title='bbox 3310 3408 3649 3481; x_wconf 10' lang='lat' dir='ltr'><strong>fVialoscutn,</strong></span> 
     </span>
    </p>
   </div>
   <div class='ocr_carea' id='block_1_74' title="bbox 2065 3477 3651 3553">
    <p class='ocr_par' dir='ltr' id='par_1_74' title="bbox 2065 3477 3651 3553">
     <span class='ocr_line' id='line_1_74' title="bbox 2065 3477 3651 3553; baseline 0.001 -18"><span class='ocrx_word' id='word_1_496' title='bbox 2065 3477 2248 3553; x_wconf 75' lang='lat' dir='ltr'><strong>postea</strong></span> <span class='ocrx_word' id='word_1_497' title='bbox 2273 3481 2341 3534; x_wconf 90' lang='lat' dir='ltr'><strong>oh</strong></span> <span class='ocrx_word' id='word_1_498' title='bbox 2369 3480 2589 3534; x_wconf 88' lang='lat' dir='ltr'><strong>hiberna</strong></span> <span class='ocrx_word' id='word_1_499' title='bbox 2620 3478 2745 3533; x_wconf 83' lang='lat' dir='ltr'><strong>Julii</strong></span> <span class='ocrx_word' id='word_1_500' title='bbox 2770 3477 3000 3553; x_wconf 65' lang='lat' dir='ltr'><strong>Cmsaris</strong></span> <span class='ocrx_word' id='word_1_501' title='bbox 3022 3479 3216 3553; x_wconf 82' lang='lat' dir='ltr'><strong>dictum</strong></span> <span class='ocrx_word' id='word_1_502' title='bbox 3249 3480 3413 3535; x_wconf 73' lang='lat' dir='ltr'><strong>fuisse</strong></span> <span class='ocrx_word' id='word_1_503' title='bbox 3441 3477 3651 3537; x_wconf 54' lang='lat' dir='ltr'><strong>Martia;</strong></span> 
     </span>
    </p>
   </div>
   <div class='ocr_carea' id='block_1_75' title="bbox 2060 3550 3649 3623">
    <p class='ocr_par' dir='ltr' id='par_1_75' title="bbox 2060 3550 3649 3623">
     <span class='ocr_line' id='line_1_75' title="bbox 2060 3550 3649 3623; baseline 0 -15"><span class='ocrx_word' id='word_1_504' title='bbox 2060 3550 2205 3618; x_wconf 81' lang='lat' dir='ltr'><strong>lem,</strong></span> <span class='ocrx_word' id='word_1_505' title='bbox 2237 3568 2342 3606; x_wconf 88' lang='lat' dir='ltr'><strong>non</strong></span> <span class='ocrx_word' id='word_1_506' title='bbox 2375 3555 2714 3619; x_wconf 87' lang='lat' dir='ltr'><strong>aspernanda</strong></span> <span class='ocrx_word' id='word_1_507' title='bbox 2742 3560 2825 3605; x_wconf 79' lang='lat' dir='ltr'><strong>est</strong></span> <span class='ocrx_word' id='word_1_508' title='bbox 2854 3550 3165 3623; x_wconf 80' lang='lat' dir='ltr'><strong>Savaronis</strong></span> <span class='ocrx_word' id='word_1_509' title='bbox 3195 3553 3529 3623; x_wconf 84' lang='lat' dir='ltr'><strong>conjectura,</strong></span> <span class='ocrx_word' id='word_1_510' title='bbox 3559 3555 3649 3623; x_wconf 88' lang='lat' dir='ltr'><strong>qui</strong></span> 
     </span>
    </p>
   </div>
   <div class='ocr_carea' id='block_1_76' title="bbox 2064 3621 3646 3692">
    <p class='ocr_par' dir='ltr' id='par_1_76' title="bbox 2064 3621 3646 3692">
     <span class='ocr_line' id='line_1_76' title="bbox 2064 3621 3646 3692; baseline -0.002 -13"><span class='ocrx_word' id='word_1_511' title='bbox 2064 3626 2375 3679; x_wconf 70' lang='grc' dir='ltr'>Μεινιίειριιιιι</span> <span class='ocrx_word' id='word_1_512' title='bbox 2422 3637 2544 3675; x_wconf 82' lang='lat' dir='ltr'><strong>esse</strong></span> <span class='ocrx_word' id='word_1_513' title='bbox 2598 3630 2778 3689; x_wconf 85' lang='lat' dir='ltr'><strong>putat,</strong></span> <span class='ocrx_word' id='word_1_514' title='bbox 2835 3621 3008 3674; x_wconf 81' lang='lat' dir='ltr'><strong>vicum</strong></span> <span class='ocrx_word' id='word_1_515' title='bbox 3060 3622 3171 3690; x_wconf 87' lang='lat' dir='ltr'><strong>agri</strong></span> <span class='ocrx_word' id='word_1_516' title='bbox 3224 3621 3646 3692; x_wconf 74' lang='lat' dir='ltr'><strong>Ricomageusis,</strong></span> 
     </span>
    </p>
   </div>
   <div class='ocr_carea' id='block_1_77' title="bbox 2068 3693 2623 3750">
    <p class='ocr_par' dir='ltr' id='par_1_77' title="bbox 2068 3693 2623 3750">
     <span class='ocr_line' id='line_1_77' title="bbox 2068 3693 2623 3750; baseline -0.009 0"><span class='ocrx_word' id='word_1_517' title='bbox 2068 3695 2289 3750; x_wconf 79' lang='lat' dir='ltr'><strong>Volvico</strong></span> <span class='ocrx_word' id='word_1_518' title='bbox 2316 3693 2623 3746; x_wconf 87' lang='lat' dir='ltr'><strong>finitimum.</strong></span> 
     </span>
    </p>
   </div>
   <div class='ocr_carea' id='block_1_78' title="bbox 3357 3838 3620 3850">
    <p class='ocr_par' dir='ltr' id='par_1_78' title="bbox 3357 3838 3620 3850">
     <span class='ocr_line' id='line_1_78' title="bbox 3357 3838 3620 3850; baseline 0.011 -3"><span class='ocrx_word' id='word_1_519' title='bbox 3357 3838 3620 3850; x_wconf 52' lang='lat' dir='ltr'>w</span> 
     </span>
    </p>
   </div>
   <div class='ocr_carea' id='block_1_79' title="bbox 1325 3938 2680 4057">
    <p class='ocr_par' dir='ltr' id='par_1_79' title="bbox 1325 3938 2680 4057">
     <span class='ocr_line' id='line_1_79' title="bbox 1325 3938 2680 4057; baseline -0.008 1"><span class='ocrx_word' id='word_1_520' title='bbox 1325 3948 1807 4057; x_wconf 81' lang='lat' dir='ltr'><strong><em>LIBER</em></strong></span> <span class='ocrx_word' id='word_1_521' title='bbox 1916 3942 2245 4055; x_wconf 85' lang='lat' dir='ltr'><strong>TER</strong></span> <span class='ocrx_word' id='word_1_522' title='bbox 2270 3941 2445 4049; x_wconf 93' lang='lat' dir='ltr'><em>TI</em></span> <span class='ocrx_word' id='word_1_523' title='bbox 2457 3938 2570 4045; x_wconf 76' lang='grc' dir='ltr'><strong><em>Π</em></strong></span> <span class='ocrx_word' id='word_1_524' title='bbox 2563 3940 2680 4047; x_wconf 85' lang='lat' dir='ltr'><strong>S.</strong></span> 
     </span>
    </p>
   </div>
   <div class='ocr_carea' id='block_1_80' title="bbox 778 4131 1526 4205">
    <p class='ocr_par' dir='ltr' id='par_1_80' title="bbox 778 4131 1526 4205">
     <span class='ocr_line' id='line_1_80' title="bbox 778 4131 1526 4205; baseline 0.007 -19"><span class='ocrx_word' id='word_1_525' title='bbox 778 4131 884 4205; x_wconf 76' lang='lat'><strong>6]</strong></span> <span class='ocrx_word' id='word_1_526' title='bbox 921 4133 1254 4190; x_wconf 81' lang='lat' dir='ltr'><strong>EPISTOLA</strong></span> <span class='ocrx_word' id='word_1_527' title='bbox 1292 4134 1526 4191; x_wconf 78' lang='lat' dir='ltr'><strong>PRIMA.</strong></span> 
     </span>
    </p>
   </div>
   <div class='ocr_carea' id='block_1_81' title="bbox 719 4225 1593 4283">
    <p class='ocr_par' dir='ltr' id='par_1_81' title="bbox 719 4225 1593 4283">
     <span class='ocr_line' id='line_1_81' title="bbox 719 4225 1593 4283; baseline 0.002 -2"><span class='ocrx_word' id='word_1_528' title='bbox 719 4227 963 4282; x_wconf 83' lang='lat' dir='ltr'><strong>Sidonius</strong></span> <span class='ocrx_word' id='word_1_529' title='bbox 993 4225 1019 4264; x_wconf 73' lang='grc' dir='ltr'>ἀ</span> <span class='ocrx_word' id='word_1_530' title='bbox 1051 4228 1194 4282; x_wconf 78' lang='lat' dir='ltr'><strong>Avito</strong></span> <span class='ocrx_word' id='word_1_531' title='bbox 1233 4246 1328 4282; x_wconf 82' lang='lat' dir='ltr'><strong>suo</strong></span> <span class='ocrx_word' id='word_1_532' title='bbox 1358 4230 1593 4283; x_wconf 80' lang='lat' dir='ltr'><strong>salutem.</strong></span> 
     </span>
    </p>
   </div>
   <div class='ocr_carea' id='block_1_82' title="bbox 432 4317 1947 4390">
    <p class='ocr_par' dir='ltr' id='par_1_82' title="bbox 432 4317 1947 4390">
     <span class='ocr_line' id='line_1_82' title="bbox 432 4317 1947 4390; baseline 0.001 -16"><span class='ocrx_word' id='word_1_533' title='bbox 432 4317 611 4374; x_wconf 80' lang='lat' dir='ltr'><strong>Multis</strong></span> <span class='ocrx_word' id='word_1_534' title='bbox 633 4320 846 4389; x_wconf 86' lang='lat' dir='ltr'><strong>quidem</strong></span> <span class='ocrx_word' id='word_1_535' title='bbox 882 4319 1104 4375; x_wconf 74' lang='lat' dir='ltr'><strong>vinculis</strong></span> <span class='ocrx_word' id='word_1_536' title='bbox 1132 4320 1373 4376; x_wconf 84' lang='lat' dir='ltr'><strong>caritatis</strong></span> <span class='ocrx_word' id='word_1_537' title='bbox 1410 4320 1478 4376; x_wconf 90' lang='lat' dir='ltr'><strong>ab</strong></span> <span class='ocrx_word' id='word_1_538' title='bbox 1520 4322 1739 4377; x_wconf 87' lang='lat' dir='ltr'><strong>ineunte</strong></span> <span class='ocrx_word' id='word_1_539' title='bbox 1767 4322 1947 4390; x_wconf 84' lang='lat' dir='ltr'><strong>pueri-</strong></span> 
     </span>
    </p>
   </div>
   <div class='ocr_carea' id='block_1_83' title="bbox 362 4411 1951 4486">
    <p class='ocr_par' dir='ltr' id='par_1_83' title="bbox 362 4411 1951 4486">
     <span class='ocr_line' id='line_1_83' title="bbox 362 4411 1951 4486; baseline 0.002 -21"><span class='ocrx_word' id='word_1_540' title='bbox 362 4411 456 4477; x_wconf 75' lang='lat' dir='ltr'><strong>tia,</strong></span> <span class='ocrx_word' id='word_1_541' title='bbox 484 4411 741 4482; x_wconf 89' lang='lat' dir='ltr'><strong>quidquid</strong></span> <span class='ocrx_word' id='word_1_542' title='bbox 766 4414 1008 4468; x_wconf 82' lang='lat' dir='ltr'><strong>venimus</strong></span> <span class='ocrx_word' id='word_1_543' title='bbox 1031 4415 1081 4468; x_wconf 91' lang='lat' dir='ltr'><strong>in</strong></span> <span class='ocrx_word' id='word_1_544' title='bbox 1101 4415 1460 4483; x_wconf 88' lang='lat' dir='ltr'><strong>jnventutem,</strong></span> <span class='ocrx_word' id='word_1_545' title='bbox 1481 4415 1665 4486; x_wconf 60' lang='lat' dir='ltr'><strong>gratia!</strong></span> <span class='ocrx_word' id='word_1_546' title='bbox 1687 4431 1808 4470; x_wconf 90' lang='lat' dir='ltr'><strong>sese</strong></span> <span class='ocrx_word' id='word_1_547' title='bbox 1834 4432 1951 4469; x_wconf 90' lang='grc' dir='ltr'>ιιιιι-</span> 
     </span>
    </p>
   </div>
   <div class='ocr_carea' id='block_1_84' title="bbox 2059 4124 3646 4199">
    <p class='ocr_par' dir='ltr' id='par_1_84' title="bbox 2059 4124 3646 4199">
     <span class='ocr_line' id='line_1_84' title="bbox 2059 4124 3646 4199; baseline 0.001 -17"><span class='ocrx_word' id='word_1_548' title='bbox 2059 4128 2226 4191; x_wconf 85' lang='lat' dir='ltr'><strong>sonis,</strong></span> <span class='ocrx_word' id='word_1_549' title='bbox 2258 4127 2367 4198; x_wconf 71' lang='lat'><strong>62</strong></span> <span class='ocrx_word' id='word_1_550' title='bbox 2392 4127 2473 4179; x_wconf 87' lang='lat' dir='ltr'><strong>vel</strong></span> <span class='ocrx_word' id='word_1_551' title='bbox 2504 4124 2818 4193; x_wconf 72' lang='lat' dir='ltr'><strong>expetendis</strong></span> <span class='ocrx_word' id='word_1_552' title='bbox 2849 4124 3126 4194; x_wconf 69' lang='lat' dir='ltr'><strong>mqualiter</strong></span> <span class='ocrx_word' id='word_1_553' title='bbox 3148 4127 3230 4181; x_wconf 85' lang='lat' dir='ltr'><strong>vel</strong></span> <span class='ocrx_word' id='word_1_554' title='bbox 3257 4127 3528 4195; x_wconf 88' lang='lat' dir='ltr'><strong>cavendis,</strong></span> <span class='ocrx_word' id='word_1_555' title='bbox 3556 4130 3646 4199; x_wconf 84' lang='lat' dir='ltr'><strong>ju-</strong></span> 
     </span>
    </p>
   </div>
   <div class='ocr_carea' id='block_1_85' title="bbox 2058 4221 3644 4292">
    <p class='ocr_par' dir='ltr' id='par_1_85' title="bbox 2058 4221 3644 4292">
     <span class='ocr_line' id='line_1_85' title="bbox 2058 4221 3644 4292; baseline 0.001 -15"><span class='ocrx_word' id='word_1_556' title='bbox 2058 4225 2180 4278; x_wconf 77' lang='lat' dir='ltr'><strong>dieii</strong></span> <span class='ocrx_word' id='word_1_557' title='bbox 2211 4224 2473 4292; x_wconf 77' lang='lat' dir='ltr'><strong>parilitate</strong></span> <span class='ocrx_word' id='word_1_558' title='bbox 2502 4221 2844 4275; x_wconf 77' lang='lat' dir='ltr'><strong>certavimus.</strong></span> <span class='ocrx_word' id='word_1_559' title='bbox 2876 4221 3102 4290; x_wconf 82' lang='lat' dir='ltr'><strong>Propter</strong></span> <span class='ocrx_word' id='word_1_560' title='bbox 3128 4236 3245 4290; x_wconf 67' lang='lat' dir='ltr'><strong>qua:</strong></span> <span class='ocrx_word' id='word_1_561' title='bbox 3274 4223 3474 4287; x_wconf 90' lang='lat' dir='ltr'><strong>omnia,</strong></span> <span class='ocrx_word' id='word_1_562' title='bbox 3502 4238 3644 4291; x_wconf 77' lang='lat' dir='ltr'><strong>pra:-</strong></span> 
     </span>
    </p>
   </div>
   <div class='ocr_carea' id='block_1_86' title="bbox 2060 4314 3645 4385">
    <p class='ocr_par' dir='ltr' id='par_1_86' title="bbox 2060 4314 3645 4385">
     <span class='ocr_line' id='line_1_86' title="bbox 2060 4314 3645 4385; baseline -0.001 -14"><span class='ocrx_word' id='word_1_563' title='bbox 2060 4326 2142 4371; x_wconf 89' lang='lat' dir='ltr'><strong>ter</strong></span> <span class='ocrx_word' id='word_1_564' title='bbox 2172 4316 2557 4371; x_wconf 72' lang='lat' dir='ltr'><strong>conscientiam</strong></span> <span class='ocrx_word' id='word_1_565' title='bbox 2590 4330 2709 4383; x_wconf 81' lang='lat' dir='ltr'><strong>quae</strong></span> <span class='ocrx_word' id='word_1_566' title='bbox 2740 4314 2961 4369; x_wconf 86' lang='lat' dir='ltr'><strong>interius</strong></span> <span class='ocrx_word' id='word_1_567' title='bbox 2998 4316 3092 4368; x_wconf 81' lang='lat' dir='ltr'><strong>tibi</strong></span> <span class='ocrx_word' id='word_1_568' title='bbox 3126 4316 3281 4384; x_wconf 79' lang='lat' dir='ltr'><strong>longe</strong></span> <span class='ocrx_word' id='word_1_569' title='bbox 3306 4320 3645 4385; x_wconf 66' lang='lat' dir='ltr'><strong>priestantior</strong></span> 
     </span>
    </p>
   </div>
   <div class='ocr_carea' id='block_1_87' title="bbox 2056 4407 3646 4478">
    <p class='ocr_par' dir='ltr' id='par_1_87' title="bbox 2056 4407 3646 4478">
     <span class='ocr_line' id='line_1_87' title="bbox 2056 4407 3646 4478; baseline 0 -17"><span class='ocrx_word' id='word_1_570' title='bbox 2056 4409 2512 4477; x_wconf 81' lang='lat' dir='ltr'><strong>eminentiorque,</strong></span> <span class='ocrx_word' id='word_1_571' title='bbox 2566 4407 2795 4460; x_wconf 89' lang='lat' dir='ltr'><strong>multum</strong></span> <span class='ocrx_word' id='word_1_572' title='bbox 2827 4407 3131 4461; x_wconf 85' lang='lat' dir='ltr'><strong>voluntates</strong></span> <span class='ocrx_word' id='word_1_573' title='bbox 3183 4417 3392 4461; x_wconf 87' lang='lat' dir='ltr'><strong>nostras</strong></span> <span class='ocrx_word' id='word_1_574' title='bbox 3428 4411 3646 4478; x_wconf 76' lang='lat' dir='ltr'><strong>COpttla-</strong></span> 
     </span>
    </p>
   </div>
   <div class='ocr_carea' id='block_1_88' title="bbox 360 4500 3643 4607">
    <p class='ocr_par' dir='ltr' id='par_1_88' title="bbox 360 4500 3643 4607">
     <span class='ocr_line' id='line_1_88' title="bbox 360 4500 3643 4607; baseline -0 -50"><span class='ocrx_word' id='word_1_575' title='bbox 360 4513 468 4558; x_wconf 64' lang='lat' dir='ltr'><strong>ture</strong></span> <span class='ocrx_word' id='word_1_576' title='bbox 511 4519 637 4557; x_wconf 89' lang='lat' dir='ltr'><strong>cura</strong></span> <span class='ocrx_word' id='word_1_577' title='bbox 689 4516 966 4559; x_wconf 83' lang='lat' dir='ltr'><strong>nexuerat.</strong></span> <span class='ocrx_word' id='word_1_578' title='bbox 1004 4505 1238 4561; x_wconf 83' lang='lat' dir='ltr'><strong>Primum</strong></span> <span class='ocrx_word' id='word_1_579' title='bbox 1269 4508 1393 4577; x_wconf 85' lang='lat' dir='ltr'><strong>quia</strong></span> <span class='ocrx_word' id='word_1_580' title='bbox 1445 4508 1705 4561; x_wconf 72' lang='lat' dir='ltr'><strong>matribus</strong></span> <span class='ocrx_word' id='word_1_581' title='bbox 1751 4508 2211 4607; x_wconf 76' lang='lat' dir='ltr'><strong>nostristerat</strong></span> <span class='ocrx_word' id='word_1_582' title='bbox 2258 4504 2604 4557; x_wconf 82' lang='lat' dir='ltr'><strong>decor-arum</strong></span> <span class='ocrx_word' id='word_1_583' title='bbox 2652 4500 2953 4555; x_wconf 77' lang='lat' dir='ltr'><strong>forinsecus</strong></span> <span class='ocrx_word' id='word_1_584' title='bbox 3004 4503 3275 4555; x_wconf 90' lang='lat' dir='ltr'><strong>actionum</strong></span> <span class='ocrx_word' id='word_1_585' title='bbox 3330 4504 3643 4557; x_wconf 81' lang='lat' dir='ltr'><strong>similitudo.</strong></span> 
     </span>
    </p>
   </div>
   <div class='ocr_carea' id='block_1_89' title="bbox 357 4597 1947 4669">
    <p class='ocr_par' dir='ltr' id='par_1_89' title="bbox 357 4597 1947 4669">
     <span class='ocr_line' id='line_1_89' title="bbox 357 4597 1947 4669; baseline 0.001 -18"><span class='ocrx_word' id='word_1_586' title='bbox 357 4610 569 4651; x_wconf 87' lang='lat' dir='ltr'><strong>summa</strong></span> <span class='ocrx_word' id='word_1_587' title='bbox 613 4597 888 4666; x_wconf 87' lang='lat' dir='ltr'><strong>sanguinis</strong></span> <span class='ocrx_word' id='word_1_588' title='bbox 914 4597 1085 4667; x_wconf 86' lang='lat' dir='ltr'><strong>juncti</strong></span> <span class='ocrx_word' id='word_1_589' title='bbox 1120 4599 1482 4654; x_wconf 88' lang='lat' dir='ltr'><strong>necessitudo.</strong></span> <span class='ocrx_word' id='word_1_590' title='bbox 1515 4600 1647 4654; x_wconf 89' lang='lat' dir='ltr'><strong>Dein</strong></span> <span class='ocrx_word' id='word_1_591' title='bbox 1676 4600 1815 4669; x_wconf 86' lang='lat' dir='ltr'><strong>quod</strong></span> <span class='ocrx_word' id='word_1_592' title='bbox 1852 4598 1947 4666; x_wconf 74' lang='lat' dir='ltr'><strong>ipsi</strong></span> 
     </span>
    </p>
   </div>
   <div class='ocr_carea' id='block_1_90' title="bbox 357 4689 1947 4761">
    <p class='ocr_par' dir='ltr' id='par_1_90' title="bbox 357 4689 1947 4761">
     <span class='ocr_line' id='line_1_90' title="bbox 357 4689 1947 4761; baseline -0.001 -16"><span class='ocrx_word' id='word_1_593' title='bbox 357 4689 549 4745; x_wconf 84' lang='lat' dir='ltr'><strong>iisdem</strong></span> <span class='ocrx_word' id='word_1_594' title='bbox 582 4690 914 4760; x_wconf 84' lang='lat' dir='ltr'><strong>temporibus</strong></span> <span class='ocrx_word' id='word_1_595' title='bbox 940 4694 1075 4758; x_wconf 89' lang='lat' dir='ltr'><strong>nati,</strong></span> <span class='ocrx_word' id='word_1_596' title='bbox 1121 4691 1390 4761; x_wconf 86' lang='lat' dir='ltr'><strong>magistris</strong></span> <span class='ocrx_word' id='word_1_597' title='bbox 1423 4695 1524 4757; x_wconf 90' lang='lat' dir='ltr'><strong>usi,</strong></span> <span class='ocrx_word' id='word_1_598' title='bbox 1559 4692 1762 4745; x_wconf 88' lang='lat' dir='ltr'><strong>artibus</strong></span> <span class='ocrx_word' id='word_1_599' title='bbox 1793 4692 1947 4744; x_wconf 81' lang='lat' dir='ltr'><strong>insti-</strong></span> 
     </span>
    </p>
   </div>
   <div class='ocr_carea' id='block_1_91' title="bbox 357 4781 1950 4852">
    <p class='ocr_par' dir='ltr' id='par_1_91' title="bbox 357 4781 1950 4852">
     <span class='ocr_line' id='line_1_91' title="bbox 357 4781 1950 4852; baseline 0 -17"><span class='ocrx_word' id='word_1_600' title='bbox 357 4783 481 4844; x_wconf 85' lang='lat' dir='ltr'><strong>tuti.</strong></span> <span class='ocrx_word' id='word_1_601' title='bbox 508 4784 712 4837; x_wconf 86' lang='lat' dir='ltr'><strong>lusibus</strong></span> <span class='ocrx_word' id='word_1_602' title='bbox 740 4783 914 4847; x_wconf 90' lang='lat' dir='ltr'><strong>otiati,</strong></span> <span class='ocrx_word' id='word_1_603' title='bbox 945 4782 1276 4852; x_wconf 88' lang='lat' dir='ltr'><strong>principibus</strong></span> <span class='ocrx_word' id='word_1_604' title='bbox 1305 4783 1500 4847; x_wconf 82' lang='lat' dir='ltr'><strong>evecti,</strong></span> <span class='ocrx_word' id='word_1_605' title='bbox 1533 4781 1815 4850; x_wconf 82' lang='lat' dir='ltr'><strong>stipendiis</strong></span> <span class='ocrx_word' id='word_1_606' title='bbox 1841 4797 1950 4850; x_wconf 82' lang='lat' dir='ltr'><strong>per-</strong></span> 
     </span>
    </p>
   </div>
   <div class='ocr_carea' id='block_1_92' title="bbox 357 4873 1950 4943">
    <p class='ocr_par' dir='ltr' id='par_1_92' title="bbox 357 4873 1950 4943">
     <span class='ocr_line' id='line_1_92' title="bbox 357 4873 1950 4943; baseline -0.001 -14"><span class='ocrx_word' id='word_1_607' title='bbox 357 4875 527 4929; x_wconf 82' lang='lat' dir='ltr'><strong>functi</strong></span> <span class='ocrx_word' id='word_1_608' title='bbox 576 4890 764 4930; x_wconf 90' lang='lat' dir='ltr'><strong>snmus</strong></span> <span class='ocrx_word' id='word_1_609' title='bbox 798 4890 814 4929; x_wconf 91' lang='lat'><strong>:</strong></span> <span class='ocrx_word' id='word_1_610' title='bbox 847 4887 901 4929; x_wconf 86' lang='lat' dir='ltr'><strong>et</strong></span> <span class='ocrx_word' id='word_1_611' title='bbox 931 4875 1072 4943; x_wconf 89' lang='lat' dir='ltr'><strong>quod</strong></span> <span class='ocrx_word' id='word_1_612' title='bbox 1099 4885 1180 4930; x_wconf 89' lang='lat' dir='ltr'><strong>est</strong></span> <span class='ocrx_word' id='word_1_613' title='bbox 1219 4875 1284 4928; x_wconf 85' lang='lat' dir='ltr'><strong>ad</strong></span> <span class='ocrx_word' id='word_1_614' title='bbox 1325 4873 1586 4929; x_wconf 62' lang='lat' dir='ltr'><strong>amicitias</strong></span> <span class='ocrx_word' id='word_1_615' title='bbox 1619 4874 1950 4943; x_wconf 72' lang='lat' dir='ltr'><strong>ampliandas</strong></span> 
     </span>
    </p>
   </div>
   <div class='ocr_carea' id='block_1_93' title="bbox 355 4966 1951 5037">
    <p class='ocr_par' dir='ltr' id='par_1_93' title="bbox 355 4966 1951 5037">
     <span class='ocr_line' id='line_1_93' title="bbox 355 4966 1951 5037; baseline 0 -17"><span class='ocrx_word' id='word_1_616' title='bbox 355 4968 388 5020; x_wconf 84' lang='lat' dir='ltr'><strong>lt</strong></span> <span class='ocrx_word' id='word_1_617' title='bbox 417 4984 443 5019; x_wconf 86' lang='lat' dir='ltr'><strong>s</strong></span> <span class='ocrx_word' id='word_1_618' title='bbox 473 4969 701 5022; x_wconf 85' lang='lat' dir='ltr'><strong>validius</strong></span> <span class='ocrx_word' id='word_1_619' title='bbox 733 4966 1135 5036; x_wconf 83' lang='lat' dir='ltr'><strong>efﬁcaciusque,</strong></span> <span class='ocrx_word' id='word_1_620' title='bbox 1170 4967 1221 5021; x_wconf 94' lang='lat' dir='ltr'><strong>in</strong></span> <span class='ocrx_word' id='word_1_621' title='bbox 1244 4966 1472 5037; x_wconf 88' lang='lat' dir='ltr'><strong>singulis</strong></span> <span class='ocrx_word' id='word_1_622' title='bbox 1502 4966 1800 5037; x_wconf 88' lang='lat' dir='ltr'><strong>quibusque</strong></span> <span class='ocrx_word' id='word_1_623' title='bbox 1828 4982 1951 5037; x_wconf 86' lang='lat' dir='ltr'><strong>per-</strong></span> 
     </span>
    </p>
   </div>
   <div class='ocr_carea' id='block_1_94' title="bbox 433 5165 1946 5236">
    <p class='ocr_par' dir='ltr' id='par_1_94' title="bbox 433 5165 1946 5236">
     <span class='ocr_line' id='line_1_94' title="bbox 433 5165 1946 5236; baseline 0.001 -17"><span class='ocrx_word' id='word_1_624' title='bbox 433 5175 455 5200; x_wconf 68' lang='lat'>“</span> <span class='ocrx_word' id='word_1_625' title='bbox 480 5165 841 5236; x_wconf 80' lang='lat' dir='ltr'><strong>Consobrino,</strong></span> <span class='ocrx_word' id='word_1_626' title='bbox 891 5172 947 5216; x_wconf 91' lang='lat' dir='ltr'><strong>ut</strong></span> <span class='ocrx_word' id='word_1_627' title='bbox 976 5174 1185 5220; x_wconf 80' lang='lat' dir='ltr'><strong>vroetur</strong></span> <span class='ocrx_word' id='word_1_628' title='bbox 1220 5182 1233 5219; x_wconf 90' lang='lat'><strong>:</strong></span> <span class='ocrx_word' id='word_1_629' title='bbox 1262 5166 1345 5219; x_wconf 89' lang='lat' dir='ltr'><strong>cui</strong></span> <span class='ocrx_word' id='word_1_630' title='bbox 1372 5165 1573 5233; x_wconf 83' lang='lat' dir='ltr'><strong>gratias</strong></span> <span class='ocrx_word' id='word_1_631' title='bbox 1611 5169 1721 5236; x_wconf 83' lang='lat' dir='ltr'><strong>agit</strong></span> <span class='ocrx_word' id='word_1_632' title='bbox 1749 5166 1816 5221; x_wconf 90' lang='lat' dir='ltr'><strong>de</strong></span> <span class='ocrx_word' id='word_1_633' title='bbox 1843 5168 1946 5221; x_wconf 67' lang='lat' dir='ltr'><strong>liu-</strong></span> 
     </span>
    </p>
   </div>
   <div class='ocr_carea' id='block_1_95' title="bbox 354 5234 1942 5305">
    <p class='ocr_par' dir='ltr' id='par_1_95' title="bbox 354 5234 1942 5305">
     <span class='ocr_line' id='line_1_95' title="bbox 354 5234 1942 5305; baseline 0.003 -17"><span class='ocrx_word' id='word_1_634' title='bbox 354 5240 631 5290; x_wconf 82' lang='lat' dir='ltr'><strong>tieiaeensi</strong></span> <span class='ocrx_word' id='word_1_635' title='bbox 666 5234 865 5302; x_wconf 65' lang='lat' dir='ltr'><strong>praedio</strong></span> <span class='ocrx_word' id='word_1_636' title='bbox 910 5238 1237 5299; x_wconf 81' lang='lat' dir='ltr'><strong>suburbano,</strong></span> <span class='ocrx_word' id='word_1_637' title='bbox 1269 5239 1413 5305; x_wconf 91' lang='lat' dir='ltr'><strong>quod</strong></span> <span class='ocrx_word' id='word_1_638' title='bbox 1457 5237 1543 5292; x_wconf 90' lang='lat' dir='ltr'><strong>ille</strong></span> <span class='ocrx_word' id='word_1_639' title='bbox 1575 5234 1942 5293; x_wconf 71' lang='lat' dir='ltr'><strong>Arvernorum</strong></span> 
     </span>
    </p>
   </div>
   <div class='ocr_carea' id='block_1_96' title="bbox 355 5306 1946 5377">
    <p class='ocr_par' dir='ltr' id='par_1_96' title="bbox 355 5306 1946 5377">
     <span class='ocr_line' id='line_1_96' title="bbox 355 5306 1946 5377; baseline 0.001 -17"><span class='ocrx_word' id='word_1_640' title='bbox 355 5307 618 5361; x_wconf 76' lang='lat' dir='ltr'><strong>Ecclesia:</strong></span> <span class='ocrx_word' id='word_1_641' title='bbox 644 5306 799 5376; x_wconf 81' lang='lat' dir='ltr'><strong>cujus</strong></span> <span class='ocrx_word' id='word_1_642' title='bbox 834 5307 1117 5375; x_wconf 87' lang='lat' dir='ltr'><strong>episcopus</strong></span> <span class='ocrx_word' id='word_1_643' title='bbox 1134 5307 1259 5376; x_wconf 83' lang='lat' dir='ltr'><strong>jam</strong></span> <span class='ocrx_word' id='word_1_644' title='bbox 1288 5318 1407 5362; x_wconf 88' lang='lat' dir='ltr'><strong>erat</strong></span> <span class='ocrx_word' id='word_1_645' title='bbox 1435 5308 1712 5377; x_wconf 56' lang='lat' dir='ltr'><strong>Sidonius,</strong></span> <span class='ocrx_word' id='word_1_646' title='bbox 1758 5326 1821 5364; x_wconf 76' lang='lat' dir='ltr'><strong>ex</strong></span> <span class='ocrx_word' id='word_1_647' title='bbox 1858 5325 1946 5363; x_wconf 88' lang='lat' dir='ltr'><strong>so-</strong></span> 
     </span>
    </p>
   </div>
   <div class='ocr_carea' id='block_1_97' title="bbox 354 5379 1181 5432">
    <p class='ocr_par' dir='ltr' id='par_1_97' title="bbox 354 5379 1181 5432">
     <span class='ocr_line' id='line_1_97' title="bbox 354 5379 1181 5432; baseline 0 0"><span class='ocrx_word' id='word_1_648' title='bbox 354 5381 495 5432; x_wconf 78' lang='lat' dir='ltr'><strong>roria</strong></span> <span class='ocrx_word' id='word_1_649' title='bbox 541 5379 851 5432; x_wconf 68' lang='lat' dir='ltr'><strong>haereditate</strong></span> <span class='ocrx_word' id='word_1_650' title='bbox 889 5380 1181 5432; x_wconf 77' lang='lat' dir='ltr'><strong>donaverat</strong></span> 
     </span>
    </p>
   </div>
   <div class='ocr_carea' id='block_1_98' title="bbox 427 5448 1944 5519">
    <p class='ocr_par' dir='ltr' id='par_1_98' title="bbox 427 5448 1944 5519">
     <span class='ocr_line' id='line_1_98' title="bbox 427 5448 1944 5519; baseline 0.003 -17"><span class='ocrx_word' id='word_1_651' title='bbox 427 5448 453 5485; x_wconf 70' lang='grc' dir='ltr'>δ</span> <span class='ocrx_word' id='word_1_652' title='bbox 478 5449 606 5515; x_wconf 77' lang='lat' dir='ltr'><strong>Qua:</strong></span> <span class='ocrx_word' id='word_1_653' title='bbox 630 5452 747 5500; x_wconf 84' lang='lat' dir='ltr'><strong>ttrbs</strong></span> <span class='ocrx_word' id='word_1_654' title='bbox 796 5450 1024 5501; x_wconf 81' lang='lat' dir='ltr'><strong>Arverna</strong></span> <span class='ocrx_word' id='word_1_655' title='bbox 1056 5450 1212 5515; x_wconf 85' lang='lat' dir='ltr'><strong>epist.</strong></span> <span class='ocrx_word' id='word_1_656' title='bbox 1246 5450 1333 5517; x_wconf 68' lang='lat'><strong>19.,</strong></span> <span class='ocrx_word' id='word_1_657' title='bbox 1370 5450 1618 5519; x_wconf 80' lang='lat' dir='ltr'><strong>oppidum</strong></span> <span class='ocrx_word' id='word_1_658' title='bbox 1660 5452 1944 5506; x_wconf 76' lang='lat' dir='ltr'><strong>Arrernunt</strong></span> 
     </span>
    </p>
   </div>
   <div class='ocr_carea' id='block_1_99' title="bbox 356 5516 1940 5587">
    <p class='ocr_par' dir='ltr' id='par_1_99' title="bbox 356 5516 1940 5587">
     <span class='ocr_line' id='line_1_99' title="bbox 356 5516 1940 5587; baseline 0.004 -17"><span class='ocrx_word' id='word_1_659' title='bbox 356 5516 452 5571; x_wconf 84' lang='lat' dir='ltr'><strong>lib.</strong></span> <span class='ocrx_word' id='word_1_660' title='bbox 496 5537 543 5572; x_wconf 87' lang='lat' dir='ltr'><strong>vt</strong></span> <span class='ocrx_word' id='word_1_661' title='bbox 594 5521 753 5587; x_wconf 85' lang='lat' dir='ltr'><strong>epist.</strong></span> <span class='ocrx_word' id='word_1_662' title='bbox 789 5530 965 5572; x_wconf 78' lang='lat' dir='ltr'><strong>utrm.</strong></span> <span class='ocrx_word' id='word_1_663' title='bbox 1011 5530 1062 5571; x_wconf 86' lang='lat' dir='ltr'><strong>et</strong></span> <span class='ocrx_word' id='word_1_664' title='bbox 1096 5521 1183 5571; x_wconf 86' lang='lat' dir='ltr'><strong>tib.</strong></span> <span class='ocrx_word' id='word_1_665' title='bbox 1230 5516 1326 5587; x_wconf 85' lang='lat' dir='ltr'><strong>vtt,</strong></span> <span class='ocrx_word' id='word_1_666' title='bbox 1368 5516 1523 5587; x_wconf 80' lang='lat' dir='ltr'><strong>epist.</strong></span> <span class='ocrx_word' id='word_1_667' title='bbox 1576 5520 1626 5575; x_wconf 68' lang='grc' dir='ltr'><strong>ὅ.</strong></span> <span class='ocrx_word' id='word_1_668' title='bbox 1660 5522 1749 5577; x_wconf 80' lang='lat' dir='ltr'><strong>Sic</strong></span> <span class='ocrx_word' id='word_1_669' title='bbox 1781 5524 1940 5577; x_wconf 87' lang='lat' dir='ltr'><strong>etiam</strong></span> 
     </span>
    </p>
   </div>
   <div class='ocr_carea' id='block_1_100' title="bbox 354 5588 1935 5657">
    <p class='ocr_par' dir='ltr' id='par_1_100' title="bbox 354 5588 1935 5657">
     <span class='ocr_line' id='line_1_100' title="bbox 354 5588 1935 5657; baseline 0.004 -15"><span class='ocrx_word' id='word_1_670' title='bbox 354 5588 646 5657; x_wconf 82' lang='lat' dir='ltr'><strong>Gregorius</strong></span> <span class='ocrx_word' id='word_1_671' title='bbox 680 5594 882 5643; x_wconf 69' lang='lat' dir='ltr'><strong>&#39;l&#39;urott.</strong></span> <span class='ocrx_word' id='word_1_672' title='bbox 918 5591 1009 5641; x_wconf 84' lang='lat' dir='ltr'><strong>urb</strong></span> <span class='ocrx_word' id='word_1_673' title='bbox 1044 5608 1089 5642; x_wconf 85' lang='lat' dir='ltr'><strong>ut</strong></span> <span class='ocrx_word' id='word_1_674' title='bbox 1132 5591 1459 5644; x_wconf 65' lang='grc' dir='ltr'><strong>Ανυιῑγιιὶιςαιιι</strong></span> <span class='ocrx_word' id='word_1_675' title='bbox 1500 5604 1671 5646; x_wconf 68' lang='lat' dir='ltr'><strong>ineat.</strong></span> <span class='ocrx_word' id='word_1_676' title='bbox 1706 5591 1935 5647; x_wconf 73' lang='lat' dir='ltr'><strong>Juruan~</strong></span> 
     </span>
    </p>
   </div>
   <div class='ocr_carea' id='block_1_101' title="bbox 354 5660 1940 5727">
    <p class='ocr_par' dir='ltr' id='par_1_101' title="bbox 354 5660 1940 5727">
     <span class='ocr_line' id='line_1_101' title="bbox 354 5660 1940 5727; baseline 0.004 -15"><span class='ocrx_word' id='word_1_677' title='bbox 354 5660 451 5713; x_wconf 83' lang='lat' dir='ltr'><strong>des</strong></span> <span class='ocrx_word' id='word_1_678' title='bbox 483 5664 654 5714; x_wconf 83' lang='lat' dir='ltr'><strong>urbem</strong></span> <span class='ocrx_word' id='word_1_679' title='bbox 689 5663 1041 5723; x_wconf 82' lang='lat' dir='ltr'><strong>Arvernatem,</strong></span> <span class='ocrx_word' id='word_1_680' title='bbox 1070 5675 1122 5714; x_wconf 86' lang='lat' dir='ltr'><strong>et</strong></span> <span class='ocrx_word' id='word_1_681' title='bbox 1149 5663 1397 5715; x_wconf 72' lang='lat' dir='ltr'><strong>civitatem</strong></span> <span class='ocrx_word' id='word_1_682' title='bbox 1428 5666 1722 5727; x_wconf 74' lang='lat' dir='ltr'><strong>Arvernam,</strong></span> <span class='ocrx_word' id='word_1_683' title='bbox 1752 5680 1940 5718; x_wconf 86' lang='lat' dir='ltr'><strong>omnes</strong></span> 
     </span>
    </p>
   </div>
   <div class='ocr_carea' id='block_1_102' title="bbox 353 5730 1944 5803">
    <p class='ocr_par' dir='ltr' id='par_1_102' title="bbox 353 5730 1944 5803">
     <span class='ocr_line' id='line_1_102' title="bbox 353 5730 1944 5803; baseline 0.003 -18"><span class='ocrx_word' id='word_1_684' title='bbox 353 5742 478 5795; x_wconf 65' lang='lat' dir='ltr'><strong>cum</strong></span> <span class='ocrx_word' id='word_1_685' title='bbox 517 5730 745 5799; x_wconf 70' lang='lat' dir='ltr'><strong>adiecto.</strong></span> <span class='ocrx_word' id='word_1_686' title='bbox 802 5742 1094 5787; x_wconf 70' lang='lat' dir='ltr'><strong>Arvernam</strong></span> <span class='ocrx_word' id='word_1_687' title='bbox 1143 5735 1402 5798; x_wconf 59' lang='lat' dir='ltr'><strong>absolute,</strong></span> <span class='ocrx_word' id='word_1_688' title='bbox 1441 5744 1497 5789; x_wconf 89' lang='lat' dir='ltr'><strong>ut</strong></span> <span class='ocrx_word' id='word_1_689' title='bbox 1530 5735 1773 5797; x_wconf 77' lang='lat' dir='ltr'><strong>liotnatn,</strong></span> <span class='ocrx_word' id='word_1_690' title='bbox 1816 5752 1944 5803; x_wconf 54' lang='lat' dir='ltr'><strong>quo.</strong></span> 
     </span>
    </p>
   </div>
   <div class='ocr_carea' id='block_1_103' title="bbox 2058 4592 3641 4664">
    <p class='ocr_par' dir='ltr' id='par_1_103' title="bbox 2058 4592 3641 4664">
     <span class='ocr_line' id='line_1_103' title="bbox 2058 4592 3641 4664; baseline 0 -15"><span class='ocrx_word' id='word_1_691' title='bbox 2058 4596 2160 4649; x_wconf 53' lang='lat' dir='ltr'><strong>Svil</strong></span> <span class='ocrx_word' id='word_1_692' title='bbox 2195 4597 2333 4664; x_wconf 82' lang='lat' dir='ltr'><strong>quod</strong></span> <span class='ocrx_word' id='word_1_693' title='bbox 2364 4595 2437 4646; x_wconf 85' lang='lat' dir='ltr'><strong>l&#39;at</strong></span> <span class='ocrx_word' id='word_1_694' title='bbox 2474 4593 2638 4646; x_wconf 87' lang='lat' dir='ltr'><strong>udum</strong></span> <span class='ocrx_word' id='word_1_695' title='bbox 2660 4601 2763 4657; x_wconf 90' lang='lat' dir='ltr'><strong>est,</strong></span> <span class='ocrx_word' id='word_1_696' title='bbox 2796 4592 2886 4645; x_wconf 90' lang='lat' dir='ltr'><strong>diu</strong></span> <span class='ocrx_word' id='word_1_697' title='bbox 2911 4596 3106 4647; x_wconf 90' lang='lat' dir='ltr'><strong>erectis</strong></span> <span class='ocrx_word' id='word_1_698' title='bbox 3134 4594 3417 4662; x_wconf 80' lang='lat' dir='ltr'><strong>utriusque</strong></span> <span class='ocrx_word' id='word_1_699' title='bbox 3446 4599 3641 4649; x_wconf 85' lang='lat' dir='ltr'><strong>amoris</strong></span> 
     </span>
    </p>
   </div>
   <div class='ocr_carea' id='block_1_104' title="bbox 2064 4685 3645 4755">
    <p class='ocr_par' dir='ltr' id='par_1_104' title="bbox 2064 4685 3645 4755">
     <span class='ocr_line' id='line_1_104' title="bbox 2064 4685 3645 4755; baseline 0.001 -14"><span class='ocrx_word' id='word_1_700' title='bbox 2064 4688 2346 4747; x_wconf 74' lang='lat' dir='ltr'><strong>tttacltitth.</strong></span> <span class='ocrx_word' id='word_1_701' title='bbox 2391 4690 2505 4754; x_wconf 89' lang='lat' dir='ltr'><strong>ipse</strong></span> <span class='ocrx_word' id='word_1_702' title='bbox 2532 4686 2765 4739; x_wconf 90' lang='lat' dir='ltr'><strong>culmina</strong></span> <span class='ocrx_word' id='word_1_703' title='bbox 2796 4687 3031 4753; x_wconf 89' lang='lat' dir='ltr'><strong>pretiosa</strong></span> <span class='ocrx_word' id='word_1_704' title='bbox 3073 4685 3319 4755; x_wconf 84' lang='lat' dir='ltr'><strong>posuisti,</strong></span> <span class='ocrx_word' id='word_1_705' title='bbox 3362 4688 3645 4742; x_wconf 53' lang='lat' dir='ltr'><strong>eculesiam</strong></span> 
     </span>
    </p>
   </div>
   <div class='ocr_carea' id='block_1_105' title="bbox 2061 4775 3646 4845">
    <p class='ocr_par' dir='ltr' id='par_1_105' title="bbox 2061 4775 3646 4845">
     <span class='ocr_line' id='line_1_105' title="bbox 2061 4775 3646 4845; baseline 0.001 -15"><span class='ocrx_word' id='word_1_706' title='bbox 2061 4777 2087 4815; x_wconf 68' lang='grc' dir='ltr'>δ</span> <span class='ocrx_word' id='word_1_707' title='bbox 2119 4777 2343 4831; x_wconf 87' lang='lat' dir='ltr'><strong>Arverni</strong></span> <span class='ocrx_word' id='word_1_708' title='bbox 2378 4775 2710 4843; x_wconf 85' lang='lat' dir='ltr'><strong>municipioli</strong></span> <span class='ocrx_word' id='word_1_709' title='bbox 2740 4816 2755 4838; x_wconf 95' lang='lat'><strong>,</strong></span> <span class='ocrx_word' id='word_1_710' title='bbox 2784 4775 2868 4829; x_wconf 91' lang='lat' dir='ltr'><strong>cui</strong></span> <span class='ocrx_word' id='word_1_711' title='bbox 2900 4778 3216 4845; x_wconf 57' lang='lat' dir='ltr'><strong>pra&#39;positus</strong></span> <span class='ocrx_word' id='word_1_712' title='bbox 3248 4779 3349 4831; x_wconf 90' lang='lat' dir='ltr'><strong>etsi</strong></span> <span class='ocrx_word' id='word_1_713' title='bbox 3383 4778 3646 4833; x_wconf 88' lang='lat' dir='ltr'><strong>immerito</strong></span> 
     </span>
    </p>
   </div>
   <div class='ocr_carea' id='block_1_106' title="bbox 2063 4855 3645 4939">
    <p class='ocr_par' dir='ltr' id='par_1_106' title="bbox 2063 4855 3645 4939">
     <span class='ocr_line' id='line_1_106' title="bbox 2063 4855 3645 4939; baseline 0.001 -15"><span class='ocrx_word' id='word_1_714' title='bbox 2063 4871 2267 4937; x_wconf 88' lang='lat' dir='ltr'><strong>videor,</strong></span> <span class='ocrx_word' id='word_1_715' title='bbox 2301 4880 2693 4938; x_wconf 85' lang='lat' dir='ltr'><strong>peropportuna</strong></span> <span class='ocrx_word' id='word_1_716' title='bbox 2725 4869 3001 4925; x_wconf 88' lang='lat' dir='ltr'><strong>oblatione</strong></span> <span class='ocrx_word' id='word_1_717' title='bbox 3047 4855 3421 4939; x_wconf 76' lang='lat' dir='ltr'><strong>locupletando</strong></span> <span class='ocrx_word' id='word_1_718' title='bbox 3450 4889 3462 4924; x_wconf 92' lang='lat'>:</span> <span class='ocrx_word' id='word_1_719' title='bbox 3493 4873 3645 4939; x_wconf 81' lang='lat' dir='ltr'><strong>cujus</strong></span> 
     </span>
    </p>
   </div>
   <div class='ocr_carea' id='block_1_107' title="bbox 2063 4964 3644 5037">
    <p class='ocr_par' dir='ltr' id='par_1_107' title="bbox 2063 4964 3644 5037">
     <span class='ocr_line' id='line_1_107' title="bbox 2063 4964 3644 5037; baseline 0.003 -22"><span class='ocrx_word' id='word_1_720' title='bbox 2063 4967 2391 5035; x_wconf 75' lang='lat' dir='ltr'><strong>possessioni</strong></span> <span class='ocrx_word' id='word_1_721' title='bbox 2424 4966 2711 5035; x_wconf 91' lang='lat' dir='ltr'><strong>plurimum</strong></span> <span class='ocrx_word' id='word_1_722' title='bbox 2740 4964 3012 5021; x_wconf 90' lang='lat' dir='ltr'><strong>contulisti</strong></span> <span class='ocrx_word' id='word_1_723' title='bbox 3049 4965 3436 5022; x_wconf 83' lang='lat' dir='ltr'><strong>Cuticiacensis</strong></span> <span class='ocrx_word' id='word_1_724' title='bbox 3460 4968 3644 5037; x_wconf 72' lang='lat' dir='ltr'><strong>przedii</strong></span> 
     </span>
    </p>
   </div>
   <div class='ocr_carea' id='block_1_108' title="bbox 2055 5166 3640 5237">
    <p class='ocr_par' dir='ltr' id='par_1_108' title="bbox 2055 5166 3640 5237">
     <span class='ocr_line' id='line_1_108' title="bbox 2055 5166 3640 5237; baseline 0.001 -16"><span class='ocrx_word' id='word_1_725' title='bbox 2055 5169 2214 5224; x_wconf 88' lang='lat' dir='ltr'><strong>modo</strong></span> <span class='ocrx_word' id='word_1_726' title='bbox 2247 5184 2388 5223; x_wconf 91' lang='lat' dir='ltr'><strong>nunc</strong></span> <span class='ocrx_word' id='word_1_727' title='bbox 2428 5184 2455 5221; x_wconf 91' lang='lat' dir='ltr'><strong>a</strong></span> <span class='ocrx_word' id='word_1_728' title='bbox 2497 5168 2814 5237; x_wconf 86' lang='lat' dir='ltr'><strong>quibusdam</strong></span> <span class='ocrx_word' id='word_1_729' title='bbox 2872 5166 3118 5236; x_wconf 89' lang='lat' dir='ltr'><strong>usurpari</strong></span> <span class='ocrx_word' id='word_1_730' title='bbox 3148 5169 3336 5237; x_wconf 72' lang='lat' dir='ltr'><strong>ccepit,</strong></span> <span class='ocrx_word' id='word_1_731' title='bbox 3379 5181 3640 5237; x_wconf 84' lang='lat' dir='ltr'><strong>veterum,</strong></span> 
     </span>
    </p>
   </div>
   <div class='ocr_carea' id='block_1_109' title="bbox 2056 5239 3642 5310">
    <p class='ocr_par' dir='ltr' id='par_1_109' title="bbox 2056 5239 3642 5310">
     <span class='ocr_line' id='line_1_109' title="bbox 2056 5239 3642 5310; baseline 0.001 -18"><span class='ocrx_word' id='word_1_732' title='bbox 2056 5243 2266 5309; x_wconf 87' lang='lat' dir='ltr'><strong>opinor,</strong></span> <span class='ocrx_word' id='word_1_733' title='bbox 2299 5255 2458 5294; x_wconf 84' lang='lat' dir='ltr'><strong>nmo</strong></span> <span class='ocrx_word' id='word_1_734' title='bbox 2488 5239 2642 5301; x_wconf 77' lang='lat' dir='ltr'><strong>dixit,</strong></span> <span class='ocrx_word' id='word_1_735' title='bbox 2672 5242 2767 5310; x_wconf 77' lang='lat' dir='ltr'><strong>sed</strong></span> <span class='ocrx_word' id='word_1_736' title='bbox 2811 5245 3079 5294; x_wconf 82' lang='lat' dir='ltr'><strong>Arvernos</strong></span> <span class='ocrx_word' id='word_1_737' title='bbox 3112 5244 3317 5310; x_wconf 70' lang='lat' dir='ltr'><strong>integro</strong></span> <span class='ocrx_word' id='word_1_738' title='bbox 3347 5246 3517 5310; x_wconf 87' lang='lat' dir='ltr'><strong>gentis</strong></span> <span class='ocrx_word' id='word_1_739' title='bbox 3551 5261 3642 5293; x_wconf 67' lang='lat' dir='ltr'><strong>xu-</strong></span> 
     </span>
    </p>
   </div>
   <div class='ocr_carea' id='block_1_110' title="bbox 2055 5308 3641 5382">
    <p class='ocr_par' dir='ltr' id='par_1_110' title="bbox 2055 5308 3641 5382">
     <span class='ocr_line' id='line_1_110' title="bbox 2055 5308 3641 5382; baseline 0.001 -17"><span class='ocrx_word' id='word_1_740' title='bbox 2055 5313 2265 5375; x_wconf 85' lang='lat' dir='ltr'><strong>cabulo,</strong></span> <span class='ocrx_word' id='word_1_741' title='bbox 2299 5321 2352 5363; x_wconf 88' lang='lat' dir='ltr'><strong>ttt</strong></span> <span class='ocrx_word' id='word_1_742' title='bbox 2386 5311 2655 5382; x_wconf 80' lang='lat' dir='ltr'><strong>Parisios,</strong></span> <span class='ocrx_word' id='word_1_743' title='bbox 2690 5308 3048 5375; x_wconf 87' lang='lat' dir='ltr'><strong>Petrocorios,</strong></span> <span class='ocrx_word' id='word_1_744' title='bbox 3096 5308 3309 5376; x_wconf 79' lang='lat' dir='ltr'><strong>Remos,</strong></span> <span class='ocrx_word' id='word_1_745' title='bbox 3356 5308 3641 5382; x_wconf 79' lang='lat' dir='ltr'><strong>postquam</strong></span> 
     </span>
    </p>
   </div>
   <div class='ocr_carea' id='block_1_111' title="bbox 2057 5381 3641 5450">
    <p class='ocr_par' dir='ltr' id='par_1_111' title="bbox 2057 5381 3641 5450">
     <span class='ocr_line' id='line_1_111' title="bbox 2057 5381 3641 5450; baseline 0.002 -15"><span class='ocrx_word' id='word_1_746' title='bbox 2057 5400 2181 5436; x_wconf 85' lang='lat' dir='ltr'><strong>usus</strong></span> <span class='ocrx_word' id='word_1_747' title='bbox 2215 5382 2458 5449; x_wconf 64' lang='lat' dir='ltr'><strong>iui-aluit,</strong></span> <span class='ocrx_word' id='word_1_748' title='bbox 2492 5394 2549 5435; x_wconf 91' lang='lat' dir='ltr'><strong>ut</strong></span> <span class='ocrx_word' id='word_1_749' title='bbox 2582 5381 2830 5450; x_wconf 90' lang='lat' dir='ltr'><strong>princeps</strong></span> <span class='ocrx_word' id='word_1_750' title='bbox 2860 5382 3117 5449; x_wconf 86' lang='lat' dir='ltr'><strong>cujusque</strong></span> <span class='ocrx_word' id='word_1_751' title='bbox 3148 5384 3323 5450; x_wconf 90' lang='lat' dir='ltr'><strong>populi</strong></span> <span class='ocrx_word' id='word_1_752' title='bbox 3366 5392 3417 5435; x_wconf 86' lang='lat' dir='ltr'><strong>et</strong></span> <span class='ocrx_word' id='word_1_753' title='bbox 3449 5381 3641 5438; x_wconf 64' lang='lat' dir='ltr'><strong>citita-</strong></span> 
     </span>
    </p>
   </div>
   <div class='ocr_carea' id='block_1_112' title="bbox 2062 5450 3640 5522">
    <p class='ocr_par' dir='ltr' id='par_1_112' title="bbox 2062 5450 3640 5522">
     <span class='ocr_line' id='line_1_112' title="bbox 2062 5450 3640 5522; baseline 0.002 -16"><span class='ocrx_word' id='word_1_754' title='bbox 2062 5458 2126 5506; x_wconf 77' lang='lat' dir='ltr'><strong>Iis</strong></span> <span class='ocrx_word' id='word_1_755' title='bbox 2164 5455 2417 5522; x_wconf 83' lang='lat' dir='ltr'><strong>Oppdum</strong></span> <span class='ocrx_word' id='word_1_756' title='bbox 2468 5454 2738 5507; x_wconf 90' lang='lat' dir='ltr'><strong>communi</strong></span> <span class='ocrx_word' id='word_1_757' title='bbox 2781 5450 2900 5518; x_wconf 89' lang='lat' dir='ltr'><strong>ejus</strong></span> <span class='ocrx_word' id='word_1_758' title='bbox 2948 5456 3161 5506; x_wconf 86' lang='lat' dir='ltr'><strong>nomine</strong></span> <span class='ocrx_word' id='word_1_759' title='bbox 3213 5464 3513 5509; x_wconf 90' lang='lat' dir='ltr'><strong>ornaretur.</strong></span> <span class='ocrx_word' id='word_1_760' title='bbox 3573 5461 3640 5511; x_wconf 84' lang='lat' dir='ltr'><strong>ita</strong></span> 
     </span>
    </p>
   </div>
   <div class='ocr_carea' id='block_1_113' title="bbox 2058 5523 3638 5593">
    <p class='ocr_par' dir='ltr' id='par_1_113' title="bbox 2058 5523 3638 5593">
     <span class='ocr_line' id='line_1_113' title="bbox 2058 5523 3638 5593; baseline 0.002 -16"><span class='ocrx_word' id='word_1_761' title='bbox 2058 5530 2199 5577; x_wconf 81' lang='lat' dir='ltr'><strong>enim</strong></span> <span class='ocrx_word' id='word_1_762' title='bbox 2236 5526 2458 5593; x_wconf 81' lang='lat' dir='ltr'><strong>Plinius,</strong></span> <span class='ocrx_word' id='word_1_763' title='bbox 2513 5523 2873 5585; x_wconf 82' lang='lat' dir='ltr'><strong>Marcellinus,</strong></span> <span class='ocrx_word' id='word_1_764' title='bbox 2906 5524 3146 5588; x_wconf 83' lang='lat' dir='ltr'><strong>()rosms,</strong></span> <span class='ocrx_word' id='word_1_765' title='bbox 3192 5523 3465 5587; x_wconf 68' lang='lat' dir='ltr'><strong>Paulinus,</strong></span> <span class='ocrx_word' id='word_1_766' title='bbox 3496 5525 3638 5580; x_wconf 67' lang='lat' dir='ltr'><strong>Noti«</strong></span> 
     </span>
    </p>
   </div>
   <div class='ocr_carea' id='block_1_114' title="bbox 2044 5594 3613 5664">
    <p class='ocr_par' dir='ltr' id='par_1_114' title="bbox 2044 5594 3613 5664">
     <span class='ocr_line' id='line_1_114' title="bbox 2044 5594 3613 5664; baseline 0.001 -16"><span class='ocrx_word' id='word_1_767' title='bbox 2044 5596 2110 5648; x_wconf 76' lang='lat' dir='ltr'><strong>tia</strong></span> <span class='ocrx_word' id='word_1_768' title='bbox 2139 5597 2450 5649; x_wconf 78' lang='lat' dir='ltr'><strong>Occidentis</strong></span> <span class='ocrx_word' id='word_1_769' title='bbox 2483 5603 2537 5645; x_wconf 88' lang='lat' dir='ltr'><strong>et</strong></span> <span class='ocrx_word' id='word_1_770' title='bbox 2566 5596 2653 5646; x_wconf 72' lang='lat' dir='ltr'><strong>al.i</strong></span> <span class='ocrx_word' id='word_1_771' title='bbox 2694 5595 3057 5647; x_wconf 76' lang='lat' dir='ltr'><strong>Arvernorum</strong></span> <span class='ocrx_word' id='word_1_772' title='bbox 3089 5594 3298 5659; x_wconf 84' lang='lat' dir='ltr'><strong>urbem,</strong></span> <span class='ocrx_word' id='word_1_773' title='bbox 3330 5611 3488 5664; x_wconf 88' lang='lat' dir='ltr'><strong>quam</strong></span> <span class='ocrx_word' id='word_1_774' title='bbox 3519 5597 3613 5649; x_wconf 71' lang='lat' dir='ltr'><strong>Clu</strong></span> 
     </span>
    </p>
   </div>
   <div class='ocr_carea' id='block_1_115' title="bbox 2045 5665 3629 5733">
    <p class='ocr_par' dir='ltr' id='par_1_115' title="bbox 2045 5665 3629 5733">
     <span class='ocr_line' id='line_1_115' title="bbox 2045 5665 3629 5733; baseline 0.003 -15"><span class='ocrx_word' id='word_1_775' title='bbox 2045 5681 2159 5718; x_wconf 87' lang='lat' dir='ltr'><strong>rum</strong></span> <span class='ocrx_word' id='word_1_776' title='bbox 2216 5668 2445 5719; x_wconf 76' lang='lat' dir='ltr'><strong>Montem</strong></span> <span class='ocrx_word' id='word_1_777' title='bbox 2499 5666 2758 5727; x_wconf 82' lang='lat' dir='ltr'><strong>dicimus,</strong></span> <span class='ocrx_word' id='word_1_778' title='bbox 2792 5672 3061 5718; x_wconf 79' lang='lat' dir='ltr'><strong>Arvernos</strong></span> <span class='ocrx_word' id='word_1_779' title='bbox 3107 5665 3405 5733; x_wconf 80' lang='lat' dir='ltr'><strong>appellant,</strong></span> <span class='ocrx_word' id='word_1_780' title='bbox 3448 5667 3629 5729; x_wconf 71' lang='lat' dir='ltr'><strong>Arver-</strong></span> 
     </span>
    </p>
   </div>
   <div class='ocr_carea' id='block_1_116' title="bbox 2050 5753 2496 5792">
    <p class='ocr_par' dir='ltr' id='par_1_116' title="bbox 2050 5753 2496 5792">
     <span class='ocr_line' id='line_1_116' title="bbox 2050 5753 2496 5792; baseline -0.018 0"><span class='ocrx_word' id='word_1_781' title='bbox 2050 5753 2170 5792; x_wconf 39' lang='lat' dir='ltr'><strong>ll‘llll</strong></span> <span class='ocrx_word' id='word_1_782' title='bbox 2209 5753 2496 5790; x_wconf 74' lang='grc' dir='ltr'>ιιιιιιιιιιιιιιι.</span> 
     </span>
    </p>
   </div>
  </div>
