4140 6336
42 3768 47 3811 l

42 5154 57 5233 il

42 5238 57 5343 ᾔ

42 5366 55 5459 ες

550 300 659 386 ωε
1246 316 1247 319 ‘
1789 322 2036 381 smouu
2077 322 2529 386 APOLLlNAlllS
3710 333 3811 392 tas

549 439 972 505 suburbanitate,
1005 452 1106 492 non
1131 450 1303 491 mtnus
1326 446 1525 492 nostrae
1555 436 1903 507 protessionis
1926 437 2114 494 frater-
2146 445 2201 501 Α
2232 440 2549 496 ambiendus
2585 441 2801 498 affectu.
2845 454 2987 498 deus
3030 442 3197 499 boue!
3232 442 3374 515 quod
3415 446 3669 515 gaudium
3719 449 3811 505 ftiit

548 535 772 591 nitatem
814 533 915 587 loci
964 531 1299 602 proximitate
1327 530 1573 602 dignatus
1613 531 1807 598 ditare,
1854 547 2012 602 quam
2046 548 2129 587 re-

549 627 683 682 ditu.
716 626 782 679 Et
810 625 934 679 licet
961 623 1181 678 sororiae
1203 621 1532 678 luereditatis
1562 623 1669 691 duo
1700 635 1978 681 consortes
2006 639 2127 681 esse

547 718 854 782 videamini,
877 716 1124 786 exemplo
1158 726 1334 773 tamen
1377 716 1497 773 ﬁdei
1544 727 1666 783 tute,
1704 726 1978 787 superstes
2005 734 2128 788 ger-

545 826 702 865 mana
736 816 1004 865 commota
1039 818 1122 864 est
1146 808 1210 863 ad
1245 810 1370 865 boni
1405 811 1587 879 operis
1614 810 1994 866 imitationem.
2027 809 2127 865 Ita-

544 918 646 973 que
692 901 784 957 tibi
813 899 1020 956 ctelitus
1044 900 1168 971 jure
1210 900 1521 956 redhibetur
1565 902 1639 955 tui
1674 900 1797 956 facti
1846 901 2123 966 meritum,

543 994 704 1050 alieni
742 995 1166 1049 incitamentum.
1200 993 1317 1061 Quo
1354 993 1412 1048 ﬁt
1451 1002 1511 1049 ut
1563 993 1835 1063 reperiare
1875 991 2128 1063 dignissi-

544 1103 681 1155 mus,
715 1102 874 1158 quem
908 1086 1164 1142 divinitas
1195 1088 1454 1143 inusitato
1482 1086 1886 1142 successionum
1927 1100 2125 1156 genere

544 1181 795 1236 sublimet
825 1197 837 1231 :
866 1194 986 1250 qua:
1013 1188 1192 1235 tamen
1214 1195 1312 1235 nec
1341 1179 1433 1234 diu
1454 1178 1659 1235 distulit
1686 1179 1988 1248 religiosam
2025 1180 2125 1235 de-

543 1271 814 1326 votionem
843 1269 1218 1341 centuplicatis
1248 1270 1565 1340 opulentare.
1595 1271 1910 1325 muneribus
1936 1290 1949 1327 :
1979 1287 2126 1342 quae-

543 1380 647 1434 que
677 1372 735 1419 ut
763 1362 1102 1430 conﬁdimus,
1133 1363 1303 1418 nihilo
1329 1362 1548 1433 segnius
1573 1362 1812 1419 coelestia
1845 1363 2121 1435 largietur,

543 1474 664 1513 cum
694 1466 909 1514 terrena
938 1458 1051 1527 jam
1092 1457 1332 1513 solverit.
1362 1457 1635 1514 Nicetiana
1661 1473 1915 1528 namque,
1943 1461 1990 1515 si
2021 1473 2119 1513 ne-

542 1552 673 1617 scis,
727 1549 1015 1605 hmreditas
1066 1548 1324 1605 Cuticiaci
1377 1564 1666 1622 supernum
1721 1551 1948 1621 pretium
1997 1550 2118 1608 fuit.

542 1645 696 1715 Quod
736 1653 902 1701 restat
930 1646 1288 1715 exposcimus,
1332 1654 1392 1701 ut
1430 1646 1570 1701 sicut
1607 1645 1861 1701 Ecclesia:
1901 1655 2117 1711 nostrae,

542 1738 615 1794 ita
640 1739 801 1794 etiam
824 1738 1053 1795 civitatis
1081 1753 1234 1808 aeque
1262 1737 1358 1792 tibi
1378 1737 1447 1793 sit
1472 1752 1602 1793 cura
1630 1738 1929 1794 communis
1955 1754 1971 1794 :
2000 1753 2120 1808 quae

2233 532 2537 601 laboriosis,
2560 549 2680 589 cum
2705 541 2760 589 tu
2780 542 3020 590 sanctum
3040 534 3228 603 pedem
3251 537 3526 593 semirutis
3548 539 3812 597 moenibus

2233 626 2495 680 intulisti?
2518 641 2676 696 quam
2706 635 2759 680 tu
2790 625 2859 681 ab
2896 627 3045 681 omni
3076 626 3284 696 ordine,
3337 645 3489 698 sexu,
3522 639 3680 688 aetate
3722 633 3815 687 sti-

2233 719 2544 788 patissimus
2578 718 2922 774 ambiebare?
2951 733 3070 789 quae
3096 719 3221 775 salsi
3254 735 3381 791 erga
3409 722 3653 793 singulos
3679 723 3811 780 libra

2232 810 2529 865 sermonis?
2570 825 2727 880 quam
2752 818 2805 865 te
2831 810 3083 866 blandum
3117 811 3289 880 pueri,
3318 828 3529 870 comem
3556 814 3809 884 juvenes,

2233 915 2448 970 gravem
2472 914 2627 955 senes
2653 901 3046 956 metiebantur?
3075 902 3217 971 Quas
3242 913 3297 958 tu
3323 904 3606 974 laerymas,
3638 916 3699 961 ut
3724 922 3812 975 pa-

2229 1009 2355 1049 rens
2385 996 2645 1061 omnium,
2687 1008 2849 1064 super
2875 994 3019 1051 aades
3060 995 3310 1052 incendio
3338 1007 3587 1067 prorutas
3633 1007 3691 1055 et
3715 998 3814 1054 ιιυ.

2228 1087 2426 1143 mieilia
2473 1086 2733 1145 semiusta
2779 1088 3008 1144 fudisti‘l
3045 1099 3303 1160 quantum
3348 1091 3561 1147 doluisti
3594 1107 3815 1163 campos

2226 1181 2471 1249 sepultos
2502 1182 2714 1237 ossibus
2737 1181 3055 1252 insepultis?
3079 1198 3198 1253 qua:
3225 1194 3312 1239 tua
3341 1183 3596 1255 deinceps
3618 1186 3817 1241 exhor-

2228 1270 2379 1339 tatio,
2413 1288 2529 1338 quae
2575 1273 2968 1339 reparationem
3010 1275 3286 1331 suadentis
3320 1277 3676 1331 animositas?
3726 1278 3816 1332 llis

2226 1362 2498 1432 adjicitur,
2529 1364 2671 1433 quod
2705 1380 2824 1418 cum
2864 1365 3135 1420 inveneris
3170 1366 3438 1421 civitatem
3485 1384 3588 1423 non
3637 1368 3816 1423 minus

2225 1455 2393 1511 civica
2430 1456 2721 1523 simultate,
2762 1472 2919 1526 quam
2952 1457 3230 1513 barbarica
3276 1458 3584 1516 incursione
3621 1476 3815 1516 vacua-

2224 1554 2355 1613 tam,
2396 1545 2507 1618 64
2547 1561 2731 1617 pacem
2774 1549 3024 1605 omnibus
3060 1550 3327 1617 suadens,
3382 1552 3661 1608 caritatem
3704 1554 3813 1608 illis

2226 1638 2347 1694 illos
2388 1641 2570 1706 patria:
2600 1640 2905 1696 reddidisti.
2957 1641 3164 1709 Quibus
3196 1652 3285 1697 tuo
3331 1644 3536 1700 monitu
3567 1661 3673 1700 non
3718 1645 3814 1701 mi-

2226 1746 2327 1787 nus
2356 1732 2409 1787 in
2439 1748 2601 1788 unum
2631 1733 2939 1798 consilium,
2966 1750 3126 1803 quam
3159 1735 3210 1789 in
3247 1750 3413 1791 unum
3442 1737 3698 1807 Oppidum
3731 1753 3814 1793 re-

541 1846 663 1886 eum
686 1831 835 1899 olim,
868 1841 977 1886 tum
1005 1830 1221 1887 debebit
1246 1846 1316 1887 ex
1344 1830 1446 1886 hoc
1467 1831 1733 1902 prazeipue
1765 1841 2029 1901 tempore,
2054 1832 2122 1889 ad
2153 1829 2201 1891 Β
2228 1826 2579 1891 valentibus,
2604 1826 2742 1881 ηιυτί
2765 1826 2860 1882 libi
2880 1826 3076 1883 debem
3106 1827 3315 1897 Plebem
3339 1828 3636 1895 Γθάυεῑδω,
3661 1831 3813 1899 Plebs

540 1932 689 1977 tuum
723 1923 1074 1993 patrocinium
1116 1923 1198 1978 vel
1234 1922 1304 1977 ob
1335 1930 1482 1977 tuum
1530 1923 1910 1992 patrimonium
1957 1924 2122 1993 perti-

538 2029 693 2070 nere.
723 2014 876 2082 Quod
902 2014 1055 2086 cujus
1088 2014 1261 2069 meriti
1288 2027 1406 2069 esse
1438 2016 1626 2084 possit,
1651 2014 1847 2084 quippe
1871 2014 1916 2069 si
1944 2023 2121 2069 vestra

486 2102 491 2105 ’
538 2108 733 2163 crebro
764 2107 894 2162 illud
925 2109 1204 2177 praesentia
1241 2107 1455 2174 invisat,
1489 2107 1578 2162 vel
1606 2116 1633 2145 ⁸
1662 2106 1854 2163 Gothis
1894 2108 2118 2172 credite,

537 2201 631 2273 qui
671 2216 1043 2273 saepenumero
1070 2200 1176 2273 63
1210 2199 1373 2256 etiam
1397 2200 1423 2239 δ
1444 2200 1828 2271 Septimaniam
1860 2216 2008 2257 suam
2042 2201 2143 2256 fam

536 2296 764 2352 stidiunt
792 2295 877 2352 vel
913 2295 1228 2362 refundunt,
1268 2295 1428 2350 modo
1456 2295 1705 2351 invidiosi
1750 2295 1908 2365 hujus
1937 2296 2118 2364 anguli

537 2388 700 2443 etiam
745 2385 987 2443 desolata
1031 2386 1358 2457 proprietate
1404 2385 1697 2456 potiantur.
1744 2386 1850 2442 Sed
1897 2385 1977 2441 fas
2012 2393 2117 2452 est,

539 2479 770 2551 praesule
800 2479 930 2547 Deo,
985 2478 1137 2535 vobis
1173 2480 1313 2534 inter
1342 2492 1438 2534 eos
1482 2487 1539 2535 et
1578 2477 1969 2548 rempublicam
2001 2492 2118 2533 me-

537 2573 662 2638 diis,
691 2573 869 2628 animo
894 2571 1156 2642 quietiora
1192 2572 1500 2642 concipere.
1526 2571 1661 2640 Quia
1691 2570 1792 2627 etsi
1822 2570 1925 2636 illi,
1960 2579 2115 2626 vete-

536 2680 656 2721 rum
694 2665 876 2720 finium
909 2663 1166 2719 limitibus
1198 2662 1454 2730 eﬁ'ractis,
1498 2663 1643 2719 omni
1683 2663 1770 2719 vel
1800 2662 1997 2717 virtute
2028 2660 2116 2718 vel

536 2759 705 2824 mole,
734 2756 1089 2826 possessionis
1125 2755 1351 2811 turbidae
1391 2764 1561 2812 metas
1600 2755 1653 2811 iit
1683 2755 1999 2811 Rhodanum
2029 2753 2117 2810 Li-

537 2851 812 2919 gerimque
867 2847 1256 2918 proterminant
1309 2864 1323 2901 :
1372 2857 1555 2903 vestra
1600 2857 1778 2902 tamen
1827 2846 2116 2903 auctoritas

532 2953 634 3011 pro
660 2941 918 3012 dignitate
945 2941 1224 2996 sententia:
1252 2941 1331 2995 sic
1373 2953 1577 3011 partem
1606 2954 1888 3011 utramque
1926 2941 2112 2998 mode-

533 3033 757 3098 rabitur,
789 3042 848 3088 ut
877 3042 930 3087 et
957 3044 1139 3088 nostra
1170 3033 1364 3098 discat,
1396 3034 1521 3103 quid
1544 3033 1738 3089 debeat
1769 3050 1965 3107 negare
1990 3050 2113 3091 cum

534 3127 754 3196 petitur,
802 3134 858 3181 et
895 3140 1118 3196 poscere
1156 3124 1380 3182 adversa
1425 3125 1652 3193 desinat,
1697 3142 1820 3182 cum
1867 3137 2110 3198 negatur.

534 3212 681 3275 Vale.

1112 3290 1438 3346 EPISTOLA
1480 3292 1545 3346 11.

811 3380 1061 3436 Sidonius
1092 3392 1112 3419 ε
1146 3382 1440 3436 Constantio
1469 3400 1561 3438 suo
1598 3384 1813 3439 salutem

606 3471 816 3526 Salutat
842 3482 893 3526 te
924 3472 1150 3542 populus
1189 3476 1491 3539 Arvernus,
1519 3475 1671 3544 enjus
1708 3492 1867 3545 parva
1908 3478 2112 3549 tuguria

536 3578 757 3636 magnus
789 3565 985 3635 hospes
1016 3566 1267 3636 implesti,
1312 3582 1417 3621 non
1445 3567 1681 3624 ambitus
1712 3570 1987 3636 comitatu,
2019 3571 2114 3628 sed

608 3742 809 3815 sQuae
892 3743 960 3799 de
1026 3742 1448 3815 Vesogothorum
1525 3748 1574 3801 in
1639 3749 1804 3804 Gallia
1882 3754 2112 3809 motibus

536 3813 645 3882 38
697 3815 923 3883 sparsim
990 3829 1018 3867 a
1076 3813 1301 3887 Sidonio
1356 3820 1705 3887 sequentibus
1753 3822 1902 3880 libris
1966 3840 2112 3880 com-

538 3896 922 3960 memorantur.
968 3900 1028 3938 ea
1068 3885 1177 3960 fere
1217 3885 1486 3955 pertinent
1515 3890 1579 3943 ad
1608 3890 1731 3945 Julii
1763 3894 1979 3960 Nepotis
2008 3897 2111 3950 itn-

538 3955 767 4034 perium,
802 3957 1097 4034 li_nt:_est_ad
1128 3973 1324 4012 annum
1355 3960 1557 4034 illiriin
1587 3960 1712 4034 fit,
1738 3955 2110 4034 quo'tempore

539 4030 769 4099 {irrerm
797 4026 865 4078 ab
913 4026 1105 4082 Eurico
1146 4043 1271 4096 rege
1317 4030 1544 4085 obsessi.
1587 4026 1809 4087 Euricus
1838 4026 2001 4099 enim,
2052 4048 2111 4091 ut

537 4094 835 4173 Jurnandes
864 4108 1063 4160 narrat,
1096 4094 1229 4151 cuni
1249 4101 1431 4173 paucis
1469 4101 1623 4173 antiis
1663 4106 1880 4158 crebras
1913 4094 2107 4173 princi-

539 4180 668 4245 puttr
701 4166 1061 4245 Romanorum
1099 4166 1423 4245 mutationes
1454 4172 1692 4245 videret,
1737 4175 1811 4227 rei
1854 4166 1989 4231 bene
2016 4192 2110 4245 ge-

538 4236 721 4317 renda:
742 4250 889 4317 spem
911 4237 1156 4317 adeptus,
1173 4241 1433 4317 continuo
1452 4243 1502 4294 in
1524 4258 1709 4317 egrum
1737 4245 1869 4300 ﬁnes
1897 4236 2106 4317 irrupit.

540 4306 733 4385 Missus
763 4316 845 4385 est
870 4321 898 4357 a
920 4306 1139 4385 _Nepote
1162 4311 1296 4385 Aug.
1321 4310 1523 4379 legatus
1546 4313 1873 4385 Epiphanius
1899 4306 2110 4385 episeo-

539 4390 638 4451 pus
665 4376 962 4451 j‘icinensis
990 4378 1077 4447 qui
1122 4376 1521 4447 pactimie'cum
1556 4376 1753 4439 E'urico
1783 4376 2022 4451 feliciter,
2053 4401 2108 4446 ut

538 4446 840 4523 videbatur,
888 4446 1015 4523 inita
1057 4452 1215 4523 rediit
1255 4451 1333 4523 ad!
1359 4451 1635 4520 Nepotem.
1666 4456 1798 4510 Acta
1830 4446 2107 4523 legationis

540 4518 874 4591 persequitur
898 4518 1168 4573 Ennodius
1190 4520 1251 4591 in
1294 4521 1411 4576 Vita
1440 4518 1740 4591 Epiphauii.
1780 4518 1970 4581 Verum
2002 4531 2108 4584 Ett-

543 4586 899 4668 ricus,-t_'upto
930 4604 1052 4643 mox
1094 4590 1320 4655 findere,
1350 4586 1793 4668 cum-imperium
1827 4600 1878 4652 in
1904 4600 2115 4657 ilhoda-

540 4673 665 4739 nutu
708 4658 1046 4739 Ligerimque
1100 4677 1412 4727 prornowre
1459 4658 1751 4732 statuisset,
1806 4669 2113 4739 interiectas

541 4736 729 4811 gentes
758 4730 920 4811 armis
941 4746 1243 4811 aggressus,
1268 4749 1450 4789 earum
1477 4730 1758 4811 episcopos
1780 4742 1904 4794 odio
1930 4730 2115 4798 catho-

541 4802 851 4884 hearpar'tis
874 4802 1033 4856 homo
1052 4803 1317 4884 “barbarus
1343 4815 1398 4860 et
1425 4802 1869 4884 Arianus'partim
1900 4814 2109 4884 exsilio,

541 4872 730 4951 partim
775 4872 914 4926 ferro
939 4875 1169 4951 “multat.
1194 4874 1497 4951 .Arvernos,
1532 4879 1620 4947 qui
1652 4872 1837 4951 reliqui
1877 4895 2029 4938 erant
2058 4872 2109 4941 in

539 4942 902 5021 [tertianorum
935 4942 1035 4997 ﬁde
1057 4943 1300 5021 obsidet,
1323 4942 1926 5021 ςυιιὶιειςιιι-ομιιεῖιίιιιιε
1957 4956 2112 5011 Ecdi-

538 5012 622 5083 cio
648 5014 842 5067 comitc
880 5022 934 5066 et
960 5016 1212 5083 magistro
1232 5016 1478 5078 militum,
1515 5012 1975 5078 Sidoniivsoruriu.
2003 5027 2105 5081 So-

538 5082 646 5134 luta
676 5084 786 5149 jam
827 5082 1107 5138 obsidione
1144 5085 1325 5140 hostes
1368 5088 1421 5140 itt
1452 5087 1672 5144 hiberna
1702 5092 2058 5151 discesserant
2090 5117 2102 5151 :

537 5166 659 5233 eum
692 5152 1000 5209 Licinianus
1051 5164 1285 5233 quaestor
1321 5156 1390 5233 ad
1439 5158 1644 5233 G_nthos
1692 5162 1856 5217 llutna
1889 5167 2105 5233 missus,

537 5224 810 5276 Arvernos
836 5241 901 5277 ex
933 5224 1085 5293 pacto
1104 5225 1226 5291 dedi
1256 5226 1427 5296 jubet,
1461 5228 1498 5284 S
1520 5231 1680 5284 domo
1708 5233 1903 5288 frustra
1934 5224 2107 5291 recla;

540 5301 739 5373 mante,
761 5296 1308 5373 qui_s_olum_vertcre
1337 5310 1553 5373 coaetus
1598 5302 1901 5370 aliquandiu
1943 5307 2109 5364 abfuit

538 5365 724 5441 isuis.
760 5365 999 5441 Ecdicius
1030 5367 1093 5421 :id
1128 5369 1554 5437 Burgundionum
1584 5365 1735 5441 reges
1768 5388 1826 5427 se
1859 5380 2103 5435 contulit.

540 5432 767 5512 Euricus
799 5432 1364 5512 Victoriumeom'itetn
1404 5432 1671 5496 Arvernis
1683 5443 1953 5512 imposuit.
1986 5432 2109 5505 Haec

537 5503 787 5586 Sidonius
823 5509 1055 5586 epistula
1087 5510 1226 5586 l,__5,
1259 5513 1313 5576 4,
1349 5512 1401 5575 7,
1435 5513 1591 5586 huius
1619 5513 1735 5568 libri
1761 5503 1775 5578 ξ
1806 5525 1860 5570 et
1889 5517 1981 5571 lib.
2015 5503 2108 5586 vu,

541 5575 700 5657 epist.
736 5575 786 5639 t,
818 5579 876 5657 υ..
903 5580 955 5638 7,
978 5581 1085 5657 .13;
1118 5575 1346 5657 liti.'_vu'i,
1379 5575 1536 5657 epist.
1563 5585 1626 5648 9;
1658 5575 1849 5652 libftx,
1874 5588 2031 5656 CpiSt.
2051 5575 2106 5644 22

613 5644 638 5681 ιι
672 5645 989 5727 lniperisui
1020 5644 1497 5727 ﬁttestGothorum
1526 5655 1575 5710 in
1607 5644 1775 5711 Gallia
1807 5644 1993 5727 primae
2020 5644 2107 5715 se-

537 5715 638 5771 des
672 5719 722 5768 iu
757 5717 1101 5799 Septimania.
1151 5722 1264 5799 Quo
1310 5728 1523 5799 nomine
1573 5715 1998 5795 primum'dictus
2026 5743 2107 5787 est

537 5801 704 5857 pagus
734 5796 787 5842 et
811 5803 935 5857 ager
966 5789 1299 5847 Biterrensis.
1334 5796 1463 5849 Nam
1510 5789 1800 5854 ut'Arelate
1841 5802 2103 5859 Sextanon

2229 1918 2445 1974 reducta
2481 1920 2841 1975 concordiam.
2872 1920 3132 1989 Quocirca
3155 1922 3287 1978 satis
3316 1932 3367 1979 te
3388 1923 3487 1979 toti
3512 1940 3693 1991 suum,
3724 1941 3814 1981 sa-

2226 2011 2297 2067 tis
2319 2026 2379 2067 se
2404 2012 2500 2067 toti
2532 2020 2653 2067 tuos
2678 2013 2942 2067 mstimant
2975 2031 2986 2065 :
3013 2023 3087 2077 et,
3110 2030 3230 2084 qua:
3251 2016 3421 2085 gloria
3460 2026 3546 2072 tua
3578 2018 3811 2072 maxima

2229 2111 2336 2168 est,
2387 2104 2605 2158 minime
2648 2104 2923 2159 falluntur.
2969 2103 3296 2161 Obversatur
3332 2108 3529 2163 etenim
3572 2124 3668 2179 per
3692 2108 3814 2164 dies

2230 2197 2498 2250 mentibus
2548 2196 2917 2265 singulorum;
2966 2197 3105 2266 quod
3152 2213 3375 2266 persona
3415 2208 3574 2254 aetate
3601 2201 3807 2271 gravis,

2223 2288 2538 2343 inﬁrmitate
2566 2286 2791 2359 fragilis,
2818 2289 3098 2345 nobilitate
3127 2290 3389 2354 sublimis.
3420 2291 3683 2361 religione
3712 2308 3806 2347 ve-

2222 2381 2501 2446 nerabilis,
2527 2382 2694 2437 solius
2722 2382 3031 2438 dilectionis
3052 2383 3293 2449 obtentu,
3323 2385 3580 2455 abrupisti
3613 2395 3691 2441 tot
3717 2402 3803 2442 re-

2221 2473 2433 2543 pagula,
2480 2481 2559 2528 tot
2585 2472 2821 2543 obiectas
2851 2474 3097 2531 veniendi
3136 2475 3475 2531 difﬁcultates
3506 2495 3519 2531 :
3556 2478 3806 2534 itinerum

2219 2565 2468 2621 videlicet
2513 2566 2921 2637 longitudinem,
2967 2568 3284 2624 brevitatem
3322 2569 3555 2636 dierum,
3602 2571 3805 2627 nivium

2222 2659 2455 2729 copiam,
2497 2658 2778 2724 penuriam
2821 2660 3160 2729 pabulorum,
3204 2660 3512 2716 latitudines
3553 2662 3803 2716 solitudi-

2220 2767 2369 2817 num,
2418 2753 2692 2823 angustias
2720 2753 3081 2818 mansionum,
3129 2752 3336 2809 viarum
3374 2757 3678 2826 voragines,
3708 2768 3801 2813 aut

2220 2843 2447 2901 humore
2478 2844 2730 2901 imbrium
2762 2855 2969 2915 putres,
3006 2854 3096 2900 aut
3139 2845 3395 2915 frigorum
3438 2848 3679 2903 siccitate
3707 2850 3803 2903 tri-

2220 2936 2441 2994 bulosas
2475 2954 2488 2990 :
2517 2938 2584 2992 ad
2622 2936 2726 2992 hoc
2766 2949 2853 2992 aut
2883 2952 3106 3007 aggeres
3135 2938 3279 2993 saxis
3308 2952 3553 3007 asperos.
3579 2948 3673 2994 aut
3702 2938 3799 2995 litt.

2218 3028 2335 3085 vios
2364 3029 2483 3098 gelu
2512 3028 2770 3094 lubricos,
2796 3038 2885 3083 aut
2913 3029 3079 3084 colles
3107 3042 3332 3085 ascensu
3355 3030 3681 3099 salebrosos,
3704 3042 3799 3087 aut

2219 3122 2384 3178 valles
2419 3124 2664 3193 lapsuum
2706 3122 3018 3178 assiduitate
3047 3122 3266 3178 derasas
3298 3142 3309 3176 :
3341 3139 3436 3193 per
3475 3141 3594 3195 quae
3619 3127 3797 3181 omnia

2144 3204 2191 3268 C
2221 3216 2580 3282 incommoda,
2632 3218 2751 3285 quia
2787 3232 2890 3272 non
2935 3217 3198 3286 privatum
3237 3217 3579 3273 commodum
3613 3219 3793 3290 requi-

2218 3308 2416 3375 rebas,
2470 3321 2712 3362 amorem
2764 3308 3035 3377 publicum
3087 3309 3337 3365 retulisti.
3383 3309 3533 3377 Quod
3587 3321 3786 3375 restat,

2218 3398 2385 3453 Deum
2420 3413 2719 3467 precamur,
2766 3407 2824 3453 ut
2866 3400 2963 3454 ξιξνί
2994 3399 3153 3455 metis
3190 3400 3486 3455 secundum
3517 3409 3636 3457 vota
3666 3415 3785 3470 pro-

2222 3490 2403 3557 metis,
2454 3490 2711 3543 bonorum
2748 3490 3012 3546 amicitias
3061 3490 3372 3546 indefessim
3409 3501 3647 3562 expetas,
3702 3506 3789 3545 (a-

2216 3585 2355 3657 pias,
2394 3584 2635 3642 referas:
2666 3596 3023 3657 sequaturque
3070 3595 3122 3643 te
3158 3586 3386 3653 aﬁ‘ectio,
3432 3603 3591 3659 quam
3635 3587 3794 3644 relin-

2213 3781 2354 3834 rum,
2385 3774 2438 3821 et
2461 3766 2657 3821 Forum
2688 3766 2886 3821 Julium
2909 3767 3300 3821 Octaranorttm
3327 3779 3623 3835 cognomen
3660 3764 3792 3818 tule-

2213 3846 2341 3894 runt
2370 3854 2395 3891 a
2442 3838 2759 3891 militaribus
2800 3839 3024 3891 coloniis
3072 3847 3237 3891 sexta:
3269 3837 3351 3889 vel
3386 3844 3589 3887 octavo
3622 3835 3791 3904 legio-

2214 3912 2332 3975 nis;
2375 3910 2451 3964 sic
2488 3908 2707 3962 Biterra:
2752 3924 2844 3962 seu
2890 3909 3095 3961 Baetim:
3137 3908 3590 3973 Septimanorum,
3627 3905 3795 3960 Plinio

2214 3990 2371 4040 teSIe.
2412 3990 2467 4032 et
2496 3978 2739 4033 snhditus
2777 3979 2889 4032 ttrbi
2921 3994 3047 4046 ager
3074 3978 3441 4044 Septimaniae.
3478 3980 3653 4046 Atque
3696 3980 3795 4030 hoc

2213 4065 2372 4104 sensu
2396 4049 2773 4117 Aphrodisium
2810 4049 3211 4103 Bitterrettsium
3237 4049 3287 4101 iu
3322 4047 3649 4116 Septitnania
3683 4048 3793 4117 pri-

2214 4136 2356 4173 mum
2388 4122 2695 4189 episcopum
2737 4132 3035 4173 memorant
3061 4119 3278 4188 antiqua
3306 4118 3711 4189 tnartyrulogia,
3742 4126 3796 4172 et

2216 4189 2330 4244 Vita
2360 4191 2613 4245 Ludovici
2639 4191 2714 4244 Pii
2749 4190 3004 4245 Vadalam
3033 4190 3413 4244 monasterium
3448 4194 3499 4243 in
3532 4189 3797 4257 Septima-

2212 4262 2321 4315 niu.
2356 4263 2519 4315 Porro
2568 4260 2770 4314 Gutitos
2813 4263 2865 4316 in
2904 4276 2969 4316 eo
2998 4261 3227 4328 primum
3265 4262 3557 4330 provincia:
3589 4260 3797 4313 Narbo-

2213 4332 2392 4385 nensis
2422 4341 2592 4385 tractu
2623 4332 2952 4395 consedisse,
2985 4347 3085 4387 nec
3112 4333 3306 4386 desunt
3329 4332 3420 4399 qui
3446 4331 3708 4390 scribant,
3743 4338 3796 4385 et

2211 4400 2369 4483 ﬁdem
2407 4403 2754 4483 faciuntqugn
2781 4402 2849 4457 de
2868 4403 2975 4483 illis
3006 4411 3188 4483 narrat
3211 4402 3796 4483 Olympiodorusl‘Thc-

2215 4473 2362 4526 lucus
2393 4472 2529 4535 apud
2548 4473 2835 4527 -Pltotium.
2862 4474 3037 4540 Quare
3078 4473 3193 4527 hmc
3222 4472 3449 4541 primum
3477 4474 3577 4527 fttit
3617 4473 3796 4542 Septi-

2140 4574 2190 4633 D
2217 4543 2769 4633 Ἦὲίῖὶῗίὲἓίῆθίένην
2796 4553 2990 4633 P975339-
3019 4543 3331 4633 ’ἶίῖῐηθηὲέ
3358 4553 3521 4633 WE“!
3542 4543 3797 4633 Ph???“

2219 4614 2651 4685 Narbonensem;
2677 4616 2996 4668 transfusum
3034 4623 3138 4677 est,
3179 4630 3337 4684 quam
3373 4613 3634 4685 hodieque
3673 4613 3796 4667 Litt-

2259 4683 2528 4738 itatloriam
2556 4702 2584 4738 a
2615 4683 2801 4754 Gothis
2827 4686 2929 4738 dici
2963 4687 3166 4750 volunt,
3198 4686 3348 4754 quasi
3383 4683 3793 4753 Laudgnthiatn.

2246 4771 2276 4807 ιι
2305 4765 2638 4828 testamento
2651 4756 2823 4828 Caroli
2855 4755 3023 4828 Magni
3054 4773 3064 4808 :
3094 4754 3311 4828 APlfﬂt’m
3338 4755 3746 4828 Burgundirecu
3768 4774 3797 4805 ιι

2217 4828 2493 4897 provincia,
2523 4837 2569 4881 et
2602 4826 2919 4896 Septimam'a
2948 4828 3047 4880 sive
3080 4826 3287 4889 Gal/tia,
3319 4826 3477 4897 usque
3503 4827 3570 4879 ad
3606 4826 3795 4892 Hispa-

2218 4896 2357 4967 niam
2392 4896 2642 4965 Pippinits
2674 4897 2908 4964 accipiet.
2940 4897 3012 4950 Ita
3055 4906 3109 4967 et
3145 4896 3438 4967 Gregorius
3470 4896 3795 4960 'l‘uronirus,

2215 4966 2381 5021 Junas
2412 4970 2684 5023 Aurelian.
2719 4967 3026 5031 Nitltardus,
3059 4966 3291 5022 Joannes
3325 4966 3452 5032 νιιι,
3484 4967 3643 5035 epist.
3672 4968 3794 5029 ill,

2216 5045 2272 5108 et
2314 5038 2426 5103 alii,
2481 5038 2861 5105 Septimaniam
2910 5047 3164 5108 perpetuo
3209 5049 3426 5093 sumunt
3472 5054 3569 5108 pro
3627 5039 3794 5108 prima

2215 5106 2259 5161 N
2279 5108 2570 5161 ll'llOllCllSl.
2912 5106 2922 5108 ’
3010 5106 3015 5107 ⁷
3475 5106 3489 5145 ἰ

2292 5187 2315 5215 ε
2351 5177 2715 5247 Lugdunensi,
2757 5187 2813 5231 ιιι
2860 5178 3172 5233 adnotatum
3218 5189 3300 5233 est
3335 5178 3429 5234 lib.
3471 5196 3511 5247 I,
3552 5181 3710 5249 epist.
3746 5180 3792 5233 ‘l.

2215 5246 2593 5318 S_cripta’post
2638 5250 2969 5303 obsidionem
3012 5251 3158 5304 urbis
3209 5246 3507 5314 Arvernae,
3567 5246 3689 5306 cum
3734 5265 3792 5305 ett

2214 5315 2855 5391 Constant—iusflsugduno
2894 5321 3145 5375 venissrt.
3181 5320 3357 5388 Quare
3400 5321 3501 5377 iter
3550 5336 3792 5391 asperum

2218 5388 2359 5455 quod
2403 5388 2693 5462 discribit,
2733 5390 2857 5443 illud
2905 5402 2986 5445 est
3026 5395 3163 5461 quod
3223 5393 3331 5462 39
3377 5388 3691 5461 Lugdunum
3739 5401 3792 5447 et

2219 5464 2491 5532 Arvernos
2534 5461 2812 5530 iuterjacet
2845 5479 2856 5516 :
2889 5463 3029 5532 quod
3071 5461 3375 5529 quiilem’in
3416 5463 3619 5517 Tabula
3665 5466 3792 5517 [’t-u-

2216 5531 2535 5599 tingeriana,
2570 5533 2665 5586 sed
2696 5531 2952 5601 longiore,
3006 5542 3065 5587 ut
3095 5537 3144 5586 itt
3175 5535 3273 5587 viis
3322 5534 3639 5588 militaribus
3680 5550 3791 5585 mus

2213 5609 2314 5686 est,
2344 5605 2590 5683 anfractu
2634 5604 3070 5686 designatttrDhqc
3111 5605 3269 5658 modo
3300 5619 3311 5657 :
3344 5604 3620 5686 augt-iuno,
3661 5603 3788 5655 1ίόνό

2214 5668 2618 5738 Segusiauurum
2675 5668 2793 5739 κη’,
2842 5674 3137 5728 Mediolano
3185 5690 3284 5741 xv,
3346 5668 3631 5728 Raidomnu
3676 5690 3788 5733 ut,

2215 5741 2439 5795 Ariolt’ca
2462 5751 2575 5811 xu,’
2600 5742 2823 5816 Vorugio
2853 5762 2960 5813 xtv,
2989 5746 3147 5811 Aquis
3177 5745 3371 5799 Calidis
3402 5761 3515 5811 vitt,
3542 5746 3787 5800 Attaus'u-

2215 5825 2356 5845 κρυ»)
2379 5827 2489 5845 VIII
3802 5824 3816 5845 1

2213 5825 2356 5863 neme
2378 5829 2403 5864 Χ
2418 5827 2509 5866 XII.
