4140 6336
332 373 423 431 69⁸1

1532 358 2009 418 ΕΡΙΞΤΟΙΑΒΠΜ
2052 362 2180 417 ιω.
2224 363 2309 419 lli.

3473 366 3581 423 498

330 484 435 553 quis
466 496 479 534 :
510 486 562 533 et
603 475 819 532 initiatae
856 487 950 543 per
995 478 1049 527 te
1088 470 1393 541 ubicunque
1421 474 1629 541 gratim,
1663 475 1880 543 longum
1913 477 1962 538 Α
1992 477 2180 529 strinm
2231 475 2529 531 madeftcta
2580 478 2869 534 sudoribus
2911 476 3078 532 fulcra
3127 477 3459 548 resupinam,
3492 478 3579 531 alii

329 572 412 629 tibi
457 567 825 626 redhibeantur
866 579 1026 635 quam
1070 562 1433 630 fundamenta,
1488 575 1593 618 tam
1628 565 1885 620 culmina.

330 664 466 720 Vale.

805 705 919 825 εξ
943 749 1277 808 EPISTULA
1305 751 1396 807 ιιι.

626 843 873 901 Sidonius
904 854 929 881 η
956 843 1167 900 Ecdicio
1202 862 1298 900 suo
1327 844 1566 899 salutem.

386 942 436 998 Si
463 939 694 1011 quando,
724 955 865 995 nunc
904 941 1133 997 maxime
1165 940 1421 996 Arvernis
1458 939 1594 995 meis
1615 938 1895 995 desidera-

324 1040 408 1102 r‘s,
435 1033 622 1106 quibus
639 1032 855 1111 dilectio
879 1034 956 1089 tui
984 1034 1218 1089 immane
1245 1034 1571 1099 dominatur,
1597 1042 1653 1089 et
1682 1033 1895 1103 quidem
1938 1108 1941 1115 Ι

321 1129 696 1201 multiplicibus
735 1144 801 1185 ex
847 1130 1048 1185 causis.
1101 1130 1338 1186 Primum
1386 1129 1526 1200 quod
1568 1145 1803 1185 summas
1844 1129 1897 1183 in

320 1224 501 1277 affectu
548 1230 727 1293 partes
768 1221 891 1292 jure
930 1222 1030 1277 sibi
1079 1233 1303 1288 usurlat
1351 1230 1491 1276 terra
1536 1237 1656 1293 qum
1694 1223 1896 1292 genuit.

319 1317 442 1373 Dein
466 1316 608 1387 quod
638 1316 842 1373 63301110
866 1326 957 1371 tuo
980 1316 1125 1372 solus
1158 1316 1327 1372 ferme
1351 1317 1657 1371 mortalium
1695 1329 1775 1380 es,
1808 1316 1897 1385 qui

320 1409 496 1480 patriae
522 1423 631 1464 non
677 1408 853 1464 minus
882 1407 1136 1464 desiderii
1178 1409 1499 1469 nasciturus.
1535 1423 1692 1479 quam
1723 1405 1898 1476 gaudii

317 1512 463 1559 natus
486 1501 706 1558 feceris.
738 1500 1113 1571 Astipulantur
1135 1504 1357 1556 assertis
1376 1501 1603 1556 materni
1630 1497 1899 1570 quondam

318 1594 582 1667 puerperii
631 1605 897 1663 tempora,
949 1609 1069 1665 qua:
1115 1592 1427 1664 proliciente
1467 1602 1734 1663 conceptu
1774 1607 1902 1647 con-

317 1686 661 1743 cordantibus
693 1685 890 1741 civium
932 1686 1073 1739 votis
1111 1686 1552 1741 numerabantur.
1582 1684 1782 1741 Omitto
1811 1685 1902 1740 illa

318 1779 617 1835 communia
650 1777 893 1849 quidem,
926 1776 1021 1833 sed
1053 1793 1172 1848 qua:
1208 1794 1314 1833 non
1344 1778 1637 1834 mediocria
1665 1778 1904 1834 caritatis

2000 569 2066 623 de
2087 583 2322 623 concavo
2351 568 2443 620 tibi
2476 569 2699 624 cassidis
2729 571 2940 625 exituro
2972 568 3229 623 flexilium
3264 569 3577 622 laminarum

2000 662 2207 716 vincula
2247 660 2571 725 diffibulant,
2614 662 2705 715 alii
2735 662 3075 733 explicandis
3116 677 3397 717 ocrearum
3438 666 3583 717 nexi-

2001 754 2099 809 bus
2145 754 2508 824 implicantur,
2555 754 2644 808 alii
2686 754 3248 825 hebetatorumctcdc
3286 755 3582 825 gladiormn

2001 851 2170 906 latera
2201 849 2415 905 dentata
2467 858 2872 919 pernumerant,
2916 848 3006 903 alii
3033 851 3214 904 ctusim
3246 859 3404 918 atque
3449 865 3583 917 pun.

2002 944 2128 999 etim
2163 943 2513 997 foraminatos
2536 940 2773 997 circulos
2803 941 3087 996 loricarum
3120 941 3301 1011 digitis
3329 944 3588 996 livescen-

2004 1036 2144 1091 tibus
2177 1036 2489 1090 metiuntur.
2524 1034 2619 1089 llic
2648 1034 2773 1089 licet
2794 1033 2948 1089 multi
2979 1034 3345 1103 conplexibus
3376 1044 3584 1088 tuorum

2005 1128 2360 1198 tripudiantes
2386 1129 2491 1200 67
2542 1127 2999 1190 adhaerescerent,
3048 1128 3099 1180 in
3133 1135 3185 1180 te
3217 1127 3479 1180 maximus
3511 1137 3588 1178 ta-

2004 1237 2125 1275 mrn
2179 1221 2376 1274 itctitizc
2418 1218 2693 1289 pepularis
2746 1217 2976 1287 impetus
3020 1217 3450 1286 congerebatur:
3480 1226 3590 1270 tan-

2005 1315 2235 1384 demque
2265 1314 2314 1367 in
2342 1312 2550 1367 turbam
2584 1312 2841 1366 inermem
2874 1310 3090 1381 quidem
3122 1323 3369 1373 veneras,
3396 1308 3490 1363 sed
3519 1307 3587 1362 de

2005 1424 2107 1479 qua
2150 1416 2201 1463 te
2232 1422 2331 1462 nec
2376 1414 2614 1461 armatus
2642 1404 2917 1460 evttlveres
2945 1423 2957 1457 :
2992 1403 3309 1472 ferebasque
3340 1401 3589 1457 nimirum

2006 1502 2280 1571 eleganter
2323 1500 2550 1568 ineptias
2590 1498 2978 1569 gratulantum;
3024 1507 3080 1553 et
3124 1496 3251 1551 dttm
3294 1499 3591 1550 irruentuttt

2008 1594 2335 1648 tumultuoso
2371 1591 2619 1661 diriperis
2649 1590 2928 1660 amplexu,
2960 1604 3027 1644 eo
3057 1587 3383 1643 conditionis
3412 1601 3592 1642 acces-

2007 1700 2179 1752 seras,
2214 1686 2487 1756 piissimus
2520 1685 2714 1754 publici
2744 1684 2940 1738 amoris
2963 1684 3249 1751 interpres,
3282 1690 3339 1736 ut
3373 1694 3594 1736 necesse

2008 1789 2158 1837 esset
2187 1779 2259 1834 illi
2294 1779 2598 1835 uberiorem
2630 1778 2832 1834 referre
2862 1789 2913 1831 te
2934 1778 3184 1847 gratiam,
3218 1775 3307 1844 qui
3340 1775 3432 1829 tibi
3466 1774 3596 1829 libe-

316 1872 663 1929 iucitamenta
711 1880 854 1937 sunt,
882 1871 1036 1927 istius
1067 1872 1158 1927 tibi
1189 1880 1424 1943 reptatas
1454 1871 1672 1941 cespitis
1698 1870 1899 1942 glebas.
1935 1875 1982 1936 Β
2010 1878 2207 1932 riorcm
2239 1874 2453 1930 fecisset
2495 1874 2768 1945 injuriam.
2804 1871 2982 1927 Taceo
3014 1871 3283 1940 deinceps
3310 1870 3597 1940 collegi-se

318 1965 586 2021 Prmtereo
638 1963 784 2035 quod
828 1964 942 2019 haec
988 1963 1218 2034 primum
1259 1965 1501 2035 gramina
1544 1964 1780 2029 incessu,
1810 1962 1909 2017 ﬂu-

314 2057 454 2113 tnina
488 2067 706 2123 natatu,
751 2065 945 2111 venatu
987 2071 1206 2111 nemora
1249 2056 1475 2127 fregisti.
1523 2055 1725 2111 Omitto
1766 2053 1909 2126 quod

315 2149 397 2204 hic
426 2151 665 2219 primum
696 2146 789 2203 tibi
816 2148 943 2219 pila,
968 2163 1187 2220 pyrgus,
1210 2148 1485 2219 accipiter,
1510 2149 1686 2214 eanis,
1718 2161 1906 2216 equus,

314 2257 469 2299 arcus
503 2243 637 2299 ludo
670 2241 844 2299 fuere.
871 2242 1021 2298 Mitto
1044 2242 1162 2297 istic
1194 2242 1263 2297 ob
1284 2242 1509 2310 gratiam
1542 2241 1784 2311 pueritia:
1807 2250 1911 2296 tua!

316 2336 552 2407 undique
582 2334 828 2407 gentium
862 2333 1187 2390 confluxisse
1220 2334 1393 2390 studia
1427 2333 1747 2399 litterarum,
1784 2340 1911 2387 tua:-

315 2444 419 2499 que
444 2442 705 2499 personae
730 2425 998 2497 quondam
1029 2426 1288 2494 debitum,
1321 2426 1461 2498 quod
1497 2426 1763 2482 sermonis
1794 2423 1916 2481 Cel-

316 2522 403 2577 tici
418 2535 709 2592 squamam
724 2518 1031 2589 depositura
1050 2519 1321 2587 nobilitas,
1341 2534 1481 2573 nunc
1499 2518 1732 2573 oratorio
1750 2516 1912 2589 style,

316 2631 459 2671 nunc
485 2615 660 2669 etiam
686 2613 1073 2669 cammnalibus
1103 2612 1277 2668 modis
1302 2612 1663 2669 imbuebatur.
1697 2611 1831 2667 Illud
1861 2612 1914 2667 in

319 2717 371 2763 te
397 2708 661 2763 affectum
694 2706 1063 2777 principaliter
1090 2706 1461 2762 universitatis
1484 2706 1748 2771 accendit,
1774 2703 1916 2776 quod

314 2813 452 2870 quos
478 2799 618 2854 olim
652 2799 872 2854 Latinos
903 2798 1017 2854 fieri
1045 2812 1329 2869 exegeras,
1370 2798 1632 2854 barbaros
1663 2798 1921 2867 deinceps

312 2906 433 2946 esse
460 2893 713 2948 vetuisti.
745 2891 862 2947 Non
888 2892 1029 2946 enim
1057 2902 1235 2961 potest
1258 2906 1494 2961 unquam
1523 2890 1707 2946 civicis
1739 2901 1922 2960 pecto-

311 2984 466 3040 ribus
495 2984 671 3053 elabi,
699 2998 856 3055 quem
881 2990 955 3049 te,
981 2992 1346 3054 quantumque
1371 2996 1541 3053 nuper
1565 2982 1739 3037 omnis
1762 2989 1913 3047 tetas,

308 3077 472 3142 ordo,
502 3091 679 3132 sexus
711 3091 742 3132 e
770 3074 1042 3131 semirutis
1073 3087 1344 3130 murorum
1382 3072 1663 3145 aggeribus
1696 3074 1913 3143 conspi-

307 3167 614 3236 cabantur,
668 3181 789 3223 cum
830 3166 1125 3237 interiectis
1156 3168 1460 3239 mquoribus
1519 3167 1572 3222 in
1631 3167 1917 3221 adversum

2015 1978 2069 2025 te
2093 1969 2316 2041 privatis
2347 1967 2551 2022 viribus
2589 1965 2789 2035 publici
2817 1964 3089 2021 exercitus
3130 1964 3388 2034 speciem,
3422 1963 3599 2030 parvis

2014 2062 2354 2116 extrinsecus
2385 2060 2644 2129 majorum
2689 2060 2880 2129 opibus
2918 2056 3180 2126 adjutum,
3225 2063 3280 2109 et
3320 2054 3601 2110 inferiores

2017 2155 2251 2211 hostium
2280 2162 2403 2207 ante
2428 2150 2705 2207 discursus
2740 2150 3012 2220 castigatis
3038 2148 3346 2204 coercuisse
3378 2147 3602 2217 popula-

2018 2250 2181 2305 tibus.
2223 2247 2400 2302 Taceo
2457 2257 2510 2303 te
2549 2245 2757 2316 aliquot
2795 2245 3207 2316 superventibus
3243 2258 3444 2299 cuneos
3492 2259 3603 2298 ma-

2019 2350 2196 2397 ctasse
2225 2339 2505 2407 turmales,
2537 2354 2569 2394 e
2595 2352 2823 2393 numero
2852 2346 3064 2393 tuorum
3096 2337 3183 2391 vix
3206 2336 3343 2391 binis
3370 2334 3607 2391 ternisve

2025 2443 2145 2507 past
2169 2434 2411 2505 praelium
2443 2432 2765 2488 desideratis
2793 2447 2807 2483 :
2832 2440 2885 2484 et
2916 2438 3120 2484 tantum
3166 2427 3489 2483 calamitatis
3514 2426 3609 2481 ad~

2018 2541 2187 2583 versae
2212 2525 2375 2595 partis
2399 2523 2687 2593 inopinatis
2710 2521 3098 2580 certaminibus
3129 2518 3410 2578 inuictum.
3437 2526 3494 2571 ut
3518 2531 3612 2572 oc-

2019 2620 2200 2676 culere
2227 2632 2492 2674 ctesorum
2534 2615 2975 2672 numerositatem
3019 2613 3249 2668 consilio
3278 2610 3611 2667 deformiore

2023 2692 2435 2769 meditarentur.
2468 2710 2748 2779 Siquidem
2779 2722 2916 2779 quos
2955 2707 3167 2762 humari
3199 2721 3304 2761 nos
3341 2704 3613 2760 succincta

2027 2806 2399 2879 prohibuerat,
2428 2803 2785 2859 decervicatis
2824 2802 3027 2871 liqut-re
3067 2801 3419 2857 cadaveribus
3447 2817 3462 2854 :
3495 2808 3614 2854 tan-

2026 2918 2183 2971 quam
2220 2900 2446 2955 minoris
2490 2900 2671 2954 indicii
2705 2898 2866 2963 foret,
2907 2912 3065 2968 quam
3097 2898 3238 2952 villis
3266 2895 3481 2965 agnosci
3508 2895 3617 2947 cri-

2030 2995 2226 3058 nitum,
2258 2990 2532 3046 dimisisse
2564 2998 2888 3045 truncatum.
2923 2987 3026 3055 Qui
3070 2996 3347 3057 postquam
3377 2987 3493 3039 lucc
3534 2998 3615 3038 rc-

2032 3088 2231 3149 voluta,
2276 3085 2659 3140 intellexerunt
2690 3083 2888 3137 furtum
2923 3084 3092 3137 ruina:
3119 3095 3232 3135 stite
3268 3079 3474 3134 crudeli
3504 3076 3618 3130 vili~

2031 3190 2142 3235 tate
2172 3178 2443 3249 patuisse;
2476 3185 2588 3232 tum
2619 3175 2833 3231 demum
2868 3174 3044 3244 palam
3075 3172 3269 3228 ofﬁciis
3298 3167 3617 3240 essequiali~

301 3261 740 3333 perambulatis,
766 3272 820 3318 et
851 3262 936 3318 vix
968 3260 996 3301 δ
1040 3261 1406 3334 duodeviginti
1428 3262 1538 3334 66
1568 3262 1808 3333 equitum
1841 3275 1929 3315 80-
1953 3260 2001 3323 C
2043 3275 2140 3325 ltus
2170 3270 2592 3338 occupabantur,
2638 3284 2744 3323 non
2796 3268 2965 3337 magis
2992 3267 3199 3320 cladem
3248 3262 3434 3317 fraude
3461 3275 3620 3332 quam

301 3355 552 3412 dalitate
599 3356 918 3424 comitatus,
968 3358 1173 3429 aliquot
1225 3357 1390 3413 millia
1436 3355 1765 3420 Gothorum;
1819 3370 1925 3411 non

296 3455 497 3506 minus
522 3449 624 3505 die
675 3466 834 3521 quam
865 3465 1058 3521 campo
1086 3450 1264 3506 medio
1293 3449 1456 3523 (quod
1484 3449 1704 3505 difficile
1734 3449 1802 3504 sit
1831 3464 1927 3518 po-

295 3546 540 3601 steritas
595 3544 895 3615 creditura)
938 3544 1195 3599 transisti.
1239 3545 1319 3599 Ad
1353 3544 1586 3598 nominis
1626 3544 1700 3598 tui
1743 3558 1926 3598 rumo-

293 3652 428 3692 rem
480 3648 853 3706 personazque
903 3645 1272 3704 conspectum,
1312 3636 1609 3691 exercitum
1664 3635 1927 3690 exercita-

298 3729 603 3785 tissimum
655 3740 840 3800 stupor
868 3729 1048 3785 obruit
1075 3744 1087 3782 :
1123 3729 1192 3784 ita
1220 3739 1275 3784 ut
1310 3744 1423 3799 prze
1448 3728 1801 3784 admiratione
1831 3744 1927 3781 nc-

295 3821 531 3878 scirent
564 3817 740 3876 duces
770 3821 939 3891 partis
980 3820 1231 3888 inimicat,
1260 3835 1417 3892 quam
1456 3836 1515 3877 se
1536 3821 1710 3888 multi,
1744 3836 1932 3891 quam-

299 3930 417 3984 que
447 3922 510 3969 te
542 3913 710 3982 pauci
753 3914 1159 3969 comitarentur.
1194 3914 1466 3970 Subducta
1507 3923 1591 3971 est
1631 3924 1737 3969 tota
1766 3916 1933 3986 proti-

301 4025 413 4068 nus
461 4009 629 4064 acies
669 4008 722 4063 in
771 4008 1119 4079 supercilium
1161 4010 1319 4065 collis
1353 4010 1566 4080 abrupti
1600 4029 1611 4064 :
1644 4026 1766 4082 quae
1810 4024 1929 4065 cum

306 4104 474 4173 prius
524 4101 801 4171 applicata
846 4109 993 4157 esset
1021 4102 1427 4173 oppugnationi,
1478 4112 1531 4159 te
1558 4104 1673 4160 viso
1712 4118 1817 4157 non
1852 4111 1934 4158 est

305 4195 605 4267 explicata
655 4196 990 4264 congressui.
1060 4195 1267 4251 Interea
1325 4205 1378 4250 tu
1433 4195 1589 4251 caesis
1634 4194 1934 4266 quibusque

306 4288 579 4361 optimis,
615 4304 771 4358 quos,
804 4289 1125 4344 novissimos
1172 4289 1370 4360 agmini
1416 4305 1520 4344 non
1565 4288 1797 4360 ignavia,
1837 4289 1931 4344 sed

306 4383 559 4440 audacia
620 4381 841 4446 fecerat,
895 4379 1056 4437 nullis
1094 4390 1305 4438 tuorum
1355 4382 1651 4439 certamine
1693 4398 1758 4438 ex
1787 4364 1935 4438 tanto

307 4475 685 4539 desideratis,
730 4473 876 4529 solus
906 4474 1123 4544 planitie
1164 4490 1325 4547 quam
1369 4477 1732 4546 patentissima
1766 4479 1933 4545 potie-

308 4570 473 4637 bare,
513 4582 650 4623 cum
680 4566 773 4622 tibi
816 4582 922 4623 non
956 4568 1111 4625 daret
1141 4578 1217 4625 tot
1248 4584 1420 4641 pugna
1454 4570 1651 4635 socios,
1688 4580 1818 4641 quot
1846 4587 1936 4623 so-

2031 3362 2273 3420 fraudem
2311 3360 2652 3416 festinatione
2684 3359 2921 3415 celantes
2952 3375 2966 3412 :
2998 3357 3077 3413 sic
3116 3367 3315 3421 tamen,
3346 3353 3486 3425 quod
3525 3367 3623 3406 nec

2032 3473 2156 3514 ossa
2201 3456 2532 3512 tumultuarii
2570 3455 2792 3525 cespitis
2832 3453 2974 3509 mole
3020 3452 3398 3507 tumulabant:
3428 3447 3621 3518 quibus

2034 3563 2136 3606 nec
2165 3547 2325 3604 elutis
2353 3547 2700 3612 vestimenta,
2745 3560 2844 3601 nec
2883 3545 3093 3601 vestitis
3137 3544 3380 3614 sepulcra
3421 3540 3626 3595 tribue-

2034 3643 2183 3705 bant,
2213 3641 2355 3710 iuste
2408 3640 2485 3694 sic
2532 3639 2756 3693 mortuis
2786 3640 2912 3692 talia
2945 3638 3088 3707 iusta
3133 3638 3426 3691 solventes.
3465 3633 3623 3688 .lacc-

2044 3734 2179 3788 bant
2227 3746 2455 3801 corpora
2498 3730 2734 3799 undique
2778 3731 3017 3785 locorum
3065 3728 3321 3800 plaustris
3368 3739 3628 3781 convecta

2044 3824 2350 3882 rorantibus
2382 3843 2394 3879 :
2423 3840 2542 3895 quae
2581 3824 2831 3894 quoniam
2867 3822 3131 3893 perculsis
3161 3822 3271 3893 es
3314 3820 3629 3876 indesinen-

2045 3926 2127 3973 ter
2154 3916 2516 3981 incumberes,
2548 3917 2740 3986 raptim
2772 3916 3047 3971 succensis
3068 3915 3317 3970 conclusa
3342 3911 3628 3967 domiciliis

2043 4012 2337 4068 culminum
2382 4009 2843 4079 superlabentium
2891 4010 3162 4080 rogalibus
3198 4006 3509 4080 fragmentis
3551 4005 3628 4059 fu-

2042 4104 2387 4161 nerabantur.
2422 4101 2528 4159 Sed
2558 4100 2686 4171 quid
2732 4117 2831 4172 ego
2865 4102 2962 4156 ista
2998 4101 3113 4155 lucc
3137 4100 3284 4171 justo
3328 4095 3628 4167 plusculum

2036 4196 2255 4269 garrio?
2280 4195 2372 4265 qui
2415 4194 2656 4249 laborum
2693 4204 2905 4249 tuorum
2941 4208 3051 4248 non
3078 4208 3143 4246 ex
3192 4206 3315 4247 asse
3347 4188 3625 4245 historiam

2039 4300 2253 4355 texere,
2284 4287 2379 4343 sed
2412 4301 2511 4358 pro,
2547 4298 2699 4357 parte
2728 4290 3045 4341 memoriam
3084 4282 3262 4340 facere
3288 4281 3627 4352 praesumpsi,

2037 4402 2143 4455 quo
2167 4383 2339 4453 magis
2370 4381 2623 4437 crederes
2656 4382 2794 4436 votis
2824 4391 3071 4445 tuorum;
3096 4393 3323 4450 quorum
3359 4381 3632 4445 exspecta-

2038 4482 2177 4535 tioni
2206 4479 2524 4551 mgrescenti
2556 4478 2702 4534 nulla
2746 4479 3018 4535 salubrius
3052 4478 3342 4546 ociusque,
3374 4490 3530 4545 quam
3559 4472 3633 4529 tui

2040 4574 2309 4630 adventus
2341 4573 2579 4629 remedia
2622 4573 3055 4627 medicabuntur.
3108 4572 3270 4639 Igitur
3302 4571 3346 4622 si
3374 4567 3501 4638 quid
3535 4579 3636 4620 no-

307 4663 390 4719 let
444 4676 658 4717 mensa
691 4661 967 4716 convivas.
1018 4661 1285 4731 llinciam
1326 4678 1421 4732 per
1466 4661 1635 4716 otium
1666 4661 1718 4715 in
1749 4661 1932 4716 urbem
1963 4642 2018 4704 Ῑ)
2044 4673 2288 4725 stratium
2326 4668 2630 4737 precatibus
2674 4666 2992 4734 acquiescis,
3039 4673 3275 4719 actutum
3324 4664 3375 4718 in
3412 4660 3635 4731 patriam

307 4754 540 4822 reduci,
567 4752 706 4822 quid
729 4752 824 4807 tibi
847 4752 1060 4807 obviam
1086 4753 1410 4823 processerit
1430 4753 1756 4819 ofﬁciorum,
1785 4754 1936 4823 plau-

305 4864 507 4915 suum,
543 4847 803 4913 ﬂetuum,
833 4843 1172 4915 gaudiorum,
1214 4846 1385 4916 magis
1429 4855 1637 4901 tentant
1662 4856 1786 4901 vota
1814 4861 1938 4903 cou-

304 4942 515 5016 jicere,
554 4954 726 5011 quam
760 4938 923 4993 verba
949 4951 1214 4993 reserare.
1241 4937 1519 5007 Siquidem
1560 4952 1787 4994 cernere
1821 4947 1938 4994 erat

309 5034 547 5091 refertis
578 5029 953 5100 capacissimae
984 5028 1176 5085 domus
1217 5031 1391 5098 atriis,
1436 5030 1580 5085 illam
1611 5029 1781 5101 ipsam
1817 5029 1937 5086 feli-

302 5129 623 5185 cissimam
663 5124 844 5195 stipati
893 5123 1097 5181 reditus
1142 5124 1215 5180 tui
1262 5126 1570 5181 ovationem
1606 5142 1621 5183 :
1664 5126 1791 5182 dum
1841 5125 1931 5182 alii

310 5223 539 5277 osculis
575 5219 855 5291 pulverem
879 5229 1028 5274 tuum
1058 5220 1292 5289 rapiunt,
1321 5220 1411 5275 alii
1441 5220 1699 5292 sanguine
1722 5236 1785 5277 ac
1807 5238 1935 5292 spu-

312 5313 427 5369 mis
465 5310 701 5384 pinguia
751 5310 931 5381 lupata
973 5311 1289 5385 suscipiunt.
1332 5311 1423 5368 alii
1474 5313 1723 5369 sellarum
1771 5330 1937 5386 eque-

394 5458 426 5485 ι
454 5447 744 5510 Arverno,
793 5444 934 5501 Aviti
972 5446 1102 5517 imp.
1144 5445 1275 5517 filio,
1307 5456 1364 5503 ut
1403 5449 1601 5505 dictum
1629 5459 1712 5505 est
1738 5448 1837 5504 lib.
1874 5466 1931 5515 ιι,

316 5520 495 5590 epist.
530 5518 589 5571 Ι.
623 5516 669 5570 Is
698 5530 879 5570 comes
924 5518 1023 5572 hoc
1050 5516 1293 5590 tempore
1324 5523 1681 5589 magisterque
1711 5520 1938 5575 militum

318 5588 933 5661 A‘rvertiorumgurhem
975 5603 1003 5661 ς)
1032 5588 1218 5643 Gothi:
1251 5588 1525 5646 obsessam
1555 5588 1935 5661 propugnarat,

319 5661 630 5733 turritaque
672 5659 929 5733 adversus
964 5658 1169 5714 Gothus
1210 5662 1416 5715 fortiter
1451 5658 1707 5731 gesserat,
1729 5658 1863 5733 'quaz
1909 5679 1939 5719 a

320 5730 579 5789 Sidonio
606 5730 908 5784 laudantur.
1146 5756 1161 5761 ι

403 5803 434 5841 ι’
468 5799 641 5871 Apud
682 5800 998 5871 Gregorium
1022 5800 1227 5855 Turon.
1271 5802 1455 5857 decem
1502 5813 1705 5858 tantum
1752 5822 1941 5861 nume-

322 5882 569 5937 rantur.
602 5870 693 5928 Sic
722 5870 862 5927 enim
893 5871 961 5929 de
986 5873 1086 5927 hac
1116 5873 1228 5940 ipsa
1259 5871 1555 5929 Gothorum
1596 5878 1714 5947 fuga
1752 5880 1941 5935 scribit

2047 4760 2284 4829 receptui
2315 4774 2517 4814 canere
2560 4757 2776 4822 festina,
2819 4768 2873 4811 et
2903 4754 3272 4810 assiduitatem
3318 4763 3459 4808 tuam
3496 4751 3636 4823 peri-

2047 4853 2248 4908 culosa:
2282 4860 2303 4889 ο
2341 4865 2527 4919 regum
2570 4847 2921 4903 familiaritati
2972 4848 3118 4903 celer
3157 4848 3370 4913 exime;
3404 4860 3634 4916 quorum

2048 4941 2492 5000 tonsuetudinem
2542 4940 2974 5013 spectatissimus
3026 4941 3251 5013 quisque
3299 4940 3637 4995 flammarum

2050 5046 2256 5093 natura:
2282 5036 2418 5092 bene
2442 5045 2747 5107 comparat,
2776 5052 2893 5107 qua:
2924 5037 3061 5092 sicut
3098 5036 3367 5106 paululum
3393 5049 3421 5087 a
3458 5050 3517 5089 se
3548 5047 3635 5088 re.

2050 5140 2192 5187 mota
2236 5129 2561 5197 illuminant,
2605 5131 2677 5186 ita
2721 5132 2853 5187 satis
2885 5130 2985 5186 sibi
3032 5130 3244 5186 admeta
3289 5127 3632 5184 comburunt.

2046 5224 2198 5281 Vale.

2048 5456 2140 5510 lib.
2176 5471 2231 5522 ιι,
2265 5470 2382 5523 cap.
2412 5453 2510 5509 2L:
2531 5455 2691 5520 Quem
2717 5452 2983 5507 Ecdicium
3011 5455 3157 5508 mine
3177 5452 3452 5507 velocitatis
3475 5452 3635 5523 fuisse

2048 5526 2197 5579 multi
2228 5538 2649 5582 commemorant.
2701 5526 2838 5578 Nam
2866 5527 3087 5591 quadam
3119 5526 3226 5577 vice
3259 5526 3635 5579 multitudinem

2048 5593 2336 5652 Gothorum
2361 5613 2479 5650 cum
2505 5597 2681 5650 decem
2707 5597 2823 5649 uiris
2850 5600 3055 5665 fugasse
3082 5598 3430 5665 perscribitur.

2126 5679 2147 5707 ο
2175 5668 2645 5737 Burgundionum,
2694 5667 2884 5735 quibus
2916 5666 3193 5720 familiaris
3221 5678 3335 5737 erat
3371 5668 3631 5722 lit-dicitis.

2050 5738 2235 5808 Itaque
2284 5735 2334 5793 in
2383 5740 2743 5808 Burgundiam
2788 5748 3004 5807 postea,
3057 5740 3189 5792 urbe
3220 5735 3409 5791 Gothis
3452 5740 3630 5791 dedita

2049 5812 2296 5865 secessit.
2329 5811 2380 5863 in
2408 5825 2577 5879 caque
2609 5810 2884 5873 habitavt,
2918 5817 2973 5861 ut
3003 5809 3294 5863 ostendunt
3321 5824 3440 5878 quac
3469 5809 3536 5863 dc
3566 5823 3633 5863 co

2053 5886 2231 5936 narrat
2263 5879 2549 5950 Gregorius
2581 5880 2700 5936 loco
2731 5895 2891 5950 supra
2922 5880 3139 5949 scripto.
