4140 6336
296 366 406 462 ¹501

1534 394 2005 460 erterLAntm
2051 409 2177 459 LIB.
2224 413 2306 461 ιιι.

3455 420 3555 478 sua

314 512 429 567 tioni
476 523 663 564 mutum
701 524 916 579 ,anuam
946 509 1252 567 securitatis
1292 513 1582 580 aperuerit.
1636 515 1866 569 Persona
1896 520 1946 577 Α
1978 527 2183 570 ‹·‹›ι.δι;ιι
2234 518 2437 570 ιειςυιιυὶ
2466 520 2475 570 i
2500 522 2588 581 ni,
2622 524 2660 572 si
2699 522 2745 573 lu
2772 506 2978 588 ,natnr;
3014 540 3260 593 peccare,
3289 526 3331 579 si
3366 537 3556 580 taceat.

312 601 554 672 siquidem
580 609 689 669 est,
722 610 779 655 ut
819 600 1139 671 perhibent,
1190 619 1382 675 magna
1435 606 1867 674 exspectatione,

292 686 467 762 major
508 692 737 747 advequ
769 735 783 757 ,
813 694 986 748 relatu
1015 693 1294 760 sublimis,
1342 697 1676 766 inspectione
1705 690 1872 755 subli-

310 788 452 844 mior.
485 794 537 840 et
561 786 629 840 ob
659 786 836 841 omnia
885 785 1157 842 felicitatis
1197 800 1510 860 naturasque
1538 791 1674 846 dona
1721 808 1876 847 mon-

309 879 544 935 sirabilis.
568 878 787 934 Summa
815 895 1064 947 censura,
1100 897 1194 951 par
1222 883 1480 953 comitas,
1509 894 1564 939 et
1594 884 1874 953 prudentia

310 972 529 1039 fidesque
558 970 724 1025 misso
755 973 1097 1044 mittentique
1119 975 1464 1030 conveniens.
1495 974 1632 1030 Nihil
1661 975 1876 1031 allecta-

308 1078 402 1115 nnn
422 1061 856 1133 simulatumque,
878 1065 1207 1134 ponderique
1225 1081 1532 1121 sermOnum
1552 1084 1676 1122 vera
1699 1071 1877 1138 potius

302 1156 553 1213 severitas
604 1173 763 1226 quam
809 1159 1113 1214 severitatis
1163 1159 1417 1224 imitatio;
1446 1169 1499 1213 ct
1540 1175 1645 1213 non
1679 1169 1735 1214 ut
1764 1159 1875 1227 plu-

301 1248 444 1314 rimi,
493 1249 587 1320 qui
637 1263 757 1304 cum
806 1250 1008 1305 credita
1040 1249 1346 1306 diffidenter
1394 1252 1660 1323 allegant,
1693 1251 1879 1307 volunt

300 1341 456 1398 videri
497 1341 675 1412 egisse
702 1356 761 1397 se
789 1344 1016 1397 cautius.
1071 1343 1177 1399 Sed
1226 1360 1397 1415 neque
1431 1362 1497 1400 ex
1540 1344 1750 1400 illorum
1774 1387 1788 1410 ,
1823 1353 1879 1401 ut

300 1436 490 1503 ferunt,
522 1454 790 1506 numero,
835 1438 924 1510 qui
959 1450 1167 1494 secreta
1199 1438 1542 1511 dirigentium
1574 1441 1876 1512 principum

302 1530 657 1597 venditantes,
685 1531 927 1585 ambiunt
956 1547 986 1585 a
1016 1530 1261 1588 barbaris
1284 1531 1421 1589 bene
1446 1535 1528 1605 agi
1552 1549 1673 1589 cum
1705 1535 1879 1604 legato

299 1624 460 1692 potius
485 1639 651 1693 quam
683 1638 804 1678 cum
840 1624 1126 1693 legatione.
1171 1624 1323 1681 Hunc
1353 1626 1507 1681 nobis
1536 1642 1745 1682 morum
1778 1627 1877 1682 viri

296 1724 528 1771 tenorem
560 1717 830 1772 secundus
854 1733 1036 1774 rumor
1061 1718 1283 1774 invexit.
1302 1719 1545 1775 Mandate
1567 1721 1877 1790 perniciter,

296 1810 337 1865 si
390 1824 515 1863 vero
566 1810 707 1864 dicta
761 1811 1158 1881 conquadrant;
1200 1822 1258 1866 ut
1290 1812 1549 1882 tantisper
1575 1829 1605 1867 a
1637 1813 1880 1884 pervigili

296 1906 516 1960 Statioue
572 1907 866 1975 respirent,
918 1922 1052 1977 quos
1082 1920 1111 1960 a
1144 1907 1436 1960 muralibus
1479 1907 1720 1962 excubiis
1769 1924 1877 1962 non
1906 1898 1957 1959 Β

294 1996 403 2050 dies
451 1996 777 2065 ninguidus,
812 2012 917 2053 neu
959 2013 1067 2052 uox
1100 1996 1276 2052 illunis
1304 2008 1355 2053 et
1386 1998 1594 2054 turbida
1641 2000 1878 2069 receptui

292 2102 473 2144 canere
522 2095 854 2159 persuadent
892 2108 904 2144 :
938 2090 1057 2161 quia
1103 2091 1203 2145 etsi
1242 2092 1501 2147 barbarus
1552 2092 1603 2145 in
1654 2092 1917 2148 hiberna.

293 2186 567 2251 concedat,
606 2201 757 2252 mage
783 2185 1038 2240 diﬂerunt
1070 2203 1229 2256 quam
1260 2187 1567 2256 relinquunt
1592 2190 1758 2244 semel
1791 2206 1877 2241 ra-

291 2276 511 2331 dicatam
565 2279 729 2333 corda
764 2277 1124 2332 formidinem.
1170 2279 1389 2349 Palpate
1431 2295 1529 2335 nos
1576 2282 1877 2350 prosperis,

290 2372 403 2437 quia
437 2380 624 2424 nostra
658 2385 763 2425 non
793 2379 898 2425 tam
928 2370 1110 2441 procul
1140 2380 1222 2425 est
1252 2387 1281 2425 a
1317 2370 1466 2427 Vobis
1494 2388 1683 2439 causa,
1717 2390 1877 2444 quam

291 2464 479 2532 patria.
508 2462 667 2518 Vale.

761 2550 871 2627 73'
910 2554 1239 2613 EPISTOLA
1280 2554 1416 2612 vm.

538 2716 539 2723 γ
594 2649 844 2704 Sidonius
877 2658 902 2686 κ
937 2649 1187 2704 Eucherio
1216 2668 1311 2704 suo
1340 2651 1575 2706 salutem.

360 2743 604 2798 Veneror
636 2741 903 2813 antiques,
931 2758 1038 2797 nou
1072 2754 1246 2797 tamen
1290 2742 1362 2797 ita
1392 2748 1450 2798 ut
1479 2747 1569 2814 qui
1614 2761 1881 2815 mquret'o-

288 2848 399 2886 rmn
436 2850 687 2890 nieorum
709 2835 939 2889 virtutes
968 2843 1060 2888 aut
1098 2836 1286 2889 merita
1330 2845 1668 2904 postponam.
1700 2836 1883 2908 Neque

285 2928 326 2978 si
378 2924 626 2981 Romana
678 2925 976 2995 respublica
1028 2926 1081 2980 in
1125 2935 1367 2981 extrema
1398 2926 1512 2982 lucc
1543 2929 1878 2985 miseriarum

285 3017 532 3084 deﬂuxit,
564 3032 624 3074 ut
652 3021 922 3076 studiosos
942 3020 1024 3076 sui
1048 3036 1320 3091 nunquam
1347 3033 1748 3091 remuneretur,
1775 3042 1879 3082 non

284 3113 488 3167 ideirco
553 3116 745 3170 ltrutis
798 3115 1207 3186 Torquatosque
1264 3133 1371 3171 non
1421 3121 1638 3187 pariunt
1684 3121 1878 3175 smeula

256 3219 423 3258 .mea.
457 3206 727 3273 Quorsum
770 3207 867 3260 ista
917 3207 1073 3261 haec?
1115 3207 1308 3278 inquis.
1358 3208 1432 3265 De
1477 3220 1530 3265 te
1558 3210 1622 3264 ad
1672 3222 1722 3265 te
1751 3212 1877 3265 mihi

1979 612 2161 665 Sedet
2192 613 2288 678 ipsi
2318 629 2435 664 sare
2462 632 2578 666 nam
2616 618 2774 671 res‘ri
2806 619 3021 685 pudoris
3047 619 3377 689 impii-imus,
3407 620 3554 685 cujus

1981 706 2093 759 haec
2122 720 2335 774 semper
2361 708 2681 761 verecundia
2709 710 2796 761 fuit
2820 750 2836 775 ,
2868 721 2925 763 ut
2955 728 3050 780 pro
3079 714 3250 781 culpis
3277 712 3559 766 erubesco

1978 799 2109 852 retis
2134 800 2345 854 alienis.
2376 797 2603 854 Gerulus
2625 801 2993 869 epistolarum,
3020 804 3253 875 humilis,
3278 807 3560 861 obscurus.

1979 889 2425 959 despicabilisque
2456 894 2615 945 etiam
2662 908 2827 961 usque
2865 895 2929 947 ad
2961 896 3213 950 damnum
3262 897 3561 951 innocenti:

1981 982 2227 1049 ignavizr,
2257 982 2518 1052 mancipia
2552 999 2645 1038 sua
2668 1026 2682 1049 ,
2731 983 3002 1039 Britannis
3047 989 3183 1042 clam
3223 988 3563 1043 sollicitanti-

1980 1073 2099 1139 bus,
2129 1076 2355 1129 abducta
2386 1075 2652 1140 deplorat.
2681 1076 2948 1131 Incertum
2974 1078 3099 1130 tnihi
3127 1088 3293 1134 estan
3324 1082 3390 1134 sit
3413 1090 3563 1136 certa

1977 1168 2260 1223 causatio:
2292 1168 2385 1222 sed
2436 1168 2481 1222 si
2535 1169 2676 1224 inter
2721 1184 2902 1224 coram
2948 1170 3153 1239 positos
3193 1172 3561 1242 aequanimiter

1980 1257 2188 1329 objecta
2218 1259 2551 1330 discingitis,
2604 1261 2836 1316 arbitror
2866 1262 3007 1317 hunc
3038 1263 3359 1317 laboriosum
3404 1279 3562 1333 posse

1982 1352 2239 1419 probare,
2286 1352 2429 1420 quod
2463 1352 2650 1422 objicit
2681 1369 2695 1407 :
2724 1354 2768 1408 si
2800 1362 2977 1408 tamen
3010 1356 3148 1409 inter
3178 1364 3425 1423 argutos,
3471 1370 3559 1409 ar-

1980 1454 2183 1508 matos,
2215 1444 2572 1499 tumultuosos
2592 1486 2605 1508 ,
2642 1445 2868 1509 virtute,
2921 1461 3145 1500 numero
3166 1487 3181 1510 ,
3212 1444 3563 1500 contubernio

1980 1542 2358 1603 contumaces,
2409 1537 2702 1605 poteritex
2737 1552 2891 1606 aequo
2920 1548 2973 1590 et
3012 1537 3152 1591 bono
3196 1536 3373 1604 solus,
3422 1537 3565 1593 iuer-

1981 1625 2083 1679 mis
2109 1666 2124 1690 ,
2150 1622 2394 1696 abjectus
2413 1668 2429 1695 ,
2464 1626 2730 1693 rusticus,
2766 1628 3108 1698 peregrinus,
3142 1644 3343 1699 pauper
3368 1628 3564 1686 audiri.

1982 1715 2134 1773 Vale.

2547 1814 2876 1871 EPISTOLA
2918 1813 2983 1869 Χ.

2319 1908 2569 1964 Sidonius
2598 1907 2843 1962 Tetradio
2872 1924 2963 1963 suo
2995 1908 3228 1962 salutem.

2058 1997 2346 2055 Plurimum
2381 2001 2551 2055 laudis
2588 2000 2816 2071 juvenes
2863 1999 3031 2054 nostri
3066 1998 3303 2053 moribus
3332 2000 3441 2054 suis
3467 2013 3566 2067 ap-

1986 2090 2214 2161 plicant,
2266 2094 2475 2163 quoties
2503 2095 2570 2149 de
2603 2096 2934 2165 negotiorum
2983 2092 3188 2147 meritis
3238 2089 3570 2161 ambigentes

1985 2187 2050 2238 ad
2100 2188 2392 2253 peritorum
2435 2186 2658 2242 consilia
2706 2187 2996 2240 decurrunt
3042 2203 3053 2237 :
3101 2182 3252 2237 sicuti
3302 2198 3440 2236 nunc
3489 2181 3569 2234 vir

1985 2277 2316 2333 clarissimus
2363 2280 2711 2344 Theodorus,
2755 2278 2899 2332 dumi
2927 2277 3141 2344 quidem
3198 2275 3423 2340 nobilis,
3474 2273 3570 2328 sed

1984 2369 2397 2427 modestiSsima:
2450 2370 2878 2425 conversationis
2932 2370 3184 2438 opinione
3235 2368 3569 2438 generosior,

1983 2464 2073 2534 qui
2106 2479 2200 2531 per
2229 2464 2438 2519 litteras
2467 2478 2614 2518 meas
2645 2460 2710 2517 ad
2742 2474 2857 2516 tuas
2879 2462 3116 2527 litteras,
3163 2458 3211 2512 id
3248 2468 3333 2513 est
3361 2456 3425 2511 ad
3454 2472 3571 2511 me-

1984 2557 2319 2612 racissimum
2344 2557 2585 2612 scientia:
2608 2557 2806 2611 fontem
2830 2601 2842 2617 .
2876 2553 3127 2610 laudabili
3158 2551 3412 2606 aviditate
3444 2565 3570 2620 pro-

1984 2645 2264 2714 ficiscitur,
2296 2663 2402 2701 non
2435 2647 2597 2701 modo
2638 2655 2951 2717 reperturus
3003 2646 3109 2701 illic
3156 2646 3267 2713 ipse
3294 2643 3434 2714 quod
3486 2641 3570 2696 di-

1983 2751 2118 2805 scat,
2142 2741 2235 2796 sed
2266 2751 2320 2796 et
2343 2740 2565 2796 forsitan
2590 2740 2857 2795 relaturus
2894 2739 3020 2794 inde
3063 2736 3202 2809 quod
3236 2736 3443 2791 doceat.
3474 2735 3572 2788 Cui

1984 2842 2168 2886 contra
2202 2842 2445 2900 potentes
2496 2832 2884 2901 factiososque,
2937 2831 2980 2883 si
3024 2838 3200 2885 vestra
3242 2828 3347 2900 75
3379 2825 3572 2897 peritia

1986 2924 2317 2979 abundanter
2345 2940 2447 2978 non
2477 2924 2853 2991 Opitularetur,
2884 2923 3161 2992 prudentia
3187 2922 3429 2977 consulta
3458 2917 3571 2973 suf-
3644 2958 3651 2963 .

1986 3018 2187 3073 liceret.
2224 3017 2596 3086 Respondete,
2630 3018 3005 3077 obsecramus,
3064 3015 3163 3069 nisi
3210 3014 3360 3068 vobis
3391 3022 3570 3065 tamen

1986 3109 2264 3181 utriusque
2289 3120 2533 3164 nostrum
2563 3111 2723 3165 socia:
2753 3125 2943 3180 preces
2985 3110 3136 3164 oneri
3178 3106 3454 3163 fastidiove
3485 3119 3569 3160 re-

1984 3206 2334 3274 putabuntur,
2375 3204 2576 3275 judicio
2619 3219 2751 3273 suo,
2797 3202 3107 3259 testimonio
3157 3216 3314 3265 meo;
3361 3207 3414 3254 et
3442 3198 3570 3252 sub-

277 3313 469 3351 sertno
498 3307 616 3363 est,
660 3300 739 3352 \ir
778 3300 1185 3367 efficacissime,
1218 3301 1302 3357 cui
1347 3302 1506 3359 debet
1539 3305 1837 3374 respublica
1860 3349 1875 3373 ,
1906 3279 1953 3343 θ
1983 3297 2231 3355 stantiam
2259 3312 2584 3372 causamque
2612 3298 2863 3370 supplicis
2895 3298 3240 3353 fluctuantem
3276 3292 3570 3350 indicabi-

252 3390 441 3458 quod
461 3392 788 3459 sumdirtis
809 3394 1043 3448 solutum
1074 3394 1252 3449 laudat
1275 3397 1517 3452 historia.
1542 3398 1879 3470 Quapropter

242 3484 459 3552 :ignari
487 3499 670 3540 rerum
697 3488 979 3542 temeraria
1010 3487 1207 3556 judicia
1238 3492 1601 3559 suspendant,
1630 3507 1730 3549 nec
1760 3510 1880 3563 per-

240 3615 252 3623 .
270 3583 550 3628 severum
568 3576 699 3630 satis
727 3588 818 3632 aut
841 3577 1114 3647 suspicere
1142 3581 1465 3648 praeteritos,
1493 3593 1584 3638 aut
1602 3586 1879 3655 despicere

270 3678 592 3737 pra-sentes
634 3688 648 3726 :
681 3673 1110 3743 quandoquidem
1155 3674 1309 3729 facile
1346 3674 1628 3741 clarescit,
1668 3692 1881 3747 rempu-

268 3759 484 3815 btieam
524 3759 553 3798 δ
585 3766 783 3841 morari
830 3764 1127 3828 beneficia,
1180 3781 1274 3820 vos
1318 3768 1534 3822 mereri.
1569 3766 1880 3839 Quanquam

236 3855 601 3939 'mirandum
630 3858 907 3931 granditer
949 3875 1058 3914 non
1108 3859 1208 3927 sit,
1259 3860 1473 3915 natione
1522 3862 1879 3918 feneratorum

246 3940 389 4007 'no’n
426 3946 610 4003 solum
660 3944 949 4005 inciviliter
979 3951 1245 4006 Romanas
1276 3954 1411 4007 vires
1437 3954 1843 4011 administrante
1863 3999 1879 4024 ,

270 4060 472 4121 verum
527 4042 687 4113 etiam
744 4043 1217 4105 fundamentzditer
1245 4056 1502 4115 eruente,
1537 4052 1578 4102 si
1624 4049 1879 4107 nobilium

273 4124 526 4193 virorum
582 4134 1000 4205 militariunique
1022 4178 1035 4197 .
1068 4148 1121 4192 et
1152 4154 1307 4207 supra
1355 4141 1438 4195 vel
1467 4157 1615 4211 spem
1650 4152 1876 4211 nostra),

246 4229 358 4304 ,γςι
390 4227 716 4303 opinionem
750 4232 915 4298 partis
936 4230 1181 4285 adversa:
1202 4231 1606 4299 bellicosorum,
1634 4249 1740 4289 non
1772 4247 1876 4290 tant

274 4319 563 4375 defuerint
594 4319 731 4376 facta
759 4336 917 4391 quam
947 4322 1189 4389 praemia.
1228 4322 1370 4377 Vale.

852 4413 1178 4493 EPISTOLA
1226 4416 1311 4470 ix.

587 4506 834 4563 Sidonias
868 4517 890 4547 ο
922 4508 1194 4562 Riothamo
1224 4526 1317 4562 suo
1337 4512 1573 4564 salutem.

344 4601 622 4657 Servatur
667 4601 838 4653 nostri
890 4601 1222 4654 consuetudo
1274 4605 1586 4668 sermonis;
1647 4621 1876 4675 namque

274 4693 583 4748 miscemus
613 4705 733 4747 eum
782 4691 1102 4748 salutatione
1148 4696 1538 4762 querimoniam
1577 4715 1589 4749 :
1627 4714 1730 4751 non
1759 4714 1876 4752 om-
1902 4666 1958 4726 Β

270 4783 401 4839 nino
436 4784 574 4839 huic
603 4782 679 4840 rei
707 4783 1006 4848 studentes,
1035 4792 1095 4836 ut
1118 4784 1289 4854 stylus
1319 4794 1501 4839 noster
1523 4785 1630 4858 74
1655 4788 1722 4841 sit
1751 4788 1874 4842 offi-

270 4878 452 4931 eiostts
493 4877 550 4931 in
589 4873 781 4943 titulis,
811 4887 970 4942 aSper
1000 4874 1051 4928 in
1079 4875 1314 4943 paginis;
1356 4878 1448 4931 sed
1477 4877 1618 4946 quod
1649 4893 1708 4932 ea
1733 4894 1873 4932 sein-

270 4985 367 5039 per
388 4970 681 5037 eveniunt,
702 4968 771 5023 de
796 4966 988 5037 quibus
1010 4966 1111 5021 loci
1141 4966 1244 5021 mei
1273 4976 1366 5021 aut
1381 4967 1585 5022 ordinis
1604 4968 1874 5024 hominem

274 5102 494 5169 venisse
528 5107 743 5177 liquet,
774 5120 892 5162 eum
925 5103 1082 5159 Gothi
1116 5104 1185 5177 ab
1210 5104 1488 5161 obsidione
1517 5107 1878 5163 Arvernorum

271 5178 322 5232 in
359 5176 605 5235 hiberna
630 5178 1046 5233 concessissent.
1070 5177 1143 5231 De
1168 5176 1443 5231 Liciniano
1468 5181 1657 5234 iterum
1683 5181 1881 5237 scribet

272 5250 365 5317 lib.
403 5262 459 5316 v,
497 5249 727 5316 epistola
759 5251 820 5303 lt}
851 5253 915 5301 ad
949 5248 1318 5316 Papianilfam.

490 5319 747 5401 aﬂVirum
795 5319 1257 5401 illustretti.\'ot;at
1294 5321 1346 5375 in
1388 5322 1874 5401 concione-Bituri-

274 5386 469 5456 ei-n‘si'.
510 5392 820 5447 senatorem
855 5386 1147 5458 Gregorius
1176 5391 1379 5445 Turon.
1410 5393 1557 5447 Hunc
1585 5394 1727 5448 enim
1760 5411 1879 5451 esse

275 5463 517 5537 conjicio
539 5458 1221 5537 Eucheriumsenatorem,
1247 5476 1400 5531 quem
1426 5478 1456 5518 a
1478 5462 1719 5518 ViCtorio
1746 5468 1878 5521 duce

266 5534 420 5601 lictis
464 5533 757 5589 calumniis
789 5534 1141 5604 oppressum,
1186 5543 1537 5603 necatumque
1564 5547 1746 5590 narrat
1780 5537 1873 5591 lib.

278 5610 493 5676 tt,_‘cap;
529 5604 623 5660 '20.

310 5686 311 5689 ‘
340 5674 374 5716 ἰδ
408 5674 467 5731 In
506 5676 713 5746 aliquot
739 5691 894 5745 mss,
928 5677 1201 5747 moderari.

268 5802 273 5805 _
351 5759 374 5807 9
412 5747 701 5803 Britonutn
732 5749 861 5818 regi,
894 5758 949 5803 ut
974 5746 1166 5818 Opinor
1192 5765 1204 5799 :
1235 5761 1390 5811 quem
1424 5746 1647 5818 Euricus
1671 5746 1873 5818 Anthe-

268 5818 387 5874 mio
412 5818 542 5874 eum
578 5820 644 5877 12
670 5816 899 5874 millibus
928 5816 1198 5888 suppetias
1224 5817 1492 5888 ferentem
1527 5816 1577 5871 in
1614 5833 1745 5888 pago
1786 5816 1872 5871 lti-

274 5894 491 5956 turieo,
520 5898 579 5945 ut
601 5888 897 5947 Jornaudes
929 5894 977 5945 in
997 5886 1167 5945 rebus
1203 5886 1405 5947 Geticis
1433 5886 1625 5950 refert.
1657 5886 1868 5947 collatis

1981 3398 2047 3454 lis
2074 3401 2315 3469 reSponsi
2346 3397 2661 3454 salubritate
2691 3394 2888 3450 fulcite.
2922 3393 3074 3447 Vale.

2579 3485 2910 3543 EPISTOLA
2950 3485 3041 3542 Kl.

2269 3583 2517 3638 Sidonius
2548 3578 2575 3617 ἀ
2607 3579 2879 3648 Simplicio
2909 3596 3004 3633 suo
3034 3579 3269 3632 salutem.

2057 3675 2172 3731 Etsi
2219 3674 2543 3731 desiderium
2583 3682 2823 3727 nostrum
2869 3670 3189 3726 sinisteritas
3226 3679 3367 3724 tanta
3396 3668 3568 3722 comi-

1988 3779 2146 3831 tatur,
2183 3767 2430 3822 utetiam
2483 3782 2625 3821 nunc.
2675 3765 2875 3819 nostris
2920 3764 3209 3819 invidearis
3251 3764 3565 3817 obtutibus:

1987 3878 2091 3915 non
2123 3861 2321 3915 idcirco
2353 3861 2396 3916 is
2423 3875 2502 3924 es,
2532 3860 2765 3915 virorum
2794 3860 3013 3927 optime,
3050 3859 3115 3912 de
3144 3856 3297 3926 cujus
3328 3870 3426 3911 nos
3456 3870 3572 3910 mo-

1987 3953 2133 4005 rillus
2162 3954 2356 4007 lateant
2393 3951 2537 4005 celsa
2586 3960 2903 4005 memoratu.
2950 3952 3021 4004 lta
3063 3950 3237 4003 cuncti
3270 3957 3568 4012 nostrates,

1988 4046 2255 4115 iidemque
2286 4054 2577 4100 summates
2609 4045 2729 4110 viri,
2765 4047 3086 4115 optimarum
3121 4055 3172 4100 te
3198 4043 3569 4099 exactissima-

1985 4152 2212 4205 rumque
2271 4138 2500 4206 partimn
2561 4137 3060 4205 pra'stantissimum
3127 4135 3571 4205 patremfamilias

1982 4243 2222 4284 consono
2257 4231 2530 4298 praeconio
2580 4238 2995 4302 prosequuntur.
3057 4232 3389 4299 AStipulatur
3448 4228 3572 4283 huic

1982 4324 2050 4377 de
2083 4334 2133 4377 te
2174 4324 2455 4379 sententiae
2486 4325 2779 4392 bonorum,
2812 4324 2897 4379 vel
2927 4324 3005 4380 sic
3032 4324 3235 4379 electus
3265 4339 3449 4394 gener,
3482 4324 3569 4376 vel

1982 4420 2170 4475 educta
2202 4423 2279 4474 sic
2311 4420 2417 4474 lilia
2454 4438 2467 4475 :
2500 4421 2551 4473 in
2582 4435 2810 4489 quorum
2855 4418 3043 4486 copula
3086 4428 3192 4472 tam
3224 4417 3434 4471 felicem
3478 4414 3571 4469 tibi

1983 4514 2407 4567 controversiam
2438 4523 2560 4565 vota
2599 4520 2954 4581 pepererunt,
2999 4518 3059 4564 ut
3087 4509 3358 4577 ambigas,
3389 4515 3569 4558 utrum

1981 4604 2202 4672 judicio,
2231 4619 2296 4657 an
2330 4601 2668 4656 institutione
2712 4601 3070 4669 superaveris.
3103 4599 3207 4653 Sed
3239 4606 3415 4650 taruen
3447 4594 3571 4648 hinc

1984 4696 2067 4750 Vl‘l
2098 4695 2328 4748 maxime
2356 4679 2605 4761 parentes
2635 4692 2793 4745 ambo
2818 4690 3157 4745 venerabiles
3191 4700 3307 4743 eSte
3346 4686 3520 4741 securi
3557 4704 3567 4737 :

1986 4787 2185 4841 ideirco
2229 4796 2456 4839 caeteros
2500 4782 2743 4847 vincitis,
2788 4782 2931 4850 quod
2962 4796 3056 4835 vos
3090 4780 3181 4834 lilii
3223 4780 3569 4834 transierunt.

1987 4877 2149 4945 Igitur
2177 4877 2317 4931 dona
2341 4876 2495 4931 venia
2544 4876 2747 4929 litteras
2792 4874 3023 4945 primas;
3071 4888 3204 4942 quas
3243 4882 3303 4927 ut
3343 4873 3570 4927 necdum

1985 4971 2200 5025 mittere
2230 4968 2433 5024 desidia
2466 4967 2673 5031 fuerat,
2708 4968 2778 5023 ita
2810 4982 3004 5023 vereor
3030 4982 3095 5021 ne
3122 4968 3191 5021 sit
3214 4965 3423 5020 misisse
3443 4979 3570 5034 gar-

1985 5109 2153 5179 signis
2205 5108 2523 5177 profligavit.
2571 5106 2679 5163 Nec
2730 5124 2856 5163 vero
2898 5107 3087 5179 mirum
3130 5114 3568 5179 c~t_regetnnon

1989 5175 2243 5247 appellari
2276 5175 2652 5239 liiotliamntn.
2702 5182 2843 5244 sive,
2902 5187 2959 5232 ut
3008 5175 3308 5232 Jornandes
3353 5177 3567 5239 scribit,

1987 5250 2338 5328 Blfllllllllllm,
2367 5268 2486 5328 cum
2513 5266 2610 5328 nec
2639 5250 2994 5307 Gundnicium
3040 5249 3250 5328 llilarus
3283 5264 3436 5316 papa,
3473 5263 3570 5302 nec
3638 5293 3647 5328 λ

1985 5320 2345 5390 Chilperieum
2379 5322 2633 5377 Sidonius
2674 5336 2826 5391 reges
2859 5326 3086 5385 vocent;
3129 5333 3355 5389 quorum
3388 5327 3565 5374 tamen

1987 5402 2211 5461 uterque
2236 5409 2325 5448 rex
2360 5394 2454 5447 fuit
2484 5394 2938 5463 Burgundionum.

2060 5463 2083 5499 τ’
2122 5467 2194 5518 Illi
2247 5464 2344 5532 ipsi
2378 5461 2634 5526 fortasse,
2676 5467 2764 5533 qui
2800 5464 2981 5531 paucis
3016 5471 3133 5529 post
3164 5461 3317 5533 annis
3348 5461 3573 5518 Sidonio

1989 5530 2304 5601 designauit:
2335 5552 2546 5590 era'azus
2589 5545 2669 5588 est
2694 5530 2983 5603 episcopus
3013 5530 3380 5589 Bituricensis.
3413 5533 3573 5588 Juvat

1987 5608 2352 5676 conjecturam
2385 5610 2522 5676 quod
2567 5607 2635 5659 de
2670 5605 2925 5671 Simplicii
2956 5603 3115 5673 hujus
3148 5604 3282 5676 filiis
3311 5605 3384 5659 ait
3418 5622 3430 5657 :
3467 5604 3571 5658 Vos

1981 5674 2101 5746 ﬁlii"
2128 5674 2437 5730 “monui:
2467 5694 2484 5730 :
2511 5677 2577 5730 de
2618 5676 2880 5743 Simplicii
2922 5674 3162 5746 episcopi
3194 5674 3319 5746 filiis
3361 5678 3411 5730 in
3445 5691 3575 5730 con—

1982 5749 2170 5813 cione,
2222 5748 2414 5805 Utribus
2446 5755 2775 5818 comparatus
2814 5745 2969 5816 pater,
2995 5746 3192 5819 felicior
3230 5745 3353 5801 inde
3396 5745 3572 5815 incipit

1979 5835 2087 5871 esse
2118 5820 2253 5889 quod
2285 5819 2522 5875 vincitur.

3582 3429 3607 3446 ο
