4140 6336
574 352 681 412 ωδ

1835 332 2076 391 SIDONII
2117 328 2565 388 APOLLINARIS

3753 315 3853 381 505

572 474 777 534 rulitas.
811 467 1027 523 Carebit
1051 478 1182 518 sane
1212 468 1454 517 nostrum
1486 470 1639 512 naevo
1670 452 2011 522 loquacitatis
2038 448 2157 504 offl-
2186 452 2236 511 Α
2261 448 2468 518 geries,
2526 461 2682 514 quam
2719 442 2958 509 la-vigata
2992 438 3182 509 pagina
3229 445 3388 507 tegat.
3419 433 3531 504 ligo
3562 432 3848 491 venerabili

573 566 743 628 cium,
769 560 814 615 si
841 557 1085 627 exemplo
1111 550 1442 609 recursantis
1466 547 1719 618 alloquii,
1769 544 2155 615 impudentiam

574 654 777 723 pagina:
800 647 1075 719 prarsentis
1105 641 1422 699 absolveris.
1450 638 1598 695 Vale.

1045 738 1154 809 76
1192 732 1524 791 EPISTULA
1565 730 1679 786 xu.

885 832 1134 890 Sidonius
1160 839 1186 866 ἰ
1219 827 1455 884 Secundo
1483 841 1576 880 suo
1607 826 1843 879 salutem.

638 927 736 981 Avi
766 925 890 991 mei,
919 923 1103 994 proavi
1125 922 1200 975 tui
1231 921 1493 975 tumulum
1517 916 1792 981 hesterno,
1816 912 1951 985 proh
1974 910 2151 967 dolor!

567 1023 653 1076 de
704 1033 893 1074 manus
940 1016 1163 1087 profana
1216 1028 1349 1084 pene
1401 1017 1753 1066 temeraverat
1803 1025 1815 1060 :
1869 1005 1962 1061 sed
2013 1004 2156 1060 Deus

568 1114 760 1177 adfuit,
779 1126 843 1166 ne
866 1114 1015 1166 nelas
1036 1117 1251 1175 tantum
1277 1111 1699 1177 perpetraretur.
1715 1099 1951 1169 Campus
1974 1107 2155 1151 autem

568 1210 681 1276 ipse
722 1205 925 1259 dudum
970 1204 1198 1258 refertus
1244 1208 1350 1253 tam
1404 1194 1734 1263 bustualibus
1777 1190 1968 1246 favillis
1994 1204 2155 1261 quam

568 1294 942 1361 cadaveribus,
970 1294 1168 1349 nullam
1190 1289 1396 1361 jamdiu
1421 1286 1668 1343 scrobem
1695 1283 2019 1354 recipiebat!
2047 1280 2153 1337 Sed

573 1403 747 1443 tamen
782 1388 962 1452 tellus,
997 1383 1230 1439 humatis
1260 1397 1377 1453 qua:
1408 1378 1805 1451 superducitur,
1840 1374 2072 1431 redierat
2101 1374 2155 1427 in

480 1552 485 1559 ί
569 1484 852 1551 pristinam
904 1481 1133 1535 distenta
1183 1476 1493 1548 planitiem,
1547 1472 1787 1544 pondere
1829 1469 2027 1535 nivali,
2059 1483 2154 1521 seu

568 1575 823 1631 diuturno
856 1574 1103 1628 imbrium
1133 1571 1278 1626 ﬂuxu
1308 1567 1607 1624 sidentibus
1634 1563 1859 1621 acervis.
1887 1562 2017 1630 Qum
2056 1559 2158 1616 fuit

569 1687 725 1726 causa
762 1679 818 1724 ut
848 1670 1024 1723 locum
1055 1667 1347 1733 auderent,
1393 1674 1645 1733 tanquam
1679 1648 1990 1722 vacantem,
2038 1668 2156 1709 eor-

570 1779 758 1830 parum
790 1760 957 1831 bajuli
978 1760 1167 1815 rastris
1190 1757 1504 1812 funebribus
1532 1755 1777 1825 impiare.
1808 1749 1945 1820 Quid
1969 1747 2155 1820 plura?

569 1856 683 1909 lam
740 1856 888 1925 niger
933 1865 1123 1922 cespes
1166 1866 1229 1906 ex
1276 1848 1461 1915 viridi;
1503 1848 1610 1919 jam
1670 1861 1828 1916 supra
1881 1844 2156 1914 antiquum
2189 1847 2237 1908 Β

567 1947 873 2017 sepulcrum
896 1944 1066 2014 glebae
1092 1950 1361 2010 recentes,
1397 1955 1518 1997 cum
1550 1938 1689 1994 forte
1712 1950 1941 2007 pergens
1968 1934 2155 1989 urbem

567 2042 635 2095 ad
680 2041 1015 2107 Arvernam,
1059 2036 1330 2108 publicum
1380 2032 1557 2089 scelus
1596 2046 1627 2086 e
1666 2029 1956 2101 supercilio
1998 2025 2156 2081 vicini

566 2134 724 2187 collis
759 2134 973 2202 aspexi;
1028 2143 1220 2200 meque
1253 2143 1391 2198 equo
1427 2124 1598 2180 effuso
1654 2133 1759 2177 tant
1809 2136 1905 2192 per
1950 2128 2157 2190 aequata

569 2242 727 2297 quam
780 2241 874 2294 per
901 2224 1128 2294 abrupta
1176 2219 1511 2291 proripiens,
1549 2226 1602 2271 et
1638 2228 1804 2269 mora:
1833 2213 2039 2283 exigua:
2079 2211 2158 2266 sic

568 2332 782 2387 quoque
828 2317 1152 2385 impatiens,
1200 2321 1487 2380 antequam
1536 2307 1906 2375 pervenirem,
1952 2303 2159 2357 facinus

569 2411 745 2465 audax
776 2410 974 2479 prtevio
1000 2408 1237 2462 clamore
1283 2401 1608 2473 compescui.
1649 2399 1783 2454 Dum
1825 2397 2069 2452 dubitant
2104 2396 2160 2450 in

570 2504 797 2558 crimine
843 2500 1063 2571 reperti,
1095 2499 1461 2555 dilaberentur
1490 2511 1555 2550 an
1588 2503 1815 2557 starent,
1848 2490 2155 2562 superveni.

571 2595 845 2652 Conﬁteor
873 2608 1146 2658 errorem;
1190 2590 1449 2662 supplicia
1481 2598 1761 2659 captorum
1802 2585 2021 2641 differre
2053 2599 2160 2640 non

572 2687 720 2756 potui
782 2704 795 2740 :
846 2685 939 2741 sed
978 2686 1141 2755 supra
1190 2683 1362 2754 ipsum
1415 2682 1560 2737 senis
1606 2681 1772 2735 nostri
1826 2678 2158 2750 opertorium

571 2781 705 2836 torsi
748 2780 1016 2844 latrones,
1044 2789 1302 2848 quantum
1328 2762 1579 2831 sufficere.
1610 2774 1779 2844 possit
1810 2773 2158 2844 superstitum

569 2888 712 2927 curae
738 2914 751 2937 ,
785 2881 1114 2926 mortuorum
1163 2868 1460 2923 securitati.
1492 2866 1758 2922 Cancrum
1792 2874 1977 2921 nostro
2019 2866 2159 2935 quod

570 2964 839 3025 sacerdoti
862 2964 935 3019 nil
962 2964 1263 3029 reservavi;
1289 2977 1423 3017 mea:
1452 2976 1649 3025 causa),
1674 2975 1892 3028 sumque
1916 2973 2161 3026 persome

571 3060 829 3132 prtescitts
854 3105 868 3129 ,
915 3060 965 3114 in
1006 3075 1291 3113 commune
1321 3056 1597 3121 consului;
1644 3071 1712 3110 ne
1742 3055 1825 3110 vel
1860 3055 1976 3109 haec
2014 3053 2161 3123 justo

572 3155 889 3209 clementius
913 3152 1296 3218 vindicaretur,
1321 3153 1402 3203 vel
1429 3150 1517 3203 illa
1544 3150 1690 3220 justo
1717 3148 1965 3204 severius
1991 3146 2163 3202 vindi-

572 3257 739 3301 caret.
792 3247 895 3316 77
943 3246 1038 3301 Cui
1084 3261 1203 3299 cum
1255 3255 1431 3299 tamen
1464 3252 1631 3297 totum
1664 3243 1909 3297 ordinem
1943 3244 2059 3307 rei,
2106 3242 2235 3306 utC

573 3336 908 3393 satisfaciens
952 3352 1014 3389 ex
1062 3336 1255 3390 itinere
1305 3334 1674 3399 mandassem;
1720 3334 1802 3387 vir
1842 3341 2061 3388 sanctus
2108 3343 2162 3389 et

599 3437 747 3484 ustus
771 3428 1060 3483 iracundia:
1083 3444 1216 3482 mere
1241 3427 1386 3481 dedit
1411 3426 1660 3495 gloriam,
1689 3441 1809 3481 cum
1832 3427 1906 3482 nil
1931 3426 2161 3497 amplius

575 3538 677 3592 ego
701 3522 908 3577 veniam
941 3521 1265 3590 postularem
1286 3562 1300 3585 ,
1334 3520 1689 3590 pronuntians
1717 3536 1870 3576 more
1897 3521 2160 3591 majorum

574 3629 695 3670 reos
722 3622 882 3668 tantae
916 3614 1232 3668 temeritatis
1252 3613 1372 3682 jurc
1398 3627 1566 3668 (‘tBSOS
1592 3613 1781 3669 videri.
1810 3614 1917 3669 Sed
1941 3630 2007 3670 ne
2034 3614 2161 3686 quid

570 3708 625 3764 in
662 3721 931 3774 toserum
977 3707 1191 3763 casilms
1222 3707 1414 3773 liceat,
1447 3722 1580 3777 quos
1606 3707 1677 3762 ab
1704 3709 1954 3780 exemplo
1991 3710 2162 3765 vitare

570 3800 825 3856 debemus
846 3843 859 3866 ,
886 3816 919 3870 p
942 3816 1048 3855 λεοο
1074 3809 1131 3854 ιιι
1156 3809 1416 3868 actutum,
1450 3815 1535 3854 me
1561 3815 1772 3871 quoque
1802 3802 2043 3868 absente,
2074 3810 2161 3858 tua

570 3909 719 3963 cura,
749 3896 841 3951 sed
866 3909 985 3950 meo
1010 3902 1223 3964 sumptu
1249 3902 1495 3964 resurgat
1518 3894 1569 3948 in
1602 3895 1796 3950 molem
1821 3909 2005 3965 sparsa
2028 3910 2163 3952 con-

646 4086 668 4113 η
702 4076 902 4131 Fratris
935 4074 1044 4130 filio
1078 4075 1183 4130 :ad
1215 4089 1370 4141 quem
1408 4074 1570 4128 mittit
1610 4074 1933 4143 Apollinaris
1957 4075 2040 4130 avi
2068 4076 2151 4131 sui

572 4147 922 4218 epitaphium.
938 4147 1076 4213 quod
1092 4154 1251 4200 nocte
1272 4144 1519 4215 proxima
1537 4154 1801 4218 exararat;
1826 4146 2153 4218 mandatque

574 4216 629 4290 ut
657 4216 1004 4273 io’marmore
1035 4218 1259 4290 incisum
1296 4219 1415 4290 ejus
1442 4216 1649 4270 tumulo
1674 4217 1913 4290 imponat
1949 4238 1964 4275 :
1992 4216 2154 4290 atQue

571 4289 689 4344 huic
715 4303 776 4344 se
820 4303 1031 4357 quodue
1054 4288 1276 4342 absente
1299 4329 1311 4349 ,
1358 4287 1410 4341 id
1444 4298 1523 4340 est
1554 4298 1678 4357 ante
1716 4289 1943 4344 reditum
1965 4287 2151 4357 suum,

572 4368 633 4413 ttt
675 4368 827 4413 curet
866 4361 1127 4414 hortatur.
1172 4357 1303 4411 Cum
1329 4357 1487 4425 igitur
1519 4359 1583 4411 ad
1626 4357 1812 4412 urbem
1856 4360 2152 4417 Arvernam

573 4445 799 4500 pergens
838 4445 902 4484 ex
936 4430 1128 4484 itinere
1162 4428 1274 4481 haec
1303 4430 1536 4492 scribat,
1580 4443 1917 4499 consequens
1947 4440 2030 4487 est
2073 4441 2155 4487 tu-

572 4502 774 4585 mulum
800 4501 1122 4585 Apollinaris
1148 4500 1231 4554 avi
1259 4514 1363 4555 nou
1394 4504 1758 4585 Arvernorum
1786 4502 1901 4584 urbi
1920 4503 2150 4559 vicinum
2179 4524 2234 4585 ι)

571 4574 737 4645 fuisse
761 4615 775 4637 ,
833 4574 929 4645 sed
960 4572 1281 4645 Lugduno‘:
1318 4569 1457 4645 unde
1503 4571 1778 4645 digressus
1821 4574 1887 4645 in
1922 4574 2153 4645 sepulcri

572 4644 859 4698 violatores
905 4643 1019 4709 ipso
1071 4641 1278 4697 itineris
1324 4642 1477 4696 initio
1524 4642 1803 4698 inciderat.
1847 4643 1960 4699 Non
1988 4641 2151 4701 'enim

566 4716 755 4787 procul
786 4714 1044 4784 Lugduno
1076 4714 1309 4787 abfuisse
1344 4714 1602 4787 tumulum
1643 4714 1766 4769 hinc
1799 4724 1975 4785 patet,
2004 4719 2148 4787 quod

571 4800 697 4839 cum
726 4786 792 4840 de
824 4787 1063 4840 multatis
1094 4788 1201 4839 reis
1228 4785 1294 4839 ad
1327 4786 1637 4853 episcopum
1667 4788 1941 4842 retulisset
1961 4828 1977 4853 ,
2009 4785 2154 4844 illico

569 4860 964 4930 responsum‘in
988 4858 1103 4930 ipso
1118 4856 1312 4930 itinere
1334 4856 1561 4930 accepit.
1596 4857 1941 4930 Sacerdotem
1974 4859 2153 4930 itaque

570 4944 724 5000 suum
754 4928 984 5000 appellat
1016 4929 1321 5000 Patientem
1353 4927 1664 5000 episcopum
1712 4927 2152 5000 Lugdunensem,

570 5009 623 5054 et
657 4999 707 5052 itt
731 4999 1006 5068 epitapbio
1036 4997 1357 5069 Apollinaris
1382 4999 1604 5066 patriam
1634 4997 1972 5069 Lugdunum.

641 5069 667 5107 ι)
700 5070 1042 5139 Lapidicidte.
1066 5068 1201 5125 Cod.
1226 5070 1291 5122 de
1313 5079 1552 5125 excusat.
1578 5068 1735 5124 artif.’
1755 5073 1790 5125 Ι.
1822 5088 1836 5125 ι
1865 5089 1881 5127 :
1911 5072 2155 5137 Quadra—

570 5143 710 5207 tarii,
757 5158 882 5211 quos
914 5139 1095 5195 (ἰν-ατο
1138 5139 1383 5193 vocabulo
1422 5140 1711 5203 λιοοθήκτας
1740 5143 2004 5211 appellant
2051 5160 2069 5198 :
2109 5154 2156 5198 et

570 5210 811 5284 saxorum
862 5212 1215 5284 quadratarii,
1241 5210 1599 5284 bassiodorus
1649 5214 1699 5266 iu
1751 5210 2012 5284 psalmos.
2051 5218 2154 5270 Ars

569 5283 907 5350 quadrataria
941 5288 993 5337 in
1020 5283 1205 5351 Agone
1232 5282 1332 5337 SS.
1366 5282 1789 5347 Coronatorum}
1832 5294 1887 5340 et
1927 5284 1978 5337 in
2015 5285 2149 5353 trag;

569 5362 751 5425 mento
772 5354 967 5409 vetusti
992 5355 1184 5424 lapidis
1214 5354 1397 5425 Romae
1430 5355 1479 5407 in
1505 5355 1619 5407 :ede
1645 5355 1700 5408 S.
1738 5355 1968 5425 Hagnes.

644 5436 665 5460 υ
700 5424 775 5479 De
826 5426 1140 5494 praefectura
1179 5423 1519 5497 Apollinaris
1546 5426 1669 5489 avi,
1717 5435 1767 5481 et
1806 5423 1873 5481 de
1914 5427 2153 5497 tyrann's

568 5509 704 5562 quos
738 5511 803 5548 eo
830 5504 1072 5564 tempore
1112 5494 1265 5562 passa
1299 5505 1381 5549 est
1406 5494 1609 5564 G-tllia,
1647 5494 2057 5553 dicendum'lib.
2098 5512 2151 5562 v,

568 5567 789 5636 cpistola
818 5566 869 5630 9,
895 5567 960 5620 ad
987 5567 1315 5636 Aquilinum.

492 5652 513 5655 μ
640 5635 675 5710 ιι-
695 5635 747 5690 ln
779 5635 1238 5707 baptismo,qttem
1264 5639 1513 5710 primuse
1539 5639 1731 5694 familia
1757 5655 1851 5693 sua
1872 5640 2108 5710 suscepit
2133 5659 2147 5699 :

568 5706 725 5788 unde.
742 5717 897 5788 patet
923 5723 1075 5788 error
1103 5706 1533 5788 ’lieati’libenani
1554 5751 1567 5772 ,
1597 5713 1682 5788 qui
1715 5710 1936 5765 Sidonio
1968 5706 2155 5766 nostro

567 5778 785 5860 tribuit,
817 5778 957 5860 quod
980 5779 1232 5860 _ejus_avo
1274 5780 1590 5860 debebatur.
1618 5778 1756 5860 illuc
1794 5782 2154 5860 autem__fa_eit

569 5851 848 5935 antiquum
878 5852 1023 5910 urbis
1052 5851 1409 5927 epigramma,
1444 5854 1583 5927 quod
1614 5854 1833 5928 reliquis
1880 5871 1909 5909 e
1960 5854 2150 5911 biblio-

2264 540 2563 597 Gaudentio
2593 535 2778 606 reliqui
2811 534 3037 604 pretium
3074 531 3282 601 lapidi:,
3318 527 3606 599 operisque
3637 540 3844 580 merce-

2262 635 2407 689 dem.
2456 631 2683 687 Carmen
2728 629 2829 684 hoc
2887 642 3017 683 sane
3062 626 3202 696 quod
3250 632 3642 692 consequetur.
3695 627 3847 675 nocte

2263 728 2501 799 proxima
2549 725 2683 789 feci,
2713 739 2817 778 non
2847 719 3171 790 expolitum,
3202 718 3391 783 credo,
3423 713 3565 786 quod
3598 714 3697 767 via:
3744 728 3844 769 non

2261 834 2451 890 parum
2482 818 2719 872 intentus
2767 833 2780 869 :
2814 815 2953 885 quod
2981 823 3137 884 peto,
3186 822 3241 865 ut
3270 809 3463 864 tabula-
3506 804 3846 878 quantulum-

2261 930 2473 985 cunque
2493 924 2599 983 est,
2628 910 2877 967 celeriter
2898 907 3132 963 indatur.
3156 904 3263 961 Sed
3286 902 3407 958 vide
3437 912 3496 957 ut
3527 900 3717 956 vitium
3748 914 3846 955 non

2262 1009 2420 1064 faciat
2459 1008 2513 1061 in
2543 1018 2813 1061 marmore
2843 1000 3129 1072 lapidicida
3165 1017 3177 1052 :
3227 996 3369 1069 quod
3401 995 3603 1050 factum
3643 994 3758 1048 sive
3787 993 3847 1047 ab

2261 1099 2519 1157 industria
2547 1139 2563 1164 ,
2615 1113 2709 1153 seu
2768 1110 2864 1166 per
2892 1092 3189 1156 incuriam,
3247 1089 3378 1146 mihi
3410 1087 3580 1156 magis
3621 1097 3781 1156 quam
3825 1082 3848 1120 lt

2263 1190 2630 1264 quadratario,
2664 1186 2858 1244 lividus
2889 1186 3058 1247 lector
3084 1182 3339 1239 ascribat.
3374 1180 3485 1252 Ego
3516 1191 3666 1243 vero,
3698 1176 3743 1230 si
3768 1175 3848 1244 pio

2260 1284 2437 1341 studio
2469 1292 2654 1353 rogata
2685 1281 2986 1355 curaveris,
3017 1278 3095 1334 sic
3126 1291 3278 1346 agam
3309 1274 3509 1345 gratias
3531 1316 3544 1340 ,
3581 1270 3735 1341 quasi
3783 1268 3847 1322 nil

2263 1377 2356 1433 tibi
2385 1392 2598 1447 qttoque
2630 1373 2804 1429 laudis
2833 1382 2924 1427 aut
2948 1371 3136 1441 glorias
3165 1367 3423 1432 accedat,
3471 1378 3631 1435 quem
3662 1369 3848 1432 patruo

2262 1481 2371 1535 tuo,
2418 1470 2466 1525 id
2499 1478 2579 1525 est
2607 1482 2692 1522 me
2729 1475 2956 1531 remoto,
2990 1462 3163 1519 solida
3198 1458 3479 1532 przesentis
3509 1455 3670 1512 officii
3701 1452 3847 1510 solli-

2261 1562 2441 1620 citudo
2464 1559 2754 1617 mansisset
2787 1572 2884 1630 pro
2919 1555 3088 1628 gradu
3116 1555 3356 1611 seminis.
3390 1550 3542 1606 Vale.

2384 1698 2562 1760 Serum
2589 1704 2695 1760 post
2716 1700 2931 1758 patruos,
2959 1701 3248 1760 patremque
3279 1700 3478 1740 carmen

2384 1698 2562 1747 Serum
2589 1704 2695 1760 post
2716 1700 2931 1758 patruos,
2959 1701 3248 1757 patremque
3279 1700 3478 1740 carmen

2382 1758 2525 1825 Haud
2549 1760 2775 1820 indignus
2799 1771 2887 1807 avo
2907 1768 3059 1819 nepos
3075 1756 3231 1825 dicavi
3253 1767 3265 1803 :
4099 1694 4101 1825 ‘

2386 1822 2461 1871 Ne
2486 1821 2585 1870 fors
2609 1818 2830 1883 tempore
2854 1818 3090 1881 postumo,
3118 1818 3291 1883 viator,

2391 1887 2626 1948 Ignorans
2642 1879 2971 1948 reverentiam
2997 1879 3200 1943 sepulti,

2384 1945 2638 1997 Tellurem
2665 1957 2858 1993 tereres
2876 1945 3228 2005 inaggeratam.

2389 2015 2409 2041 ο
2438 2007 2709 2058 Praefectus
2727 2008 2859 2069 jacet
2877 2003 3293 2069 hic'Apollinaris,

2389 2074 2503 2123 Post
2528 2065 2750 2132 praetoria
2776 2075 2908 2118 recta
2927 2065 3205 2123 Galliarum,

2386 2135 2639 2185 Moerentia
2665 2133 2833 2194 patrias
2852 2132 2961 2180 sinu
2980 2136 3229 2191 receptus.

2374 2200 2483 2274 '18
2509 2205 2921 2274 Consultissimps,
2958 2200 3359 2274 utili-simusque,

2388 2262 2552 2331 limis,
2576 2266 3025 2331 milititepforique
3049 2262 3205 2331 cultor
3224 2301 3239 2325 ,

2389 2306 2724 2395 35:33am;
2746 2306 3172 2395 εἱῑίῖρξεὲίὲυιοςόζ

2388 2395 2540 2447 Liber
2550 2388 3023 2443 'suh'dominan'tibus
3045 2388 3276 2451 tyrannis.

2390 2458 2506 2510 Haec
2528 2456 2615 2507 sed
2637 2459 2841 2506 maxima
2866 2452 3075 2514 dignitas
3092 2451 3356 2514 probatur:

2389 2509 2523 2581 Quod
2548 2520 2758 2570 frontem
2782 2509 2952 2577 cruce,
2980 2514 3004 2551 «ι
3030 2509 3252 2563 membra
3274 2509 3407 2560 fonte
3431 2517 3665 2572 purgans,

2391 2585 2584 2633 Primus
2597 2582 2663 2630 de
2684 2590 2887 2628 numero
2910 2586 3098 2641 patrum
3116 2586 3314 2641 suorum

2389 2646 2553 2696 Sacris
2574 2642 2831 2703 sacrilegis
2854 2639 3169 2703 renuntiavit.

2850 2678 3392 2770 deo-ustil‘itee'superba
3413 2696 3589 2754 virtus,
4090 2678 4095 2729 l

2385 2770 2487 2832 Spe
2510 2763 2816 2833 praecedere,
2849 2776 2973 2833 quos
2997 2766 3182 2813 honore
3202 2763 3399 2833 jungas.

2389 2827 2581 2893 Q'uiq'ue
2606 2832 2683 2880 hic
2703 2836 2810 2893 sunt
2836 2827 2988 2877 titulis
3007 2837 3153 2889 pares
3173 2827 3421 2887 parentes,

2388 2895 2490 2945 Hos
2502 2891 2610 2944 illic
2633 2891 2820 2941 meritis
2835 2900 3177 2953 supervenire.

2264 3019 2395 3076 Novi
2419 3019 2635 3091 quidem
2663 3016 2900 3074 auctoris
2921 3015 3091 3073 nostri
3114 3028 3223 3070 non
3244 3008 3572 3082 respondere
3595 3006 3844 3062 doctrinm

2265 3113 2532 3185 epitaphii
2569 3112 2913 3185 qualitatem;
2945 3109 3038 3165 sed
3080 3107 3254 3162 anima
3285 3103 3455 3176 perita
3494 3099 3727 3157 musicas
3754 3111 3850 3153 non

2268 3206 2465 3261 refutat
2495 3204 2732 3261 inferias.
2764 3203 2889 3259 Tibi
2931 3215 3144 3273 quoque
3173 3213 3280 3255 non
3336 3197 3490 3252 decet
3537 3192 3749 3249 tardum
3777 3191 3847 3245 vi-

2266 3297 2423 3365 deri,
2454 3298 2594 3370 quod
2643 3298 2815 3353 haeres
2864 3297 3051 3351 tertius
3078 3301 3411 3364 quartusque
3456 3285 3849 3358 dependimus:

2267 3406 2388 3447 eum
2421 3400 2500 3445 tot
2528 3404 2792 3445 annorum
2824 3403 2956 3460 gyro
2977 3385 3165 3441 voluto
3209 3396 3459 3454 magnum
3490 3376 3849 3436 Alexandrum

2269 3493 2581 3555 parentasse
2623 3482 2868 3538 manibus
2919 3478 3178 3542 Achillis.
3225 3485 3282 3532 et
3332 3473 3530 3531 Iulium
3582 3469 3852 3525 llasareut

2268 3575 2507 3644 Hectori,
2539 3586 2598 3631 ut
2617 3590 2735 3641 suo,
2767 3575 2910 3647 justa
2942 3570 3273 3643 persolvisse
3300 3565 3674 3624 didicerimus.
3705 3560 3851 3618 Vale.

2805 3686 3132 3747 EPISTULA
3171 3682 3308 3740 Xlll.

2556 3784 2807 3841 Sidonius
2839 3793 2862 3821 ε
2892 3780 3185 3853 Apollinari
3214 3793 3306 3833 suo
3334 3773 3571 3832 salutem.

2346 3899 2516 3957 Unice
2565 3898 2767 3972 probo,
2823 3896 3063 3969 gaudeo,
3111 3892 3351 3951 admiror
3402 3886 3550 3963 quod
3596 3881 3858 3944 castitatis

2259 4083 2412 4207 great!
2444 4082 2685 4167 Palatina
2716 4081 2945 4155 vulgatis
2972 4080 3098 4138 addi
3128 4078 3260 4137 licet
3281 4093 3346 4134 ex
3374 4076 3564 4133 codice
3583 4073 3648 4133 S.
3676 4073 3856 4131 Maria:

2313 4170 2357 4207 tr
2398 4169 2638 4207 unensts.

2313 4169 2638 4210 Il'dIlﬂenSIS.

2260 4243 2365 4316 ﬂ]
2413 4246 2492 4300 Ad
2521 4245 2790 4301 ecclesiam
2823 4245 2886 4300 S.
2919 4243 3181 4299 Laurentii
3204 4243 3285 4316 in_
3299 4240 3559 4316 Damam,
3588 4255 3711 4313 qut:
3754 4237 3858 4295 alio

2607 4318 2811 4371 nomine
2852 4317 3140 4389 appellatur
3168 4316 3223 4369 in
3249 4312 3489 4369 Prasiae.

2882 4429 2960 4486 Ad
2982 4429 3222 4486 Famem.

2382 4524 2483 4575 iste
2504 4524 2717 4575 salutare
2740 4525 2847 4575 fons
2867 4524 3085 4574 continet
3111 4523 3302 4573 inclitus
3319 4520 3490 4581 undas,

2450 4586 2506 4636 Et
2530 4587 2659 4637 solet
2681 4588 2938 4637 humanam
2963 4586 3219 4647 pumicare
3240 4584 3392 4635 luem.

2386 4649 2429 4699 Μ
2442 4652 2553 4699 unia
2579 4652 2749 4700 sacrati
2770 4662 2880 4712 quae
2901 4644 2999 4698 sint
3017 4650 3088 4697 vis
3103 4649 3231 4697 scire
3257 4647 3463 4712 liquoris
3481 4644 3506 4695 τ

2448 4711 2577 4761 Dant
2612 4708 2940 4771 regnatricem
2958 4712 3154 4760 ﬂumina
3172 4708 3337 4759 sancta
3357 4708 3518 4757 fidem.

2386 4773 2547 4824 Ablue
2572 4775 2705 4823 fonte
2729 4786 2867 4823 sacro
2886 4774 3070 4823 veteris
3097 4773 3320 4835 contagia
3345 4771 3476 4835 vita),

2449 4836 2489 4885 Ο
2514 4838 2712 4886 nimium
2737 4837 2878 4891 felix.
2898 4837 3007 4885 vive
3034 4831 3408 4896 renatus'aqual

2384 4899 2522 4949 Hunc
2543 4898 2727 4948 fontem
2745 4899 3025 4961 quicunque
3051 4898 3193 4959 petit,
3218 4894 3418 4961 terrena
3442 4894 3697 4957 relinquit,

2447 4962 2649 5023 Subjicit
2669 4968 2718 5013 et
2743 4959 3093 5025 pedibus‘czeca
3118 4959 3408 5008 ministeria.

2332 5076 2356 5105 ⁸
2382 5067 2607 5133 Quidam
2647 5066 2863 5122 codices
2894 5066 3171 5121 ascribunt
3201 5062 3330 5118 filio.
3367 5061 3546 5117 Patris
3575 5060 3727 5116 enim
3778 5067 3865 5112 est

2260 5139 2325 5191 ad
2360 5137 2525 5192 filium
2555 5138 2868 5204 paraenesis,
2896 5145 2951 5192 et
2978 5135 3345 5204 Apollinarem
3372 5133 3581 5204 Sidonii
3606 5133 3729 5204 filio
3765 5147 3865 5186 no-

2258 5225 2380 5264 men
2414 5202 2594 5276 fuisse,
2621 5210 2772 5263 docet
2804 5217 2911 5263 tum
2944 5202 3101 5277 epist.
3131 5207 3188 5267 9.
3217 5205 3309 5260 lib.
3326 5221 3379 5273 v,
3409 5216 3519 5260 tum
3550 5203 3601 5271 l,
3636 5202 3736 5259 lib.
3774 5216 3863 5277 ta;

2257 5289 2312 5331 et
2344 5272 2591 5335 Ruricius
2627 5280 2718 5334 lib.
2763 5295 2830 5342 tt,
2858 5272 3017 5347 epist.
3045 5275 3136 5333 25.
3179 5277 3501 5345 Apollinaris
3548 5284 3738 5347 autem
3774 5272 3864 5327 hic

2259 5349 2490 5415 videtur,
2522 5367 2680 5419 quem
2710 5345 2992 5405 Mediolani
3014 5348 3072 5405 S.
3102 5347 3334 5403 Victoris
3356 5363 3459 5417 ope
3492 5345 3742 5419 custodia
3774 5359 3867 5419 so-

2257 5422 2427 5475 lutum
2456 5414 2638 5477 narrat
2672 5420 2959 5493 Gregorius
3000 5419 3221 5493 Turon.
3251 5436 3266 5474 ι
3304 5414 3515 5493 lilii—ae.
3540 5417 3629 5474 45.
3664 5414 3865 5493 _\_'_ocla-

2258 5494 2410 5547 densi
2461 5493 2586 5548 dein
2619 5487 2809 5562 prtelio
2843 5507 2964 5547 cum
2998 5491 3255 5562 Arvernis
3301 5488 3611 5562 interfuisse
3664 5487 3770 5542 lib.
3821 5498 3864 5562 ιι

2259 5564 2451 5619 histor.
2481 5566 2569 5632 57,
2605 5554 2712 5621 non
2745 5575 2923 5620 tamen
2952 5561 3288 5627 occubuisse,
3321 5562 3461 5632 quod
3493 5559 3562 5616 de
3590 5574 3711 5632 δυοΔ
3740 5554 3867 5626 qui-

2257 5638 2379 5689 dam
2408 5629 2629 5693 addunt.
2661 5637 2793 5692 Nam
2825 5634 3072 5692 eumdem
3115 5642 3301 5704 postea
3334 5629 3385 5687 in
3413 5629 3716 5704 cpiscOpali
3748 5631 3865 5682 Ar-

2258 5721 2547 5762 vernorum
2577 5708 2828 5763 cathedra
2858 5703 3147 5767 mortuum,
3181 5703 3322 5759 idem
3353 5703 3505 5769 alibi,
3536 5712 3593 5755 ut
3619 5713 3864 5762 censeo.

2258 5778 2413 5833 testis
2442 5789 2525 5832 est
2554 5778 2867 5848 Gregorius.
2897 5775 3226 5848 Apollinaris
3274 5789 3536 5848 porroex
3572 5771 3865 5848 Placidia:

2258 5864 2427 5927 uxore
2455 5850 2597 5906 filius
2643 5841 2908 5907 Arcadius
2948 5841 2966 5904 Ξ
2999 5847 3067 5904 de
3094 5860 3203 5917 quo
3235 5841 3422 5903 scribit
3445 5844 3587 5903 idem
3617 5841 3724 5897 lib.
3773 5857 3861 5909 tm
