4140 6336
309 307 402 363 sos

1552 294 2029 353 El’lSTOLA-RUM
2073 299 2199 356 LIB.
2247 302 2333 357 Ill.

3473 301 3580 360 506

309 430 494 483 attactu
538 420 884 478 contubernia
932 417 1068 490 fugis
1109 415 1538 487 impudicorum;
1585 413 1879 481 prcsertim
1910 417 1961 476 Δ
1992 417 2229 475 verrucis
2299 434 2393 489 per
2451 424 2744 491 marginem
2799 435 3022 477 curvum
3078 416 3576 491 protuberantibus.

308 523 495 594 quibus
548 517 675 573 nihil
718 517 911 586 pensi,
952 513 1080 568 nihil
1113 513 1279 568 sancti
1310 519 1391 566 est
1416 552 1431 576 ,
1465 511 1516 564 in
1563 509 1889 581 appetendis

308 612 712 687 garriendisque
758 606 1176 678 turpitudinibus
1224 623 1236 657 :
1275 604 1472 673 quique
1518 601 1659 672 quod
1711 601 1890 656 verbis

309 707 684 765 inverecundis
732 704 940 758 aurium
972 700 1302 773 publicarum
1333 698 1688 753 reverentiam
1730 698 1891 752 ince-

310 815 475 868 SIant,
526 800 804 873 granditer
848 797 950 851 sibi
995 795 1246 850 videntur
1275 792 1554 847 facetiari:
1604 791 1712 862 79
1738 789 1890 858 cujus

311 898 526 954 vilitatis
563 910 683 950 esse
727 892 1040 963 signiferum
1087 889 1411 958 gnathonem
1458 884 1643 954 patri-.e
1694 890 1892 936 nostra:

310 995 402 1052 vel
440 990 732 1045 maximum
780 985 1038 1055 intellige.
1096 981 1190 1036 Est
1252 981 1393 1036 enim
1456 977 1541 1032 hic
1588 991 1782 1047 gurges
1827 975 1895 1029 de

309 1083 581 1141 sotoribus
614 1078 945 1142 fabularum,
973 1075 1040 1129 de
1074 1069 1546 1128 concinnatoribus
1572 1070 1855 1122 criminum
1878 1107 1892 1129 ,

310 1181 374 1234 de
427 1176 773 1232 sinistrarum
826 1169 1136 1240 opinionum
1191 1161 1644 1233 duphcatoribus;
1705 1160 1896 1230 loquax

311 1277 444 1346 ipse,
489 1287 595 1328 nec
634 1270 807 1332 dicax,
844 1265 1228 1334 ridiculusque,
1265 1276 1363 1316 nec
1394 1261 1570 1323 laetus,
1615 1271 1897 1326 arrogans-

308 1385 444 1441 que,
507 1381 612 1421 nec
668 1370 953 1424 constans,
995 1359 1386 1426 curiosusque,
1436 1369 1534 1410 nec
1580 1351 1895 1422 perspicax,

309 1472 463 1532 atque
516 1458 833 1514 indecenter
872 1453 1120 1508 affectate
1170 1451 1352 1520 lepore
1381 1490 1396 1512 ,
1444 1448 1563 1518 plus
1606 1446 1838 1500 rusticus
1881 1460 1895 1498 :

311 1567 550 1624 tempora
584 1548 871 1621 praesentia
904 1546 1113 1609 colens,
1145 1541 1412 1614 praeterita
1444 1553 1691 1609 carpens,
1724 1538 1898 1590 futura

311 1646 610 1702 fastidiens.
654 1641 948 1705 Beneficii,
997 1637 1043 1692 si
1075 1645 1355 1707 rogaturus
1393 1644 1514 1699 est,
1561 1633 1899 1698 importunus

309 1739 545 1811 petendi,
575 1737 867 1806 derogator
893 1732 1091 1802 negati,
1122 1728 1405 1785 aemulator
1426 1723 1652 1794 accepti,
1676 1722 1901 1778 callidus

1997 510 2180 566 Portat
2207 521 2261 566 et
2288 527 2495 576 nasam,
2527 512 2612 581 qui
2640 529 2761 567 cum
2795 515 2862 568 sit
2894 512 3100 583 amplus
3123 512 3174 565 in
3204 509 3576 578 foraminibus,

1996 615 2046 661 et
2080 606 2297 660 strictus
2340 607 2390 660 in
2423 606 2592 675 spina,
2630 607 2709 662 sic
2758 609 2984 677 patescit
3017 605 3267 672 horrori,
3297 603 3441 677 quod
3481 617 3580 660 an-

1996 708 2241 767 gustatur
2274 696 2514 752 olfactui.
2559 697 2847 754 Praetendit
2889 715 2950 756 os
2993 703 3155 757 etiam
3195 697 3358 755 labris
3403 698 3601 777 pluma

1998 791 2182 858 beum,
2215 791 2350 846 rictu
2385 791 2613 846 ferinum
2631 836 2646 858 ,
2674 792 2899 862 gingivis
2926 795 3266 863 purulentum
3288 837 3301 860 ,
3329 791 3581 850 dentibus

1999 884 2260 948 buxeum;
2311 885 2452 954 quod
2487 895 2704 955 spurcat
2734 887 3040 956 frequenter
3065 886 3347 944 exhalatus
3376 902 3408 943 e
3449 899 3582 942 con-

2000 991 2131 1030 cavo
2162 977 2443 1032 molarium
2476 980 3022 1047 computrescentium
3067 982 3386 1050 mephiticus
3421 983 3580 1053 odor,

2001 1085 2158 1139 quem
2215 1071 2615 1140 supercumulat
2657 1072 2928 1127 esculenta
2974 1075 3202 1129 ruetatio
3240 1075 3307 1130 de
3354 1077 3583 1144 dapibus

2003 1164 2269 1219 hesternis
2321 1165 2810 1221 etredundantium
2859 1167 3068 1221 sentina
3110 1183 3406 1224 coenarum.
3457 1170 3584 1225 Pro-

2005 1257 2100 1312 mit
2125 1266 2178 1313 et
2204 1258 2431 1314 frontem
2456 1299 2471 1324 ,
2503 1274 2624 1329 qua:
2667 1258 2963 1314 foedissimo
2992 1269 3144 1329 gestu
3170 1270 3344 1316 cutem
3379 1263 3539 1332 plicat
3567 1307 3582 1329 ,

2002 1351 2288 1420 supercilia
2335 1351 2612 1406 distendit.
2644 1350 2820 1406 Nutrit
2849 1360 2904 1406 et
2934 1353 3177 1417 barbam,
3208 1367 3328 1422 qua:
3354 1353 3463 1420 jam
3503 1370 3577 1410 se-

2005 1454 2222 1502 nectute
2247 1461 2539 1502 canescens
2563 1485 2581 1513 ,
2614 1447 2672 1502 fit
2704 1457 2880 1503 tamen
2925 1448 3112 1503 morbo
3143 1449 3292 1516 nigra
3346 1449 3528 1522 Syllan
3549 1469 3584 1506 ι.

2002 1542 2108 1611 81
2136 1540 2267 1596 Tota
2298 1541 2529 1612 denique
2557 1549 2640 1597 est
2661 1542 2858 1597 misero
2891 1541 3053 1598 facies
3084 1542 3155 1597 ita
3180 1543 3396 1612 pallida,
3427 1543 3588 1598 veluti

2006 1648 2100 1702 per
2132 1640 2290 1688 horas
2319 1635 2521 1689 umbris
2552 1636 2886 1690 mmstificata
2913 1635 3218 1691 larvalibus.
3251 1636 3427 1691 Taceo
3467 1635 3590 1690 reli-

2006 1744 2168 1798 quam
2198 1729 2277 1783 sui
2312 1729 2529 1795 molem,
2561 1732 2791 1785 vinctam
2821 1729 3072 1800 podagra,
3102 1729 3422 1801 pinguedine
3444 1729 3590 1784 solu-

308 1809 679 1895 reformandi,
706 1827 962 1899 querulus
993 1823 1246 1894 flagitati,
1277 1819 1524 1891 garrulus
1552 1817 1814 1880 resliluli;
1846 1823 1900 1869 al
1931 1809 1977 1870 Β
2007 1831 2135 1877 tam.
2161 1822 2339 1878 Taceo
2366 1825 2650 1879 cerebrum
2676 1824 2863 1880 crebra
2888 1825 3061 1880 vibice
3084 1835 3416 1894 peraratum;
3448 1823 3590 1895 quod

305 1929 346 1982 si
379 1924 691 1995 rogandus,
735 1921 1018 1977 simulator
1055 1917 1256 1989 parati,
1299 1913 1663 1970 dissimulator
1715 1910 1897 1981 petiti,

304 2018 556 2074 venditor
615 2014 877 2087 prtestiti,
938 2011 1235 2083 publicator
1271 2007 1504 2070 occulti,
1546 2007 1901 2060 calumniator

303 2116 514 2181 morati,
553 2112 823 2166 inficiator
857 2108 1018 2164 soluti
1052 2125 1063 2159 :
1103 2120 1228 2160 osor
1255 2103 1582 2172 jejunioruut
1609 2141 1624 2163 ,
1669 2108 1902 2154 sectator

301 2209 618 2278 epularum;
642 2201 967 2259 laudabilem
993 2199 1272 2270 proferens
1293 2213 1397 2250 non
1416 2196 1482 2251 de
1506 2195 1640 2250 bene
1662 2195 1897 2255 vivente,

296 2301 387 2356 sed
415 2300 484 2354 de
539 2299 680 2354 bene
727 2305 982 2366 pascente
1010 2293 1354 2347 sententiam.
1387 2289 1533 2343 Inter
1564 2287 1679 2340 lucc
1719 2294 1898 2339 tamen

295 2394 406 2464 ipse
442 2391 827 2456 avarissimus,
860 2402 1126 2458 quemque
1150 2400 1254 2439 non
1288 2385 1456 2453 pascit
1485 2391 1591 2435 tam
1624 2379 1773 2450 panis
1807 2379 1900 2434 bo-

296 2503 393 2543 nus
417 2501 593 2556 quam
626 2483 781 2553 panis
804 2482 1012 2536 alienus
1045 2497 1057 2533 :
1083 2478 1186 2534 hoc
1213 2477 1387 2532 solum
1413 2474 1704 2530 comedens
1729 2471 1896 2537 domi,

296 2579 488 2650 siquid
552 2592 582 2633 e
623 2578 792 2643 raptis
837 2575 976 2628 inter
1006 2572 1279 2642 alaparum
1326 2568 1590 2639 procellas
1642 2565 1900 2636 pr:emisit

297 2671 568 2727 obsoniis.
597 2668 704 2724 Sed
737 2682 834 2722 nec
867 2675 951 2721 est
977 2680 1107 2720 sane
1136 2661 1494 2733 praedicabilis
1522 2659 1620 2715 viri
1654 2660 1704 2713 in
1728 2668 1897 2713 totutn

299 2766 508 2821 silenda
547 2761 850 2831 frugalitas;
872 2758 1082 2829 jejunat
1103 2757 1353 2827 quotiens
1384 2771 1488 2809 non
1513 2762 1764 2816 vocatur;
1801 2750 1897 2807 sed

299 2859 375 2914 sic
403 2871 625 2928 quoque
651 2853 866 2909 levitate
909 2850 1221 2921 parasitica,
1250 2848 1295 2902 si
1328 2848 1584 2902 invitetur
1608 2860 1895 2910 excusans,

299 2952 342 3006 si
384 2952 586 3006 vitetur
635 2947 956 3017 explorans,
997 2944 1042 2998 si
1083 2939 1403 2997 excludatur
1443 2939 1808 3010 exprobrans,
1851 2939 1896 2992 si

299 3045 618 3099 admittatur
643 3041 942 3104 exsultans,
978 3038 1022 3092 si
1052 3036 1369 3091 verberetur
1395 3044 1732 3103 exspectans.
1763 3031 1894 3086 Cum

299 3137 655 3201 discubuerit,
690 3133 858 3188 fertur
887 3141 1150 3197 actutum,
1180 3130 1224 3183 si
1249 3129 1399 3184 tarde
1429 3129 1692 3194 comedat,
1727 3130 1778 3183 in
1807 3143 1894 3184 ra-

2005 1933 2190 1987 parum
2217 1918 2442 1988 amplius
2467 1919 2572 1988 tegi
2597 1929 2807 1974 constat
2824 1920 3030 1990 capillis
3049 1936 3206 1989 quam
3230 1918 3587 1975 cicatricibus.

2005 2011 2182 2068 Taceo
2205 2028 2313 2082 prae
2336 2011 2596 2067 brevitate
2622 2013 2870 2080 cervicis,
2896 2013 3107 2083 occipiti
3131 2014 3380 2083 supinato
3401 2028 3591 2083 scapu-

2007 2105 2176 2160 larum
2228 2104 2508 2160 adbaarere
2537 2105 2793 2160 confinia.
2822 2106 2998 2161 Taceo
3022 2105 3165 2176 quod
3194 2105 3394 2160 decidit
3420 2105 3592 2162 honor

2005 2201 2242 2255 humeris
2265 2241 2280 2266 ,
2315 2201 2478 2255 decor
2517 2199 2772 2264 brachiis,
2805 2200 2970 2254 robur
3002 2199 3236 2254 lacertis.
3262 2200 3441 2256 Taceo
3469 2200 3589 2256 chi-

2005 2294 2242 2363 ragricas
2295 2306 2484 2347 manus
2526 2292 2702 2346 unctis
2748 2293 3196 2361 cataplasmatum
3223 2294 3590 2362 pannis,tan-

2002 2401 2161 2457 quam
2191 2386 2443 2441 caestibus
2477 2387 2766 2441 involutas.
2801 2387 2978 2442 Taceo
3007 2387 3149 2458 quod
3172 2389 3374 2442 alarum
3400 2404 3590 2458 specu-

2005 2478 2100 2533 bus
2116 2480 2511 2550 hircosisatque
2526 2480 2898 2536 acescentibus
2924 2481 3090 2535 latera
3113 2483 3319 2551 captiva
3338 2481 3587 2548 vallatus,

2004 2587 2162 2628 nares
2189 2574 2696 2628 circumsedentium
2731 2574 2983 2629 ventilata
3015 2574 3247 2644 duplicis
3279 2574 3589 2644 Ampsancti

2003 2673 2151 2736 pe.~te
2185 2666 2432 2721 funestat.
2477 2666 2650 2721 Taceo
2677 2668 2871 2721 fractas
2916 2667 3154 2738 pondere
3183 2668 3383 2722 arvinae
3409 2668 3590 2738 jacere

2002 2776 2261 2815 mammas
2281 2805 2294 2824 ,
2330 2775 2572 2830 quasque
2602 2757 2802 2815 foedum
2827 2770 2974 2817 esset
3005 2764 3058 2817 in
3088 2773 3306 2832 pectore
3344 2761 3480 2818 virili
3505 2761 3590 2818 vel

2001 2855 2341 2922 prominere,
2377 2853 2472 2907 has
2514 2864 2568 2908 ut
2600 2854 2764 2909 ubera
2815 2861 3054 2909 materna
3086 2857 3363 2911 cecidisse.
3411 2858 3589 2912 Taceo

2003 2945 2207 2999 ventris
2238 2944 2420 3000 inﬂexi
2467 2945 2730 3014 pendulos
2774 2960 2956 3000 casses
2987 2946 3215 3014 partium
3239 2947 3547 3016 genitalium
3568 2990 3584 3015 ,

1998 3040 2121 3108 quia
2154 3039 2421 3093 debilibus
2451 3038 2742 3107 pudendm,
2775 3039 3020 3108 turpibus
3050 3041 3196 3107 rugis
3218 3039 3423 3110 turpius
3454 3055 3586 3110 prac-

1997 3132 2125 3189 bere
2149 3134 2412 3188 velamen.
2437 3131 2552 3186 Jam
2577 3132 2702 3203 quid
2733 3132 2818 3186 hic
2842 3141 3072 3204 tergum,
3101 3132 3418 3203 spinamque
3440 3147 3586 3187 com-

301 3231 489 3300 pinas;
535 3230 578 3283 si
615 3227 722 3281 cito
763 3232 1055 3292 saturetur,
1099 3222 1150 3277 in
1201 3223 1497 3295 lacrymas;
1534 3224 1576 3276 si
1617 3221 1796 3287 sitiat,
1840 3221 1892 3276 in
1921 3192 1966 3255 ο
2000 3225 2331 3281 memorem?
2375 3225 2442 3279 de
2473 3225 2627 3295 cujus
2670 3224 2796 3279 licet
2838 3225 3263 3281 internodiorum
3315 3224 3586 3282 inmitibus

300 3323 587 3393 querelas;
640 3323 682 3374 si
736 3319 1065 3384 inebrietur,
1118 3319 1168 3372 in
1201 3318 1466 3380 vomicas;
1512 3316 1556 3370 si
1587 3315 1806 3387 fatiget,
1840 3315 1890 3368 in

302 3413 688 3476 contumelias,
739 3409 783 3464 si
815 3409 1081 3478 fatigetur,
1131 3409 1182 3462 in
1212 3407 1375 3462 furias
1408 3422 1422 3461 :
1457 3407 1747 3461 fctulentite
1777 3421 1892 3460 um-

299 3512 433 3562 uino
466 3521 559 3573 par
587 3503 826 3568 cloacali,
877 3517 997 3572 quae
1027 3516 1132 3570 quo
1163 3501 1282 3568 plus
1324 3509 1613 3563 commota,
1646 3499 1893 3568 plusso

299 3597 472 3653 fetida
501 3606 601 3650 est.
638 3594 709 3647 Ita
754 3595 939 3647 vivens
966 3592 1147 3662 paucis
1181 3591 1475 3660 voluptati,
1503 3590 1662 3644 nullis
1686 3590 1887 3658 amori,

298 3688 558 3744 omnibus
603 3687 730 3740 iisui
763 3695 844 3740 est
874 3702 888 3737 :
924 3685 1222 3738 vesicarum
1247 3691 1452 3750 ruptor,
1481 3682 1786 3752 fractorque
1820 3683 1897 3736 fe-

298 3785 579 3846 rularum;
615 3781 828 3836 bibendi
857 3779 1067 3843 avidus,
1095 3777 1302 3832 avidior
1326 3776 1673 3843 detrahendi,
1705 3775 1895 3831 rabido

300 3876 506 3949 pariter
536 3889 632 3930 ore
654 3875 866 3943 spirans
892 3861 1128 3937 cwiuun,
1153 3886 1407 3939 spumans
1425 3871 1606 3925 vinum
1627 3910 1642 3936 ,
1673 3870 1894 3940 loquens

299 3985 604 4032 venenum,
659 3966 782 4020 facit
838 3963 1032 4034 ambigi
1085 3962 1352 4034 puditior,
1410 3961 1783 4027 temulentior,
1825 3979 1891 4017 an

301 4063 660 4121 facinorosior
713 4060 1070 4115 existimetur.
1125 4057 1231 4113 Sed
1281 4057 1438 4126 dicis,
1480 4056 1645 4110 animi
1695 4056 1891 4126 probra

303 4161 454 4214 vultu
485 4159 712 4220 colorat,
745 4165 799 4210 et
834 4155 1153 4224 deprecatur
1185 4154 1412 4224 ineptias
1441 4155 1637 4207 mentis
1665 4154 1892 4223 qualitas

301 4251 566 4322 corporis.
610 4250 839 4318 Elegans
883 4247 1132 4302 videlicet
1181 4244 1343 4300 homo
1389 4255 1888 4316 pervenustusque,

302 4346 563 4416 cujusque
614 4343 684 4396 sit
729 4341 1036 4410 spectabilis
1089 4354 1314 4409 persona
1359 4342 1676 4395 visentibus.
1734 4340 1888 4394 Enim

303 4453 430 4494 vero
458 4437 548 4492 illa
578 4434 846 4489 sordidior
867 4445 1027 4503 atque
1057 4431 1352 4486 deformior
1388 4441 1470 4486 est
1495 4432 1759 4487 cadavere
1803 4448 1890 4487 ro-

302 4533 424 4601 gali,
453 4528 596 4600 quod
632 4523 838 4582 lacibus
867 4525 1099 4580 admotis
1127 4523 1624 4591 semicombustum,
1655 4541 1887 4596 moxque

301 4626 514 4680 sidente
535 4632 681 4678 strue
713 4619 931 4676 tortium
963 4618 1271 4674 devolutum
1299 4659 1313 4684 ,
1344 4617 1570 4673 reddere
1602 4634 1748 4690 pyrae
1774 4621 1882 4688 jam

301 4717 614 4774 fastidiosus
655 4714 938 4785 pollinctor
967 4711 1239 4766 exhorret.
1268 4709 1468 4766 Praeter
1500 4712 1613 4766 haec
1636 4751 1652 4777 ,
1687 4713 1884 4768 Ium‘na

299 4813 438 4881 gerit
467 4810 608 4865 idem
635 4809 837 4862 lumine
863 4804 1122 4870 carentia;
1148 4820 1266 4874 qua:
1291 4805 1490 4875 Stygia:
1515 4806 1629 4860 vice
1658 4807 1884 4874 paludis,

302 4903 522 4958 volvunt
547 4901 815 4971 lacrymas
846 4913 940 4968 per
972 4896 1240 4952 tenebras.
1263 4895 1415 4951 Gerit
1439 4907 1493 4950 et
1518 4912 1675 4951 aures
1703 4899 1892 4952 imma-

302 4999 464 5050 nitate
505 4993 778 5055 barrinas;
811 5003 1038 5060 quarum
1070 4987 1302 5042 fistulam
1348 4987 1573 5043 biforem
1619 4991 1773 5060 pellis
1804 4993 1890 5047 υι.

302 5103 485 5144 cerosa
529 5084 915 5150 circumvenit,
954 5081 1129 5136 saxeis
1160 5081 1315 5134 nodis
1345 5089 1398 5135 et
1449 5081 1636 5138 tofosis
1667 5085 1893 5145 humore

304 5267 449 5320 capp.
483 5251 537 5313 9,
570 5248 655 5312 12,
690 5245 776 5302 18.
810 5242 1023 5320 ΑΥ(ξίὶάίὲ
1054 5240 1165 5320 filia
1192 5240 1459 5320 Placidina
1481 5285 1494 5310 ,
1540 5262 1676 5303 uxor
1706 5264 1883 5318 quon-

306 5312 418 5378 dam
461 5312 668 5375 Leontii
714 5318 941 5387 iunioris
991 5312 1446 5388 Burdigalensium
1494 5312 1752 5388 episcOpi.
1802 5322 1880 5377 Ex

306 5398 493 5464 quibus
552 5383 730 5446 lut'eni
767 5388 993 5453 accipiet
1050 5383 1402 5464 Fortunatus,
1457 5383 1546 5456 qui
1595 5383 1882 5449 Placidintc

307 5455 458 5534 hujus
509 5465 769 5522 originem
804 5464 964 5515 refert
1001 5456 1064 5510 ad
1098 5455 1310 5509 Avitum
1356 5455 1677 5531 Augustum,
1709 5465 1802 5520 lib.
1837 5483 1881 5531 ι,

277 5589 280 5591 ,
309 5544 533 5592 carmine
565 5537 630 5590 14
661 5555 672 5589 :

421 5653 578 5715 Cogor
599 5664 764 5701 arnore
790 5652 935 5699 etiam
963 5647 1216 5715 Placidine
1239 5661 1384 5715 pauca
1403 5649 1616 5708 referre,

487 5713 606 5773 Qua:
630 5715 716 5762 tibi
741 5723 854 5761 tunc
873 5713 1102 5771 conjunx,
1133 5718 1208 5759 est
1231 5713 1372 5759 modo
1395 5725 1503 5760 cara
1529 5726 1682 5760 soror.

421 5781 613 5831 Lumen
639 5777 699 5823 ab
724 5775 928 5823 Arcadio
953 5775 1158 5821 veniens
1179 5775 1405 5833 genitore
1430 5774 1667 5836 refulget,

486 5848 590 5903 Quo
610 5846 776 5888 manet
801 5837 1072 5898 Augustum
1106 5849 1332 5898 germen,
1365 5837 1522 5896 Avite,
1552 5844 1708 5888 tuum.

1997 3333 2289 3389 erumpens
2312 3333 2493 3373 aream
2528 3321 2762 3389 pectoris
2790 3327 2937 3374 texat
2965 3328 3252 3374 curvatura
3281 3329 3580 3384 costarum;

1997 3421 2104 3466 tota
2157 3412 2506 3467 nihilominus
2546 3411 2662 3467 haec
2704 3413 2909 3469 ossium
2946 3427 3156 3468 ramosa
3188 3428 3448 3485 compago
3483 3414 3585 3468 sub

1997 3523 2104 3562 uno
2128 3508 2270 3563 velut
2297 3507 2628 3563 exundantis
2656 3509 2959 3564 abdominis
2991 3509 3179 3578 pelago
3209 3509 3356 3565 latet.
3407 3508 3584 3564 Taceo

1997 3599 2299 3654 lumborum
2349 3599 2736 3668 corpulentiam
2758 3641 2773 3664 ,
2805 3601 3134 3670 cliniumque
3160 3641 3174 3664 ,
3201 3603 3284 3656 cui
3328 3600 3584 3655 crassitu-

1997 3693 2108 3746 dini
2160 3701 2467 3760 comparata
2512 3702 2762 3746 censetur
2787 3691 2938 3746 alvus
2968 3691 3142 3746 exilis.
3189 3692 3364 3746 Taceo
3410 3691 3582 3746 femur

1997 3783 2203 3837 aridum
2237 3793 2291 3837 et
2319 3782 2551 3851 pandum
2575 3824 2588 3848 ,
2624 3798 2795 3852 genua
2827 3792 2972 3837 vasta
2992 3825 3008 3848 ,
3038 3785 3266 3853 peplitcs
3293 3785 3578 3854 delicatos,

1997 3889 2151 3930 crura
2205 3888 2399 3929 cornea
2421 3914 2436 3939 ,
2461 3873 2661 3929 vitreos
2694 3874 2828 3928 talos
2859 3921 2871 3940 ,
2923 3890 3116 3944 parvos
3147 3875 3341 3945 digitos
3367 3917 3382 3938 .
3419 3876 3582 3946 pedes

1996 3969 2248 4038 grandes.
2280 3968 2538 4036 .Cumque
2567 3967 2809 4023 distortis
2847 3969 3063 4023 horreat
3109 3968 3176 4022 ita
3221 3969 3577 4037 liniamentis,

1997 4079 2090 4134 per
2117 4078 2237 4133 qua:
2269 4063 2617 4132 multiplicem
2658 4062 3016 4132 pestilentiam
3046 4062 3335 4131 exsanguis
3362 4063 3580 4118 semivi-

1995 4174 2220 4228 vusque,
2255 4173 2352 4212 nec
2384 4165 2626 4227 portatus
2655 4156 2881 4219 sentiat,
2930 4171 3027 4210 nec
3055 4165 3385 4212 sustentatus
3429 4156 3579 4213 ince-

1993 4252 2114 4316 dat,
2146 4252 2255 4322 82
2285 4249 2467 4305 verbis
2492 4258 2669 4304 tamen
2698 4257 2780 4304 est
2809 4248 2903 4304 ille
2941 4264 3099 4318 quam
3133 4248 3390 4305 membris
3417 4264 3578 4306 exse-

1991 4344 2265 4399 crabilior.
2299 4343 2431 4398 Nam
2480 4357 2784 4413 quanquam
2833 4342 3038 4410 pruritu
3077 4342 3286 4398 laborat
3314 4345 3580 4398 sermonis

1993 4438 2297 4502 inhonesti,
2328 4449 2436 4491 tum
2481 4446 2830 4506 patronorum
2874 4445 2959 4491 est
3000 4438 3269 4507 prtecipue
3312 4436 3580 4492 cavendus

1991 4531 2235 4595 arcanis;
2292 4544 2522 4599 quorum
2548 4539 2630 4583 est
2661 4527 2906 4583 laudator
2936 4529 2988 4582 in
3016 4531 3321 4599 prosperis,
3370 4530 3579 4584 delator

1997 4626 2049 4678 in
2096 4621 2322 4677 dubiis:
2371 4628 2425 4674 at
2452 4621 2494 4672 si
2521 4619 2587 4672 ad
2615 4621 2821 4674 occulta
2871 4618 3211 4674 familiarium
3260 4620 3580 4688 publicanda

1997 4717 2254 4787 temporis
2283 4716 2422 4769 ratio
2465 4713 2748 4778 sollicitet,
2794 4727 2917 4766 mox
2949 4727 3045 4781 per
3077 4712 3218 4766 hunc
3265 4713 3579 4780 Spartacum

1995 4822 2329 4881 quaecunque
2351 4815 2475 4860 sunt
2509 4806 2686 4859 clausa
2715 4803 3047 4868 franguntur,
3072 4818 3298 4874 quaeque
3333 4805 3580 4863 obserata

1996 4910 2304 4958 reserantur
2338 4916 2352 4951 :
2386 4900 2454 4952 ita
2485 4896 2628 4966 quod
2658 4911 2790 4965 quas
2817 4893 3099 4950 domorum
3132 4896 3440 4963 nequiverit
3464 4912 3581 4952 tua.

1997 4993 2172 5050 cbinis
2195 4999 2396 5060 aperta:
2423 4987 2714 5045 simultatis
2743 4988 3022 5058 impetere,
3053 4986 3314 5043 cuniculis
3339 4987 3580 5046 clandes-

1999 5093 2124 5146 tinae
2163 5083 2482 5158 proditionis
2525 5084 2818 5154 impugnat.
2871 5082 2984 5138 lloc
3030 5080 3293 5138 fabricatu
3337 5081 3582 5140 Daedalus

2116 5243 2308 5319 Imperii
2333 5239 2482 5319 fastus
2506 5242 2712 5319 totonqui
2747 5240 2878 5319 rexit
2900 5241 2946 5288 in
2974 5238 3116 5319 orbe,

2177 5300 2328 5366 Cujus
2351 5302 2508 5352 adhuc
2532 5301 2720 5366 pollens
2741 5301 2852 5362 jura
2873 5308 3073 5350 senatus
3102 5300 3267 5350 habet.

2117 5363 2327 5419 Humani
2351 5363 2553 5429 generis
2575 5365 2620 5413 si
2636 5363 2842 5429 culmina
2869 5367 3016 5425 prima
3041 5366 3284 5426 requiras,

2181 5427 2384 5481 Nomine
2404 5429 2626 5477 Caesareo
2651 5427 2716 5475 nil
2742 5439 3004 5488 superesse
3034 5435 3216 5489 potest.

2000 5542 2136 5596 Vere
2163 5535 2558 5609 prorsus._Nam
2591 5532 2837 5601 abnvptis
2867 5531 2975 5609 fuit
3001 5531 3238 5609 Avitiex
3287 5529 3577 5600 Papianilla

1996 5614 2102 5667 filia
2142 5601 2194 5665 et
2240 5607 2483 5664 Sidonio.
2534 5606 2713 5672 itaque
2759 5603 2897 5670 apud
2937 5601 3250 5672 Gregorium
3293 5616 3576 5672 corruptus

1997 5694 2080 5739 cst
2105 5683 2286 5736 locu5t
2321 5678 2498 5733 Ifirac.
2536 5675 2625 5737 ()5,
2662 5676 2712 5727 in
2745 5673 2884 5727 hunc
2935 5675 3150 5727 modum
3175 5673 3572 5741 restituendus,

1999 5756 2197 5808 Alcime
2221 5766 2366 5804 soror
2387 5756 2430 5800 et
2464 5745 2737 5798 Placidina
2759 5748 2946 5817 conjux
2974 5746 3287 5817 Apollin_aris
3314 5744 3570 5817 episcopi,

1999 5825 2140 5899 quod
2170 5819 2508 5894 perspicuum
2538 5827 2618 5874 est
2645 5832 2710 5873 ex
2748 5815 2866 5872 libr.
2899 5832 2977 5887 ut,
3009 5831 3128 5888 cap.
3161 5815 3196 5869 2
3235 5824 3288 5870 et
3317 5815 3403 5868 12.
