4140 6336
550 302 664 398 ξολ]

1824 336 2063 400 smonn
2106 322 2557 403 APOLLINAats

3733 343 3832 403 508

549 446 741 531 'ttrs‘let'
770 475 851 511 aut
878 454 1114 513 cittarun
1146 472 1353 512 cuuuen
1384 460 1613 512 mordeat
1652 478 1662 511 :
1698 460 1788 529 qui
1813 462 1952 514 sicut
1980 461 2139 515 soda-
2168 468 2221 526 Α
2249 481 2410 532 nugas
2444 467 2557 519 sive
2600 464 2871 517 confectas
2903 476 3067 531 opere
3106 465 3369 533 prosario,
3418 474 3509 515 seu
3557 474 3826 529 poetarum

506 628 509 633 ⁴
548 546 699 629 'lilins
732 552 869 604 velut
896 548 1133 623 Theseus
1164 550 1303 605 inter
1327 551 1560 607 secunda
1590 553 1848 617 sociatur;
1882 554 1957 607 sic
1980 555 2047 608 ab
2077 556 2172 627 iis,

542 630 896 729 ἰίυὲιὶιιομιωιι
948 643 1094 698 velut
1136 642 1360 700 Proteus
1410 647 1546 701 inter
1587 644 1811 701 adversa
1860 645 2139 706 dilabitur.

544 725 721 817 flgitur
746 736 808 799 ex
833 742 957 789 voto
980 750 1100 789 meo
1131 735 1343 801 feceris,
1363 736 1404 791 si
1422 737 1602 793 talium
1622 737 1893 792 sodalitati
1919 750 1984 793 ne
2009 754 2140 794 con-

544 814 741 907 itizt‘e‘s‘s‘u
770 824 983 897 quidem
1013 826 1246 898 primore
1269 828 1494 895 sociere,
1516 830 1747 885 maxime
1770 826 1982 885 illorum
2006 845 2139 901 quo-

540 902 673 1001 sum
697 918 1033 975 sermonibus
1067 920 1361 990 prostitutis
1384 939 1447 977 ac
1480 922 1829 978 theatralibus
1851 923 2021 979 nullas
2047 925 2140 979 ha-

542 998 753 1077 benas,
781 1008 921 1065 nulla
964 1013 1243 1082 praemittit
1274 1013 1523 1085 repagula
1557 1016 1743 1084 pudor.
1785 1015 1916 1070 Nam
1949 1017 2143 1087 quibus

534 1092 690 1157 lcitra‘
723 1104 1019 1160 honestatis
1060 1105 1285 1161 nitorem
1314 1107 1699 1177 jactitabundis
1727 1108 1966 1179 loquacis
2010 1109 2142 1166 faece

537 1196 866 1265 'pctulantia:
897 1198 1072 1267 lingua
1112 1198 1367 1265 polluitur
1411 1198 1631 1254 infrenis
1655 1242 1671 1267 ,
1702 1200 1783 1255 his
1814 1202 2139 1256 conscientia

538 1304 771 1361 'quoque
797 1291 1217 1346 sordidatissima
1241 1303 1340 1347 est.
1377 1293 1616 1364 Denique
1648 1292 1855 1349 facilius
1880 1294 2106 1366 obtingit
2124 1337 2139 1364 ,

544 1386 617 1437 ut
646 1376 907 1453 quispiam
940 1386 1076 1439 seria
1109 1386 1333 1455 loquens
1369 1386 1512 1441 vivat
1535 1386 1800 1453 obscene,
1852 1402 2009 1459 quam
2052 1405 2142 1442 va-

559 1477 666 1531 leat
710 1478 948 1545 oStendi‘,
1002 1478 1090 1549 qui
1125 1479 1325 1547 pariter
1352 1480 1547 1535 existat
1574 1480 1849 1550 improbus
1878 1480 2054 1545 dictis,
2088 1490 2143 1536 et

557 1570 760 1641 probus
791 1572 1051 1627 moribus.
1084 1570 1239 1627 Vale.
2096 1580 2105 1586 '

1077 1656 1411 1720 EPISTOLA
1453 1664 1591 1721 XIV.

909 1754 1156 1811 Sidonius
1184 1755 1401 1812 Placido
1435 1776 1527 1813 suo
1547 1757 1784 1814 salutem.

2244 556 2384 625 ston
2410 554 2789 623 cantilenosas,
2830 552 2946 622 plus
2974 553 3301 608 voluminum
3350 553 3578 608 lectione
3613 552 3829 621 dignere

2244 650 2621 719 repositorum.
2656 647 2874 702 Gaudeo
2908 646 3009 702 hoc
3036 648 3176 718 ipso,
3199 647 3338 715 quod
3366 646 3648 715 recognovi
3678 645 3830 699 char-

2244 739 2368 795 tulis
2390 741 2634 809 occupari
2673 740 2869 797 nostris
2898 740 3063 795 otium
3101 748 3271 794 tuum.
3321 738 3427 794 Sed
3464 740 3630 808 probe
3677 738 3832 792 intel-

2244 834 2369 902 ligo,
2401 836 2539 906 quod
2567 834 2806 889 moribus
2838 833 2940 888 tuis
2971 833 3110 889 hanc
3142 832 3471 901 voluptatem
3504 838 3609 886 non
3655 830 3832 901 operis

2243 928 2464 984 elTectus
2493 928 2726 994 excudit,
2757 926 2847 981 sed
2887 926 3121 982 auctoris
3153 926 3394 981 affectus.
3438 923 3669 994 Ideoque
3718 923 3832 992 plus
3880 920 3893 1003 ξῖ

2243 1019 2437 1086 debeo,
2471 1022 2593 1088 quia
2627 1018 2815 1089 glorim
2846 1030 3097 1089 punctum
3131 1017 3271 1087 quod
3317 1017 3547 1072 dictioni
3582 1030 3829 1085 negares,
3876 1016 3895 1069 ζ

2244 1113 2335 1167 das
2365 1112 2631 1167 amicitiae.
2668 1111 2742 1167 De
2769 1112 2980 1167 c:cteris
3003 1127 3130 1166 vero
3155 1110 3321 1165 studii
3346 1110 3513 1164 nostri
3548 1110 3836 1178 derogato-

2245 1206 2412 1271 ribus,
2443 1207 2570 1275 quid
2601 1222 2664 1261 ex
2697 1220 2815 1261 asse
2845 1206 3207 1275 pronuntiem,
3249 1202 3482 1258 nondum
3518 1201 3834 1256 deliberavi.

2244 1298 2375 1352 Nam
2408 1297 2495 1367 qui
2530 1298 2760 1352 maxime
2797 1296 2896 1351 sibi
2929 1296 3116 1350 doctus
3147 1295 3378 1357 videtur,
3411 1293 3705 1348 dictitanem
3755 1306 3839 1343 sa-

2247 1408 2368 1446 nam
2412 1401 2465 1445 ct
2502 1392 2745 1447 insanam
2788 1390 2957 1446 ferme
3004 1390 3240 1460 appetitu
3273 1390 3395 1459 pari
3434 1387 3678 1450 revolvit,
3729 1402 3837 1440 non

2245 1484 2479 1553 amplius
2520 1485 2907 1553 concupiscens
2935 1491 3111 1537 erecta
3151 1496 3269 1551 qua:
3306 1479 3507 1544 laudet,
3541 1492 3702 1549 quam
3745 1478 3837 1531 de.-

2246 1585 2429 1647 Specta
2460 1593 2580 1646 qum
2601 1578 2794 1632 rideat.
2831 1578 3006 1647 Atque
3034 1576 3086 1629 in
3131 1575 3273 1629 hunc
3319 1574 3535 1628 modum
3587 1571 3835 1634 scientia,

2247 1686 2461 1741 pompa,
2492 1670 2789 1742 proprietas
2832 1670 3035 1739 lingua:
3062 1666 3266 1723 Latinze
3296 1665 3515 1737 judiciis
3538 1665 3836 1718 otiosmum

2246 1765 2480 1817 maximo
2506 1763 2706 1831 spretui
2738 1771 2859 1817 est:
2891 1776 3116 1831 quorum
3152 1758 3460 1814 scurrilitati
3510 1755 3836 1826 negligentia

625 1846 938 1921 Quanquam
972 1861 1022 1907 te
1058 1860 1150 1907 tua
1198 1861 1341 1908 tenet
1381 1863 1406 1891 ε
1436 1854 1830 1924 Gratianopolis
1853 1896 1868 1922 ,
1901 1850 2153 1925 comperi
2172 1867 2220 1928 Β
2247 1868 2447 1917 comes,
2477 1856 2576 1910 hoc
2599 1855 2783 1909 volens
2807 1860 3009 1908 tantum
3035 1851 3214 1921 legere
3232 1850 3373 1920 quod
3395 1859 3602 1918 carpat.
3626 1847 3708 1900 sic
3731 1860 3837 1901 non

530 1949 733 1999 tamen
766 1942 1056 2016 hOSpitium
1079 1957 1315 2001 veterum
1344 1946 1447 2002 fido
1469 1948 1662 2009 relatu,
1828 1949 1968 2018 quod
1992 1965 2141 2005 meas

524 2120 533 2131 ’
631 2129 656 2157 ⁸
687 2119 893 2176 Nomen
931 2120 1156 2176 inditum
1188 2137 1215 2174 a
1250 2118 1523 2176 Gratiano.
1563 2122 1726 2177 Vetus
1761 2135 1902 2176 enim
1934 2133 1987 2177 et
2028 2132 2151 2191 pro-

526 2192 733 2262 »pr'aum
764 2194 866 2247 fuit
885 2192 1102 2248 Cularo.
1133 2192 1283 2248 Unde
1305 2194 1441 2247 muri
1463 2192 1855 2248 Cularoncnses
1882 2192 2148 2263 hodieque

526 2323 539 2329 _
555 2263 800 2346 leguntur
820 2264 885 2346 in
913 2265 1152 2346 antiqua
1170 2264 1515 2346 inscriptione
1536 2275 1728 2346 porta:
1752 2265 2007 2346 civitatis.
2034 2266 2142 2346 N9.

556 2332 789 2389 minatur
819 2335 947 2390 item
980 2332 1259 2390 ind‘abula
1308 2332 1583 2389 ltineraria'
1629 2334 1959 2403 Pcutiogeri,
1992 2344 2045 2391 et
2092 2337 2143 2389 in

527 2406 751 2461 ’Notitla
782 2406 1014 2476 imperii,
1054 2420 1176 2477 qua:
1216 2405 1484 2460 tribunum
1517 2407 1759 2461 cohortis
1789 2408 1975 2476 prima:
2021 2407 2144 2461 Fla-

557 2478 657 2533 via:
688 2479 954 2534 Cu'arone
991 2483 1275 2534 stationem
1307 2478 1561 2533 habuisse
1600 2478 1782 2534 docet.
1824 2479 1881 2532 ln
1913 2478 2140 2548 epistola

2252 1948 2415 2005 utitur
2440 1948 2657 2015 litteris,
2689 1948 2828 2017 quod
2855 1946 3111 2001 abutitur.
3137 1943 3287 2000 Vale.

2254 2122 2324 2177 50
2362 2123 2541 2177 Planci
2572 2122 2637 2176 ad
2667 2121 3004 2185 Ciceronem,
3042 2134 3164 2191 quae
3188 2130 3271 2174 est
3300 2118 3374 2173 25
3410 2116 3533 2171 libri
3576 2133 3604 2169 χ
3636 2115 3714 2191 ad
3743 2114 3839 2191 Fa-

2255 2193 2649 2277 tniliares,52
2678 2193 2960 2277 legendum
2996 2184 3105 2277 jam
3144 2191 3606 2277 olichensuimus
3635 2188 3687 2242 in
3717 2184 3841 2277 ultri-

2254 2266 2353 2319 ta‘is
2384 2255 2862 2331 verbisjtula‘roue
2902 2264 2953 2317 in
2988 2255 3173 2331 finibus
3214 2261 3570 2331 Allobrogum,
3602 2255 3841 2331 non‘Ci-

2250 2353 2460 2399 verone,
2491 2348 2549 2390 ut
2574 2327 2747 2406 vulgo
2783 2336 2866 2389 edi
2916 2327 3073 2389 solet.
3120 2330 3280 2388 Fines
3311 2327 3684 2406 Allobrogrnm
3711 2327 3842 2406 facit

2246 2400 2706 2478 Gratianopolim,‘
2725 2406 2845 2477 quia
2888 2407 2955 2461 ad
2984 2406 3178 2478 Isaram
3211 2404 3383 2478 posita
3413 2414 3518 2467 est,
3539 2416 3663 2474 qua:
3697 2400 3841 2455 Allo-

2246 2480 2439 2548 broges
2464 2476 2689 2545 claudit,
2712 2488 3031 2549 separatque
3059 2492 3088 2531 a
3114 2476 3406 2532 Vocontiis.

1529 2749 1990 2860 LIBER
2075 2742 2870 2879 QUARTUS.

970 2961 1083 3035 ει
1117 2961 1448 3018 EPISTULA
1491 2958 1727 3017 PRIMA.

918 3103 1164 3161 Sidonius
1184 3110 1211 3139 ⁸
1241 3100 1413 3156 Probo
1441 3116 1535 3156 suo
1564 3096 1797 3154 salutent.

531 3268 535 3275 -
637 3238 799 3295 Soror
828 3236 957 3292 mihi
992 3249 1112 3305 quae
1141 3248 1278 3289 uxor
1303 3233 1436 3288 tibi:
1473 3232 1597 3286 hinc
1625 3231 1765 3285 inter
1808 3243 1905 3283 nos
1935 3242 2143 3282 summa

566 3340 627 3387 eti
667 3330 973 3402 principalis
1003 3326 1366 3390 necessitudo,
1407 3336 1463 3381 et
1508 3340 1571 3381 ea
1610 3324 1825 3395 quidem
1864 3322 2142 3393 patruelis,

567 3438 672 3478 non
715 3435 970 3493 germana
1001 3417 1330 3486 fraternitas,
1361 3431 1480 3486 quae
1525 3416 1840 3486 plerumque
1877 3429 1934 3468 se
1967 3414 2148 3482 purius

566 3513 777 3581 fortius,
804 3514 1069 3569 meracius
1095 3522 1258 3567 amat.
1282 3510 1415 3566 Nam
1435 3508 1747 3565 facultatum
1776 3510 1917 3564 inter
1933 3521 2146 3577 germa-

2255 2957 2365 3012 lum
2395 2967 2449 3012 te
2472 2954 2651 3011 facere
2672 2954 2815 3026 quod
2840 2966 3045 3024 posses,
3077 2960 3170 3008 sed
3201 2962 3257 3008 et
3278 2950 3569 3022 velte;un
3596 2950 3836 3006 faceres:

2252 3050 2480 3113 ideotue
2504 3057 2555 3103 te
2586 3049 2783 3103 bunum
2814 3062 2919 3101 non
2956 3046 3134 3102 minus
3155 3060 3314 3116 quam
3340 3046 3575 3112 peritum
3601 3060 3836 3114 pronun-

2252 3141 2407 3195 tiari?
2432 3141 2496 3194 Et
2516 3154 2647 3195 vere
2676 3139 2812 3193 intra
2839 3139 3168 3194 Eusebianos
3210 3138 3346 3193 lares
3379 3138 3560 3191 talium
3600 3146 3653 3192 te
3695 3152 3836 3205 quze~

2252 3231 2373 3286 dam
2404 3240 2615 3286 moneta
2643 3229 3395 3300 susceperatdiscipliuarum,
3424 3228 3574 3298 Cujus
3603 3228 3836 3298 philoso-

2254 3322 2411 3393 phica
2435 3323 2626 3379 incude
2653 3322 2943 3378 formatus:
2976 3337 3121 3378 nunc
3142 3323 3313 3377 varias
3336 3321 3490 3375 nobis
3516 3334 3690 3375 rerum
3721 3334 3834 3372 ser-

2255 3431 2582 3487 monumque
2625 3419 2881 3481 rationes,
2924 3418 3039 3487 ipso
3062 3418 3220 3473 etiam
3259 3418 3357 3487 qui
3398 3416 3667 3479 docuerat,
3709 3427 3836 3482 pro-

2256 3510 2417 3565 bante
2449 3509 2716 3578 pandebas
2742 3528 2754 3562 :
2784 3525 2926 3566 nunc
2947 3518 3007 3564 ut
3029 3509 3180 3565 Plato
3205 3508 3498 3579 discipulus
3527 3506 3638 3576 jam
3674 3521 3840 3575 prope

566 3628 664 3669 nos
693 3613 841 3682 prius
864 3612 961 3666 lite
982 3612 1179 3681 sopita,
1207 3609 1317 3679 jam
1339 3607 1433 3679 qui
1463 3617 1758 3662 nascuntur
1777 3622 1841 3662 ex
1874 3604 2145 3670 fratribus,
2176 3589 2224 3652 C
2257 3604 2432 3674 potior
2452 3603 2553 3658 sub
2594 3604 2838 3673 Socrate,
2868 3605 2944 3659 sic
2969 3604 3079 3674 jam
3129 3613 3184 3659 tu
3221 3603 3321 3658 sub
3358 3602 3590 3657 Eusebio
3633 3612 3837 3664 nostro,

536 3704 697 3759 nihil
726 3704 949 3759 invicem
985 3708 1495 3758 controversantur:
1524 3709 1581 3755 et
1624 3698 1750 3754 hinc
1786 3713 1932 3767 stupe
1956 3697 2152 3752 caritas

536 3832 543 3847 ρ
567 3796 618 3852 in
648 3794 975 3866 patruelibus
1002 3794 1194 3865 major,
1221 3792 1343 3863 quia
1367 3790 1578 3847 desistit
1610 3792 1720 3862 85
1746 3788 1992 3844 simultas
2012 3803 2041 3842 a
2064 3788 2151 3843 di-

532 3884 791 3953 évisione,
823 3902 925 3943 nec
948 3895 1127 3942 cessat
1156 3885 1380 3941 allectus
1417 3900 1447 3937 a
1477 3883 1702 3938 semine.
1740 3880 2021 3937 Secundus
2052 3895 2150 3935 no-

566 3979 650 4034 bis
677 3978 981 4034 animorum
1008 3992 1177 4033 nexus
1199 3977 1428 4032 accessit
1443 3975 1510 4031 de
1530 3974 1829 4029 studiorum
1860 3972 2149 4042 parilitate,

534 4071 687 4140 -quia
708 4070 848 4125 idem
875 4071 1161 4138 sentimus,
1193 4069 1497 4137 culpamus,
1531 4066 1806 4121 laudamus
1845 4066 1897 4120 in
1938 4064 2151 4131 litteris,

564 4171 620 4217 et
640 4176 797 4232 atque
825 4160 982 4215 nobis
1011 4160 1263 4230 quaelibet
1288 4159 1455 4214 dictio
1486 4158 1658 4226 placet
1690 4156 2149 4225 improbaturque.

536 4252 880 4321 -Quanquam
911 4251 1043 4305 mihi
1067 4252 1226 4306 nimis
1255 4265 1450 4320 arrogo
1476 4264 1652 4305 meum
1678 4247 1940 4317 judicium
1969 4246 2154 4302 confe-

538 4356 837 4402 renstuo.‘
864 4347 996 4413 Quis
1024 4345 1167 4400 enim
1214 4345 1470 4415 juvenum
1514 4343 1719 4399 nesciat
1748 4342 2152 4410 seniorumque,

530 4450 537 4451 ί
567 4447 625 4494 te
660 4438 791 4493 mihi
837 4435 1346 4507 magistrum‘fuisse
1375 4436 1672 4507 proprium,
1706 4450 1826 4489 cum
1852 4433 2156 4489 videremur

531 4530 771 4587 'lrabere
820 4532 1197 4587 communem?
1234 4540 1291 4586 et
1329 4531 1375 4585 si
1428 4530 1555 4601 quid
1606 4530 1853 4585 heroicus
1902 4528 2150 4597 arduum,

565 4628 804 4682 comicus
833 4626 1094 4697 lepidum,
1120 4624 1323 4699 lyricus
1343 4624 1757 4687 cantirr'elosum,
1778 4632 1958 4679 oratur
1980 4634 2155 4677 matu-

536 4734 711 4785 rum,
757 4719 1042 4775 historicus
1083 4734 1290 4784 verum,
1342 4718 1592 4777 Satiricus
1632 4718 1936 4787 ﬁguratum,
1978 4730 2157 4787 gram-

530 4814 795 4868 xmaticus
842 4813 1110 4883 regulare,
1170 4813 1510 4884 panegyrista
1560 4810 1864 4881 plausibile,
1913 4810 2153 4879 sophista

528 4905 786 4969 -aertum,
832 4904 1227 4975 epigrammista
1271 4905 1548 4969 lascivum,
1589 4912 1981 4960 commentator
2019 4904 2154 4959 luci-

2256 3698 2397 3751 inter
2421 3696 2796 3751 Aristotelicas
2825 3696 3125 3767 categorias
3152 3695 3344 3751 artifex
3373 3695 3691 3750 dialecticus
3723 3694 3839 3748 atti-

2255 3792 2521 3856 cissabas,
2551 3806 2674 3846 cum
2705 3791 2794 3846 ille
2830 3790 3004 3846 adhuc
3038 3790 3305 3845 aetatulam
3352 3799 3614 3855 nostram,
3670 3786 3842 3843 mobi-

2257 3885 2382 3948 lem,
2416 3894 2678 3950 teneram,
2711 3882 2956 3947 crudam,
2982 3874 3142 3938 modb
3178 3882 3516 3951 castigatoria
3554 3884 3842 3939 severitate

2254 3977 2602 4047 decoqueret,
2627 3975 2786 4030 modo
2813 3975 2927 4045 86
2956 3974 3328 4030 mandatorum
3362 3975 3679 4030 salubritate
3715 3990 3842 4028 con-

2256 4069 2414 4126 diret.
2459 4069 2527 4123 At
2575 4069 2832 4138 qualium,
2875 4066 3016 4122 Deus
3066 4068 3229 4133 bone,
3279 4082 3545 4137 quamque
3584 4068 3843 4134 pretioso-

2255 4179 2374 4218 rum
2397 4165 2482 4217 !...
2509 4178 2628 4233 quat
2658 4163 2704 4217 si
2748 4161 2865 4230 quis
2892 4161 3202 4231 deportaret
3234 4160 3725 4230 philosomtaturus,
3754 4169 3844 4213 aut

2255 4256 2320 4310 ad
2352 4256 2680 4325 paludicolas
2714 4254 3046 4319 Sicambros,
3076 4264 3168 4309 aut
3194 4253 3259 4308 ad
3301 4253 3695 4324 Caucasigenas
3721 4252 3845 4308 Ala-

2256 4365 2375 4415 nos,
2409 4360 2497 4403 aut
2525 4349 2589 4402 ad
2621 4348 2954 4419 equimulgas
2999 4347 3254 4413 Gelonos,
3300 4348 3603 4402 bestialium
3646 4346 3845 4417 rigida-

2256 4457 2481 4512 rumque
2512 4442 2786 4496 natiouum
2826 4442 2987 4497 corda
3031 4456 3249 4504 cornea,
3293 4441 3547 4510 fibrasque
3593 4439 3848 4509 glaciales

2260 4534 2447 4603 procul
2478 4534 2639 4589 dubio
2668 4533 3041 4589 emollirentur
3078 4533 3579 4604 egelidarenturque
3611 4550 3627 4586 :
3674 4546 3848 4603 neque

2258 4628 2467 4682 illorum
2501 4627 2755 4681 feroc'am
2781 4625 3239 4695 stoliditatemque
3267 4640 3387 4695 qua;
3415 4625 3711 4681 secundum
3733 4623 3849 4680 bel-

2260 4720 2374 4774 luas
2412 4720 2623 4787 ineptit,
2658 4718 2936 4784 brutescit,
2984 4716 3315 4781 accenditur,
3358 4716 3679 4783 rideremus,
3717 4731 3849 4771 cou-

2260 4820 2641 4875 temneremus,
2669 4810 3194 4879 pertimesceremus.
3228 4810 3390 4880 Igitur
3405 4810 3530 4881 quia
3562 4825 3663 4867 nos
3684 4820 3744 4865 ut
3767 4810 3848 4865 af~

2259 4906 2456 4972 finitas,
2492 4907 2560 4961 ita
2602 4905 2778 4960 studia
2812 4905 3128 4974 junxerunt,
3162 4920 3373 4975 precor,
3395 4919 3610 4975 quoquo
3634 4904 3739 4961 loci
3764 4920 3848 4971 es,

520 5022 539 5033 ν
565 4998 715 5063 dum,
741 4998 1158 5067 iurisconsultus
1180 5000 1489 5063 obscurum,
1520 4998 1871 5054 multifariam
1891 4998 2147 5054 condide-
2171 4983 2226 5046 Ῑ)
2249 5000 2496 5055 amicitia:
2520 5001 2639 5069 jura
2680 5000 2995 5054 inconcussa
3026 4997 3343 5053 custodias:
3375 4996 3701 5068 longumque
3721 4998 3848 5063 tibi,

524 5096 718 5156 «rum;
748 5090 798 5145 id
844 5099 899 5146 te
935 5091 1275 5145 omnifariam
1323 5090 1567 5160 singulis,
1609 5091 1709 5145 nisi
1753 5090 1837 5145 cui
1880 5090 2151 5159 ingenium
2252 5104 2309 5150 et
2337 5095 2380 5149 si
2409 5092 2538 5147 sede
2567 5091 2839 5163 absumus,
2870 5090 3110 5146 adsimus
3143 5087 3338 5145 allecto
3380 5087 3577 5157 :cujus
3615 5088 3848 5145 inteme-

568 5184 777 5251 sibique
803 5183 921 5251 quis
940 5181 1109 5238 defuit
1158 5181 1640 5237 tradidisse?Dens
1670 5182 1839 5237 bone!
1870 5198 2029 5252 quam
2051 5179 2171 5238 sibi'
2256 5197 2383 5242 rata:
2418 5197 2617 5253 partes,
2671 5194 2929 5253 quantum
2974 5181 3041 5237 ad
3092 5196 3193 5236 nos
3238 5188 3463 5250 spectat,
3516 5196 3548 5235 a
3589 5180 3743 5235 nobis
3795 5180 3850 5238 iu

571 5274 695 5330 hinc
724 5285 904 5344 patres
948 5276 1115 5333 nostri
1156 5275 1545 5347 gloriabantur,
1576 5290 1697 5330 cum
1746 5276 2008 5341 viderent,
2057 5276 2159 5331 sub
2259 5280 2454 5344 :evum',
2502 5277 2546 5332 si
2594 5276 2719 5347 quid
2765 5285 2849 5331 est
2892 5277 3012 5331 vitae
3054 5275 3337 5347 reliquum,
3386 5274 3845 5344 perennabuntur.

571 5383 671 5437 ope
699 5366 917 5436 Christi,
950 5380 1001 5425 te
1020 5370 1220 5425 docere
1242 5384 1417 5440 posse,
1448 5382 1535 5424 me
1558 5368 1803 5424 discere:
1833 5378 1888 5424 et
1929 5383 2035 5425 non
2065 5384 2157 5425 so-
2224 5421 2228 5426 .
2260 5368 2407 5426 Vale.

2264 5568 2421 5623 Probi
2476 5584 2602 5624 vero
2656 5583 2789 5623 uxor
2834 5564 3061 5632 Eulalia,
3096 5566 3337 5621 carmine
3381 5564 3487 5631 2‘,
3518 5564 3621 5618 sub
3665 5563 3846 5617 linem.

2264 5641 2446 5707 Quare
2476 5639 2678 5695 Eulalia
2711 5638 2916 5696 Sidonii
2944 5652 3101 5693 soror
3132 5636 3234 5691 hoc
3273 5636 3412 5701 loco,
3452 5634 3547 5690 sed
3574 5649 3726 5690 soror
3757 5650 3846 5701 pa.

2265 5706 2473 5765 truelis.
2515 5710 2645 5765 Nam
2679 5720 2738 5764 ut
2780 5709 2948 5764 frater
2995 5707 3264 5764 interdum
3306 5706 3498 5762 dicitur
3527 5721 3633 5759 non
3673 5710 3846 5759 solum

2264 5798 2570 5851 germanus,
2595 5793 2778 5837 verum
2807 5781 2968 5836 etiam
2992 5780 3281 5848 patruelis;
3308 5777 3566 5851 sicgsoror
3594 5786 3702 5832 tum
3726 5790 3844 5847 εει-η

2266 5848 2443 5921 manu,
2473 5862 2582 5907 tum
2610 5852 2878 5923 patruelis.
2915 5862 3005 5907 aut
3027 5851 3187 5906 etiam
3213 5848 3555 5905 consobrina.

646 5564 872 5639 I[Magni
900 5565 1104 5639 Felicis
1137 5566 1308 5639 fratri,
1349 5567 1652 5639 praestantis
1680 5565 1939 5621 doctrinm
1967 5580 2031 5622 ac
2062 5568 2153 5639 ju-

530 5644 533 5645 '
576 5633 698 5691 dicii
725 5633 860 5693 viro.
882 5637 980 5705 ,Sic
1000 5637 1141 5693 enim
1176 5633 1409 5694 Felicem
1437 5639 1725 5710 alloquitur
1751 5639 1801 5694 in
1823 5633 2156 5696 cartnioc'9:

685 5787 996 5850 Germanum
1022 5808 1182 5848 tamen
1214 5809 1326 5849 ante
1347 5799 1433 5849 sed
1460 5809 1708 5852 memento

701 5858 943 5916 Doctrina
968 5861 1189 5911 columen
1218 5862 1423 5913 Probum
1444 5864 1699 5914 advocare.

3851 1088 3908 1442 ς
