4140 6336
273 364 378 421 sos
1538 356 2009 417 EPISTOLARUM
2053 354 2177 411 tte.
2220 356 2307 411 tv.
3440 340 3565 411 uo‘

771 483 876 555 37
917 481 1248 539 EPISTOLA
1303 480 1368 535 ιι.

542 582 565 608 ⁸
586 572 903 631 Claudianus
934 573 1153 629 Sidonio
1181 588 1329 644 papa:
1358 570 1600 635 salutem,

388 711 566 773 (Hanc
599 712 855 775 epistolam
886 713 1131 775 aditibus
1148 712 1439 775 Patrologiaa
1472 720 1587 763 tom.
1609 708 1739 769 I.IIl,

781 775 870 826 col.
897 774 1007 836 779,
1030 776 1112 827 ubi
1137 773 1358 836 videsis.)

764 985 883 1056 sa
916 982 1248 1040 EPISTOLA
1289 982 1370 1037 tu.

599 1074 850 1130 Sidonius
872 1074 1161 1130 Claudiano
1186 1091 1278 1129 suo
1305 1074 1545 1128 salutent.

264 1212 426 1277 (lianc
449 1212 610 1263 etiam
639 1212 891 1279 epistolam
911 1213 1090 1263 videsis
1113 1204 1292 1263 Patrol.
1318 1218 1433 1261 tom.
1453 1207 1587 1269 LIII,
1617 1204 1709 1257 col.
1732 1203 1866 1266 781.)

761 1533 870 1604 92
910 1529 1246 1587 EPISTOLA
1284 1528 1375 1584 iv.

353 1622 622 1679 Sidonius
646 1620 674 1661 δ
695 1622 969 1693 Simplicio
995 1632 1044 1676 et
1082 1621 1374 1693 Apollinari
1401 1620 1507 1675 suis
1528 1621 1766 1675 salutem.

331 1735 567 1801 Eccum,
594 1735 686 1790 vel
728 1734 943 1789 tandem
973 1733 1130 1789 adest
1177 1732 1461 1802 promissio
1499 1745 1640 1795 mea,
1671 1744 1869 1800 exspe-

1894 466 1943 533 Ᾱ
1972 472 2186 527 exiniizc
2212 486 2566 525 commun..n.
2603 488 2729 525 nam
2760 472 2806 527 si
2844 474 3134 528 etiamnum
3174 472 3333 526 silere
3379 470 3545 525 medi-

1973 566 2174 631 temini,
2212 578 2397 618 omnes
2425 574 2476 617 et
2512 581 2594 618 mc
2620 570 2728 626 cui.
2761 574 2817 621 et
2841 567 2985 620 illum
3012 580 3105 635 per
3125 580 3280 635 quem
3310 564 3547 619 scribere

1970 656 2227 720 debeatis,
2247 656 2516 726 indignum
2542 656 2963 711 arbitrabuntur.
2992 658 3063 710 De
3086 666 3379 725 temporum
3406 665 3543 708 statu

1970 754 2075 820 jam
2102 751 2253 814 nihil,
2277 761 2327 803 ut
2353 748 2518 819 prius,
2541 748 2780 815 consulo,
2809 765 2875 803 ne
2893 753 2961 803 sit
2980 750 3216 804 moribus
3244 750 3345 803 tuis
3371 749 3543 813 oneri,

1971 844 2015 898 si
2045 845 2265 898 adversa
2310 841 2594 913 significes,
2626 854 2746 895 cum
2790 856 3043 910 prospera
3077 858 3180 895 non
3231 852 3542 911 sequantur.

1973 936 2103 990 Nam
2132 950 2251 989 cum
2284 943 2335 988 te
2373 951 2477 990 uon
2506 935 2691 988 deccat
2738 933 2865 986 falsa
2910 933 3182 997 mandare,
3217 944 3374 1002 atque
3419 936 3555 987 iteuv

1971 1030 2146 1084 desint
2168 1030 2340 1083 votiva
2374 1036 2706 1091 memoratu;
2760 1026 2911 1096 fugio
2946 1027 3197 1095 quidquid
3256 1028 3379 1081 illud
3424 1026 3545 1081 mili

1970 1129 2072 1185 est,
2098 1136 2191 1189 per
2222 1120 2476 1174 bonorum
2501 1118 2692 1172 indicia
2718 1132 3059 1186 cognoscere.
3094 1117 3184 1169 Val
3207 1135 3235 1170 ι.

2566 1254 2894 1311 EPISTULA
2942 1253 3009 1307 VI

2254 1369 2502 1424 Sidonius
2529 1379 2551 1408 ο
2578 1367 2867 1440 Apollinari
2893 1385 2986 1422 suo
3014 1367 3251 1423 salutent.

2042 1480 2145 1536 Per
2179 1480 2489 1536 Faustinum
2519 1481 2829 1544 antistitem,
2860 1496 2963 1533 non
2995 1480 3170 1534 minus
3198 1478 3323 1532 mihi
3356 1478 3551 1532 veteris

1972 1574 2310 1629 contubernii
2340 1572 2625 1627 Sodalitate
2647 1586 2805 1640 quam
2843 1586 2995 1624 novin
3035 1570 3382 1639 professionis
3410 1583 3553 1623 com-

1974 1666 2226 1720 munione
2280 1666 2604 1721 devinctum.
2658 1665 2823 1718 verbo
2868 1666 3128 1733 iptznpiam
3168 1662 3280 1733 96
3317 1662 3594 1717 cavendas

1974 1756 2385 1811 mandaveram:
2415 1758 2571 1810 dicto
2596 1756 2836 1824 paruisse
2878 1771 2974 1809 vos
3002 1754 3227 1823 gaudeo.
3275 1753 3551 1819 Siquidem

259 1831 429 1886 elatio
450 1838 673 1895 vestra,
697 1828 981 1884 Faustinus
1000 1828 1381 1899 paterfamilias
1401 1827 1547 1881 domi
1574 1825 1787 1887 nobilis,
1812 1830 1865 1880 et

1975 1847 2326 1920 prudentibus
2362 1847 2650 1901 cordicitns
2691 1846 2907 1900 insitum
2940 1859 3043 1909 est,
3087 1847 3253 1899 vitare
3297 1844 3550 1900 fortuita:

261 1920 401 1975 inter
425 1921 681 1976 maxima
720 1921 929 1989 patriar,
966 1920 1077 1991 jam
1114 1920 1246 1975 milii
1300 1918 1509 1989 sibique
1543 1916 1863 1985 communis,

262 2026 589 2071 ornamenta
640 2014 1025 2070 numerandus.
1075 2013 1173 2069 Hic
1218 2026 1370 2068 meus
1407 2010 1572 2066 frater
1613 2008 1865 2064 natalium

261 2110 555 2179 parilitate,
594 2109 803 2165 amicus
825 2107 1125 2162 animorum
1152 2104 1544 2161 similitudine:
1568 2117 1713 2171 saepe
1741 2115 1865 2156 cum

267 2202 369 2257 hoc
396 2202 579 2265 seria,
601 2215 751 2271 sape
774 2200 935 2256 etiam
962 2199 1085 2270 joca
1124 2198 1334 2263 miscui,
1363 2209 1594 2265 cumque
1629 2194 1697 2247 ab
1741 2192 1867 2247 hinc

264 2305 406 2351 retro
423 2296 667 2366 juvenes
691 2309 928 2357 eramus,
958 2294 1013 2348 in
1039 2292 1165 2363 pila,
1191 2292 1242 2347 in
1268 2290 1507 2357 tesseris,
1543 2289 1593 2342 in
1618 2286 1859 2355 saltibus,

265 2400 449 2453 curm,
476 2398 713 2453 venatu,
742 2396 948 2453 natatu,
972 2394 1155 2440 sancta
1185 2399 1402 2455 semper
1435 2382 1714 2445 ambobus,
1741 2381 1863 2450 quia

258 2491 521 2537 manente
547 2482 802 2545 caritate,
836 2480 1133 2536 contentio.
1165 2478 1289 2534 Mibi
1318 2478 1534 2549 quidem
1564 2478 1738 2542 major
1781 2476 1865 2529 iiic

255 2587 414 2639 «nam,
448 2583 665 2630 tantum
700 2584 899 2636 tamen,
929 2581 987 2627 ut
1017 2587 1141 2627 eum
1180 2586 1286 2626 non
1329 2578 1437 2625 tam
1478 2568 1730 2623 honorari
1772 2581 1864 2621 ne-

267 2681 423 2723 cesse
458 2678 635 2732 esset,
665 2683 824 2738 quam
855 2668 1146 2722 delectaret
1182 2666 1373 2721 imitari
1413 2682 1426 2717 :
1472 2664 1631 2719 simul
1676 2672 1727 2718 et
1750 2664 1864 2732 ipse

266 2758 390 2815 hinc
420 2762 667 2831 amplius
690 2759 1020 2830 capiebatur,
1052 2759 1191 2829 quod
1222 2774 1282 2814 se
1299 2758 1445 2828 diligi
1483 2757 1669 2827 magis.
1704 2770 1862 2826 quam

258 2855 423 2920 quasi
444 2854 557 2907 coli
579 2852 931 2921 iutelligebat.
956 2850 1063 2905 Sed
1088 2848 1558 2919 provecturtetatis,
1584 2863 1648 2904 ex
1676 2846 1862 2902 militia

261 2946 532 3013 clericali,
566 2962 689 3001 cum
718 2955 861 3000 esset
890 2945 1137 2999 amabilis
1168 2944 1336 3012 prius,
1368 2942 1530 3012 carpit
1555 2940 1717 2995 modo
1745 2955 1866 2996 esse

262 3039 623 3094 venerabilis.
654 3039 758 3094 Per
791 3040 932 3093 hunc
953 3037 1180 3091 salutem
1212 3034 1355 3101 dico,
1383 3034 1566 3089 videre
1608 3048 1723 3098 vos,
1764 3031 1866 3088 sub

262 3148 367 3201 ope
388 3132 619 3199 Christi,
651 3146 811 3202 quam
840 3127 1225 3194 maturissime,
1254 3126 1298 3181 si
1330 3140 1425 3193 per
1451 3135 1648 3181 statum
1691 3124 1864 3195 publi-

1970 1941 2109 1994 sicut
2137 1939 2320 1994 itidem
2364 1938 2656 1992 absurdum
2685 1947 2789 2000 est,
2831 1938 2877 1993 si
2916 1939 3105 2005 emptis
3146 1936 3434 1991 audacibus
3461 1930 3554 1989 ad-

1973 2044 2214 2099 versetur
2242 2040 2485 2095 eventus,
2515 2045 2845 2100 consurgere
2872 2031 2925 2084 in
2953 2029 3337 2099 querimonias,
3375 2036 3427 2081 t'l
3473 2028 3553 2080 in-

1969 2127 2332 2179 consultarum
2364 2125 2775 2194 dispositionum
2810 2124 3103 2193 culpabiles
3143 2125 3314 2178 exitus.
3361 2121 3426 2175 ad
3477 2124 3553 2176 in~

1972 2217 2250 2272 formanda
2278 2233 2497 2271 casuun
2540 2218 2741 2272 incerta
2777 2227 3114 2273 convertere.
3145 2218 3409 2281 Quorsum
3451 2214 3551 2267 ista

1972 2311 2122 2368 itare?
2148 2313 2247 2367 ais.
2282 2310 2477 2367 Fateor
2516 2326 2603 2365 ms
2644 2310 2801 2365 nimis
2825 2312 3074 2373 veritum,
3120 2325 3186 2364 ne
3222 2320 3458 2377 tempore
3482 2306 3552 2361 .ti-

1967 2404 2135 2457 moris
2162 2402 2356 2471 publici
2385 2417 2492 2455 non
2522 2401 2800 2463 timeretis,
2835 2409 2891 2455 et
2915 2399 3103 2453 solida:
3143 2399 3332 2455 domus
3356 2398 3421 2451 ad
3452 2397 3553 2451 hoc

1967 2496 2065 2547 aevi
2118 2495 2431 2549 inconcussa
2465 2493 2745 2555 securitas,
2777 2491 2841 2546 ad
2883 2497 3274 2560 tempestuosos
3320 2488 3552 2543 hostium

1966 2589 2215 2645 incursus
2261 2602 2358 2655 pro
2399 2586 2771 2655 intempestiva
2803 2583 3090 2639 devotione
3119 2580 3431 2651 trepidaret,
3476 2580 3553 2632 in-

1966 2679 2294 2748 choaretque
2321 2678 2459 2747 apud
2498 2678 2800 2731 animorum
2833 2673 3207 2728 matronalium
3237 2670 3553 2727 teneritudi-

1967 2785 2092 2824 nem
2137 2770 2449 2824 soleumitas
2486 2769 2721 2837 expetita
2769 2767 3030 2821 vilescere
3075 2783 3092 2821 :
3140 2779 3442 2835 quanquam
3501 2765 3552 2818 in

1970 2862 2279 2932 pectoribus
2326 2860 2631 2915 earumdem
2674 2860 2741 2913 ita
2774 2858 2874 2914 sibi
2917 2859 2987 2913 sit
3026 2858 3256 2927 genuina
3300 2855 3553 2910 sanctitas

1976 2955 2247 3027 peculiare
2279 2963 2475 3008 metata
2498 2952 2848 3015 domicilium,
2876 2961 2933 3005 ut
2958 2950 3001 3006 si
3034 2949 3158 3019 quid
3188 2963 3345 3004 secus
3369 2947 3556 3002 vianti-

1972 3051 2069 3105 bus
2089 3049 2393 3114 accidisset,
2415 3048 2671 3101 lzetaturae
2701 3045 2899 3099 fuerint
2923 3042 3188 3114 quoddam
3205 3058 3265 3097 se
3288 3055 3387 3111 pro
3412 3055 3555 3094 mar-

1971 3152 2086 3214 tyre
2114 3144 2374 3196 tolerasse
2405 3138 2739 3209 martyrium.
2793 3138 2889 3191 Ast
2918 3151 3019 3205 ego
3047 3135 3132 3190 cui
3163 3135 3417 3203 majorem
3457 3132 3557 3188 dif-

252 3237 385 3277 cum
416 3223 602 3290 liceat,
632 3222 875 3293 cupiens.
904 3220 1166 3288 Quocirca
1197 3217 1302 3273 nisi
1326 3216 1653 3273 desiderium
1683 3232 1861 3273 meum

1975 3234 2246 3289 fidentiam
2281 3234 2456 3288 minor
2486 3232 2789 3286 innocentia
2819 3229 2965 3295 facit,
2989 3243 3156 3298 super
3187 3230 3288 3283 boc
3309 3227 3556 3295 ambiguo

260 3316 485 3371 videtur
516 3329 831 3384 onerosum,
868 3322 1143 3370 remeante
1187 3313 1427 3383 praefato,
1459 3312 1583 3367 liam
1624 3312 1864 3366 locorum

260 3416 578 3462 vestrorum
608 3416 664 3462 et
692 3418 993 3477 temporum
1043 3421 1262 3477 gnarus.
1296 3408 1413 3464 Stat
1454 3406 1720 3461 sententia
1751 3407 1867 3461 elu-

238 3499 399 3552 .ctari
426 3500 706 3566 Oppositus
727 3501 1054 3567 privatarum
1076 3498 1485 3568 occupationum
1507 3497 1863 3563 difficultates;

242 3598 321 3644 .et
360 3589 794 3657 complectendis
835 3593 1141 3660 pectoribus
1184 3593 1381 3648 vestris
1419 3593 1710 3661 quamlibet
1755 3593 1868 3646 lon-

256 3697 391 3754 gum
424 3680 666 3737 officium
704 3684 1000 3753 deputare:
1035 3684 1079 3738 si
1110 3694 1312 3749 tamen,
1350 3684 1493 3754 quod
1524 3685 1683 3738 etiam
1726 3698 1869 3738 nunc

263 3790 553 3844 veremur,
579 3791 684 3830 non
705 3776 787 3831 vis
813 3776 986 3845 major
1006 3776 1263 3846 disposita
1287 3775 1610 3831 confundat:
1632 3791 1751 3844 qua:
1777 3790 1870 3829 vos

264 3884 490 3940 quoque
521 3884 622 3923 non
637 3869 745 3941 93
770 3871 1143 3940 perindignum
1166 3880 1248 3927 est
1265 3886 1386 3925 cum
1412 3869 1573 3924 fratre
1589 3868 1867 3937 Faustino,

267 3973 434 4031 prout
464 3972 705 4033 tempora
736 3972 976 4028 monent,
1004 3971 1229 4018 tractatu
1252 3963 1646 4018 communicato
1669 3962 1825 4018 delib.
1848 3990 1871 4001 -

272 4068 396 4111 rare
422 4072 435 4109 :
465 4071 623 4124 quem
646 4072 747 4127 ego
773 4058 894 4127 quia
926 4056 1110 4125 diligo,
1144 4066 1394 4127 tanquam
1430 4056 1520 4127 qui
1550 4072 1636 4112 me
1664 4054 1867 4121 diligat,

272 4146 415 4203 misi.
447 4146 510 4203 Si
540 4151 825 4219 respondet
865 4148 1069 4219 judicio
1109 4165 1250 4211 meo,
1299 4149 1499 4223 gratias
1535 4163 1653 4218 ago.
1700 4147 1870 4203 Porro

274 4249 477 4306 autem,
507 4258 627 4297 cum
661 4244 741 4297 vir
787 4243 955 4297 bonus
995 4245 1063 4298 ab
1107 4243 1358 4298 omnibus
1401 4251 1713 4306 censeatur,
1760 4257 1868 4296 non

285 4340 366 4385 est
396 4333 560 4389 homo
582 4336 756 4405 pejor,
780 4337 823 4390 si
852 4350 955 4390 non
980 4346 1062 4390 est
1083 4335 1337 4405 optimus.
1372 4336 1578 4392 Valete.

846 4425 1178 4482 EPISTOLA
1222 4426 1286 4481 V.

652 4516 898 4571 Sidonius
930 4514 1093 4571 Felici
1120 4533 1213 4571 suo
1240 4519 1478 4573 salutem.

1971 3329 2250 3382 sententia:
2269 3325 2492 3380 cautiori
2520 3321 2769 3379 libentius
2785 3321 3117 3384 adhaeresco,
3144 3336 3243 3375 nec
3265 3318 3558 3374 difficulter

1968 3418 2207 3488 appficor
2228 3420 2385 3473 etiam
2411 3427 2519 3472 luta
2546 3416 2923 3472 metuentibus.
2940 3413 3172 3469 Proinde
3197 3414 3397 3467 factum
3421 3411 3559 3466 bene

1971 3518 2077 3573 est,
2120 3508 2261 3577 quod
2307 3524 2505 3577 anceps
2559 3508 2657 3563 iter
2707 3507 2997 3560 salubriter
3043 3504 3345 3567 distulistis,
3387 3514 3562 3571 ample

1973 3603 2111 3656 intra
2129 3601 2329 3670 jactum
2363 3610 2523 3655 tanta:
2551 3603 2685 3655 alca:
2706 3609 2876 3654 status
2903 3608 3065 3653 tantae
3089 3598 3300 3652 familia:
3334 3596 3449 3649 I'u't.
3500 3596 3563 3650 Et

1975 3693 2102 3748 licet
2148 3692 2394 3745 inchoata
2432 3692 2517 3745 via
2563 3690 2797 3755 potuerit
2851 3689 3177 3757 prosperari,
3226 3703 3328 3755 ego
3384 3695 3563 3742 tanton

1977 3782 2276 3853 bnjnsmodi
2299 3783 2526 3837 consilio
2543 3782 2721 3836 album
2741 3781 3005 3836 calculum
3035 3779 3253 3833 minimc
3275 3792 3561 3846 apponam,

1974 3879 2125 3945 cujus
2160 3875 2432 3932 temeritas
2457 3874 2657 3929 absolvi
2707 3876 2910 3944 nequit,
2958 3873 3055 3927 nisi
3101 3870 3364 3927 beneﬁcio
3397 3869 3565 3924 felici-

1976 3971 2121 4025 tatis.
2153 3970 2305 4024 Dabit
2331 3968 2544 4038 quidem
2572 3968 2692 4020 talia
2721 3978 2838 4021 vota
2868 3966 3120 4021 divinitas
3145 3964 3321 4034 dignis
3352 3976 3565 4017 succes—

1976 4062 2125 4117 sibus
2168 4058 2511 4129 promovcii:
2558 4059 2846 4126 licebitque
2888 4059 3063 4113 adhuc
3107 4059 3363 4113 horumce
3398 4067 3564 4111 terro~

1974 4172 2091 4212 rum
2127 4155 2228 4209 sub
2262 4156 2403 4222 pacis
2442 4155 2752 4207 annmnitatc
2782 4154 3121 4217 meminisse;
3166 4152 3257 4204 scil
3285 4149 3565 4218 prmseutia

1979 4249 2182 4303 faciunt
2209 4256 2419 4309 cautos,
2452 4262 2584 4315 quos
2614 4244 2861 4298 videbunt
2889 4245 3061 4299 futura
3086 4257 3321 4298 securos.
3350 4241 3565 4299 Interim

1972 4342 2037 4395 ad
2070 4355 2329 4410 praesens.
2362 4339 2572 4406 apicum
2596 4336 2703 4408 95
2728 4335 2935 4390 oblator
2965 4337 3155 4390 damna
3180 4334 3278 4387 sibi
3303 4335 3565 4403 quaepiam

1974 4450 2070 4504 per
2101 4430 2387 4487 Genesium
2417 4439 2650 4483 vestrum
2678 4428 2873 4483 inﬂicta
2910 4430 3166 4496 suspirat.
3204 4426 3257 4481 Si
3305 4425 3566 4494 perspicis

1973 4543 2000 4579 ει
2032 4540 2160 4581 vero
2206 4539 2310 4577 non
2351 4522 2661 4591 discrrpare
2701 4520 3124 4588 querimoniam,
3176 4516 3334 4571 tribui
3381 4530 3566 4584 quaeso

252 4671 259 4676 ,
350 4610 511 4665 Iterat
568 4611 877 4679 portitorem
932 4610 1266 4665 salutationis
1326 4612 1559 4668 iteratio.
1634 4613 2301 4679 GozolzisDconvincenti
2352 4611 2820 4675 reformationem,
2876 4609 3157 4679 peregrino
3207 4608 3561 4663 celeritatem.

283 4717 452 4758 vester
480 4702 649 4775 (Deus
678 4702 873 4756 tribuat
904 4710 962 4755 ut
1002 4702 1205 4772 noster)
1248 4705 1457 4771 apicitm
1501 4719 1739 4758 meorum
1773 4719 1858 4759 se-

280 4796 447 4851 cundo
477 4794 698 4868 gerulus
740 4792 991 4850 efﬁcitur.
1032 4795 1194 4865 Igitur
1225 4797 1599 4849 verecundiam
1650 4798 1857 4866 utrique

309 5062 313 5068 Δ
350 5002 372 5029 ι
402 4993 695 5068 Mamertus
725 4990 1049 5068 Claudianus
1078 4989 1407 5068 Ficuncnfis
1446 4992 1694 5046 ecclesias
1717 5010 1863 5064 pri-s-

241 5071 244 5074 '
285 5061 449 5132 liy'tcr,
499 5064 742 5119 Mamerti
793 5063 1027 5133 episcopi
1073 5060 1258 5117 frater.
1328 5062 1674 5118 Discernendi
1719 5060 1860 5120 enim

286 5144 398 5205 sunt
421 5135 659 5205 germani
688 5135 816 5198 duo,
846 5133 1133 5188 Mamertus
1165 5134 1450 5205 episcopus
1488 5143 1542 5189 et
1578 5136 1862 5191 Mamertus

255 5210 261 5282 ς
286 5202 607 5261 Claudianus
628 5205 932 5282 presbyter,
952 5206 1101 5282 cujus
1123 5216 1203 5257 est
1231 5204 1343 5259 Ιιςυο
1363 5205 1612 5282 epistola.
1643 5211 1863 5279 lttriq'ue

289 5290 566 5355 commune
598 5274 937 5355 vocabulum,
978 5276 1301 5355 Mamertus:
1335 5274 1426 5330 sed
1460 5282 1710 5348 episcopo
1742 5274 1865 5351 pi'n-

292 5348 451 5411 prium
501 5349 550 5401 id
599 5360 790 5400 nomen
837 5346 953 5417 fuit,
1005 5347 1318 5417 presbytero
1356 5346 1696 5415 cognomen:
1736 5346 1859 5405 nam

258 5488 261 5489 ν
293 5420 553 5487 proprium
579 5429 632 5471 ct
662 5432 841 5489 verum
871 5416 1024 5485 bujus
1055 5416 1271 5473 numen.
1303 5418 1649 5473 Claudianus.

356 5486 381 5523 δ
411 5490 517 5543 llos
546 5490 735 5543 iterum
763 5488 1036 5543 coniunxit
1058 5487 1219 5543 epist.
1251 5488 1334 5543 12.
1355 5490 1419 5541 ad
1445 5492 1681 5543 sitiattlos
1704 5493 1770 5543 cli

1151 5508 1219 5543 SI.
1251 5508 1334 5543 ἸΖ.
1355 5508 1419 5541 au
1445 5508 1681 5543 hlilElllIlS
1704 5508 1790 5543 Cll:

358 5502 381 5523 υ
411 5502 517 5543 nos
547 5502 735 5543 iterum
763 5502 1036 5554 conjungu
1058 5502 1219 5554 epist.
1251 5502 1334 5553 η,
1355 5502 1419 5541 au
1445 5502 1681 5559 stttgltltts
1704 5502 1863 5544 ctiam

294 5563 509 5614 sect-im
547 5564 675 5613 alias
716 5559 918 5613 scribit.
975 5555 1236 5613 Videntur
1282 5560 1476 5613 fratres
1520 5563 1701 5621 fuisse.
1744 5576 1865 5616 cum

297 5627 506 5701 Sidonio
528 5630 936 5685 necessitudinis
960 5630 1169 5683 vinculo
1189 5630 1418 5698 colligati
1446 5648 1459 5683 :
1483 5633 1623 5698 quod
1648 5632 1863 5701 quidem
1889 5676 1899 5685 .

299 5699 359 5751 de
384 5702 669 5770 Apollinari
703 5701 866 5769 liquet
897 5716 959 5753 cx
989 5703 1147 5769 epist.
1181 5701 1235 5765 9,
1268 5701 1359 5755 lib.
1391 5717 1447 5755 ιι.

366 5782 387 5807 °
418 5772 619 5827 Eidem.
656 5770 866 5825 Invitati
903 5771 970 5825 ad
1015 5778 1267 5842 martyris
1302 5775 1441 5840 apud
1480 5777 1747 5827 Arvernus
1778 5790 1866 5827 so-

302 5838 612 5900 lemnitatem
663 5843 966 5907 Simplicius
1002 5853 1055 5899 ct
1113 5838 1458 5912 Apollinaris,
1504 5846 1568 5900 ab
1621 5846 1867 5901 insututo

1966 4709 2023 4765 Si
2056 4722 2184 4761 vero
2214 4705 2533 4759 calumniam
2577 4700 2831 4771 plectibili
2876 4695 3200 4753 sufflammat
3243 4698 3469 4762 invidia,
3506 4699 3559 4751 in

1965 4816 2028 4854 eo
2052 4799 2161 4868 jam
2195 4795 2467 4865 praecessit
2492 4792 2722 4847 vindicta
2766 4790 2980 4860 pulsati,
3005 4789 3143 4860 quod
3193 4803 3388 4859 procax
3420 4790 3556 4859 peti-

1969 4997 2159 5048 itinere
2190 5003 2332 5046 metu
2364 4991 2593 5045 hostium
2621 4992 2958 5046 destiterant.
2992 4991 3211 5045 Factum
3242 4990 3419 5045 laudat
3460 4992 3545 5047 Si-

1965 5067 2175 5132 donius,
2209 5066 2510 5134 gaudetque
2540 5074 2777 5129 contum,
2804 5064 2852 5117 id
2876 5074 2955 5116 cst
2983 5062 3258 5129 familiam,
3294 5065 3449 5116 uultis
3479 5063 3543 5117 ad

1974 5139 2024 5193 id
2076 5151 2287 5205 tempus
2340 5136 2581 5188 adversis
2643 5134 2927 5197 turbatam,
2982 5134 3209 5187 hostium
3264 5136 3562 5187 litClil‘silillS

1976 5225 2086 5262 non
2121 5208 2283 5261 fuisse
2314 5208 2627 5275 espositam.
2657 5208 2796 5260 triave
2833 5205 2991 5275 igitur
3020 5206 3084 5259 ad
3120 5220 3294 5259 areum
3340 5206 3567 5257 l'olinia-

1966 5295 2088 5335 eam
2118 5294 2236 5332 cum
2279 5281 2393 5331 viro
2433 5278 2595 5329 dut‘tu
2631 5278 2831 5329 referas
2877 5295 2889 5327 :
2930 5287 3019 5329 aut
3059 5276 3125 5329 de
3170 5292 3290 5330 arce
3324 5277 3408 5328 itla
3471 5277 3564 5328 tibi

1977 5352 2301 5419 persuadeas
2332 5348 2415 5402 vel
2446 5348 2598 5414 Apoll
2626 5348 2835 5400 narium
2867 5350 2992 5399 olim
3037 5347 3220 5419 fuisse,
3253 5348 3333 5399 νυν
3372 5362 3564 5400 nmmo

1974 5418 2041 5475 an
2088 5421 2333 5490 Apolline
2380 5420 2652 5472 derit-asse
2706 5436 2715 5471 :
2767 5420 2907 5485 quod
2957 5418 3171 5490 Gabriel
3238 5418 3564 5481 Siliit‘tiltlUS,

1976 5484 2148 5545 bomu'
2185 5493 2437 5545 Etrnscus
2475 5490 2751 5556 ingenioso
2788 5484 3095 5543 commento
3145 5484 3244 5542 s’ibi
3294 5492 3443 5539 visus"
3488 5500 3568 5542 t-st

1974 5564 2271 5617 divinaSSe.
2318 5564 2449 5614 Nam
2495 5570 2646 5613 vctus
2695 5574 2889 5615 numen
2942 5563 3089 5614 arcis
3132 5559 3559 5614 Pnilnmniaz-ns:

1974 5634 2116 5703 quod
2158 5637 2354 5700 passim
2390 5634 2568 5701 legere
2596 5640 2678 5685 est
2708 5640 2819 5685 tum
2860 5632 2910 5685 in
2956 5632 3077 5685 aliis
3108 5631 3335 5700 antiquis
3379 5640 3567 5683 tumtu-

1979 5705 2196 5769 mentis,
2230 5714 2339 5757 tum
2374 5704 2427 5756 in
2470 5702 2662 5757 litteris
2706 5702 2901 5757 Urbani
2937 5703 2971 5753 V
3011 5718 3157 5771 papa:
3203 5705 3267 5754 ad
3313 5703 3566 5757 Catulum

1976 5791 2152 5847 regem
2185 5790 2281 5839 pro
2306 5774 2583 5829 Armando‘
2602 5775 2934 5835 vicecomite.
2964 5774 3063 5831 loci
3094 5773 3308 5829 domino
