4140 6336
538 306 633 367 ΕΗ

1819 250 2060 357 διῦόΝΙΙ
2100 295 2555 357 APOLLINARIS

3714 295 3826 359 813

539 434 623 481 tor
652 433 864 495 sumptu
904 432 959 480 et
998 423 1190 479 itinere
1232 421 1527 485 confectus,
1584 427 1786 477 temere
1831 416 2120 490 preposita
2149 418 2199 474 Α
2224 416 2331 487 97
2356 417 2600 473 subditus
2626 430 2753 487 ager
2783 414 2961 472 herbis
2986 414 3284 484 abundans,
3308 414 3501 472 tlnvins
3528 425 3655 474 ante
3678 432 3823 476 ocu-

539 518 647 573 Iitis
688 517 913 573 exsudat
958 515 1296 571 incommoda
1332 532 1345 570 :
1395 524 1554 585 atque
1601 512 1702 568 hoc
1740 513 1793 567 in
1836 520 1861 548 ει
1890 513 2123 565 maximo
2174 512 2177 515 ’

540 610 730 664 hiemis
757 617 1005 676 accentu,
1025 608 1358 678 summisque
1387 606 1614 663 cumulis
1651 604 1874 669 nivium,
1898 602 2121 658 crustis-

540 718 643 772 que
665 700 957 770 glacierum
984 717 997 754 :
1022 701 1162 770 quod
1194 708 1425 771 tempus,
1452 710 1706 770 quantum
1738 698 1803 753 ad
1831 704 2124 753 sectatores

539 793 707 850 litium
738 806 967 865 spectat,
993 796 1157 852 breve
1183 796 1397 865 quidem
1420 810 1564 866 saepe
1589 804 1670 853 est
1697 794 2002 861 audientia,
2031 792 2125 849 sed

541 887 848 945 diuturnum
877 904 1095 962 semper
1116 889 1349 958 injuria.
1384 888 1537 944 Vale.

1097 979 1427 1037 EPISTOLA
1453 979 1565 1039 Vll.

858 1072 1114 1129 Sidonius
1154 1072 1424 1143 Simplicio
1452 1089 1545 1127 suo
1567 1074 1803 1128 salutem.

612 1166 760 1223 Solet
789 1167 994 1235 dicere,
1015 1177 1323 1225 currentem
1353 1182 1560 1237 mones,
1592 1168 1684 1238 qui
1722 1177 1939 1237 rogatur
1967 1174 2025 1220 ut
2053 1164 2128 1220 fa-

535 1262 643 1316 ciat
666 1259 810 1331 quod
844 1260 1085 1316 facturus
1115 1259 1287 1316 fuerat
1313 1261 1475 1316 etiam
1500 1276 1604 1316 non
1628 1268 1865 1331 rogatus.
1894 1258 2129 1315 Pereun-

537 1365 690 1411 ttere
724 1355 971 1424 forsitan,
1001 1370 1106 1427 quo
1125 1364 1332 1426 spectet
1358 1355 1455 1411 ista
1476 1353 1750 1426 pramitti.
1774 1354 1991 1424 Bajulus
2016 1352 2131 1423 api-

538 1464 660 1503 cum
686 1450 876 1505 sedulo
908 1459 1177 1519 precatur,
1206 1457 1264 1504 ttt
1292 1450 1359 1504 ad
1394 1463 1490 1504 vos
1525 1466 1556 1504 a
1604 1465 1690 1505 me
1718 1449 1928 1505 litteras
1957 1451 2127 1509 ferat:

540 1542 693 1611 rnjus
722 1557 752 1597 a
784 1542 937 1599 nobis
963 1543 1155 1599 itinere
1177 1553 1475 1613 comperto,
1505 1543 1556 1599 id
1587 1546 1758 1613 ipsum
1788 1554 1904 1600 erat
1927 1543 2130 1614 utique,

541 1634 586 1687 si
614 1634 887 1705 tacuisset,
927 1636 1205 1691 orandus;
1256 1653 1483 1708 namque
1523 1636 1624 1693 hoc
1670 1636 1904 1693 officium
1956 1645 2132 1693 vester

543 1728 719 1797 potius
739 1743 912 1795 amor,
945 1745 1102 1800 quam
1125 1732 1295 1801 geruli
1326 1739 1604 1802 respectus
1628 1732 1830 1788 elicuit.
1863 1729 2129 1787 Caeterum

2231 510 2311 564 los
2337 510 2523 565 avibus
2550 525 2612 565 ac
2637 510 2783 580 pisce
2810 509 2980 564 multo
3013 508 3240 565 refertus
3272 528 3283 563 :
3314 519 3517 591 prater»
3556 510 3673 567 hac
3698 512 3828 583 jun-

2229 611 2367 658 ctam
2397 603 2598 659 habens
2632 604 2762 674 ripa
2792 605 3009 658 domum
3045 617 3238 658 novam
3272 612 3425 660 vetus
3459 604 3689 672 amicus,
3728 619 3831 663 cu-

2226 698 2313 769 jus
2350 699 2626 755 immensa
2664 699 3005 764 humanitati,
3038 714 3139 755 nec
3182 700 3228 755 si
3266 700 3600 770 acquiescas,
3638 716 3739 757 nec
3774 699 3828 758 si

2231 805 2469 856 recuses,
2501 791 2716 847 modum
2740 807 2929 863 ponas.
2962 793 3125 862 Igitur
3151 791 3255 848 huc
3277 794 3475 850 nostris
3501 794 3831 851 anteceden-

2229 884 2394 948 tibus,
2425 899 2547 939 cum
2581 885 2654 939 tui
2684 899 2844 940 causa
2891 885 3343 951 substitissemus,
3372 900 3478 957 quo
3506 901 3644 957 puer
3671 888 3832 945 ocius

2233 974 2314 1030 vel
2336 990 2367 1031 e
2389 976 2566 1045 capite
2595 977 2694 1031 vici
2720 977 3105 1046 remitteretur,
3134 988 3155 1017 ο
3174 978 3286 1048 jam
3317 978 3439 1034 dua
3468 978 3723 1035 secunda
3747 981 3832 1035 fa-

2230 1068 2336 1123 cile
2363 1080 2761 1137 processerant,
2789 1070 2899 1141 jam
2929 1072 3008 1126 sol
3032 1071 3244 1127 adultus
3262 1070 3488 1127 roscida
3518 1073 3696 1130 noctis
3726 1074 3833 1129 hu-

2233 1177 2436 1217 morem
2466 1162 2615 1218 radio
2640 1174 2920 1220 crescente
2953 1165 3256 1231 sorbuerat,
3284 1175 3447 1221 astus
3482 1180 3547 1222 ac
3582 1167 3704 1222 sitis
3742 1167 3833 1222 in-

2231 1256 2593 1323 valescebant,
2648 1268 2810 1327 atque
2856 1258 2909 1313 in
2970 1256 3232 1329 profunda
3287 1259 3582 1314 serenitate
3638 1270 3832 1317 contra

2231 1347 2463 1402 calorem
2498 1348 2613 1403 sola
2653 1363 2772 1418 qua:
2802 1358 3005 1420 tegeret
3044 1348 3243 1403 nebula
3285 1348 3355 1404 de
3399 1349 3640 1419 pulvere.
3690 1349 3833 1408 Tum

2232 1441 2593 1513 longinquitas
2613 1443 2735 1509 via,
2763 1458 2859 1513 per
2874 1444 3057 1499 virens
3078 1459 3262 1514 aequor
3282 1446 3455 1513 campi
3473 1445 3714 1515 patentis
3737 1461 3833 1502 ex-

2234 1534 2405 1604 posita
2438 1536 2753 1600 visentibus,
2785 1536 2984 1608 quippe
3006 1536 3077 1591 ob
3109 1538 3211 1592 hoc
3242 1536 3415 1607 ipsum
3446 1551 3569 1592 sero
3593 1552 3827 1607 pransu-

2234 1630 2333 1696 ris,
2367 1630 2741 1701 ingemebatur
2766 1648 2781 1686 :
2813 1646 2935 1686 nam
2959 1632 3198 1688 viaturos
3219 1642 3273 1688 et
3294 1632 3340 1689 si
3365 1632 3600 1688 nondum
3624 1640 3833 1693 terebat

2236 1721 2444 1789 labore,
2463 1724 2571 1792 jam
2594 1732 2774 1779 tamen
2790 1727 3196 1798 exspectatione
3210 1726 3468 1782 terrebat.
3483 1726 3616 1793 Qua
3639 1735 3832 1784 cuncta

546 1820 632 1874 hic
664 1821 778 1889 ipse
812 1800 1225 1880 beneficiuntse
1251 1800 1526 1895 computat
1554 1821 1847 1890 meruisse,
1880 1825 1968 1895 qui
1995 1841 2135 1895 pra-

2241 1816 2540 1887 pramissa,
2564 1815 2783 1872 domine
2825 1818 3012 1883 frater,
3048 1817 3154 1872 huc
3186 1816 3430 1887 tendunt,
3477 1826 3535 1872 ut
3561 1816 3657 1872 tibi
3703 1830 3834 1887 pro-

541 1911 707 1978 stitit;
741 1928 1044 1986 quanquam
1073 1915 1366 1973 identidem
1395 1918 1535 1987 quod
1561 1920 1805 1989 poposcit
1833 1922 2131 1989 acceperit;

541 2006 636 2061 sed
666 2022 787 2078 qua
816 2007 974 2062 nobis
1001 2008 1360 2064 amicitiarum
1377 2009 1519 2079 jura,
1563 2010 1784 2066 tninime
1816 2025 2130 2082 agnoscens.

543 2095 717 2165 Unde,
742 2113 1044 2169 quanquam
1065 2099 1280 2165 absens,
1313 2099 1469 2156 facile
1492 2100 1756 2173 conjecto,
1780 2118 1887 2174 quo
1914 2113 2134 2173 repente

540 2200 762 2258 stupore
799 2191 1045 2263 ferietur,
1092 2208 1213 2249 cum
1267 2195 1459 2251 intuitu
1508 2198 1675 2252 tt0$tri
1710 2197 1995 2269 dignanter
2039 2199 2136 2253 ad-

542 2284 758 2350 missus,
791 2283 1115 2341 intellexerit
1158 2301 1218 2342 se
1258 2287 1504 2358 paginam
1545 2305 1718 2345 meam
1762 2275 1935 2361 magis
1964 2293 2135 2347 otiose

541 2373 811 2446 ﬂagitasse
852 2379 963 2450 96
987 2394 1148 2449 quam
1182 2380 1414 2437 tradere.
1451 2380 1646 2437 Videre
1679 2383 1808 2437 mihi
1839 2383 2047 2452 videor,
2077 2394 2133 2440 ut

543 2467 747 2524 homini
780 2485 884 2526 non
920 2487 1091 2543 usque
1121 2473 1188 2529 ad
1219 2474 1473 2529 invidiam
1499 2477 1789 2546 perfaceto,
1820 2492 1953 2533 nova
1975 2488 2133 2535 erunt

544 2560 745 2629 omnia,
766 2577 886 2618 cum
910 2563 1225 2621 invitabitur
1240 2566 1555 2638 peregrinus
1570 2567 1637 2624 ad
1653 2568 2005 2639 domicilium,
2023 2579 2132 2627 tre-

544 2652 700 2724 pidus
729 2654 795 2710 ad
828 2657 1177 2729 colloquium,
1204 2662 1436 2717 rusticus
1458 2661 1524 2716 ad
1553 2660 2040 2734 latitiam,pauper
2062 2666 2131 2721 ad

542 2760 806 2801 mensam.
854 2749 1060 2811 Etcum
1101 2751 1242 2821 apud
1268 2754 1467 2810 crudos
1498 2770 1861 2827 ceparumque
1897 2758 2131 2828 crapulis

542 2840 844 2897 esculentos
859 2841 949 2897 hic
966 2854 1087 2913 agat
1102 2844 1310 2918 vulgus,
1327 2846 1436 2903 illic
1448 2863 1508 2904 ea
1524 2850 1777 2905 comitate
1793 2852 2130 2921 tractabitur,

542 2944 605 2986 ac
621 2930 665 2986 si
682 2932 821 2988 inter
833 2933 1050 3005 Apicios
1063 2937 1324 3007 epulones
1346 2949 1400 2994 et
1412 2940 1732 3011 Byzantinos
1746 2936 2132 2999 chironomon-

545 3032 627 3078 tas
647 3025 922 3097 hucusque
940 3031 1249 3086 ructaverit.
1270 3034 1521 3088 Attamen
1539 3035 1716 3105 qualis
1735 3037 1849 3106 ipse
1870 3046 2130 3108 quantus-

540 3130 647 3184 que
674 3125 777 3181 est,
805 3121 1121 3190 percOpiose
1142 3137 1230 3178 me
1257 3123 1424 3180 officii
1456 3127 1617 3181 votivi
1659 3138 1963 3198 compotem
1984 3131 2127 3187 fecit.

541 3204 647 3261 Sed
661 3187 1344 3281 quanquamhujuscemodi
1357 3231 1503 3286 sape
1516 3233 1760 3287 persona
1773 3187 2129 3291 despicabiles

542 3306 667 3352 sunt
684 3300 876 3367 ferme,
898 3302 950 3357 in
965 3303 1239 3360 sodalibus
1258 3317 1435 3363 tamen
1460 3325 1555 3379 per
1578 3311 1782 3367 litteras
1796 3315 2125 3384 excolendis,

541 3388 808 3460 dispendii
830 3394 1053 3449 multum
1081 3398 1279 3455 caritas
1309 3402 1559 3469 sustinet,
1588 3404 1632 3459 si
1660 3404 1729 3460 ah
1757 3420 1853 3463 usu
1881 3408 2132 3480 frequen-

545 3482 697 3539 h’oris
717 3483 938 3556 alloquii
970 3490 1289 3559 portitorum
1323 3493 1529 3552 vilitate
1572 3510 1871 3556 revocetur.
1910 3502 2055 3559 Vale.

1082 3581 1416 3641 EPISTOLA
1448 3587 1577 3644 Vlll.

885 3673 1135 3732 Sidonius
1156 3676 1183 3717 δ
1209 3675 1408 3736 Evodio
1434 3698 1527 3738 suo
1555 3686 1791 3743 salutem.

615 3783 745 3841 Cum
773 3786 1082 3846 tabellarius
1121 3793 1252 3848 mihi
1286 3795 1493 3854 litteras
1532 3808 1647 3855 tuas
1678 3801 1928 3870 reddidit,
1956 3805 2049 3875 qui
2083 3818 2132 3862 te

553 3877 817 3946 l‘olosam,
837 3898 963 3953 rege
979 3886 1289 3956 mandante,
1310 3905 1434 3945 mox
1458 3893 1795 3962 profecturus
1813 3899 1972 3955 certis
1993 3903 2099 3955 ami
2114 3929 2132 3942 -

548 3970 626 4027 eis
657 3974 1049 4045 confitebatur;
1080 3994 1178 4034 nos
1204 3996 1416 4053 quoque
1436 4000 1502 4040 ex
1538 3987 1737 4056 Oppido
1773 3991 1927 4062 longe
1952 4008 2132 4047 remu-

548 4071 660 4117 tum
678 4080 769 4119 rus
792 4068 1122 4137 petebamus.
1150 4073 1235 4128 Me
1262 4075 1479 4145 quidem
1504 4094 1659 4135 mane
1686 4080 1860 4150 primo
1891 4099 2132 4139 remora-

551 4163 683 4224 tum,
708 4159 793 4214 vix
807 4174 838 4213 e
853 4164 1025 4218 tenaci
1047 4174 1261 4222 caterva
1281 4179 1686 4238 prosecutorum
1707 4175 1912 4245 pagina
1928 4186 2031 4232 tua
2045 4192 2136 4234 oc-

549 4250 697 4305 casio
720 4255 975 4324 excussit,
1016 4266 1074 4312 ut
1112 4260 1428 4320 satisfacere
1450 4267 1705 4322 mandato
1729 4270 1902 4325 saltim
1938 4272 2131 4337 viator,

547 4344 724 4400 saltim
740 4359 906 4417 eques
918 4365 1153 4421 possem.
1171 4354 1687 4429 Calcruntdiluculo
1702 4364 1897 4421 familia
1911 4383 2137 4439 praees-

548 4445 713 4507 serat,
730 4440 795 4494 ad
810 4439 1173 4516 duodeviginti
1188 4449 1350 4505 millia
1364 4468 1616 4523 passuum
1633 4455 1701 4513 fis
1714 4476 1806 4516 ura
1822 4464 2131 4532 tentorium,

547 4544 655 4643 quo
678 4534 892 4603 quidem
932 4537 1032 4594 loci
1078 4543 1363 4601 sarcinulis
1398 4548 1701 4608 relaxandis
1742 4556 1905 4612 multa
1944 4573 2132 4616 succe-
2164 4580 2219 4643 Ι)

522 4622 681 4681 ⁷(1υηι
709 4628 1065 4689 conducibilia
1103 4652 1114 4688 :
1159 4634 1280 4694 fons
1317 4640 1527 4709 gelidus
1568 4644 1619 4699 iu
1650 4649 1787 4703 colle
1827 4667 2134 4722 nemoroso,

559 4873 963 4965 LZF'GW‘S
990 4882 1168 4965 θέρθνς
1206 4890 1292 4941 καί
1334 4898 1589 4965 χειμῷνρς
1624 4896 1777 4965 ἀκμή.
1822 4895 1964 4951 Nova
1996 4900 2141 4957 vocis

555 4953 1188 5038 nptioiquarttniterunt
1232 4953 1452 5038 usurpat
1489 4953 1584 5017 lib.
1619 4953 1813 5037 ﬂ“
1855 4970 2015 5038 epist.
2053 4953 2139 5035 l7,

552 5015 845 5105 abessent-t1
874 5022 988 5105 ludi
1000 5040 1019 5088 ;
1041 5025 1210 5105 et_ljb.
1243 5043 1336 5105 Vl],
1362 5015 1637 5105 plausuum
1659 5015 2140 5097 armat-tineam";

624 5085 652 5176 ξ
682 5088 907 5176 quidam
1095 5085 2141 5176 sunmus:autEdiio'iiiiifii{033313

554 5159 1034 5251 unLiluicauittit
1062 5159 1387 5251 epigramma
1414 5190 1427 5226 :
1452 5177 1604 5251 quod
1621 5159 1972 5251 ejus'roga‘tt—t

556 5239 819 5322 pste-natm
847 5245 1325 5322 argenteacouclta
1360 5239 1723 5322 incidendum,
1748 5239 1906 5316 quain
1941 5255 2137 5322 regina

554 5298 850 5390 Gothorum
878 5298 1219 5390 Ragnahildae
1254 5298 1437 5371 Ettrici
1455 5298 2131 5390 coiijnigibtiiifuiu's‘8.33:

594 5371 839 5462 ,1}???
855 5371 1094 5462 ίίιειιιίιιοτ
1118 5383 1189 5462 gl)
1217 5396 1336 5440 ortu
1369 5371 1516 5445 solis.
1554 5371 2137 5453 Kﬂér'aiii'éécmitaﬁi

717 5444 767 5530 in
800 5438 1075 5530 Nat-boue:
1105 5438 2140 5530 etim:riui?Zireiii'izﬂamj'3'29;

551 5526 694 5567 secus
715 5514 892 5569 horam
916 5521 996 5574 sol
1025 5523 1181 5579 dabat
1209 5527 1425 5583 alterunt
1444 5514 1966 5592 secundamvs—liaesvt
2008 5514 2134 5594 hora

553 5596 1115 5676 nostin-permittam
1146 5601 1305 5676 paulo
1328 5604 1556 5671 amplius
1577 5620 1735 5674 quam
1759 5622 1917 5661 nona.

623 5651 660 5744 ᾗ
672 5651 934 5744 Striatam
961 5663 1073 5744 fieri
1104 5651 2015 5744 cancris[iibmiidifiifriéiiiam
2045 5696 2132 5735 re-

552 5723 735 5819 fgrret.
764 5730 913 5819 ASu‘nt
948 5736 1091 5819 enim
1103 5723 1361 5819 concha-
1390 5723 2133 5819 ribiihié'i;u§d'éiﬁ"§i¥iéﬁc

550 5795 724 5862 Plinio
753 5810 805 5860 et
834 5804 1076 5876 Apuleio.
1102 5806 1261 5867 Stria:
1293 5795 2130 5890 porib'ei"s"tri'g'c}iﬁ'Eoiiiﬁiii;

2237 1909 2383 1977 bem,
2410 1924 2586 1980 neque
2615 1910 2795 1965 animo
2830 1924 3050 1966 vacasse
3088 1926 3173 1966 me
3208 1911 3460 1978 multum,
3512 1925 3689 1980 neque
3714 1924 3835 1965 cor-

2238 2015 2389 2070 pore,
2431 2016 2605 2071 neque
2651 2010 2916 2071 tempore,
2959 2017 3065 2071 quo
3109 2001 3391 2073 postulatis
3436 2001 3833 2071 obtemperavi.

2242 2094 2392 2149 Ilicet
2432 2104 2489 2149 ut
2528 2094 2593 2149 ad
2643 2095 2889 2166 epistola
2918 2107 3112 2152 vestra
3157 2107 3399 2153 tenorem
3441 2098 3550 2168 jam
3592 2106 3835 2154 reverta-

2237 2203 2377 2251 mur,
2411 2198 2529 2258 post
2552 2189 2713 2245 verba
2737 2206 2856 2260 qua
2878 2191 3107 2261 primum
3139 2193 3288 2249 salve
3313 2192 3579 2264 ferebant,
3611 2195 3716 2250 hoc
3736 2209 3834 2266 pos

2238 2280 2483 2349 poscisti,
2517 2291 2573 2337 ut
2599 2282 2928 2353 epigramma
2955 2286 3375 2342 transmitterem
3404 2286 3686 2343 duodecim
3712 2304 3833 2345 vera

2235 2374 2384 2430 sibus
2411 2377 2779 2443 terminatum,
2810 2377 2950 2446 quod
2978 2378 3146 2447 possit
3174 2379 3348 2449 aptari
3372 2379 3596 2435 concha
3619 2381 3827 2450 capaci,

2238 2486 2358 2540 qua
2387 2486 2481 2540 per
2502 2484 2754 2525 ansarum
2784 2470 2922 2526 latus
2947 2481 3233 2544 utrumque
3258 2474 3310 2529 in
3332 2484 3632 2530 extremum
3658 2476 3778 2548 gyri
3797 2491 3830 2533 ε

2236 2571 2353 2617 rota
2403 2562 2549 2618 fundi
2587 2560 2614 2600 (ι
2647 2562 2793 2619 senis
2828 2573 3051 2620 cavatur
3086 2566 3375 2622 srriaturis.
3417 2566 3654 2635 Quarum
3701 2577 3830 2640 puto

2237 2656 2479 2712 destinas
2526 2656 2610 2711 vel
2648 2646 2925 2713 veniribus
2977 2658 3165 2729 pandis
3202 2660 3442 2730 singulos
3486 2676 3693 2727 versus,
3746 2662 3830 2720 vel

2236 2750 2435 2816 curvis,
2462 2750 2685 2806 meliore
2711 2751 2959 2817 consilio,
2993 2751 3036 2806 si
3062 2752 3113 2807 id
3144 2754 3316 2823 magis
3336 2752 3541 2821 deceat,
3566 2754 3831 2825 capitibus

2236 2843 2532 2899 inscribere
2567 2862 2581 2900 :
2633 2845 2840 2915 istoque
2883 2845 3031 2899 cultu
3069 2845 3364 2915 expolitam
3416 2855 3439 2884 ε’
3477 2846 3679 2916 regina
3726 2846 3831 2902 Ra-

2236 2936 2504 3007 gnahilda
2529 2937 2772 3008 disponis
2797 2938 3015 3006 offerre,
3048 2940 3187 2994 votis
3210 2940 3465 2995 nimirum
3500 2943 3606 2996 tuis
3627 2939 3831 3011 pariter

2238 3041 2398 3101 atque
2447 3030 2654 3087 actibus
2704 3031 3061 3100 patrocinium
3102 3032 3362 3089 invictum
3410 3044 3827 3105 praparaturus.

2238 3120 2491 3175 Fantulor
2509 3124 2619 3194 98
2642 3123 2896 3193 injunctis
2925 3124 3430 3195 quomodocunque,
3462 3141 3568 3182 non
3600 3137 3660 3183 ut
3684 3126 3831 3183 vole-

2237 3213 2390 3269 bam:
2428 3216 2520 3269 sed
2551 3225 2653 3270 tua
2681 3217 2852 3286 culpa
2886 3217 3088 3286 primus
3122 3217 3367 3287 ignosce,
3398 3218 3488 3289 qui
3516 3218 3676 3288 spatii
3708 3218 3831 3295 plus

2234 3306 2533 3375 praestitisti
2576 3308 2882 3378 argentario
2912 3323 3073 3379 quam
3106 3319 3307 3379 poeta;
3344 3327 3467 3367 cutn
3510 3310 3696 3382 procul
3725 3312 3830 3367 du-

2232 3402 2321 3458 bio
2348 3417 2452 3457 non
2488 3413 2538 3458 te
2564 3403 2775 3475 lateret,
2822 3406 2961 3461 intra
2993 3406 3262 3462 officinam
3298 3407 3655 3463 litteratorum
3703 3421 3832 3461 ear-

2234 3493 2394 3548 tninis
2428 3493 2472 3548 si
2506 3495 2631 3565 quid
2676 3497 2828 3553 incus
2865 3498 3085 3553 metrica
3130 3499 3601 3570 produxerit,nun
3651 3499 3835 3555 minus

2235 3587 2360 3643 forti
2406 3597 2461 3644 et
2509 3601 2722 3661 asprata
2770 3592 2893 3647 lima
2945 3592 3122 3663 poliri.
3182 3592 3291 3650 Sed
3347 3594 3446 3650 ista
3495 3593 3581 3649 vel
3635 3591 3835 3648 similia

2234 3684 2530 3752 quorsum?
2559 3683 2814 3754 eccejam
2840 3695 3016 3741 canta.

2358 3817 2636 3886 Pistrigero
2659 3833 2767 3886 qua
2788 3820 2966 3871 concha
2992 3822 3129 3872 vehit
3150 3821 3352 3886 Tritone
3375 3820 3642 3886 Cytheren,

2425 3882 2524 3931 Hae
2543 3884 2631 3931 sibi
2659 3882 2831 3932 collata
2853 3887 3037 3933 cedere
3064 3897 3159 3933 non
3181 3884 3393 3935 dubitet.

2366 3944 2634 4008 Poscimus,
2664 3945 2839 3995 inclina
2866 3946 3113 4008 paulisper
3137 3947 3330 3997 culmen
3354 3947 3511 3997 herile
3537 3960 3550 3996 :

2424 4005 2495 4072 Et
2519 4019 2693 4055 munus
2720 4005 2916 4072 parvum
2942 4005 3116 4072 magna
3140 4018 3514 4072 patrouaircape.

2364 4068 2700 4132 Evodiumque
2722 4068 2885 4121 libens
2904 4083 2999 4119 non
3020 4068 3286 4133 aspernare
3308 4068 3561 4127 clientem.

2433 4133 2590 4197 Quem
2614 4133 2800 4197 faciens
2823 4133 3080 4194 grandem,
3107 4143 3159 4182 tu
3180 4146 3379 4197 quoque
3398 4136 3546 4196 major
3567 4134 3683 4183 eris.

2363 4194 2566 4259 Sictibi,
2595 4195 2671 4243 cui
2697 4208 2786 4243 rex
2812 4203 2887 4244 est
2905 4198 3121 4257 genitor,
3142 4194 3455 4259 socer'atque
3471 4194 3678 4245 maritus

2423 4255 2687 4322 Natusrex
2706 4270 2900 4322 quoque
2912 4255 2988 4306 sit
3009 4271 3118 4307 cum
3144 4267 3303 4321 patre,
3331 4255 3537 4321 postque
3559 4264 3772 4322 patrem,

2366 4317 2557 4382 Felices
2581 4317 2807 4382 lympha,
2823 4317 3008 4369 'clausa
3025 4317 3271 4381 qua'luce
3290 4317 3500 4382 metalli,

2429 4381 2525 4430 Ora
2547 4381 2712 4430 tamen
2729 4382 2938 4430 domina
2960 4382 3189 4433 lucidiora
3214 4382 3394 4433 fovent.

2375 4442 2492 4509 Nam
2527 4444 2885 4509 cumidignatttr
2903 4446 3077 4509 regina
3112 4445 3187 4494 hic
3213 4450 3407 4509 ungere
3434 4445 3613 4509 vultus,

2427 4506 2613 4556 Candor
2635 4508 2685 4556 in
2703 4514 2961 4569 argentum
2979 4508 3184 4558 mittitur
3205 4522 3235 4557 e
3257 4507 3398 4558 facie.

2321 4658 2375 4715 Si
2421 4666 2627 4714 tantum
2666 4672 2851 4713 amore
2892 4664 3075 4712 nostro
3123 4656 3343 4724 teneris,
3373 4665 3431 4712 ut
3464 4655 3701 4713 scribere
3737 4658 3845 4715 bas

2248 4909 2301 4955 et
2332 4898 2558 4954 vasculis
2580 4897 2705 4969 quid
2732 4898 2859 4965 sint,
2890 4908 3075 4954 notum
3104 4914 3169 4955 ex
3200 4898 3466 4956 Vitruvio.
3502 4899 3596 4955 llic
3637 4910 3847 4956 ventres

2248 4973 2409 5039 pandi
2433 4980 2556 5025 sunt
2585 4973 2797 5041 striges,
2841 4973 2891 5025 id
2923 4981 3003 5026 est
3038 4971 3339 5039 canaliculi,
3370 4971 3519 5043 quasi
3560 4972 3746 5027 sulcus
3782 4973 3847 5029 in

2247 5053 2462 5105 aratro;
2505 5058 2660 5095 curua
2709 5044 2877 5114 capita
2915 5044 3084 5111 striae,
3137 5052 3317 5114 partes
3371 5043 3641 5111 etninula,
3692 5044 3848 5100 velut

2247 5129 2423 5183 porcae
2450 5113 2590 5168 inter
2617 5115 2813 5169 sulcos.

2321 5194 2345 5221 ε
2380 5186 2555 5256 Eurici
2600 5186 2771 5256 uxori.
2815 5185 2981 5251 llujus
3020 5186 3162 5240 enim
3203 5195 3259 5240 ttt
3307 5186 3485 5256 potius
3527 5186 3842 5243 existimem

2244 5270 2401 5324 quam
2435 5255 2776 5319 'l‘lteodtrici,
2814 5256 2938 5311 facit
2987 5259 3125 5312 ratio
3166 5255 3465 5326 temporum
3512 5259 3704 5327 quibus
3754 5259 3848 5313 hx:

2245 5326 2459 5395 scripta
2479 5337 2603 5381 sunt
2622 5327 2882 5396 epistolae,
2910 5338 2963 5383 et
2983 5330 3132 5397 quasi
3152 5329 3251 5384 sub
3274 5329 3432 5398 hujus
3456 5326 3614 5383 finem
3643 5328 3844 5384 suadet

2245 5398 2416 5452 occuli
2438 5406 2710 5453 auctorem
2745 5400 3164 5469 epigrammatis,
3198 5414 3263 5455 ne
3297 5400 3546 5456 videlicet
3594 5415 3845 5456 munerts

2244 5470 2466 5537 gratiam
2496 5470 2705 5543 deterat
2732 5472 2775 5524 si
2808 5471 3095 5543 prodatur,
3133 5473 3274 5541 quod
3305 5472 3521 5543 auidem
3548 5474 3849 5543 superstite

2245 5543 2272 5593 Ἰ
2294 5542 2583 5595 heodorico
2623 5544 2708 5596 cui
2762 5552 2949 5612 gratus
2978 5551 3032 5597 et
3062 5542 3343 5598 familiaris
3374 5554 3507 5606 erat,
3540 5558 3645 5597 non
3689 5542 3849 5598 dice.

2149 5627 2161 5637 ·
2245 5621 2326 5665 lt'l
2357 5612 2628 5667 Sidonius.
2654 5614 2875 5683 Regina
2901 5614 3060 5682 igitur
3081 5629 3277 5670 nomen
3303 5615 3391 5669 uni
3423 5613 3646 5670 Sidonio
3666 5612 3839 5669 debe-

2244 5697 2363 5736 mus
2398 5700 2410 5737 :
2462 5684 2546 5738 cui
2586 5687 2959 5756 cognominem
2997 5685 3245 5748 alteram,
3282 5685 3535 5756 Sigivaldi
3558 5687 3846 5756 ltostratis

2242 5768 2499 5821 uxorem,
2532 5763 2796 5812 memorat
2819 5755 3043 5829 Gregor.
3079 5756 3280 5813 Turon.
3314 5754 3366 5813 in
3395 5756 3508 5813 Vita
3533 5754 3840 5821 (Emiliatti.
