4140 6336
212 311 302 372 M5

1435 294 1913 354 EPISTOLARUM
1956 295 2082 352 LIB.
2126 297 2211 352 IV.

2290 216 2317 226 σι.
2352 218 2361 223 ι

3352 296 3459 359 5η

213 444 357 502 nugas
382 440 479 482 non
503 433 791 479 erubescas
811 431 999 475 OCCUIO
1021 427 1324 483 auctorem,
1353 416 1419 471 de
1443 425 1531 471 tua
1563 417 1762 472 rectius
1786 420 1842 479 Α
1866 427 2060 473 statum
2086 418 2562 490 conditionemque
2593 436 2698 476 non
2723 421 2983 491 dominio,
3018 422 3111 479 sed
3134 420 3336 490 judicio
3365 438 3455 481 re-

212 537 341 600 parle
364 532 595 577 securus.
629 515 870 585 Namque
899 512 951 567 in
987 520 1013 549 ι
1048 512 1165 568 foro
1187 510 1300 577 tali,
1331 511 1445 566 sive
1479 508 1760 575 Athenaeo,

212 618 234 657 δ
259 616 361 688 plus
392 612 568 668 charta
619 616 797 662 vestra
837 620 998 677 quam
1051 614 1237 659 nostra
1278 602 1545 673 scriptura
1583 600 1766 656 lauda-

210 712 347 767 bitur.

727 784 1059 846 EPISTOEA
1088 786 1180 842 lx.

504 886 752 945 Sidonius
786 884 1059 939 Industrio
1082 899 1173 939 suo
1202 882 1444 937 salutem.

264 981 506 1042 Interveni
540 979 784 1049 proxime
814 978 1024 1043 Vectio,
1052 975 1243 1032 illustri
1273 975 1415 1041 viro,
1445 980 1501 1029 et
1528 970 1765 1027 actiones

204 1079 303 1151 ejus
324 1073 653 1147 quotidianas
668 1069 1012 1141 penitissime
1043 1078 1096 1123 et
1125 1067 1289 1122 veluti
1317 1082 1381 1121 ex
1403 1068 1511 1121 otio
1540 1065 1650 1137 99
1676 1064 1759 1118 in-

203 1171 348 1244 spexi.
386 1168 531 1236 Quas
562 1166 815 1237 quoniam
842 1163 1030 1232 dignas
1058 1162 1275 1233 cognitu
1306 1158 1519 1227 inveni,
1548 1174 1655 1213 non
1684 1158 1765 1212 in-

203 1265 368 1333 dignas
406 1259 580 1315 relatu
621 1256 950 1314 existimavi.
1003 1255 1245 1310 Primore
1295 1253 1435 1319 loco,
1478 1250 1617 1322 quod
1644 1250 1767 1321 jure

201 1354 381 1413 ceteris
410 1349 667 1407 laudibus
693 1356 1105 1418 anteponemus,
1138 1354 1319 1401 servat
1349 1343 1570 1399 illa-sam
1588 1342 1766 1398 domi-

203 1464 261 1506 no
282 1446 461 1503 domus
504 1458 601 1514 par
630 1440 943 1512 pudicitiam
964 1438 1139 1496 :servi
1170 1437 1349 1504 utiles,
1391 1435 1574 1491 rustici
1605 1436 1769 1492 mori-

198 1540 310 1613 geri,
337 1536 548 1602 urbani,
579 1534 756 1595 amici.
788 1531 1119 1598 obedientes,
1151 1528 1766 1601 patronoquecontenti;

199 1648 366 1692 mensa
396 1646 506 1687 non
544 1630 720 1685 minus
740 1643 966 1699 pascens
1004 1626 1269 1695 hospitem
1294 1640 1452 1694 quam
1478 1622 1765 1687 clientem;

197 1723 475 1782 humanitas
501 1720 741 1793 grandis,
773 1717 1134 1788 grandiorque
1162 1716 1446 1772 sobrietas.
1476 1714 1567 1768 Illa
1600 1712 1768 1770 levio-

1868 513 1942 583 git
1973 530 1987 566 ;
2023 520 2176 580 putes
2207 527 2329 567 eum
2355 512 2570 568 domum
2600 516 2871 585 propriam
2899 532 3006 572 non
3031 516 3323 586 possidere,
3360 516 3455 574 sal

1871 605 2044 672 potius
2070 604 2473 661 administrare.
2501 607 2611 674 Qua
2638 608 2898 664 industria
2919 610 3019 665 viri
3047 624 3110 665 ac
3137 611 3292 683 100
3316 619 3454 668 tem-

1870 696 2111 766 perantia
2140 696 2400 766 inspecta,
2430 697 2499 752 ad
2525 698 2855 769 reliquorum
2881 717 3093 773 quoque
3121 706 3305 758 censui
3335 719 3455 774 per-

1872 792 2041 847 tinere
2072 790 2529 858 informationem,
2559 792 2602 847 si
2628 793 2712 849 vel
2734 808 2945 851 summo
2968 806 3124 851 tenus
3155 797 3264 852 vita
3294 807 3456 852 caste-

1869 884 1947 939 ris
1962 883 2083 939 talis
2106 883 2486 955 publicaretur.
2505 885 2585 940 Ad
2608 902 2763 953 quam
2783 890 3131 958 sequendam,
3152 899 3348 960 praeter
3365 890 3456 945 ha.

1869 974 2036 1031 bitum
2061 991 2168 1046 quo
2193 976 2408 1031 interim
2441 978 2689 1046 praesenti
2712 980 2914 1035 sarculo
2939 980 3248 1048 imponitur,
3268 996 3456 1037 omnes

1869 1075 2066 1122 nostra!
2097 1066 2448 1145 professioqis
2485 1067 2731 1126 homines
2760 1070 3042 1127 utilissime
3086 1071 3455 1128 incitarentur.

1869 1161 2025 1229 Quia,
2058 1160 2201 1233 quod
2225 1177 2357 1228 pace
2384 1163 2591 1219 ordinis
2611 1165 2715 1220 mei
2742 1164 2996 1231 dixerim,
3023 1165 3071 1221 si
3095 1174 3296 1221 tantum
3311 1168 3449 1221 bona

1867 1250 2076 1323 singula
2105 1251 2160 1307 in
2190 1252 2416 1324 singulis
2445 1262 2625 1317 erunt,
2657 1254 2779 1324 plus
2808 1268 2909 1325 ego
2933 1253 3173 1311 admiror
3200 1255 3457 1312 sacerdo-

1870 1342 2029 1399 talem
2056 1341 2230 1400 virum
2260 1358 2418 1415 quam
2442 1344 2800 1401 sacerdotem.
2834 1346 2981 1403 Vale.

2457 1435 2790 1496 EPISTOLA
2820 1437 2891 1492 Χ.

2248 1527 2503 1584 Sidonius
2532 1527 2701 1585 Felici
2721 1546 2818 1586 suo
2844 1529 3081 1587 salutem.

1944 1621 2177 1691 Erumpo
2204 1620 2257 1677 in
2284 1622 2657 1680 salutationem
2672 1623 2796 1679 licet
2820 1639 3022 1692 seram,
3043 1625 3263 1683 domine
3282 1644 3453 1699 meus,

1870 1712 2026 1767 annis
2056 1713 2170 1782 ipse
2206 1711 2318 1782 jam
2353 1714 2535 1769 multis
2579 1714 2935 1781 insalutatus;
2982 1716 3332 1789 frequentiam
3363 1736 3456 1777 ve-

196 1834 264 1885 ra,
292 1814 424 1884 quod
446 1816 569 1886 ipse
594 1826 751 1883 quem
784 1808 1329 1880 loquimur,inequis,
1359 1806 1600 1870 canibus,
1624 1805 1764 1861 acci-
1794 1814 1842 1875 Β
1870 1807 1997 1862 teris
2027 1804 2187 1863 officii
2238 1821 2457 1864 servare
2499 1824 2605 1865 non
2636 1809 2863 1876 audens,
2895 1820 3017 1878 post
3044 1827 3200 1883 quam
3245 1829 3328 1868 me
3356 1814 3457 1870 soli

194 1909 399 1981 pitribus
420 1901 795 1968 instituendis,
826 1899 1155 1971 spectandis,
1175 1899 1634 1965 circumferendis,
1652 1898 1769 1953 util-

194 2001 227 2057 li
251 1998 537 2056 secundus.
556 1996 810 2050 Summus
824 1993 969 2048 nitor
996 1992 1049 2047 in
1079 1991 1340 2057 vestibus,
1375 1990 1549 2045 cultus
1572 1989 1625 2044 in
1657 1991 1771 2045 sin-

190 2092 331 2166 gulis,
343 2088 607 2162 splendor
620 2087 672 2142 iu
694 2085 956 2157 phaleris;
978 2098 1267 2155 pomposus
1280 2084 1541 2149 incessus,
1560 2081 1770 2139 animus

192 2187 386 2251 serius;
415 2184 526 2239 iste
554 2181 824 2254 publicam
853 2179 1035 2245 fidem,
1061 2178 1151 2233 ille
1179 2178 1439 2247 privatam
1466 2177 1651 2232 asserit
1685 2176 1769 2230 di-

189 2281 457 2353 gnitatem;
504 2274 754 2332 remissio
773 2289 878 2329 non
901 2272 1120 2340 vitians,
1143 2268 1414 2340 correptio
1438 2285 1545 2323 non
1573 2282 1770 2322 cruen-

188 2383 310 2439 tatis,
323 2381 376 2429 et
391 2369 660 2428 severitas
672 2366 789 2437 ejus
806 2362 1234 2435 temperamenti,
1251 2378 1372 2433 qua:
1389 2374 1492 2415 non
1518 2360 1588 2414 sit
1609 2367 1766 2426 tetra,

186 2466 269 2523 sed
295 2464 511 2521 tetrica.
532 2463 673 2517 Inter
693 2459 809 2515 haec
830 2473 1103 2514 sacrorum
1131 2456 1463 2511 voluminum
1493 2453 1650 2510 lectio
1667 2454 1773 2510 fre-

187 2575 376 2631 quens;
407 2573 516 2629 per
536 2571 695 2628 quam
726 2554 865 2609 inter
883 2551 1149 2609 edendum
1176 2551 1371 2621 saepius
1391 2547 1552 2604 sumit
1580 2548 1773 2603 anima:

186 2658 387 2723 cibum;
418 2654 662 2727 psalmos
674 2650 865 2708 crebro
886 2648 1109 2713 lectitat,
1132 2647 1373 2703 crebrius
1394 2654 1593 2713 cantat,
1610 2658 1775 2700 novo-

184 2767 276 2820 que
297 2764 498 2822 genere
514 2745 744 2809 vivendi,
762 2754 785 2783 ο
802 2743 1121 2797 monachum
1144 2755 1261 2796 cum
1270 2739 1398 2811 plet,
1416 2754 1521 2793 non
1536 2737 1638 2792 sub
1655 2737 1771 2807 pal-

182 2845 318 2912 liolo,
340 2844 435 2901 sed
454 2843 563 2898 sub
577 2839 970 2911 paludamento,
1004 2836 1236 2890 ferarum
1255 2833 1505 2888 carnibus
1519 2831 1770 2896 abstinet,

182 2938 418 2994 cursibus
446 2933 784 3005 acquiescit:
817 2933 996 3001 itaque
1023 2930 1231 2985 occulte
1263 2927 1600 2997 delicateque
1646 2926 1776 2981 reli-

179 3031 347 3099 giosus
364 3037 564 3085 venatu
585 3027 773 3092 utitur,
794 3040 894 3080 nec
924 3024 1090 3078 utitur
1124 3022 1428 3078 venatione.
1448 3019 1777 3090 Filiamjuni-

1871 1900 2028 1971 patrii
2061 1900 2254 1956 finibus
2282 1900 2615 1957 eliminatum
2638 1903 3086 1975 peregrinationis
3105 1905 3330 1962 adversa
3353 1907 3458 1964 frc-

1869 1999 2083 2061 gerunt.
2119 1992 2459 2062 QuaprOpter
2488 1994 2767 2063 ignoscere
2801 2009 2896 2051 vos
2923 2010 3136 2065 quoque
3161 1998 3311 2052 decet
3335 2015 3456 2055 eru-

1872 2082 2213 2140 bescentibus
2255 2102 2267 2137 :
2306 2083 2569 2153 siquidem
2612 2086 2863 2143 convenit
2901 2087 3208 2144 humiliatos
3236 2090 3457 2147 humilia

1870 2175 2086 2241 sectati,
2129 2192 2305 2248 neque
2332 2191 2458 2233 cum
2509 2176 2617 2232 illis
2650 2194 2829 2248 parem
2861 2178 3236 2239 familiaritatis
3276 2194 3459 2242 tenere

1870 2258 2251 2336 constantiam,
2278 2269 2475 2341 quibus
2505 2269 2643 2326 forte
2680 2272 2752 2327 sit
2788 2273 3087 2343 improbum
3119 2276 3237 2344 plus
3257 2278 3459 2333 amoris

1870 2376 2031 2431 quam
2084 2361 2403 2418 reverentia:
2450 2362 2784 2434 impendere.
2823 2364 3049 2435 Propter
3082 2368 3181 2422 hoc
3227 2368 3458 2440 denique

1866 2454 1977 2525 jam
2001 2454 2089 2510 diu
2114 2464 2287 2522 taceo,
2318 2470 2522 2526 vosque
2543 2458 2795 2524 tacuisse,
2844 2472 2967 2514 cum
2998 2458 3141 2515 filius
3171 2476 3324 2517 meus
3352 2462 3459 2518 He-

1872 2547 2112 2604 liodorus
2150 2548 2253 2604 huc
2281 2548 2449 2616 venit,
2498 2549 2669 2621 magis
2705 2551 2997 2609 toleranter
3032 2568 3192 2623 quam
3230 2553 3458 2611 libenter

1873 2649 2094 2718 accepi:
2125 2646 2221 2704 sed
2243 2647 2425 2704 dicere
2444 2648 2676 2714 solebas,
2706 2664 3012 2722 quanquam
3038 2650 3285 2722 fatigans,
3312 2654 3455 2722 quod

1874 2756 2046 2798 meam
2070 2743 2220 2812 quasi
2246 2741 2546 2798 facundiam
2577 2757 2850 2797 vererere.
2873 2743 3165 2798 Excusatio
3185 2745 3284 2799 ista
3321 2745 3456 2812 hvc,

1876 2835 2036 2890 etiam
2081 2835 2125 2887 si
2169 2834 2356 2889 fuisset
2382 2849 2534 2902 vera,
2569 2834 2894 2890 transierat:
2932 2836 3054 2906 quia
3079 2833 3104 2873 ἀ
3135 2846 3255 2906 post
3279 2838 3461 2893 termi-

1877 2935 2058 2981 natum
2090 2925 2329 2982 libellum
2355 2926 2446 2995 qui
2471 2941 2655 2995 parum
2678 2926 2874 2982 cultior
2903 2937 3006 2995 est,
3032 2926 3264 2999 reliquas
3285 2929 3461 2984 denuo

1878 3016 2084 3074 litteras
2114 3027 2138 3056 ⁸
2167 3017 2364 3084 usuali,
2396 3017 2523 3074 licet
2556 3027 2836 3073 accuratus
2854 3018 2985 3073 mihi
3015 3020 3207 3075 melior
3242 3035 3348 3076 non
3369 3022 3461 3085 sit,

181 3131 685 3195 cauparvam,post
708 3121 911 3175 obitum
937 3118 1118 3173 uxoris
1149 3113 1778 3181 relictam,solatioc:cli-
1822 3192 1839 3195 Δ
1878 3124 2124 3166 sermone
2177 3110 2329 3182 ιοι
2372 3120 2625 3166 contexo.
2671 3109 2787 3195 Non
2834 3111 2976 3167 enim
3014 3112 3144 3167 tanti
3172 3122 3256 3168 est
3308 3113 3462 3183 poliri

178 3192 441 3275 baiusalit
460 3192 601 3271 avita
619 3214 997 3278 teneritudine,
1017 3222 1256 3269 materna
1282 3209 1581 3281 diligentia,
1599 3216 1774 3278 pater-
1800 3192 1848 3259 C
1880 3203 2136 3260 formulas
2158 3205 2392 3260 editione
2421 3205 2707 3260 carituras.
2735 3192 3001 3261 Caeterum
3029 3205 3075 3260 si
3095 3204 3333 3260 caritatis
3358 3214 3463 3260 tum

176 3327 235 3365 na
264 3310 629 3382 benignitate.
667 3308 803 3377 Erga
830 3305 1082 3362 familiam
1111 3320 1264 3361 suam
1294 3318 1393 3359 nec
1422 3302 1474 3357 in
1501 3299 1773 3372 proferen-

176 3404 237 3459 do
250 3404 502 3476 alloquio
516 3405 719 3468 minax,
738 3416 839 3456 nec
858 3401 910 3456 in
924 3398 1257 3456 admittendo
1274 3396 1505 3454 concilio
1517 3408 1771 3464 spernax,

172 3512 261 3556 nec
307 3501 366 3555 in
413 3508 572 3555 reatu
624 3494 995 3566 investigando
1032 3505 1363 3565 persequax,
1406 3486 1774 3558 subjectorum

227 3778 253 3806 θ
283 3761 510 3821 Alludit
530 3760 594 3816 ad
626 3759 880 3835 Romana:
896 3758 1044 3835 urbis
1069 3758 1297 3835 loca,__in
1329 3755 1527 3835 quibus
1555 3753 1768 3835 recitari

168 3846 421 3904 poemata
475 3842 533 3887 et
560 3830 833 3904 orationes
860 3830 1151 3904 solebant.
1196 3832 1276 3904 _De
1331 3827 1595 3904 Athenae
1621 3827 1771 3880 testis

168 3897 523 3977 Lampridius
554 3900 939 3977 in‘nlexandro
969 3917 982 3954 :
1013 3901 1093 3977 4d
1119 3900 1436 3977 Athenium,
1455 3897 1643 3965 inquit,
1675 3912 1772 3977 an:

171 3967 489 4036 diendorum
519 3984 565 4027 et
606 3973 901 4028 Graecorum
930 3982 976 4025 et
1018 3970 1326 4026 Latinorum
1381 3971 1644 4024 rhetorum
1695 3967 1771 4021 rel

171 4064 450 4119 poetarum
482 4062 642 4100 causa
669 4046 955 4119 frequenter
984 4044 1247 4119 processit.
1277 4041 1621 4119 Capitolinus
1643 4039 1769 4093 item

172 4111 221 4178 in
261 4122 555 4176 Pertinace
604 4111 993 4179 et'Gordiano;
1041 4129 1103 4168 ac
1133 4114 1385 4169 Sidonius
1427 4112 1539 4179 ipse
1569 4111 1660 4165 lib.
1690 4125 1767 4175 ix,

172 4194 326 4262 epist.
364 4193 462 4256 la,
503 4189 582 4262 ad,
605 4186 1033 4262 liurguudionem
1071 4199 1109 4262 :_
1136 4185 1331 4262 Dignus
1369 4184 1577 4239 οιηηὶηο
1619 4197 1770 4262 gnem

174 4255 337 4319 Roma
385 4259 751 4331 plausibilibus
813 4257 999 4331 [overrt
1054 4257 1190 4311 ulnis
1237 4271 1478 4327 :quoque
1528 4255 1771 4331 recitante

174 4325 471 4401 crepitantis
504 4330 741 4401 Athenaei
762 4325 1001 4401 subsellia
1015 4335 1228 4401 curuata
1239 4325 1767 4401 quaterenturLSym-

174 4396 392 4461 Inachus
422 4402 663 4465 denique
695 4400 786 4454 lib.
830 4416 902 4460 Ix.
929 4399 1019 4454 84.
1043 4398 1118 4453 De
1144 4396 1284 4453 Foro
1312 4397 1543 4465 Traiano
1576 4396 1773 4450 Fortu-

174 4486 322 4532 natus
344 4476 415 4532 ad
436 4469 888 4529 Bertbcramuum
906 4469 1211 4540 episcopum
1230 4469 1729 4525 Cenomanncnsem
1753 4485 1768 4522 :

290 4659 380 4709 Vix
410 4656 565 4706 modo
589 4660 687 4705 tam
720 4654 871 4703 nitido
893 4665 1121 4716 pomposa
1146 4660 1369 4716 poemata
1393 4652 1526 4701 cultu

354 4719 517 4771 Audit
538 4717 749 4780 Trojano
772 4716 922 4765 Roma
948 4720 1161 4767 verenda
1188 4718 1304 4765 fore.

176 4886 244 4942 De
298 4888 446 4942 Foro
502 4884 720 4948 Martis,
755 4881 910 4937 index
974 4890 1126 4935 vetus
1177 4879 1447 4934 aduotalio
1487 4880 1536 4933 in
1592 4880 1779 4936 codice

174 4958 474 5028 Apuleiana
509 4951 1258 5028 bibliothecteYatican‘mltis
1282 4950 1459 5028 verbis
1485 4969 1504 5028 :_
1520 4948 1631 5023 Ego
1645 4950 1778 5028 ξαι-

177 5020 354 5103 lustius
387 5023 1062 5103 legiAetentendavillama:
1081 5023 1315 5103 feliciter,
1344 5022 1538 5103 (ξιίρνἱο
1562 5020 1607 5075 et
1636 5020 1773 5076 Pro-

176 5099 284 5154 bino
315 5094 463 5156 coss:
493 5100 548 5154 in
573 5098 684 5165 foro
718 5095 902 5149 Martis
931 5094 1322 5151 controversiam
1348 5094 1638 5148 declamans
1654 5110 1775 5165 ora-

176 5173 266 5225 tori
290 5164 641 5227 Endelechio.
672 5168 869 5235 Rursus
901 5165 1343 5234 ConstantinOpoli
1370 5165 1635 5236 recognovi
1663 5164 1776 5219 Ca:-

174 5244 306 5297 surio
356 5253 407 5299 et
460 5243 634 5296 Attico
662 5256 796 5294 coss.
822 5240 939 5306 Quo
983 5253 1049 5291 ex
1081 5238 1198 5293 loco
1228 5247 1487 5306 praeterea
1517 5237 1775 5292 docemur

178 5329 276 5381 quo
308 5324 566 5384 tempore
603 5312 913 5384 cathedram
948 5309 1130 5384 flama:
1155 5310 1385 5365 tenuerit
1417 5308 1772 5384 Endelechius

176 5378 377 5453 rhetor,
397 5378 510 5441 hoc
530 5393 633 5450 est,
660 5395 714 5439 ut
740 5378 1329 5453 interpretorSeverus,
1357 5388 1576 5453 sanctus
1606 5380 1757 5453 Ende

181 5450 405 5523 let-hius,
442 5467 633 5511 orator
654 5468 709 5508 et
732 5450 893 5523 poeta
916 5450 1255 5507 Christianus
1284 5450 1438 5520 cujus
1457 5460 1629 5505 exstat
1649 5451 1773 5505 bre-

178 5542 237 5601 ve
255 5528 363 5601 45
393 5542 624 5583 carmen
649 5525 719 5581 de
736 5522 1009 5580 mortibus
1040 5523 1246 5601 bourn:
1275 5536 1577 5601 quanquam
1599 5522 1780 5601 fatalis

176 5592 399 5654 alterum
426 5605 553 5654 erat
576 5606 951 5666 argumentum
969 5609 1034 5648 ex
1064 5592 1310 5666 Paulino,
1334 5594 1422 5661 qui
1447 5592 1777 5647 Eudelechii.

181 5678 233 5722 ut
259 5671 418 5725 amici
453 5671 563 5733 Sui,
589 5663 835 5722 meminit
855 5667 909 5720 in
928 5667 1088 5733 epist.
1107 5663 1139 5719 9
1159 5665 1226 5718 ad
1247 5666 1527 5720 Severum.

245 5738 528 5808 1’Comjlta
581 5748 854 5811 argentea,
902 5737 953 5792 in
978 5751 1082 5805 qua
1122 5736 1379 5792 exarandi
1410 5747 1556 5791 erant
1591 5749 1781 5789 versus

180 5808 414 5867 Sidonii.

1881 3314 2086 3357 morem
2128 3301 2355 3370 pristino
2402 3300 2791 3371 colloquiorum
2827 3300 3012 3356 cursui
3041 3300 3241 3365 reddis,
3283 3308 3338 3356 et
3366 3315 3465 3356 nos

1876 3382 2104 3448 vetusta:
2133 3391 2473 3463 loquacitatis
2502 3391 2709 3447 orbitas
2740 3406 3098 3448 recurremus.
3126 3391 3329 3447 Praeter
3350 3390 3466 3451 bal

1878 3484 2056 3553 avide,
2090 3485 2289 3556 prtevio
2308 3483 2546 3552 Christo,
2573 3486 2745 3541 sicubi
2768 3485 3008 3542 locorum
3039 3484 3268 3551 fueritis,
3302 3485 3464 3541 modo

1957 3760 1979 3789 ο
2010 3748 2394 3830 Monachorum
2426 3749 2637 3819 insigne
2666 3752 2762 3830 fuit
2788 3753 3102 3830 pallium,ut
3121 3756 3468 3830 philosopho-

1877 3837 2016 3893 rum.
2039 3821 2179 3893 Nam
2210 3830 2264 3875 et
2308 3820 2480 3893 ipsam
2512 3825 2897 3881 monachorum
2926 3827 3090 3882 vitam
3123 3820 3205 3884 Ξιαί
3249 3820 3465 3893 amt...»

1880 3891 2053 3973 Graici
2069 3892 2251 3947 Patres
2273 3891 2662 3973 philosophiam
2690 3897 3059 3973 nominarunt.
3075 3897 3229 3973 [lude
3253 3891 3467 3973 agmina

1877 3963 2090 4038 palliata
2114 3964 2502 4038 monachorum
2535 3964 2589 4019 in
2616 3966 2807 4023 funere
2828 3970 2882 4024 S.
2913 3970 3121 4025 Martini
3151 3963 3316 4038 apud"
3335 3976 3465 4030 Sul-

1882 4034 2076 4110 picium
2108 4034 2394 4110 Severum.
2421 4037 2596 4110 Atque
2615 4046 2670 4091 ut
2699 4038 3049 4110 philosophos
3071 4034 3244 4099 Graeci
3276 4046 3468 4103 merito

1881 4105 2154 4184 ridebant,
2174 4108 2263 4175 qui
2295 4106 2455 4184 pallio
2475 4105 2530 4162 et
2560 4105 2719 4184 barba
2746 4105 3464 4184 tenus'philosopharentur,

1880 4177 1959 4232 sic
1989 4176 2155 4255 nostri
2183 4178 2499 4255 monachos,
2540 4180 2629 4248 qui
2672 4180 2854 4255 habitu
2878 4176 3079 4238 saéculo
3106 4176 3465 4255 imponerent,

1879 4257 1938 4332 ῳ
1954 4247 2314 4332 aitSi‘donitts,
2328 4247 2899 4332 αιιίῠμξιιὶξξφιλοσρφία
2913 4254 3048 4332 ἧνξό
3060 4247 3355 4332 jrptdetw.
3377 4247 3468 4315 lsi;

1879 4322 2044 4400 «torus
2074 4318 2372 4400 Pelusiotes
2387 4318 2660 4400 epist.‘2_2',
2675 4327 2762 4379 οὐκ
2784 4318 2945 4400 {Eri-ig.
2970 4318 3185 4400 aanimi,
3204 4332 3468 4394 ἀσκήσιως

1879 4390 2190 4466 πληροφορία
2218 4390 2465 4466 τρίϐωνάς
2488 4398 2573 4448 καὶ
2601 4396 2793 4458 ὑπήνης
2818 4396 3054 4463 ἐπίδειξις
3085 4390 3104 4451 ε’
3132 4390 3376 4456 Monac/ti
3396 4390 3469 4457 vi;

1880 4413 2039 4465 πΑηρο
2077 4413 2190 4466 opta
2218 4413 2465 4466 τριδωνος
2488 4415 2573 4448 και
2601 4417 2793 4458 unum;
2818 4413 3054 4463 ematth
3085 4416 3098 4451 :
3132 4413 3375 4456 monachi

1880 4470 2013 4535 tant,
2037 4413 2625 4535 fratremnoncomplct
2651 4467 2799 4535 pallii
2828 4476 2874 4521 et
2906 4469 3077 4522 barbae
3098 4475 3392 4526 ostentatio.

1950 4529 2138 4606 dinfra
2184 4532 2341 4601 epist.
2372 4532 2443 4586 92
2473 4549 2485 4586 :
2522 4529 2591 4589 Ut
2627 4529 2960 4606 epistolarunt
2983 4556 3161 4592 curant
3190 4544 3470 4598 terminatis

1801 4578 1858 4640 D
1883 4602 2028 4657 libris
2058 4578 2762 4675 earumrconverteremnsrad
2792 4608 2985 4675 stylum
3029 4578 3469 4669 historicaml'ii‘e:

1885 4689 1989 4737 que
2018 4675 2164 4728 locus
2192 4673 2389 4743 indicat
2420 4675 2622 4729 Sidonii
2654 4673 3000 4743 epistolarum
3028 4680 3250 4743 primam
3277 4682 3469 4737 editio-

1886 4759 2008 4798 nem
2062 4758 2170 4818 non
2216 4742 2405 4818 fuisse,
2432 4759 2591 4818 quam
2631 4742 2949 4800 Constantio
2975 4742 3335 4818 nuncupavit:
3372 4755 3466 4808 sed

1886 4828 2074 4868 earum
2104 4814 2305 4882 aliqum
2323 4814 2534 4869 libellos
2556 4825 2682 4871 ante
2709 4814 3169 4875 Constantianam
3187 4823 3466 4880 collectio-

1885 4900 2008 4940 nem
2043 4887 2093 4938 in
2126 4883 2298 4939 lucem
2331 4885 2582 4941 emissos.

1962 4964 1986 4993 ο
2024 4955 2463 5033 Latinoquidem.
2494 4958 2737 5033 sedrudi
2764 4968 2817 5015 et
2840 4960 3105 5033 impolito,
3136 4964 3313 5033 qualis
3343 4973 3468 5022 tunc

1886 5025 1939 5101 in
1984 5041 2086 5101 usu
2124 5026 2282 5101 vulgo
2311 5025 2516 5101 Galliae.
2550 5029 2690 5087 Olim
2720 5046 2852 5087 sane
2882 5025 3049 5088 Gallis
3086 5025 3266 5090 sermo
3306 5053 3467 5101 pecn-

1880 5096 2028 5180 liaris
2057 5107 2136 5180 οε.
2158 5098 2400 5180 diversus
2431 5115 2462 5155 a
2494 5100 2698 5180 Latino.
2735 5102 2884 5159 Unde
2917 5104 3115 5180 Varro,
3146 5096 3478 5180 llieronymo-

1882 5178 2041 5246 teste,
2094 5168 2456 5246 Massilienses
2487 5172 2769 5246 trilingues
2810 5177 3057 5246 vocabat,
3085 5168 3228 5246 quod
3258 5168 3466 5246 Graece,

1882 5240 2069 5314 Latine
2098 5249 2173 5314 ct
2222 5238 2425 5295 Gallice
2471 5238 2692 5299 scirent.
2727 5244 2914 5300 Postea
2934 5238 3061 5301 fecit
3090 5238 3303 5305 assidua
3334 5238 3464 5314 fcuni

1882 5312 2139 5388 Romanis
2165 5314 2516 5388 consuetudo,
2549 5324 2605 5388 ut
2648 5314 2893 5370 Latinum
2917 5328 3257 5388 usurparent,
3292 5312 3383 5377 sed
3407 5332 3467 5378 ut

1882 5384 2091 5460 exteris
2112 5382 2399 5460 gentibus
2417 5387 2840 5460 evenire__solet,
2871 5382 3062 5443 rudem
3103 5399 3159 5445 et
3187 5382 3465 5460 incultum,

1889 5456 1978 5533 qui
2011 5454 2233 5533 proinde
2264 5456 2514 5533 magistri
2532 5456 2712 5533 studio
2739 5460 3077 5533 et‘iudustria
3100 5465 3353 5533 perpoliri
3372 5454 3465 5524 de;

1890 5525 2063 5607 betet.
2106 5525 2232 5607 ideo
2266 5524 2444 5581 laudat
2477 5528 2753 5607 Ecdicium
2783 5528 3036 5607 Sidonius
3084 5532 3177 5607 lib.
3198 5524 3286 5602 'ur,
3310 5539 3463 5607 epist.

1890 5598 1944 5660 ὃ.
1978 5596 2121 5666 quod
2147 5596 2263 5664 ejus
2290 5600 2541 5669 exemplo
2566 5599 2817 5655 nobilitas
2843 5599 3111 5660 Gallicana
3141 5596 3326 5663 Celtici
3345 5596 3464 5665 'seré

1892 5669 2064 5722 monis
2094 5682 2311 5744 squam}
2337 5669 2577 5744 deposita
2612 5671 2871 5744 Latinam
2909 5673 3143 5744 linguam
3174 5678 3228 5732 in
3267 5679 3463 5737 scholis

1890 5747 2138 5821 accurate
2153 5738 2495 5805 perdiscere'.
2516 5741 2823 5812 Eodemque
2839 5738 3046 5815 spectat
3061 5750 3152 5804 lib.
3170 5765 3283 5813 vm,
3309 5752 3459 5821 epist.

1888 5814 1923 5862 2
1946 5810 2009 5863 ad
2043 5809 2323 5863 Joannem.

3480 5878 3511 5896 κ
