4140 6336
580 301 680 357 519

1854 294 2099 354 SlDONll
2138 293 2595 351 APOLLINARle

3755 286 3859 341 520

576 421 740 477 lustra
775 416 1125 484 transmittat,
1173 415 1414 488 quotidie
1457 424 1634 470 tamen
1693 414 1872 468 habitu
1916 413 2172 484 cultuque
2201 413 2253 474 A
2281 424 2333 470 te
2363 415 2623 470 hactenus
2665 411 3172 482 philosophantem,
3217 425 3351 466 nova
3379 409 3558 466 subito
3605 408 3677 465 ob
3702 409 3866 479 juris-

575 513 865 578 eonSpicuo
919 525 1025 565 non
1062 508 1364 578 juvenescit
1393 508 1565 562 solum
1588 549 1602 571 ,
1647 506 1740 562 sed
1771 506 2168 576 quodammodo

575 603 923 676 repuerascit.
956 601 1111 656 Enim
1132 616 1261 655 vero
1283 601 1449 655 vestis
1475 600 1716 664 astricta,
1735 609 1916 652 tensus
1945 598 2169 652 cothur-

575 713 695 763 nus,
730 697 747 716 '
772 695 938 750 crinis
971 697 1022 749 in
1065 703 1198 749 rota:
1231 693 1503 763 specimen
1540 692 1749 746 accisus
1775 731 1789 756 ,
1825 691 1989 745 barba
2025 690 2163 745 intra

573 805 821 861 rugarum
860 787 1091 843 latebras
1131 786 1325 841 mersis
1368 786 1432 839 ad
1465 795 1640 840 cutem
1672 795 1814 839 secta
1846 783 2166 853 forpicibus;

572 886 636 940 ad
687 885 788 938 hoc
832 892 885 936 et
917 897 1140 937 munere
1175 894 1409 950 superno
1438 879 1807 933 membrorum
1837 876 2007 932 solida
2039 891 2171 930 con-

572 977 808 1048 junctio,
843 974 1053 1044 integer
1082 973 1261 1036 visus,
1308 971 1518 1042 amplus
1550 971 1600 1024 in
1633 970 1794 1026 celeri
1827 982 2044 1037 gressus
2087 966 2168 1021 in-

571 1083 749 1132 cessu,
787 1068 1110 1135 incorrupta:
1154 1064 1321 1118 lactea
1353 1063 1593 1117 dentium
1627 1075 1887 1132 compage
1915 1060 2164 1131 gingiva).

571 1162 688 1218 Non
739 1161 809 1215 illi
862 1157 1170 1213 stomachus
1211 1165 1466 1220 nauseat,
1523 1170 1627 1209 non
1659 1169 1793 1209 vena
1845 1153 2164 1217 ﬂammatur,

572 1271 679 1309 non
709 1267 804 1308 cor
837 1250 1132 1316 incutitur,
1179 1263 1285 1302 nou
1345 1247 1526 1318 pulmo
1569 1245 1822 1316 suspirat,
1881 1259 1986 1298 non
2033 1245 2171 1314 riget

571 1345 803 1410 lumbus,
840 1359 946 1398 non
971 1342 1127 1413 jecur
1158 1350 1355 1410 turget,
1386 1355 1490 1394 non
1527 1338 1794 1394 mollescit
1820 1353 2030 1402 manus,
2061 1353 2168 1392 non

570 1441 719 1510 spina
749 1446 1032 1501 curvatur;
1058 1437 1150 1490 sed
1183 1433 1440 1504 prteditus
1469 1433 1698 1488 sanitate
1721 1430 1972 1502 juvenili,
1996 1431 2166 1484 solam

570 1532 670 1586 sibi
695 1529 930 1584 vindicat
957 1528 1024 1583 de
1049 1536 1325 1582 senectute
1371 1525 1749 1580 reverentiam.
1787 1524 2011 1594 Propter
2050 1539 2168 1593 quae

573 1624 834 1680 beneﬁcia
859 1619 1148 1692 peculiaria
1180 1617 1296 1684 Dei,
1329 1618 1580 1689 quoniam
1607 1618 1760 1671 vobis
1777 1616 1898 1686 jura
1921 1615 2168 1670 amicitia:

569 1715 791 1787 glandia
816 1714 1027 1782 vigent,
1058 1712 1258 1782 quippe
1289 1709 1507 1776 vicinis;
1539 1709 1764 1765 obsecro
1791 1723 1854 1763 ac
1884 1721 2080 1762 moneo
2111 1715 2166 1761 ut

2279 509 2565 564 dictionem
2613 506 2781 575 gloria
2813 505 2978 573 capit,
3024 501 3049 541 ἀ
3092 515 3142 558 et
3185 519 3283 558 nos
3320 504 3534 574 aliquod
3562 516 3867 569 nomenque

2275 601 2545 670 decusque
2574 599 2859 667 gessimus.
2895 600 2961 651 At
3001 597 3044 652 si
3099 597 3311 651 videtur
3349 595 3624 650 humilitas
3669 603 3867 650 nostrae

2276 693 2626 763 professionis
2653 690 2894 745 habenda
2934 690 3310 758 contemptui,
3362 689 3483 759 quia
3514 685 3731 742 Christo
3782 702 3869 742 res

2275 785 2532 841 humanas
2551 785 2794 853 vitasque
2812 783 3143 838 medicaturo
3158 780 3394 837 putrium
3411 781 3868 836 conscientiarum

2273 879 2446 934 cultro
2486 877 2737 944 squalens
2779 875 2930 929 ulcus
2974 888 3248 942 aperimus
3287 871 3470 943 :quod
3509 881 3562 927 et
3599 872 3650 926 in
3697 872 3867 926 nostri

2272 969 2475 1026 ordinis
2500 969 2628 1023 viris
2659 966 2776 1024 etsi
2807 967 2984 1022 adhuc
3006 965 3208 1035 aliquid
3256 964 3324 1020 de
3354 964 3682 1034 negligentia
3717 963 3866 1031 fetet,

2274 1063 2405 1118 nihil
2453 1061 2562 1129 jam
2596 1071 2773 1116 tamen
2805 1061 2872 1115 de
2911 1061 3160 1130 superbia
3207 1068 3377 1114 tumet
3409 1077 3421 1112 :
3458 1060 3676 1114 noveris
3706 1060 3864 1125 volo,

2272 1158 2382 1211 non
2411 1163 2469 1210 ιιι
2511 1167 2587 1209 est
2624 1153 2764 1225 apud
2802 1153 3086 1224 prwsulem
3129 1153 3227 1207 tori
3257 1193 3271 1218 ,
3301 1154 3381 1207 sic
3408 1166 3528 1207 esse
3558 1151 3699 1222 apud
3728 1151 3867 1222 judi-

2272 1264 2388 1303 cem
2420 1247 2623 1303 mundi.
2659 1245 2893 1316 Namque
2924 1254 2982 1300 ut
3028 1247 3073 1300 is
3103 1245 3192 1316 qui
3224 1245 3437 1316 propria
3465 1245 3616 1300 vobis
3653 1261 3761 1299 non
3793 1253 3866 1299 ta-

2271 1346 2446 1401 cuerit
2492 1344 2689 1414 flagitia
2719 1386 2733 1410 ,
2783 1341 3100 1408 damnatur;
3132 1341 3202 1396 ita
3249 1341 3526 1396 nobiscum
3555 1343 3646 1411 qui
3677 1339 3864 1396 eadem

2273 1443 2384 1498 Deo
2405 1441 2566 1497 fuerit
2593 1439 2898 1505 confessus,
2929 1438 3248 1494 absolvitur.
3282 1437 3437 1494 Unde
3462 1437 3671 1506 liquido
3700 1446 3867 1507 patet,

2273 1538 2567 1608 incongrue
2597 1550 2625 1589 a
2651 1535 2891 1604 partibus
2911 1533 3106 1588 vestris
3133 1532 3294 1588 nimis
3323 1548 3474 1589 reum
3505 1533 3868 1602 pronuntiari,

2271 1628 2427 1698 cujus
2450 1642 2614 1682 causa
2641 1628 2755 1696 plus
2777 1635 2986 1697 spectat
3009 1625 3240 1680 tribunal
3258 1624 3511 1680 alienum.
3531 1626 3869 1695 Quapropter

2272 1719 2643 1775 imminentem
2673 1719 2944 1789 querelam
2974 1718 3143 1772 nostri
3177 1716 3381 1772 doloris
3411 1732 3748 1787 nequaquam
3775 1731 3869 1770 va-

573 1808 798 1865 consilio
821 1817 930 1871 tuo,
958 1806 1042 1861 cui
1075 1801 1352 1874 sequendo
1384 1817 1480 1871 per
1501 1800 1888 1856 conscientiam
1917 1814 2161 1870 magnam
2195 1791 2243 1852 B
2270 1813 2404 1868 lepis
2437 1811 2661 1867 υιιετίυε
2690 1810 2998 1876 effundere;
3029 1810 3154 1880 quia
3185 1808 3598 1865 succedentibus
3641 1823 3870 1879 prospe.

570 1905 862 1961 maximam
911 1901 1101 1956 tribuis
1147 1897 1564 1964 auctoritatem,
1607 1911 1715 1951 non
1759 1894 1989 1950 multum
2039 1895 2165 1949 fidat

569 1981 856 2069 ambiguis,
890 2011 988 2052 nec
1020 1995 1179 2050 nimis
1207 1993 1385 2048 nimia:
1424 1990 1611 2047 credat
1635 1989 1986 2045 incolumitati
2021 2007 2033 2041 :
2068 1988 2164 2044 sed

569 2091 784 2148 tandem
822 2089 1159 2160 professione
1188 2086 1463 2158 religionis
1490 2093 1729 2155 arrepta,
1754 2084 1958 2140 viribus
1989 2083 2164 2154 potius

567 2185 897 2254 resurgentis
941 2179 1266 2237 innocentiae
1297 2179 1636 2235 convalescat
1663 2223 1677 2246 ,
1733 2179 1886 2250 107
1917 2177 2074 2232 faciat
2106 2191 2165 2232 se

567 2287 816 2335 vetustus
869 2277 1025 2330 annis
1064 2274 1270 2330 meritis
1329 2288 1547 2328 novum.
1595 2271 1658 2326 Et
1705 2271 1956 2340 quoniam
2007 2284 2166 2326 nemo

569 2369 738 2426 ferme
754 2377 837 2424 est
857 2368 947 2436 qui
976 2366 1336 2438 plectibilibus
1371 2373 1552 2420 careat
1582 2362 1830 2432 occultis,
1858 2363 1974 2432 ipse
2004 2377 2167 2432 super

569 2461 655 2517 his
683 2478 799 2532 qua:
831 2461 966 2517 clam
994 2460 1282 2515 commissa
1314 2458 1703 2524 reminiscitur,
1730 2456 1903 2528 palam
1946 2457 2060 2511 fusa
2083 2471 2167 2510 sa-

571 2555 872 2613 tisfactione
897 2551 1322 2628 solvaturaNam
1356 2550 1656 2606 sacerdotis
1687 2559 1840 2620 pater
1869 2593 1882 2617 ,
1919 2549 2167 2619 ﬁliusque

569 2648 837 2722 pontiﬁcis
862 2691 876 2715 ,
911 2648 1014 2703 nisi
1054 2655 1273 2702 sanctus
1324 2656 1405 2701 est
1433 2687 1447 2711 ,
1494 2645 1630 2701 rubo
1669 2643 1860 2699 similis
1902 2644 2164 2707 efﬁcitur;

569 2758 725 2813 quem
752 2740 820 2796 de
862 2740 997 2795 rosis
1029 2749 1233 2804 natum,
1266 2752 1521 2808 rosasque
1545 2735 1863 2808 parientem,
1891 2746 1945 2790 et
1975 2735 2168 2806 genitis

569 2834 1014 2906 gignentibusque
1042 2832 1266 2888 floribus
1293 2831 1552 2895 medium,
1610 2829 1974 2901 pungentibus
2018 2845 2168 2885 com-

569 2927 804 3001 paranda
836 2927 1071 2998 peccatis
1108 2925 1394 2980 dumorum
1427 2924 1591 2978 vallat
1619 2922 1906 2992 aSperitas.
1939 2921 2092 2978 Vale.

1103 3016 1435 3072 EPISTOLA
1478 3015 1620 3070 XIV.

901 3113 1146 3168 Sidonius
1176 3110 1204 3150 δ
1229 3110 1462 3165 Polemio
1491 3127 1584 3164 suo
1607 3112 1840 3166 salutem.

2268 1907 2365 1974 ris,
2388 1905 2506 1962 sive
2532 1904 2873 1970 obliviscare,
2900 1903 3016 1958 sive
3039 1902 3276 1974 negligas
3305 1902 3532 1972 gratiam
3559 1903 3869 1971 antiquam,

2265 2000 2412 2071 juxta
2443 2009 2525 2055 est
2552 1997 2826 2054 acerbum.
2858 1995 3092 2052 Proinde
3120 1998 3163 2052 si
3189 1996 3362 2051 futura
3393 1995 3569 2064 magni
3592 1995 3869 2064 pensitas,

2270 2092 2444 2146 scribe
2473 2089 2704 2156 clerico;
2737 2090 2783 2145 si
2812 2087 3096 2159 prmsentia
3122 2087 3334 2152 ,scribe
3359 2087 3601 2157 collegae.
3637 2087 3700 2141 Et
3731 2086 3870 2142 hanc

2270 2183 2322 2238 in
2347 2193 2396 2238 te
2413 2183 2527 2254 ipse
2549 2181 2801 2236 virtutem
2819 2221 2833 2246 ,
2857 2181 2901 2235 si
2933 2180 3192 2236 naturalis
3215 2189 3316 2248 est,
3344 2178 3564 2244 excole;
3593 2178 3638 2233 si
3666 2179 3871 2244 minus.

2269 2287 2329 2333 ut
2359 2277 2635 2332 insititiam
2661 2291 2901 2345 appone;
2933 2289 3035 2345 qua
3062 2275 3278 2330 sodales
3310 2282 3553 2329 vetustos
3589 2289 3871 2344 nunquam

2270 2385 2367 2440 pro
2411 2377 2833 2438 consequentum
2889 2367 3126 2422 novitate
3177 2365 3437 2420 fastidias.
3479 2365 3646 2420 Porro
3685 2375 3870 2421 autem

2269 2462 2521 2517 videbere
2547 2461 2625 2516 sic
2651 2459 2835 2515 amicis
2867 2460 2944 2514 uti
2973 2459 3123 2530 quasi
3152 2458 3370 2515 ﬁoribus
3392 2502 3406 2524 ,
3459 2457 3641 2513 tandiu
3679 2463 3869 2528 gratis,

2270 2555 2442 2611 donec
2466 2554 2793 2611 recentibus.
2818 2552 2970 2608 Vale.

2725 2645 2882 2716 109
2923 2643 3253 2702 EPISTOLA
3296 2642 3409 2697 xv.

2595 2739 2848 2796 Sidonius
2882 2747 2904 2775 ⁸
2941 2736 3163 2809 Elaphio
3187 2752 3278 2790 suo
3301 2737 3544 2790 salutent.

2347 2832 2576 2902 Epulum
2635 2831 2960 2900 multiplex,
3015 2840 3068 2885 et
3129 2829 3476 2899 capacissima
3538 2827 3866 2884 lectisternia

2273 2942 2430 2998 para;
2475 2925 2717 2996 plurimis
2748 2925 2883 2988 viis.
2918 2924 3161 2995 pluribus
3209 2924 3380 2979 turbis
3409 2924 3474 2978 ad
3522 2933 3574 2978 te
3624 2924 3866 2987 venitur;

2272 3018 2347 3075 ita
2401 3022 2660 3075 bonorum
2714 3019 3069 3074 contubernio
3117 3017 3301 3073 sedit:
3337 3019 3534 3088 quippe
3583 3027 3866 3088 postquam

2273 3113 2524 3168 omnibus
2556 3123 2768 3182 tempus
2800 3112 2993 3166 futurae
3037 3109 3393 3166 dedicationis
3436 3112 3703 3165 inclaruit.
3734 3111 3866 3167 Nam

639 3203 700 3260 C.
745 3204 962 3274 Tacitus
1006 3219 1037 3259 e
1086 3203 1381 3273 majoribus
1432 3219 1567 3257 unus
1625 3203 1729 3258 tuis
1755 3245 1768 3269 ,
1820 3202 2165 3272 Ulpianorum
2195 3181 2242 3246 ο
2272 3205 2650 3276 baptisterium
2675 3181 2825 3276 quod
2856 3205 2982 3260 olim
3030 3203 3470 3270 fabricabamini,
3497 3204 3730 3259 scribitis
3754 3204 3866 3274 jattt

571 3305 871 3368 temporum
901 3296 1202 3352 consularis
1223 3337 1238 3361 ,
1268 3297 1368 3350 sub
1392 3296 1570 3351 verbis
1603 3295 1901 3366 cujnSpiam
1940 3295 2167 3351 Germa-

575 3389 682 3446 nici
714 3388 867 3444 ducis
895 3390 946 3443 in
983 3388 1202 3443 historia
1231 3389 1538 3456 suajretulit
1564 3388 1749 3443 dicens
1783 3406 1794 3441 :
1841 3399 1860 3427 ο
1906 3387 2038 3443 Cum
2067 3389 2168 3444 Vc-

571 3481 822 3552 Spasiano
849 3481 978 3535 mihi
1023 3489 1177 3536 vetus
1216 3479 1469 3547 amicitia,
1504 3489 1558 3536 et
1581 3481 1705 3534 dum
1740 3481 1974 3550 privatus
2004 3493 2167 3548 esset,

571 3574 730 3630 amici
761 3574 1105 3630 vocabamur.
1139 3574 1256 3642 Quo
1296 3575 1534 3644 respicit,
1569 3575 1668 3637 ais,
1703 3575 1799 3629 ista
1841 3575 2087 3646 praefari?
2115 3583 2172 3630 ut

575 3669 782 3724 scilicet
803 3669 1138 3734 memineris,
1171 3682 1236 3722 co
1265 3678 1504 3737 tempore
1531 3684 1636 3736 quo
1665 3683 1949 3738 personam
1999 3669 2171 3739 publi-

570 3775 686 3816 cam
718 3771 922 3831 portas,
946 3761 1132 3832 gratiae
1156 3771 1209 3816 te
1241 3760 1466 3831 privatae
1492 3775 1787 3816 memorem
1813 3777 2028 3833 semper
2050 3776 2170 3818 esse

571 3864 839 3924 oportere.
873 3853 1151 3908 Biennium
1181 3869 1347 3923 prope
1380 3853 1672 3920 clauditur,
1707 3854 1851 3924 quod
1890 3866 1941 3910 te
1989 3857 2173 3924 praefe-

571 3954 715 4001 ctum
734 3947 983 4016 praetorio
1001 3946 1315 4013 Galliarum,
1342 3963 1448 4002 non
1471 3963 1607 4002 nova
1636 3956 1813 4002 vestra
1839 3949 2169 4019 dignatione,

572 4042 668 4098 Sed
716 4052 900 4099 nostro
947 4043 1138 4098 affectu
1181 4044 1357 4100 adhuc
1400 4055 1582 4100 vetere
1624 4046 1943 4116 gaudemus.
1989 4048 2091 4116 Qui
2126 4048 2171 4104 si

573 4135 932 4191 Romanarum
958 4153 1135 4191 rcrtnn
1162 4139 1366 4194 sineret
1387 4139 1703 4206 adversitas,
1739 4156 1881 4210 aegre
1908 4140 2172 4196 tolerare-

573 4245 693 4286 mus
719 4273 731 4296 ,
776 4231 878 4286 nisi
906 4231 1128 4301 singulae
1158 4247 1404 4303 personze
1431 4275 1445 4299 ,
1479 4248 1585 4287 non
1642 4234 1818 4288 dicam
1849 4233 2167 4303 provinciae,

574 4323 736 4376 variis
762 4338 856 4392 per
885 4332 936 4377 te
966 4323 1238 4378 beneficiis
1267 4324 1748 4394 ampliﬁcarentur.
1779 4325 1846 4380 Et
1877 4341 2018 4381 nunc
2047 4341 2170 4382 cum

575 4414 628 4471 id
681 4414 820 4486 quod
867 4414 1193 4485 possibilitas
1232 4425 1320 4471 tua
1354 4433 1460 4471 non
1494 4417 1676 4484 habet,
1705 4418 2030 4474 verecundia
2059 4436 2166 4476 non

575 4516 816 4576 petatur:
841 4507 986 4562 dicas
1009 4507 1190 4574 velim,
1209 4509 1446 4579 qualiter
1469 4510 1631 4564 fueris
1659 4510 1864 4566 futurus
1894 4513 2168 4566 humanus

2275 3315 2432 3371 posse
2462 3300 2791 3354 consecrari.
2820 3299 2902 3354 Ad
2934 3315 3053 3370 qua;
3097 3299 3230 3352 festa
3262 3312 3357 3352 vos
3407 3298 3548 3360 voti,
3581 3312 3676 3352 nos
3701 3297 3866 3351 mini-

2272 3392 2419 3448 sterii
2445 3432 2460 3459 ,
2495 3391 2654 3448 ofﬁcii
2701 3392 2899 3446 multos
2924 3433 2938 3456 ,
2965 3391 3089 3447 ﬁdei
3113 3400 3253 3447 totos
3275 3405 3436 3446 causa
3468 3389 3734 3444 sollicitat.
3768 3389 3858 3446 Si-

2274 3485 2489 3555 quidem
2532 3500 2620 3541 res
2664 3495 2748 3542 est
2779 3485 2996 3557 grandis
3021 3487 3277 3555 exempli,
3313 3499 3381 3539 eo
3405 3493 3643 3553 tempore
3663 3498 3693 3536 a
3714 3482 3869 3539 vobis

2274 3592 2407 3633 nova
2437 3578 2785 3633 ecclesiarum
2811 3577 3044 3632 culmina
3071 3577 3227 3644 strui,
3254 3592 3360 3647 quo
3375 3578 3463 3632 vix
3485 3574 3709 3631 auderet
3735 3575 3870 3631 alius

2274 3680 2481 3726 vetusta
2512 3671 2734 3725 sarcire.
2766 3669 2916 3737 Quod
2943 3678 3133 3737 restat,
3153 3678 3424 3740 optamus,
3458 3679 3515 3723 ut
3547 3669 3655 3723 Deo
3684 3678 3866 3725 nostro

2276 3779 2371 3833 per
2401 3763 2592 3817 uberes
2619 3776 2789 3818 annos
2815 3804 2828 3828 ,
2862 3763 2999 3819 sicut
3044 3771 3167 3817 vota
3200 3761 3424 3817 redditis
3451 3802 3468 3829 ,
3513 3762 3587 3816 ita
3631 3761 3868 3817 voveatis

2277 3855 2550 3910 reddenda
2583 3872 2596 3910 :
2641 3856 2802 3926 idque
2829 3871 2935 3910 non
2967 3856 3141 3912 solum
3167 3856 3424 3926 religione
3469 3855 3661 3922 celata,
3702 3855 3795 3910 sed
3818 3865 3869 3911 et

2274 3950 2647 4014 ciznversione,
2717 3949 3001 4005 manifesta
3073 3968 3084 4003 :
3154 3950 3502 4019 mitigatoque
3569 3959 3869 4019 temporum

2275 4051 2439 4108 statu,
2473 4051 2578 4096 tam
2612 4041 2881 4097 desiderio
2929 4057 3049 4096 meo
3096 4041 3344 4096 Christus
3375 4040 3679 4112 indulgeat,
3714 4056 3869 4110 quam

2276 4135 2678 4199 Ruthenorum;
2723 4144 2781 4189 ut
2808 4134 3024 4204 possitis
3070 4145 3124 4189 et
3157 4151 3253 4204 pro
3287 4135 3390 4189 illis
3434 4133 3630 4188 offerre
3665 4135 3870 4188 sacriﬁ-

2276 4231 2358 4286 cia
2385 4272 2400 4298 ,
2429 4231 2518 4301 qui
2563 4230 2674 4300 jam
2724 4246 2820 4299 pro
2859 4229 3012 4284 vobis
3045 4228 3248 4284 oﬁertis
3279 4230 3493 4284 altaria.
3530 4229 3605 4284 De
3647 4238 3869 4298 caetero,

2275 4341 2578 4395 quanquam
2611 4335 2664 4378 et
2699 4333 2975 4380 extremus
3005 4334 3296 4379 autumnus
3319 4325 3430 4393 jam
3470 4325 3611 4378 diem
3643 4324 3870 4391 breviat,

2276 4430 2333 4475 et
2361 4422 2622 4474 viatorum
2665 4419 2922 4474 sollicitas
2962 4434 3156 4483 aures,
3197 4418 3339 4473 foliis
3374 4429 3483 4472 toto
3524 4435 3747 4473 nemore
3798 4405 3892 4473 la-'

2281 4514 2559 4577 bentibus,
2601 4511 2820 4582 crepulo
2853 4511 3060 4581 fragore
3089 4512 3528 4581 circumstrepit;
3583 4512 3744 4581 inque
3785 4529 3872 4566 ca-

577 4601 628 4656 iu
661 4601 832 4667 factis,
859 4603 947 4672 qui
975 4601 1230 4671 perduras
1258 4617 1452 4658 avarus
1479 4603 1532 4658 in
1554 4604 1754 4660 verbis.
1789 4605 1920 4658 Nam
1952 4614 2164 4660 tuorum
2203 4579 2257 4640 D
2283 4606 2495 4662 stellam
2520 4605 2585 4660 ad
2613 4579 2753 4675 quod
2783 4579 2994 4666 invitas,
3031 4615 3088 4659 ut
3122 4615 3242 4675 pote
3268 4579 3478 4675 Alpinis
3507 4579 3732 4675 rupibus
3755 4606 3869 4659 riu-

576 4696 779 4767 peritiie
803 4704 1166 4764 comparatus,
1201 4697 1360 4768 108
1389 4712 1496 4751 non
1526 4697 1700 4752 solum
1730 4696 2019 4752 Cornelios
2047 4714 2170 4753 ora-

577 4795 747 4853 tores,
791 4788 886 4843 sed
913 4787 1178 4843 Ausonios
1210 4803 1421 4859 quoque
1452 4797 1640 4859 poetas
1668 4789 1887 4847 vincere
1912 4799 2085 4861 potes.
2113 4793 2167 4849 Si

661 4964 684 4992 ⁸
717 4953 1010 5024 Utrumque
1041 4955 1178 5010 inter
1209 4955 1371 5024 prisci
1419 4957 1595 5010 cultus
1628 4955 1871 5021 delicias,
1900 4957 2016 5025 lege
2045 4973 2170 5013 cau-

576 5025 930 5100 tumLevirici
962 5042 1093 5100 Its:
1125 5029 1195 5081 Οὐ
1219 5029 1659 5100 ποίησετεᾼᾳισόην
1690 5031 1743 5081 ἐκ
1768 5038 1858 5090 τῆς
1889 5030 2049 5100 κόμης
2078 5042 2170 5094 τῆς

575 5099 787 5173 appuli);
803 5100 940 5173 ὐμζν.
963 5097 1088 5152 Οὐδὲ
1111 5100 1330 5173 serpet}:
1360 5104 1450 5157 τήν
1469 5095 1582 5170 ὄψιν
1604 5107 1694 5173 to?
1727 5095 1967 5173 πὼγωνοέ·
1999 5102 2160 5172 ὑμῶν.

575 5167 689 5225 Hec
729 5167 845 5230 est,
880 5169 1175 5237 interprete
1198 5167 1583 5238 'llieronymo:
1639 5167 1760 5223 Non
1797 5167 1848 5224 in
1889 5167 2169 5225 rotundum

575 5241 900 5295 attondebitis
927 5257 1145 5301 comam,
1180 5257 1273 5294 nec
1313 5240 1503 5293 radetis
1532 5240 1739 5292 barbam
1765 5242 2158 5310 :quemadmo-

575 5313 724 5374 dum,
755 5311 928 5380 inquit
950 5311 1249 5382 Hesychius
1282 5311 1373 5366 lib.
1407 5327 1456 5364 vi
1490 5311 1539 5364 in
1577 5311 1890 5372 Leviticum,
1913 5310 1963 5364 hi
1988 5312 2166 5367 facere

576 5395 970 5438 consueverunt
999 5387 1088 5452 qui
1122 5383 1422 5437 barbaticas
1458 5384 1677 5436 Student
1701 5397 1905 5436 comas.

648 5452 675 5491 δ
716 5454 975 5509 Praefecto
999 5455 1248 5523 praetorio
1279 5454 1592 5518 Galliarum,
1625 5453 1776 5522 cujus
1801 5463 1855 5507 et
1876 5453 2160 5509 Araneolae

577 5540 786 5596 sponsa:
832 5525 1031 5578 luserat
1071 5526 1479 5596 epithalamium
1529 5527 1768 5580 carmine
1814 5525 1902 5596 15,
1942 5526 2002 5596 in
2053 5541 2162 5596 quo

576 5595 813 5663 quidem,
843 5607 1002 5664 atque
1029 5597 1080 5650 iu
1109 5595 1337 5664 epistola
1364 5597 1745 5664 nuncupatoria
1769 5641 1782 5663 ,
1830 5595 1897 5650 de
1940 5595 2161 5652 Polemii

577 5669 819 5722 doctrina
853 5666 1366 5737 pliilnsOphaudique
1390 5669 1569 5724 studio
1600 5668 1878 5733 permulta.

654 5749 675 5776 ε
721 5739 894 5792 Verba
942 5749 1065 5792 sunt
1103 5738 1308 5795 Claudii
1335 5740 1514 5794 civilis
1551 5741 1870 5794 Batavorum
1903 5740 2163 5808 principis

577 5811 716 5879 apud
745 5810 988 5868 Tacitum
1019 5809 1110 5866 lib.
1144 5825 1173 5862 v
1203 5810 1577 5883 Historiarum,
1603 5811 1697 5867 scd
1723 5812 1882 5880 paulo
1924 5810 2085 5868 aliter
2132 5826 2162 5866 a

2278 4710 2456 4764 ctum,
2511 4699 2611 4754 sub
2646 4698 2918 4753 vicinitate
2950 4697 3181 4753 brumali
3226 4698 3500 4752 difﬁcilius
3525 4699 3866 4762 ascenditur;

2280 4810 2379 4850 nos
2410 4805 2589 4849 tamen
2611 4837 2624 4862 ,
2655 4793 2768 4847 Deo
2795 4791 3011 4863 przevio,
3048 4807 3140 4862 per
3165 4800 3376 4846 tuorum
3403 4791 3664 4846 montium
3703 4791 3868 4845 latera

2276 4960 2464 5016 Tacito
2499 4968 2756 5028 concepta
2790 4975 2803 5015 :
2848 4958 2986 5028 Erga
3026 4957 3433 5028 Vespasianum,
3474 4953 3688 5024 inquit,
3734 4965 3871 5012 velut

2275 5033 2402 5156 Zaihi
2443 5027 2795 5096 obseruantia,
2830 5041 2877 5083 et
2919 5047 3034 5084 cum
3072 5027 3300 5101 privatus
3337 5036 3507 5096 esset,
3538 5027 3692 5080 amici
3719 5044 3870 5080 voca-

2309 5119 2482 5156 amur.

2309 5119 2482 5159 amur.

2347 5171 2371 5209 ἀ
2414 5173 2611 5227 Fuerat
2653 5173 2794 5226 enim
2848 5172 3133 5242 prmfectus
3179 5172 3304 5226 Urbi
3354 5188 3365 5222 :
3400 5169 3554 5237 cujus
3589 5168 3867 5240 dignitatis

2274 5259 2338 5298 ac
2368 5243 2691 5314 magis'erite
2721 5244 2952 5298 militum
2973 5290 2985 5306 ,
3024 5260 3117 5312 par
3140 5251 3264 5314 erat
3292 5243 3654 5314 prmrogativa
3675 5251 3844 5310 praete

2275 5313 2474 5380 riante,
2496 5314 2586 5368 lib.
2613 5330 2626 5367 ι
2657 5316 2776 5368 cod.
2812 5315 3019 5369 Theod.
3045 5317 3112 5370 de
3136 5313 3410 5369 Prtefectis
3443 5313 3718 5383 praetorio,
3751 5315 3864 5368 sive

2274 5384 2457 5452 Urbis,
2490 5395 2540 5440 et
2569 5386 2837 5454 magistris
2879 5387 3128 5441 militum.

2343 5467 2366 5494 ε
2408 5456 2665 5524 Quidam,
2703 5457 2938 5528 Eriphio.
2974 5457 3208 5528 Rogatus
3237 5457 3301 5510 ab
3335 5455 3560 5524 Elaphio
3587 5455 3863 5528 Sidonius,

2273 5539 2330 5582 ιιι
2379 5530 2442 5582 ad
2493 5525 2842 5583 dedicandam
2891 5525 3173 5584 ecclesiam
3215 5529 3422 5582 veniret
3466 5541 3625 5595 quam
3677 5525 3769 5579 ille
3811 5527 3861 5579 in

2269 5600 2500 5670 quodam
2551 5600 2774 5655 castello
2822 5601 3138 5655 Ruthenicm
3182 5599 3431 5654 dimov-sis
3482 5607 3863 5670 exstruxerat,

2269 5668 2489 5740 operam
2523 5673 2751 5739 spondet
2787 5690 2797 5724 :
2826 5673 2946 5740 quia
2993 5673 3244 5726 nimirum
3287 5671 3574 5736 episcopus
3599 5668 3864 5723 Ruthenis

2269 5758 2334 5796 eo
2368 5753 2610 5808 tempore
2640 5743 2818 5796 nullus
2851 5754 3000 5805 erat,
3028 5753 3083 5796 ut
3113 5744 3269 5796 docet
3290 5741 3517 5808 epistola
3550 5740 3607 5807 ϐ,
3640 5740 3734 5794 lib.
3769 5754 3856 5794 vti.

2269 5814 2348 5870 Ad
2381 5813 2662 5879 Elaphium
2694 5823 2776 5870 est
2806 5814 3010 5873 Ruricii
3043 5815 3204 5880 epist.
3227 5815 3280 5878 7,
3306 5813 3395 5869 lib.
3421 5826 3477 5866 ιι.
