4140 6336
310 332 406 391 ω
1536 328 2019 390 EPISTOLARUM
2059 334 2185 391 LIB.
2228 338 2315 393 IV.
2819 320 2835 337 '
3455 353 3560 411 εις

310 444 610 513 confragosa
633 441 938 509 venientes,
970 456 1069 499 nec
1096 442 1359 513 subiectas
1396 453 1608 514 cautes,
1640 461 1739 501 nec
1777 462 1866 500 su-
1893 449 1947 508 Α
1975 450 2140 513 mani,
2168 450 2210 502 si
2251 464 2353 520 qua
2381 450 2555 508 adhuc
2599 467 2803 525 uspiam
2846 464 2950 525 est,
3000 460 3224 532 Belgicis
3266 466 3397 522 olim
3445 469 3560 527 sive

308 538 560 610 perjectas
611 537 758 591 nives
803 550 1218 605 erpavescemus
1279 555 1292 591 :
1338 537 1580 607 quamvis
1626 538 1873 606 jugorum

307 628 560 702 profunda
600 626 878 682 declivitas
917 644 1106 699 aggere
1152 627 1470 683 cochleatim
1517 627 1686 682 fracto
1730 643 1874 697 szepe

305 722 564 780 redeunda
602 723 758 793 110
787 723 857 776 sit
889 739 900 775 :
936 723 1055 791 quia
1098 722 1197 777 etsi
1253 721 1394 775 nulla
1445 720 1787 787 solemnitas,
1822 730 1875 774 tu

304 815 428 872 satis
468 814 655 884 dignus
685 830 777 881 es,
809 826 862 869 ut
911 824 992 869 cst
1037 824 1062 851 ι
1101 814 1403 868 Tullianum
1443 814 1572 867 illud
1604 856 1618 881 ,
1657 824 1876 885 propter

302 923 451 980 quem
483 908 731 977 ThCSpit‘c
759 909 1021 963 visantur.
1054 907 1205 961 Vale.

825 1000 1161 1056 EPISTOLA
1208 999 1347 1054 XVI.

625 1093 875 1151 Sidonius
905 1091 931 1130 ι)
966 1093 1177 1147 Ruricio
1198 1109 1288 1145 suo
1312 1090 1548 1145 salutent.

366 1187 566 1255 Accepi
616 1201 712 1255 per
764 1184 1105 1239 Paterninum
1147 1182 1388 1252 paginam
1438 1191 1707 1246 vestram,
1761 1196 1878 1252 quae

296 1279 407 1352 plus
438 1278 619 1331 mellis
650 1291 716 1331 an
748 1276 875 1330 salis
923 1276 1111 1330 habeat
1162 1275 1425 1329 incertum
1478 1283 1578 1329 est.
1610 1274 1874 1329 Caeterum

294 1367 491 1437 eloquii
522 1366 729 1431 capiam
763 1366 898 1437 hanc
925 1365 1162 1436 praefert,
1189 1365 1285 1419 hos
1314 1366 1421 1419 olet
1447 1367 1629 1429 tiores,
1659 1375 1714 1419 ut
1741 1364 1876 1420 bene

294 1469 572 1531 appareat,
605 1474 710 1513 non
738 1472 829 1512 vos
853 1458 1134 1513 manifesta
1165 1459 1347 1524 modo,
1378 1472 1559 1511 verum
1582 1457 1741 1512 etiam
1769 1458 1870 1512 fur-

292 1553 393 1607 tiva
422 1566 644 1622 quoque
674 1551 903 1605 lectione
927 1550 1209 1621 proﬁcere.
1229 1550 1539 1619 Quanquam
1566 1558 1619 1603 et
1648 1549 1751 1604 hoc
1770 1550 1880 1604 fur-

290 1652 397 1700 tum
441 1644 590 1713 quod
641 1643 968 1713 deprecaris,
1012 1643 1303 1712 exemplati
1358 1642 1543 1708 libelli,
1578 1656 1684 1695 non
1723 1641 1877 1697 venia

289 1743 392 1790 tam
442 1734 644 1789 debeat
688 1736 953 1805 respicere
980 1750 1138 1803 quam
1188 1735 1376 1805 gloria.
1426 1733 1562 1800 Quid
1617 1743 1670 1787 tu
1732 1734 1875 1788 enim

1981 541 2255 595 Rhenanis
2275 542 2471 598 abolita
2504 549 2681 605 terris.
2717 550 2769 604 in
2812 558 2863 605 te
2890 553 3123 609 resedit:
3150 571 3257 626 quo
3282 559 3365 614 vel
3411 561 3560 616 inco-

1976 628 2130 695 lumi,
2162 630 2245 685 vel
2278 643 2582 701 perorante,
2614 640 2714 693 etsi
2743 642 2882 709 apud
2913 642 3137 700 limitem
3164 646 3335 716 ipsum
3369 650 3585 720 Latina,

1975 721 2094 792 jura
2149 725 2491 792 ceciderunt,
2554 730 2713 784 verba
2766 748 2872 787 non
2929 737 3174 792 titubant.
3225 740 3560 812 Quapropter

1979 816 2244 870 alternum
2278 817 2424 874 salve
2451 821 2771 889 rependens,
2799 826 3070 893 granditer
3095 830 3266 894 lmtor,
3292 835 3484 891 saltem
3508 837 3559 890 in

1981 908 2173 963 illustri
2202 920 2417 978 pectore
2466 921 2557 967 tuo
2584 920 2985 974 vanescentium
3016 923 3312 981 litterarum
3342 945 3559 992 reman-

1981 1001 2115 1057 sisse
2144 1005 2362 1074 vesttgia
2411 1020 2425 1057 :
2465 1020 2586 1075 qua:
2626 1007 2671 1061 si
2704 1002 2973 1078 frequenti
2997 1014 3226 1074 lectione
3256 1025 3559 1091 continuas,

1981 1096 2257 1164 experiere
2289 1111 2383 1165 per
2408 1097 2543 1165 dies,
2578 1110 2779 1167 quanto
2809 1105 3140 1161 antecellunt
3167 1109 3353 1167 belluis
3385 1115 3559 1169 homi-

1983 1200 2097 1250 nes,
2142 1196 2290 1241 tanto
2335 1190 2589 1245 anteferri
2633 1193 2845 1247 rusticis
2891 1194 3183 1254 institutos.
3236 1202 3311 1256 De
3354 1207 3559 1275 paginis

1982 1292 2111 1333 sane
2150 1280 2289 1348 quod
2330 1281 2657 1350 spiritalibus
2704 1284 2782 1337 vis
2822 1293 2881 1338 ut
2915 1286 3111 1356 aliquid
3152 1291 3418 1362 interpres
3456 1297 3558 1350 im-

1982 1370 2182 1438 probus
2209 1372 2463 1439 garriam,
2502 1372 2698 1442 justius
2734 1374 2848 1429 hare
2877 1377 3284 1445 postulabuntur
3320 1397 3348 1434 a
3384 1399 3557 1440 sacer.

1983 1459 2195 1515 dotibus
2217 1461 2334 1516 loco
2361 1463 2688 1533 prepinquis,
2717 1473 2876 1520 aetate
2902 1468 3224 1538 grandaevis,
3251 1471 3353 1526 fide
3378 1476 3557 1540 claris,

1983 1563 2147 1618 opere
2181 1554 2333 1623 112
2364 1553 2613 1623 vulgatis,
2644 1571 2738 1610 ore
2768 1559 3049 1627 promptis,
3079 1566 3335 1618 memoria
3364 1569 3555 1622 tenaci-

1981 1640 2104 1704 bus,
2144 1643 2289 1697 omni
2328 1644 2560 1714 denique
2596 1649 2911 1703 meritorum
2950 1651 3257 1708 sublimium
3295 1656 3420 1713 dote
3468 1672 3556 1728 po-

1983 1734 2226 1791 tioribus.
2258 1736 2498 1807 Namque
2529 1748 2585 1794 ut
2611 1741 2901 1798 antistitem
2930 1744 3157 1800 civitatis
3188 1757 3377 1805 vestra:
3400 1752 3557 1807 relin-

289 1822 447 1879 facias
487 1826 689 1894 absque
719 1825 934 1890 virtute,
964 1825 1052 1896 qui
1078 1826 1303 1895 necipsa
1335 1834 1551 1895 peccata
1581 1824 1697 1879 sine
1721 1824 1878 1879 laude
1909 1818 1956 1878 Β
1984 1840 2142 1896 quam
2170 1869 2185 1892 ,
2244 1831 2823 1887 consummatissimum
2881 1835 3051 1890 virum
3076 1877 3093 1903 ,
3152 1848 3559 1913 cunctarumque

290 1915 631 1972 committis?
664 1916 775 1985 Ego
806 1933 933 1972 vero
963 1917 1217 1987 quidquid
1238 1918 1543 1987 impositum
1564 1925 1647 1972 est
1685 1916 1886 1975 fraudis

286 2010 410 2065 mihi
442 2019 509 2063 ut
541 2019 663 2079 pote
690 2009 921 2074 absenti,
955 2010 1122 2064 libens
1159 2008 1337 2075 audio,
1376 2009 1760 2079 principalique
1792 2024 1887 2078 pro

286 2121 517 2164 munere
543 2106 856 2176 amplector,
914 2107 1001 2175 qui
1050 2106 1445 2176 quodammodo
1495 2103 1747 2158 damnum
1799 2106 1883 2159 in-

288 2198 487 2252 demne
523 2197 763 2253 toleravi.
798 2196 978 2266 Neque
1000 2197 1141 2251 enim
1170 2196 1308 2266 quod
1344 2209 1435 2251 tuo
1480 2198 1709 2252 accessit
1738 2197 1880 2263 usui,

292 2291 533 2346 decessit
577 2289 676 2343 hoc
706 2298 909 2345 nostrte
949 2289 1299 2359 proprietati;
1344 2298 1433 2343 aut
1462 2289 1526 2342 ad
1555 2289 1881 2345 incrementa

285 2384 535 2439 scientia:
571 2392 764 2438 vestra:
792 2398 887 2451 per
915 2381 1233 2435 detrimenta
1261 2382 1482 2436 venistis
1509 2382 1716 2436 alienae.
1743 2382 1879 2448 Quin

288 2478 468 2549 potius
504 2478 616 2547 ipse
639 2475 761 2546 jure
788 2476 979 2530 abhinc
1004 2474 1151 2529 uberi
1192 2475 1462 2544 praeconio
1494 2490 1599 2529 non
1629 2474 1837 2529 carebis
1863 2489 1877 2540 ;

291 2570 377 2640 qui
409 2570 586 2638 magis
610 2569 765 2638 igneo
796 2569 1008 2637 ingenio
1040 2576 1284 2620 naturam
1314 2566 1568 2620 decenter
1597 2566 1731 2635 ignis
1764 2565 1882 2618 imi-

287 2670 428 2717 tatus
449 2676 537 2725 es,
564 2661 630 2714 de
651 2672 756 2728 quo
785 2658 830 2712 si
861 2656 988 2727 quid
1035 2656 1255 2712 demere
1283 2656 1436 2723 velis,
1468 2667 1707 2710 remanet
1740 2665 1880 2709 totus

286 2754 376 2825 qui
419 2752 767 2808 transfertur.
798 2748 950 2804 Unde
992 2747 1101 2817 jam
1150 2762 1309 2817 parce
1363 2747 1650 2816 trepidare,
1708 2745 1880 2814 deque

285 2845 535 2901 moribus
564 2842 720 2897 amici
769 2839 1067 2911 plusculum
1096 2849 1244 2892 recto
1265 2853 1419 2892 secus
1446 2837 1685 2891 credere.
1714 2836 1878 2890 Nam-

286 2953 389 3009 que
412 2940 468 2993 in
505 2936 606 2991 hoc
634 2935 772 2989 facto
800 2948 897 2989 nos
920 2933 1090 3002 magis
1141 2932 1333 2986 vulnus
1374 2930 1565 3003 polluit
1592 2929 1783 3001 culpae,
1833 2933 1877 2986 si

287 3029 443 3087 feriat
470 3030 607 3085 ictus
634 3026 868 3083 invidia).
900 3026 1046 3079 Vale.

728 3127 879 3195 ιιι
912 3120 1252 3178 EPISTOLA
1290 3119 1452 3176 xvn.

596 3215 841 3272 Sidonius
874 3225 894 3252 ο
928 3215 1194 3284 Aruogasti
1224 3230 1314 3267 suo
1345 3213 1576 3266 salutem.

360 3311 702 3367 Eminentius
757 3309 959 3364 amicus
1010 3320 1149 3375 tuus,
1192 3307 1407 3362 domine
1455 3305 1646 3376 major,
1691 3303 1882 3360 obtulit

286 3402 446 3468 mihi,
471 3419 602 3474 quas
634 3403 747 3473 ipse
796 3401 1033 3467 dictasti,
1058 3400 1265 3455 litteras
1298 3399 1584 3463 litteratas,
1617 3405 1671 3453 et
1695 3399 1881 3468 gratia:

287 3497 559 3553 trifariam
613 3493 902 3549 renidentis
953 3494 1099 3548 cultu
1128 3492 1392 3548 refertas:
1427 3506 1650 3561 quarum
1700 3490 1881 3560 utique

283 3592 555 3648 virtutum
608 3589 801 3642 caritas
855 3589 1024 3656 prima
1053 3595 1157 3653 est,
1190 3602 1309 3655 quae
1340 3595 1391 3639 te
1420 3584 1595 3654 coegit
1623 3584 1674 3637 in
1703 3583 1876 3649 nobis,

285 3681 380 3734 vel
424 3678 743 3747 peregrinis,
772 3676 856 3730 vel
888 3676 997 3744 jam
1046 3676 1213 3730 latere
1262 3674 1620 3743 cupientibus,
1668 3672 1882 3726 humilia

285 3770 542 3841 dignari:
572 3778 682 3823 tum
707 3767 1054 3835 verecundia,
1078 3767 1230 3836 cujus
1252 3768 1504 3821 instinctu
1536 3765 1660 3818 dum
1691 3765 1882 3820 imme-

284 3867 398 3925 rito
445 3865 699 3934 trepidas,
754 3864 949 3917 merito
994 3861 1337 3933 praedicaris;
1392 3863 1544 3916 tertia
1587 3860 1880 3927 urbanitas,

286 3974 397 4033 qua
429 3968 483 4014 te
511 3958 737 4028 ineptire
770 3955 1092 4011 facetissime
1125 3955 1347 4024 allegas,
1387 3964 1439 4009 ct
1469 3953 1756 4020 Quirinalis
1786 3954 1883 4008 im-

286 4055 475 4127 pletus
493 4051 641 4107 fonte
663 4050 942 4116 facundiae,
968 4057 1123 4119 potor
1146 4048 1379 4102 Mosella:
1396 4047 1633 4103 Tiberim
1666 4057 1877 4104 ructas:

290 4151 371 4205 sic
401 4147 751 4202 barbarorum
785 4144 1080 4209 familiaris,
1129 4142 1270 4211 quod
1304 4151 1477 4196 tamen
1516 4143 1726 4197 nescius
1760 4142 1881 4196 bar-

290 4240 656 4297 barismorum
681 4254 694 4303 ;
724 4252 817 4307 par
835 4235 1059 4291 ducibus
1085 4233 1317 4303 antiquis
1344 4233 1542 4304 lingua,
1578 4248 1875 4303 manuque;

288 4333 387 4390 sed
415 4345 644 4403 quorum
673 4330 892 4384 dextera
938 4325 1148 4381 solebat
1176 4341 1282 4379 non
1304 4325 1479 4379 minus
1525 4326 1722 4394 stylum
1769 4337 1878 4380 tra-

289 4434 442 4481 ctare
473 4438 633 4494 quam
660 4420 913 4491 gladium.
962 4418 1224 4485 Quocirca
1257 4419 1521 4473 sermonis
1543 4434 1735 4490 pompa
1767 4421 1875 4477 Ro-

1992 1920 2243 1975 virtutum
2290 1924 2616 1979 conscientia
2657 1937 2711 1980 et
2755 1927 2890 1982 fama
2929 1928 3078 1997 juxta
3116 1931 3363 1999 beatum,
3400 1936 3564 1992 multo

1989 2014 2340 2081 opportunius
2377 2015 2443 2069 de
2481 2016 2885 2088 quibuscunque
2919 2023 3305 2089 qumstionibus
3348 2026 3438 2079 tibi
3486 2027 3563 2081 in-

1989 2111 2336 2174 terrogantur
2377 2108 2561 2175 inclyti
2591 2110 2882 2166 Galliarum
2912 2122 3090 2182 patres
3116 2124 3170 2170 et
3200 2126 3564 2189 protomystar,

1987 2209 2087 2251 nec
2124 2197 2253 2251 satis
2284 2198 2487 2266 positus
2529 2201 2582 2254 in
2617 2202 2907 2272 longinquo
2931 2203 3135 2274 Lupus,
3167 2222 3267 2262 nec
3295 2223 3480 2277 parum
3514 2211 3564 2269 in

1986 2287 2229 2357 proximo
2277 2289 2561 2360 Auspicius
2615 2311 2625 2343 :
2678 2308 2904 2361 quorum
2964 2296 3219 2351 doctrina:
3276 2299 3563 2357 abundanti

1984 2380 2359 2447 eventilandae,
2411 2397 2510 2437 nec
2560 2385 2883 2439 consultatio
2933 2394 3019 2440 tua
3067 2386 3283 2445 sufficit.
3336 2391 3564 2446 Proinde

1983 2474 2121 2543 quod
2158 2490 2319 2544 super
2357 2476 2454 2531 hac
2494 2492 2710 2545 pret-um
2756 2488 2903 2547 parte
2944 2494 3051 2535 non
3093 2482 3265 2549 parui,
3305 2482 3563 2553 benignus

1981 2567 2219 2633 quidem,
2252 2567 2344 2623 sed
2377 2578 2431 2622 et
2457 2569 2634 2638 justus
2674 2570 2888 2639 ignosce
2923 2589 2934 2621 :
2967 2573 3089 2642 quia
3128 2573 3173 2627 si
3211 2587 3308 2626 vos
3347 2574 3565 2643 imperi-

1983 2660 2107 2715 tiam
2140 2661 2323 2730 lngere
2349 2676 2441 2731 par
2472 2670 2575 2725 est,
2616 2677 2703 2718 me
2734 2678 2947 2734 quoque
2974 2664 3127 2721 decet
3160 2666 3325 2721 vitare
3359 2667 3563 2735 jactan-

1982 2755 2131 2808 tiam.
2179 2755 2322 2808 Vale.

2494 2847 2821 2903 EPISTOLA
2862 2848 3045 2905 XVIII.

2320 2941 2567 2997 SidonFus
2598 2940 2842 2996 Lucontio
2880 2958 2974 2996 suo
3018 2943 3233 2998 salutem

2051 3034 2392 3092 Oblivisceris
2425 3035 2564 3105 quod
2595 3038 2832 3105 rogaris,
2864 3050 3001 3106 eque
3030 3038 3329 3101 contrario,
3361 3036 3405 3091 si
3437 3037 3560 3105 quid

1985 3130 2258 3200 injungas,
2311 3142 2375 3182 ex
2422 3141 2541 3182 asse
2589 3125 2878 3181 meministi
2927 3126 3194 3197 repetere.
3246 3128 3561 3198 I‘erlongum

1908 3191 1954 3256 ο
1984 3191 2085 3280 est.
2116 3191 2184 3276 de
2215 3191 2322 3275 cito
2353 3218 2526 3273 reditu
2553 3232 2670 3287 quae
2704 3225 2781 3283 tu,
2815 3191 3007 3288 tuique-
3026 3218 3381 3286 promiseritis
3410 3191 3562 3283 mihi,

1983 3313 2222 3383 meisque
2268 3328 2281 3363 :
2335 3324 2558 3379 quorum
2612 3309 2849 3363 omnium
2894 3322 3001 3363 non
3045 3319 3168 3363 sunt
3213 3310 3295 3362 Vel
3345 3308 3562 3364 minima

1982 3405 2268 3473 completa.
2297 3402 2432 3469 Quin
2461 3400 2659 3471 potius,
2689 3414 2809 3454 cum
2839 3399 3015 3469 fugam
3055 3415 3084 3454 a
3107 3400 3263 3456 nobis
3293 3400 3563 3455 machina-

1981 3498 2205 3561 remini,
2237 3508 2341 3565 quo
2378 3508 2688 3549 reversuros
2718 3493 2782 3547 ad
2815 3507 3024 3549 sacrum
3055 3492 3251 3561 pascha
3282 3508 3377 3547 vos
3408 3502 3562 3562 puta-

1983 3605 2185 3655 remus,
2214 3589 2373 3644 nullre
2401 3603 2592 3658 graves
2631 3588 2856 3642 sarcina:
2892 3587 2957 3641 ad
2990 3588 3246 3657 prmdium
3278 3603 3342 3642 ex
3370 3587 3564 3657 oppido

1991 3681 2186 3746 ductae,
2219 3679 2360 3732 nulla
2392 3693 2627 3743 serraca,
2656 3679 2800 3731 nulla
2830 3677 3015 3731 esseda
3046 3676 3405 3732 subvehendis
3431 3692 3563 3732 one-

1991 3774 2140 3830 ribus
2178 3771 2599 3825 attrahebantur.
2633 3769 2809 3838 thue
2836 3770 2901 3823 de
2931 3769 3304 3823 matronalium
3336 3771 3565 3839 partium

1993 3869 2066 3922 nil
2098 3881 2287 3938 querar
2316 3863 2523 3931 fraude,
2551 3878 2682 3934 quas
2711 3876 2830 3918 cum
2868 3860 3130 3931 expeditis
3168 3859 3365 3917 tulistis
3392 3861 3565 3933 impe-

1992 3959 2262 4023 dimentis,
2313 3967 2472 4026 tuque
2515 3955 2782 4024 fraterque
2825 3954 3124 4008 communis
3164 3951 3189 3989 ά
3224 3953 3563 4021 Volusianus,

1992 4054 2080 4107 vix
2120 4049 2447 4119 singulorum
2486 4046 2740 4102 clientum
2770 4045 2922 4117 113
2965 4059 3353 4115 puerorumque
3398 4048 3565 4101 comi-

1984 4155 2095 4200 tatu
2140 4140 2516 4197 ambiebamini
2561 4158 2572 4192 :
2615 4153 2710 4208 per
2740 4139 2878 4207 quod
2923 4137 3339 4193 sollicitudinem
3376 4153 3564 4210 prose-

1979 4244 2236 4308 quentum
2267 4247 2400 4287 vana
2441 4245 2562 4284 mox
2592 4230 2900 4285 recurrendi
2948 4243 3043 4296 spe
3081 4226 3374 4295 fefellistis;
3419 4239 3566 4285 certe

1982 4328 2148 4383 frater
2175 4324 2521 4391 Volusianus,
2554 4322 2643 4391 qui
2673 4320 2811 4376 forte
2843 4334 3071 4390 pergens
3100 4319 3152 4374 in
3184 4321 3379 4390 prazdia
3409 4321 3566 4391 Bajo-

1983 4424 2216 4487 cassina,
2273 4426 2544 4486 totamque
2597 4412 3420 4485 provinciam'Lugduuensem
3482 4429 3566 4470 sc-

364 4590 394 4619 ι
435 4577 599 4651 Libro
624 4575 675 4630 iv
691 4575 756 4651 in
788 4573 1011 4651 Verrem
1032 4589 1046 4627 :
1068 4571 1354 4626 Praxiteles
1377 4569 1696 4651 _C_upidinent
1727 4579 1881 4651 fecit,
1912 4588 1965 4649 ι)
1990 4582 2127 4637 siam
2159 4576 2406 4651 videlicet
2433 4571 2726 4651 Leucorum
2748 4569 3009 4651 episcopo
3039 4587 3051 4622 :
3082 4570 3565 4651 cujus_nuperrim_e

290 4652 442 4709 illuni
484 4650 570 4720 qui
597 4658 669 4702 est
689 4645 924 4720 Thespias
951 4659 968 4699 :
991 4652 1194 4720 propter
1208 4659 1357 4720 qncnt
1377 4642 1607 4720 Thespim
1630 4642 1880 4720 uisuntan

296 4723 441 4779 Nam
484 4712 590 4774 alia
628 4712 1002 4771 visendi'causa
1038 4712 1182 4768 nulla
1204 4721 1298 4767 est.
1343 4712 1482 4766 Idem
1511 4719 1670 4770 tradit
1694 4719 1885 4776 Strabo

293 4795 389 4849 lib.
425 4809 479 4847 lx
507 4807 521 4844 ε
548 4791 604 4847 Δί
625 4788 676 4843 δὲ
701 4789 923 4861 Θεσπὶαι
942 4788 1189 4861 «po-repeto
1219 4787 1307 4861 μέν
1324 4784 1653 4861 ᾖγννιιρίζολντρ
1682 4787 1765 4843 διὰ
1788 4795 1890 4861 κτὸν

290 4862 502 4941 "Epona:
537 4861 880 4940 Πραξιτέλους,
905 4855 955 4941 ei?
985 4855 1514 4941 ἶγλυψεὶμένθοέκςῑγςές,
1550 4858 1746 4941 ὰγέθηκε
1778 4860 1889 4941 δὲιή

296 4925 481 5011 ἰτᾶἰρα
515 4925 810 5011 Θε’σ]τιεῦσι;
859 4925 1099 5011 ιιρρτεξον
1245 4932 1334 4978 νῦν
1363 4925 1760 5011 ῥψιξμενοίέινες
1804 4933 1888 4987 τὸν

292 4994 503 5084 περῶτα
518 5002 775 5084 instigatae:
791 5001 874 5079 ἒπζ
887 4994 974 5053 ira
993 4994 1304 5077 θ’ἐαγίᾶλλως
1326 4994 1580 5084 ρ’ξκνιιῦσαθν
1592 5001 1888 5064 ἀξιοθέατον,

372 5084 398 5116 b
431 5075 599 5142 Cujus
644 5082 694 5125 et
741 5069 924 5122 Iberia:
977 5069 1228 5142 conjugis
1255 5065 1661 5142 epithalamium
1693 5076 1886 5127 cecinit

298 5136 540 5203 carmine
569 5145 655 5211 ll,
688 5142 937 5210 episcopo
988 5148 1165 5211 postea
1209 5136 1694 5211 Lemovicensi._ls
1741 5146 1882 5198 enim

298 5228 382 5274 est
408 5218 561 5286 cujus
593 5207 997 5286 painzisﬂahhinc
1026 5210 1181 5286 anuis
1203 5222 1269 5262 ex
1296 5208 1354 5262 S.
1397 5207 1529 5261 Galli
1564 5208 1883 5286 bibliotheca

302 5292 432 5344 editi
468 5280 608 5340 sunt
622 5286 727 5338 duo
753 5282 870 5336 libri
901 5282 1266 5349 epistolarum,
1292 5292 1433 5351 quas
1457 5280 1643 5351 partim
1674 5284 1882 5351 episco-

304 5376 425 5430 pus,
468 5355 828 5430 parti_m__ante
856 5358 1220 5430 episcopatum
1253 5350 1486 5430 scripsit.
1522 5349 1575 5402 In
1617 5349 1887 5430 illishsunt

304 5420 514 5500 "aliquot
551 5421 947 5500 ad_Sidoniiini,
986 5432 1145 5500 atque
1182 5423 1233 5472 in
1243 5420 1346 5500 bis
1375 5422 1698 5500 octava,__cui
1733 5421 1886 5500 Sido-

305 5490 427 5555 nius
472 5503 571 5552 hoc
611 5493 719 5564 49
755 5493 872 5564 loco
908 5491 1213 5564 respondet.
1243 5490 1425 5542 Eidem
1456 5499 1509 5544 et
1544 5492 1674 5544 alias
1701 5498 1884 5548 scribit

305 5572 400 5625 lib.
434 5587 465 5621 v
492 5579 543 5623 et
573 5561 697 5629 vn],
722 5563 954 5615 nondum
988 5561 1257 5628 episcopo.
1308 5628 1311 5629 ν
1370 5628 1375 5629 ν
1758 5616 1763 5621 ι

381 5652 403 5678 ο
437 5641 511 5693 Ex
542 5634 746 5691 Sidonii
796 5632 975 5685 verb:s
1005 5633 1265 5703 docemur
1290 5628 1637 5699 Arbo'gastem
1686 5634 1882 5703 stylum

309 5711 449 5765 inter
485 5723 631 5761 arma
675 5716 953 5766 traCtaSse,
993 5702 1151 5754 domo
1185 5700 1391 5767 Belgam
1426 5704 1609 5765 fuisse,
1654 5700 1887 5756 habitas-

311 5796 475 5853 scqne
507 5779 571 5833 ad
602 5775 870 5831 Mosellam
891 5813 905 5837 ,
935 5787 1040 5824 non
1073 5772 1256 5838 prOCul
1282 5774 1345 5821 ab
1371 5770 1643 5844 Auspicio,
1674 5774 1886 5829 Tullett-

597 5873 863 5933 ΡΑτιιοι..
913 5861 1128 5928 ΙΧΙΙΙ.
1172 5926 1175 5927 ν

1992 4652 2059 4706 ad
2100 4649 2446 4715 Arbogastcm
2494 4641 2635 4715 edita
2681 4642 3026 4715 est_epistola
3072 4655 3189 4715 qua:
3230 4639 3565 4715 bzecomnia

1992 4708 2289 4775 continual.
2341 4715 2502 4765 Docet
2529 4713 2672 4762 enim
2705 4709 2869 4774 Arigii
2903 4708 3066 4761 lilium
3099 4710 3282 4770 fuisse.
3316 4711 3563 4763 comitem

1993 4792 2372 4845 Treverorum,
2402 4797 2430 4833 e
2456 4781 2620 4846 stirpe
2648 4777 2961 4849 Arbogastis
2989 4778 3205 4849 alterius
3232 4777 3440 4842 Franci,
3474 4784 3566 4849 qui

1994 4874 2177 4915 comes
2203 4856 2297 4909 fuit
2327 4845 2678 4903 Valentiniani
2703 4845 2953 4914 junioris.
2997 4846 3263 4901 Barbaros
3288 4862 3417 4916 ergo
3440 4845 3563 4916 qni-

1992 4931 2212 4985 buscum
2260 4921 2592 4982 versabatur,
2645 4917 3273 4988 Francosinterpretor,
3320 4922 3407 4985 qui
3454 4920 3563 4988 jam

1995 5010 2104 5056 tum
2145 4998 2195 5051 in
2226 4993 2432 5060 Belgica
2471 4991 2640 5060 prima
2675 4986 3115 5060 dominabantur;
3158 4986 3466 5060 antistitem
3489 4991 3566 5043 ci-

1993 5070 2171 5125 vitatis
2196 5056 2501 5134 episcopum
2532 5058 2939 5134 Trevirenseﬁmg
2970 5056 3172 5134 Lupum
3203 5071 3330 5112 vero
3357 5058 3565 5113 Tricas-

1988 5143 2188 5200 sinum,
2216 5127 2279 5189 ad
2312 5127 2467 5200 quem
2499 5145 2603 5183 non
2638 5129 2802 5182 semel
2835 5127 3106 5200 Sidonius.

2060 5212 2085 5248 ιι
2119 5196 2303 5265 Frater
2329 5196 2530 5259 Sidonii
2563 5215 2577 5252 :
2609 5199 2672 5253 ad
2703 5213 2862 5268 quem
2895 5198 2990 5254 lib.
3025 5212 3118 5252 vm
3149 5196 3309 5266 epist.
3341 5199 3427 5253 17.

2062 5292 2086 5321 ο
2127 5280 2507 5347 Lugdunenses
2559 5270 2847 5347 provinciae
2901 5268 3109 5347 _Sidoni.i_
3165 5283 3280 5347 azvo
3320 5278 3566 5347 .quatuor

1988 5362 2161 5415 erant,
2195 5337 2523 5415 totidemque
2562 5337 2621 5394 in
2663 5341 2858 5395 Notitia
2902 5340 3111 5415 imperii
3162 5337 3563 5415 describuntur:

1989 5409 2105 5493 quae
2134 5409 2199 5475 ad
2237 5409 2471 5493 nostram
2502 5412 2637 5465 hanc
2667 5417 2883 5493 cett-nem.
2905 5413 3155 5493 antiquas
3180 5409 3567 5493 retinentnme-
3626 5418 3637 5493 τί

1992 5478 2247 5562 lropolcs.
2292 5487 2495 5562 frimas
2536 5491 2695 5562 caput
2740 5478 3099 5560 Lugdunum,’
3126 5481 3192 5534 de
3217 5495 3337 5562 .qua
3385 5479 3563 5562 Ιξδτιν,
3628 5482 3645 5539 ξ

1990 5548 2150 5628 θυίἶι.
2183 5564 2234 5613 7.
2287 5554 2545 5628 Secunda:
2578 5549 2962 5628 ΙὶοιιιοηιιιειιξΡ
3016 5548 3112 5628 cui
3151 5548 3335 5603 subest
3376 5551 3565 5628 civitas

1994 5618 2352 5688 [laioeassinm
2379 5627 2477 5678 hoc
2509 5622 2642 5675 loco.
2693 5619 2885 5671 Tertia:
2915 5618 3136 5683 Turoni,
3176 5632 3292 5685 qua:
3322 5618 3565 5671 nomina-

1995 5715 2080 5757 tur
2122 5705 2170 5755 ιιι
2201 5697 2421 5765 ebistola
2456 5688 3041 5765 Le0"i_5-B““'i°e“9i5’
3077 5689 3406 5765 “"9"”.“9'99
3428 5688 3564 5765 .S’Pi‘

1994 5755 2317 5835 seoporm'u,
2374 5766 2452 5817 Ne
2505 5761 2699 5814 clericis
2751 5767 2984 5829 expetant
3031 5755 3296 5812 smallaria
3336 5755 3563 5827 judicia,

3210 5847 3280 5907 Π
