4140 6336
564 346 671 407 525

568 465 790 520 condam
817 467 1217 532 pervagaturus,
1261 453 1717 523 exspectationem
1748 460 1979 504 nostram
2013 464 2133 521 spe-
2164 452 2213 509 Α

568 554 649 609 cie
678 550 933 607 brevioris
966 549 1170 601 itineris
1200 545 1376 600 elusit.
1411 542 1472 596 Et
1502 555 1639 595 nunc
1672 549 1723 593 tu
1754 539 1865 606 ipse
1895 537 1971 591 sic
2002 534 2137 591 mul-

572 651 637 700 tis
671 652 854 699 contra
890 641 1045 695 fidem
1080 637 1264 692 diebus
1304 632 1646 697 otiabundus,
1681 632 1756 685 ais
1791 631 1905 695 tibi,
1934 631 1975 684 si
2009 643 2138 698 quas

570 746 750 808 postea
785 734 1003 788 luserim
1049 740 1219 785 metro
1259 745 1440 799 nugas,
1475 728 1608 780 mitti
1647 736 1915 793 oportere.
1952 726 2139 776 Annua

570 830 841 899 injunctis,
876 826 997 896 quia
1026 824 1216 894 dignus
1241 838 1299 877 es
1329 830 1386 874 ut
1418 819 1537 873 talia
1571 818 1733 887 legas.
1764 814 1894 870 Nam
1923 827 2140 869 carmen

567 923 741 992 ipsum
776 918 914 987 quod
953 932 1093 971 nunc
1113 929 1162 987 .e
1202 912 1447 967 manibus
1492 909 1740 970 elabitur,
1771 915 1875 961 tam
1920 904 2143 960 rustica-

567 1026 693 1067 num
744 1021 825 1066 est
875 1016 1087 1077 tamque
1134 1005 1467 1074 impolitum.
1520 1011 1576 1054 ut
1606 1015 1689 1053 me
1739 1014 1841 1052 non
1900 996 2025 1049 illud
2075 996 2139 1048 ad

572 1104 772 1166 villam,
810 1101 902 1155 sed
937 1099 1109 1168 potius
1143 1112 1173 1151 e
1202 1095 1325 1150 villa
1359 1096 1569 1147 mittere
1601 1098 1771 1160 putes.
1810 1098 1834 1125 ει
1862 1088 2142 1142 Basilicam

570 1192 739 1248 sancti
783 1189 1052 1262 pontiﬁcis
1103 1184 1530 1254 confessorisque
1580 1182 1813 1245 Martini,
1859 1180 2146 1247 Perpetuus

569 1285 874 1355 episcopus,
917 1280 1261 1349 dignissimus
1303 1285 1449 1330 tanto
1488 1273 1887 1344 praedecessore
1926 1284 2143 1326 succes-

570 1392 683 1440 sor,
730 1374 950 1428 multum
980 1371 1165 1441 priori,
1208 1385 1325 1440 qua:
1363 1369 1457 1422 fuit
1498 1367 1774 1428 hactenus,
1817 1364 2145 1433 capaciorem

571 1466 805 1521 novavit.
843 1465 1086 1533 Magnum
1120 1470 1218 1523 est,
1253 1470 1311 1515 ut
1345 1461 1541 1524 ferunt,
1577 1473 1709 1527 opus
1738 1455 2145 1510 nominandum-

569 1574 694 1623 que;
719 1556 857 1626 quod
879 1557 930 1609 in
952 1554 1210 1607 honorem
1235 1552 1353 1606 talis
1375 1552 1469 1605 viri
1494 1552 1709 1615 factum,
1731 1550 1850 1602 talis
1870 1548 1947 1601 vir
1965 1546 2150 1602 iecisse

570 1648 833 1705 debuerit.
868 1646 1032 1715 llujns
1061 1660 1144 1699 me
1174 1644 1464 1713 parietibus
1494 1641 1788 1697 inscribere
1817 1640 2149 1710 snpradictus

569 1739 823 1795 sacerdos
850 1737 951 1792 hoe
978 1737 1304 1806 epigramma
1332 1733 1621 1803 compellit,
1647 1732 1785 1803 quod
1816 1732 2145 1796 recensebis;

1818 333 2059 391 SIDONII
2100 330 2551 391 APOLLINARIS

2426 446 2641 506 Sept‘ma
2661 456 2769 506 quae
2791 441 2968 492 mundo
2997 441 3058 491 fat
3078 443 3175 491 rica
3198 444 3317 506 mira
3341 444 3450 506 iuit.

2364 507 2480 556 Nam
2500 503 2729 566 gemmis,
2755 518 2892 563 sum,
2912 512 3121 565 argento
3138 506 3179 553 si
3200 503 3444 566 splenduit
3470 504 3608 565 illud,

2430 568 2561 619 Istud
2581 567 2933 627 transgreditur
2959 572 3127 615 cuncta
3152 567 3345 620 metalla
3371 566 3482 616 fide.

2366 631 2507 679 Livor
2534 631 2607 677 abi
2633 628 2854 683 mordax,
2888 629 3293 689 :bso'vanturque
3312 630 3512 689 priores,

2428 693 2503 741 Nd
2525 700 2688 751 novet,
2727 700 2807 737 aut
2829 690 2967 739 addat
2988 691 3181 751 garrula
3206 691 3483 751 posteritas.

2364 755 2587 813 Dumque
2608 748 2739 802 venit
2759 748 3221 814 tibristus,“7p0pulos
3242 754 3323 814 qui
3346 754 3549 803 suscitet
3572 765 3761 813 omnes,

2428 815 2677 877 Perpetuo
2695 815 2875 863 durent
2899 812 3107 863 eulmina
3132 812 3384 876 Perpetui.

2314 918 2643 983 Obtulimus,
2691 927 2749 971 ut
2797 917 3001 981 cernis,
3061 915 3201 987 quod
3250 916 3533 972 cantilenae
3589 917 3821 972 recentis

2244 1011 2455 1065 obviam
2498 1008 2674 1064 manui
2724 1008 2849 1073 fuit;
2896 1007 2987 1063 sed
3039 1024 3138 1065 nec
3177 1008 3278 1064 hoc
3322 1009 3519 1077 minus,
3559 1010 3605 1065 si
3650 1026 3823 1065 moras

2246 1102 2436 1169 nectis,
2470 1092 2614 1155 astra
2652 1100 2971 1169 quatiemus,
3003 1100 3245 1155 versibus
3272 1116 3486 1170 quoque
3534 1103 3821 1171 sitirograo

2248 1194 2387 1265 phis,
2420 1193 2464 1247 si
2491 1207 2575 1247 res
2606 1190 2863 1262 exegerit,
2895 1190 3041 1245 usuri
3072 1207 3085 1244 :
3116 1206 3251 1261 quos
3278 1191 3401 1245 huic
3431 1192 3657 1247 carmini
3690 1192 3825 1246 leni-

2249 1294 2355 1341 tate
2402 1283 2759 1355 adtequandos
2807 1283 2937 1337 raise
2979 1281 3204 1353 putabis.
3256 1280 3495 1352 Namque
3532 1281 3822 1348 efﬁcacius,

2248 1379 2433 1446 citius,
2488 1375 2765 1431 ardentius
2812 1384 2999 1430 natura
3046 1374 3350 1429 mortalium
3401 1373 3581 1445 culpat
3629 1375 3823 1446 aliqua,

2246 1484 2405 1541 quam
2438 1468 2638 1523 laudet.
2673 1466 2824 1522 Vale.

2688 1557 2841 1630 115
2882 1556 3210 1612 EPISTULA
3250 1555 3387 1611 XIX.

2561 1650 2805 1706 Sidonius
2835 1646 3139 1703 Florentino
3162 1666 3255 1703 suo
3282 1649 3495 1703 salutem

2324 1742 2391 1797 Et
2416 1756 2591 1798 moras
2618 1750 2847 1808 nostras,
2873 1751 2926 1797 et
2951 1740 3223 1796 silentium
3252 1755 3473 1797 accuSas
3501 1759 3515 1795 :
3545 1749 3826 1812 utrumque

567 1841 629 1886 ut
656 1839 737 1885 est
770 1832 823 1882 in
853 1828 935 1882 his
965 1840 1294 1897 quascunque
1322 1824 1565 1895 deposcit
1601 1823 1883 1895 privilegio
1913 1822 2151 1877 caritatis
2178 1815 2226 1877 B
2256 1835 2529 1908 purgabile
2580 1845 2698 1903 est;
2751 1850 2980 1904 namque
3030 1846 3086 1891 et
3133 1839 3377 1909 venimus
3426 1845 3479 1891 et
3529 1836 3823 1892 scribimus.

567 1920 1056 1991 imperiosissimus.
1084 1920 1255 1988 Atque
1286 1920 1486 1972 utinam
1520 1916 1673 1971 molis
1706 1916 1843 1969 illius
1877 1930 2146 1985 pompam,

566 2014 681 2070 sive
723 2014 984 2078 donaria,
1045 2013 1116 2067 nil
1165 2011 1321 2081 hujus
1380 2010 1620 2080 obsequii
1678 2018 1854 2078 turpet
1906 2008 2146 2063 oblatio:

565 2104 706 2175 quod
738 2118 895 2159 secus
932 2104 1047 2158 fore
1082 2103 1367 2173 plurimum
1402 2102 1583 2157 timeo.
1622 2100 1729 2156 Nisi
1764 2098 1983 2155 forsitan
2011 2101 2151 2155 inter

564 2197 742 2252 omnia
783 2205 1003 2252 venusta
1046 2197 1122 2251 sic
1162 2196 1560 2266 epigrammatis
1603 2196 1755 2249 istius
1800 2193 2011 2250 foeditas
2038 2194 2152 2265 pla-

564 2299 725 2356 ceat,
792 2297 851 2342 ut
900 2288 1050 2358 niger
1098 2302 1283 2342 naavus
1331 2288 1558 2342 candido
1610 2287 1666 2340 in
1713 2301 1939 2357 corpore
1985 2303 1999 2340 :
2061 2286 2150 2355 qui

564 2382 780 2451 quidem
812 2380 948 2436 solet
983 2380 1061 2435 sic
1091 2380 1264 2435 facere
1290 2383 1475 2448 risum,
1508 2379 1647 2449 quod
1678 2379 1927 2445 accipere
1954 2378 2148 2433 suffra-

564 2470 733 2541 gium.
782 2469 887 2526 Sed
932 2470 1057 2541 quid
1102 2470 1225 2527 hinc
1274 2471 1541 2541 amplius?
1606 2486 1745 2541 pone
1790 2472 1992 2526 fistulas
2036 2471 2151 2541 ipse

564 2562 851 2632 pastorias,
898 2571 954 2618 et
1002 2563 1188 2634 elegiae
1233 2558 1461 2633 nostrae,
1510 2565 1632 2634 quia
1684 2563 1818 2635 pede
1864 2564 2147 2632 claudicat,

564 2668 785 2711 manum
832 2657 1064 2727 porrige.

694 2772 851 2891 ιμ,
879 2781 1067 2831 Martini
1093 2794 1286 2841 corpus,
1326 2781 1437 2830 totis
1460 2778 1745 2829 venerabile
1770 2782 1938 2841 terris,

774 2857 805 2891 n
827 2856 922 2891 duo
944 2851 1049 2891 post
1072 2843 1181 2891 vitae
1204 2848 1425 2891 tempora
1451 2843 1568 2890 vivit
1596 2842 1773 2891 honor.

774 2842 805 2891 ii
822 2842 922 2904 quo
944 2851 1049 2904 post
1072 2843 1181 2892 vitae
1204 2848 1425 2903 tempora
1451 2843 1568 2890 vivit
1593 2842 1773 2904 honor,

687 2903 905 2953 Texerat
931 2903 1011 2966 hic
1033 2906 1239 2966 primum
1264 2904 1461 2966 plebeio
1484 2903 1702 2952 machina
1723 2903 1875 2964 cultu,

755 2968 873 3024 Quae
904 2965 1165 3015 confessori
1191 2965 1284 3014 non
1312 2975 1415 3014 erat
1435 2979 1572 3027 aequa
1591 2978 1680 3014 suo
1704 2981 1715 3015 :

685 3027 788 3077 Nec
811 3029 1080 3077 desistebat
1105 3029 1236 3076 cives
1255 3039 1462 3076 onerare
1492 3027 1677 3088 pudore

752 3089 913 3139 Gloria
935 3103 1107 3151 magna
1132 3092 1237 3150 viri,
1261 3090 1413 3150 gratia
1436 3102 1581 3188 parva
1604 3090 1713 3139 loci.

752 3152 899 3188 ttietng
922 3152 1008 3188 cmi
1035 3154 1114 3188 nui
1137 3158 1416 3188 nimim-amr
1498 3162 1670 3188 nonne
1693 3164 1713 3188 ιι

684 3149 899 3215 Antistes
922 3149 1117 3215 sed'qui
1137 3149 1420 3215 numeratur
1434 3149 1468 3215 7b
1497 3162 1670 3215 sextus
1692 3151 1753 3200 ab
1772 3152 1893 3215 ipso,

750 3211 962 3270 Longam
980 3211 1257 3273 Perpetuus
1271 3213 1467 3261 sustulit
1486 3213 1711 3260 invidiam
1736 3228 1749 3263 :

686 3271 936 3337 Internum
961 3271 1219 3337 remOvens
1241 3273 1413 3321 modici
1439 3274 1689 3337 penetrale
1713 3272 1903 3337 sacelli,

750 3334 1013 3394 Amplaqne
1034 3340 1163 3383 tecta
1185 3334 1351 3383 levans
1375 3337 1627 3383 exteriore
1647 3336 1805 3383 domo.

684 3394 1057 3460 Creveruntque
1080 3395 1243 3460 simul,
1270 3394 1425 3460 valido
1446 3396 1699 3460 tribuente
1720 3407 1938 3460 patrono,

748 3458 773 3487 ο
800 3456 853 3503 ln
876 3458 1043 3517 spatiis
1065 3456 1216 3517 aedes,
1241 3458 1457 3506 conditor
1482 3459 1532 3506 in
1551 3456 1741 3508 meritis
1762 3473 1774 3508 ε

687 3520 807 3579 Quae
830 3518 1161 3567 Salomoniaco
1185 3519 1312 3581 potis
1336 3526 1411 3568 est
1435 3520 1705 3582 conﬂigere
1730 3518 1933 3583 templo,

562 3668 630 3721 ad
660 3669 918 3739 episcopos
965 3666 1238 3739 prouincia:
1280 3663 1481 3739 Tertia.
1530 3665 1619 3722 Sic
1646 3668 1882 3739 enim_ex
1910 3664 2141 3739 antiquis

558 3736 955 3807 exemplaribus
1005 3737 1075 3790 ibi
1120 3736 1403 3806 legendum
1457 3746 1572 3801 est;
1630 3753 1736 3793 non
1780 3737 2044 3802 Tia-scite,
2086 3745 2144 3792 ut
2228 3770 2233 3771 ί

560 3811 719 3876 vulgo
747 3810 939 3873 legitur
960 3810 1100 3880 inter
1126 3808 1381 3877 epistolas
1400 3807 1591 3863 Leonis
1619 3824 1788 3880 papas,
1815 3807 2004 3880 quibus
2031 3807 2143 3863 haec

560 3892 746 3948 parum
778 3888 932 3961 caute
973 3878 1171 3931 inserta
1217 3889 1319 3961 est,
1349 3894 1471 3961 eum
1504 3878 1629 3961 eius
1660 3878 1779 3961 non.
1804 3881 1891 3932 sit.
1926 3878 2142 3961 Quarta:

560 3946 876 4014 metropolis
899 3946 1161 4012 Senones,
1189 3950 1328 4001 unde
1348 3946 1583 4004 Senonia
1608 3950 1904 4018 appellatur
1926 3948 2021 4003 lib.
2045 3965 2137 4014 vn,

560 4021 715 4087 epist.
744 4021 797 4083 5,
820 4030 873 4071 et
896 4021 948 4071 in
972 4018 1161 4071 Notitia
1188 4018 1256 4072 de
1273 4019 1465 4072 Tractu
1490 4022 1855 4074 Armoricano.
1876 4020 2143 4074 Caeterum

561 4088 943 4158 Lugdunenses
992 4087 1298 4160 provincias,
1330 4104 1450 4142 cum
1491 4093 1719 4160 primum
1765 4090 1925 4143 dividi
1968 4105 2148 4158 cmpe-

562 4170 706 4222 runt,
736 4160 852 4211 duae
882 4165 1083 4211 tantum
1111 4158 1259 4212 fuere
1284 4176 1296 4210 :
1327 4168 1445 4227 post
1472 4158 1698 4228 quatuor
1726 4160 1896 4223 factm,
1925 4175 1952 4213 a
1975 4160 2149 4214 Theo-

563 4228 741 4293 dosio,
769 4238 826 4280 ut
867 4227 1114 4294 conjicio.
1170 4227 1298 4280 Nam
1345 4244 1373 4281 a
1406 4227 1562 4283 Rufio
1593 4230 1752 4283 Festo
1792 4230 1911 4284 dum
1945 4240 2147 4285 tantum

564 4306 937 4370 numerantur,
969 4312 1068 4349 nec
1095 4297 1278 4370 plures
1305 4300 1371 4370 ab
1393 4300 1676 4353 Ammiano
1699 4302 2027 4365 Marcellino,
2054 4304 2149 4370 qui

564 4368 807 4422 Turones
833 4371 882 4420 in
913 4382 1039 4421 secu
1066 4370 1145 4420 ida
1177 4368 1516 4431 Lugdunensi
1546 4372 1794 4435 collocat,
1820 4368 2142 4426 Senones‘in

565 4440 736 4507 prima
770 4454 781 4489 :
816 4449 884 4512 ut,
902 4438 1032 4491 Satis
1063 4451 1312 4506 appareat
1341 4440 1551 4494 tertiam
1590 4456 1654 4495 ex
1698 4442 1954 4507 secunda,
1985 4458 2145 4512 quar-

568 4516 676 4563 tam
712 4524 774 4560 ex
810 4508 974 4575 prima
1007 4519 1181 4561 natam
1213 4523 1351 4562 esse.

2176 3190 2225 3258 Ε

2252 1929 2405 1985 Valt‘.

2802 2019 3128 2075 EPISTOLA
3174 2018 3289 2074 ΧΧ.

2598 2113 2848 2168 Sidonius
2880 2111 3106 2166 Domitio
3136 2128 3226 2166 suo
3255 2113 3488 2168 salutem.

2333 2215 2412 2271 Tu
2455 2216 2539 2272 cui
2576 2214 2885 2286 frequenter
2922 2230 3068 2270 arma
3106 2225 3160 2272 et
3197 2223 3458 2281 armatum
3508 2224 3562 2272 et
3602 2224 3829 2269 armatos

2224 2306 2516 2377 ’inspicere
2547 2306 2840 2376 jucundum
2883 2317 2993 2372 est;
3027 2322 3183 2378 quam
3228 2308 3553 2377 voluptatem
3586 2314 3829 2378 putamus

2253 2414 2435 2469 mente
2463 2406 2792 2474 conciperes,
2828 2406 2870 2459 si
2895 2402 2917 2441 ι¹
2948 2406 3292 2477 Sigismerem
3324 2406 3527 2476 regium
3553 2408 3826 2477 juvenem,

2252 2497 2357 2552 ritu
2383 2507 2543 2566 atque.
2569 2498 2713 2552 cultu
2738 2484 3011 2567 gentilitio
3029 2508 3298 2563 ornatum,
3324 2508 3381 2553 ut
3408 2506 3531 2565 pote
3551 2512 3827 2568 Sponsum,

2250 2606 2345 2646 seu
2384 2591 2687 2660 petitorem,
2720 2589 3027 2661 praetorium
3068 2590 3242 2647 soceri
3282 2598 3537 2661 expetere
3568 2589 3830 2646 vidisses?

2248 2684 2398 2741 Illum
2462 2700 2630 2755 equus
2699 2683 2913 2753 quidem
2961 2683 3192 2753 phaleris
3248 2692 3524 2753 comptus,
3576 2684 3685 2739 imo
3713 2680 3830 2752 equi

2249 2774 2576 2832 radiantibus
2610 2774 2841 2844 gemmis
2882 2774 3058 2828 onusti
3094 2774 3512 2841 antecedebant,
3544 2774 3631 2831 vel
3671 2773 3830 2829 etiam

2249 2865 2711 2935 subsequebantur
2740 2883 2752 2918 :
2785 2880 2907 2921 cum
2939 2876 3117 2921 tamen
3145 2865 3245 2920 hoc
3276 2863 3444 2935 magis
3473 2865 3545 2919 ibi
3575 2864 3826 2919 decorum

2251 2956 2696 3025 conspiciebatur,
2730 2957 2871 3027 quod
2902 2956 3320 3026 praecursoribus
3358 2956 3489 3023 suis,
3517 2956 3630 3011 sive
3657 2955 3831 3027 pedis-

2248 3050 2427 3118 sequis
2456 3088 2470 3112 ,
2520 3047 2682 3116 pedes
2723 3057 2779 3103 et
2824 3048 2939 3117 ipse
2989 3048 3199 3103 medius
3247 3048 3504 3111 incessit,
3556 3046 3832 3101 ﬂammeus

2251 3155 2433 3205 cocco,
2463 3140 2658 3194 rutilus
2687 3154 2839 3205 auro,
2876 3138 3081 3195 lacteus
3111 3142 3305 3206 serico,
3332 3147 3447 3194 tum
3470 3139 3635 3194 cultui
3665 3145 3831 3205 tanto,

2256 3249 2431 3299 coma,
2483 3232 2700 3299 rubore,
2753 3242 2875 3288 cute
2923 3234 3196 3289 concolor.
3264 3232 3584 3304 Regulorum
3631 3241 3830 3298 autem,

2255 3325 2635 3395 sociorumque
2659 3324 3008 3381 comitantum
3032 3325 3200 3383 forma
3227 3333 3281 3381 et
3307 3328 3359 3380 in
3388 3340 3515 3397 pace
3538 3324 3787 3381 terribilis
3812 3340 3827 3378 :

2254 3433 2480 3490 quorum
2528 3418 2694 3487 pedes
2743 3420 2900 3489 primi
2948 3434 3150 3491 perone
3195 3428 3375 3475 setoso
3419 3421 3551 3475 talos
3590 3416 3828 3490 adusque

2259 3508 2656 3575 vinciebantur;
2691 3523 2895 3578 genua,
2928 3524 3113 3578 crura,
3142 3525 3388 3582 suraeque
3427 3512 3542 3567 sine
3579 3509 3826 3580 tegmine.

2250 3661 2288 3717 ii
2313 3662 2516 3718 scilicet
2535 3677 2667 3733 quos
2690 3678 2845 3731 super
2867 3664 3051 3718 ostium
3071 3681 3103 3717 a
3123 3674 3265 3733 parte
3282 3666 3567 3720 meridiana
3592 3664 3831 3731 adiectos

2251 3744 2459 3860 me;
2488 3736 2650 3789 fuisse
2704 3744 2891 3789 auctor
2947 3743 3029 3790 est
3086 3735 3230 3791 idem
3284 3735 3577 3807 Gregorius
3630 3735 3730 3791 lib.
3777 3750 3827 3803 ν,

2249 3820 2366 3860 CBD.
2392 3820 2479 3860 bl.

2313 3818 2579 3931 Eosziium
2612 3890 2638 3927 a
2666 3875 2890 3928 Martino
2912 3874 3230 3947 Perpetuum
3256 3876 3410 3943 dixit,
3433 3876 3553 3947 quia
3577 3874 3828 3932 Justinia-

2249 3960 2396 4009 num,
2421 3946 2628 4014 opinor,
2644 3953 2697 3999 et
2721 3946 3048 4000 Armentium
3072 3956 3318 4002 numerat
3343 3948 3429 4017 qui
3452 3946 3660 4002 Briccio
3685 3949 3829 4015 pulso

2249 4017 2430 4071 sedem
2462 4020 2577 4088 ejus
2608 4026 2918 4088 tenuerunt;
2949 4032 3082 4084 quos
3110 4017 3163 4071 in
3190 4020 3559 4088 episeOpnru
3590 4017 3849 4073 indicato.

2253 4088 2489 4158 praeterit
2516 4087 2804 4154 Gregorius
2835 4104 2846 4140 :
2880 4088 3104 4158 proinde
3127 4100 3372 4158 quartum
3402 4088 3508 4143 illic
3539 4104 3571 4142 a
3600 4088 3827 4144 Martino

2253 4158 2435 4210 statuit
2456 4156 2799 4223 Perpetuum.
2830 4158 2897 4212 At
2924 4157 3015 4212 lib.
3061 4174 3095 4212 tt
3130 4156 3290 4213 alium
3322 4158 3586 4213 calculum
3617 4171 3828 4216 secutus

2254 4228 2496 4297 quintum
2526 4226 2669 4281 facit.

2330 4307 2351 4369 9
2379 4297 2526 4351 Hanc
2553 4312 2696 4363 saepe
2734 4313 2946 4353 causam
2987 4299 3275 4366 ascribunt,
3308 4301 3398 4369 qui
3440 4299 3673 4369 antiquis
3708 4298 3830 4354 edi-

2251 4366 2384 4422 ficiis
2414 4382 2550 4422 nova
2573 4369 2894 4424 substituunt
2920 4386 2932 4424 :
2957 4370 3098 4439 quod
3126 4372 3310 4425 videre
3327 4366 3414 4426 est
3440 4366 3829 4439 inCt—iristianis
3876 4438 3879 4439 ν

2247 4441 2608 4510 monumentis
2634 4438 2985 4508 antiquarum
3015 4440 3440 4510 inscriptionum.
3472 4438 3622 4494 Nolze
3651 4450 3824 4495 autem

2246 4509 2297 4563 in
2329 4509 2714 4581 suburbanas.
2735 4511 2926 4564 Felicis
2967 4509 3192 4581 ecclesia
3235 4527 3393 4581 quam
3426 4511 3680 4581 Paulinus
3721 4511 3831 4577 epi-

634 4588 661 4616 ει
693 4579 767 4632 De
798 4578 895 4651 hac
935 4578 991 4632 S.
1022 4579 1228 4632 Martini
1265 4580 1481 4651 basilica
1522 4597 1679 4650 quam
1714 4583 2007 4651 Perpetuus
2036 4583 2141 4637 Tu-
2167 4583 2222 4645 Ι)
2247 4593 2438 4651 seopus
2462 4580 2717 4645 condidit,
2749 4589 2953 4651 restant
2973 4580 3235 4651 hodieque
3253 4578 3439 4637 versus
3465 4596 3598 4648 quos
3624 4580 3828 4635 Paulini

563 4661 753 4724 bonum
811 4649 1109 4724 episcopus
1173 4649 1439 4724 condidit,
1513 4649 1955 4724 remotaivetere
2013 4669 2137 4724 par-

562 4720 912 4793 vulahqnam
945 4720 1181 4793 Briccjus
1231 4721 1553 4793 aediﬁcarat,
1585 4724 1693 4793 agit
1722 4720 2144 4793 Gregoritts'Tu-

561 4801 680 4864 t;o_n.
709 4788 800 4842 lib.
827 4805 880 4864 n,
908 4804 1023 4864 cap.
1046 4790 1134 4864 te.
1157 4799 1211 4844 et
1240 4790 1331 4864 libr.
1358 4808 1391 4846 κ
1418 4793 1468 4846 in
1497 4788 1721 4849 elencbo
1742 4788 2136 4864 episcoiiorum.

562 4858 690 4927 Ejus
747 4859 1036 4938 parietibus
1076 4858 1323 4938 Perpetui
1374 4874 1561 4938 rogatu
1613 4858 2136 4938 varia'diversorum

560 4940 836 5005 poetarum
879 4930 1129 5005 inscripta
1159 4930 1371 5005 fuerunt
1399 4930 1780 5005 epigrammata
1817 4952 1829 4989 :
1860 4953 1979 5003 qua:
2009 4937 2136 4991 olim

561 4999 808 5073 collecta,
844 5015 983 5073 nunc
1012 4999 1179 5073 etiam
1204 5000 1255 5053 in
1276 4999 1553 5073 plerisque
1578 5002 1796 5073 Sulpicii
1828 4999 2009 5062 severi
2041 5023 2135 5061 co-

561 5066 767 5123 dicibhs
804 5069 867 5121 ad
902 5068 1031 5145 _Vit:e
1061 5066 1346 5145 S.__Mart_i'ni
1384 5066 1830 5145 calcemadjecta
1860 5080 2139 5145 reperiun-

563 5147 652 5212 tur
677 5156 691 5191 :
716 5148 882 5212 atque,
908 5141 1045 5212 inter
1084 5139 1185 5212 alia
1214 5138 1562 5212 Sidonianum
1596 5138 1716 5212 hoc,
1747 5146 1885 5211 quod
1918 5138 2137 5201 nobilis-

559 5208 696 5282 simo
735 5208 967 5282 basilicae
990 5210 1129 5282 loco,
1161 5208 1209 5262 it
1251 5218 1333 5263 est
1362 5212 1411 5282 in
1444 5211 1645 5277 abside,
1672 5208 1895 5269 incisum
1928 5225 2134 5282 notant,

559 5277 613 5348 in
642 5295 797 5345 quam
828 5279 883 5334 S.
906 5280 1114 5348 Martini
1141 5293 1331 5348 corpus
1359 5279 1531 5334 fuerat
1562 5285 1872 5339 translatum
1900 5303 1912 5338 :
1942 5277 2135 5341 deinde

559 5345 787 5419 alterum
838 5348 1041 5404 Paulini
1088 5345 1399 5415 Petrocorii,
1444 5368 1599 5419 supra
1644 5356 1826 5408 ostium
1858 5356 2134 5411 basilicwa

559 5425 705 5485 parte
732 5417 925 5486 Ligeris
955 5436 972 5473 :
1004 5422 1141 5489 quod
1171 5422 1413 5476 versibus
1441 5417 1651 5476 constat
1678 5422 1767 5490 25,
1820 5425 1920 5480 hoc
1951 5426 2131 5482 modo.

682 5494 901 5557 Quisque
919 5496 1021 5547 solo
1039 5499 1235 5550 adclinis
1259 5502 1474 5552 mersisti
1504 5503 1554 5551 in
1581 5501 1785 5564 pulvere
1806 5503 2007 5566 vultum,

558 5572 669 5651 50
691 5586 747 5632 ει
774 5580 861 5648 qui
891 5591 1205 5651 sequuntur.
1258 5586 1395 5640 Editi
1426 5586 1566 5640 enim
1598 5598 1721 5642 sunt
1754 5589 1854 5643 sub
1886 5590 2042 5645 tinem
2074 5592 2138 5646 li-

557 5647 861 5731 lit-erum.“
889 5647 1099 5731 de'Vita
1122 5654 1349 5731 Martini,
1373 5662 1467 5711 sed
1494 5658 1610 5731 sine
1635 5659 1789 5731 titulo
1812 5677 1823 5711 :
1851 5659 1917 5715 de
1945 5662 2136 5731 quibus

560 5724 615 5799 et
642 5717 896 5799 Paulinus
941 5724 1074 5799 ipse
1097 5717 1381 5799 scribit_in
1405 5728 1645 5799 cpistola
1696 5729 1762 5784 ad
1791 5717 2135 5799 Perpetuum.

559 5780 699 5843 Sunt
732 5780 990 5858 praeterea
1040 5792 1239 5848 ibidem
1266 5780 1476 5851 Martini
1496 5780 1809 5856 niterent;
1837 5780 2128 5857 vastans

2246 4650 2412 4721 ipsius
2448 4663 2566 4721 esse
2600 4651 2834 4721 plerique
2868 4649 3127 4719 judicant,
3152 4649 3410 4707 renovata
3444 4652 3511 4706 ab
3548 4667 3635 4718 eo,
3664 4662 3721 4706 ut
3748 4661 3828 4708 est

2245 4719 2301 4776 in
2328 4718 2499 4774 Natali
2527 4735 2580 4788 x,
2614 4718 2833 4776 basilica
2863 4723 3207 4792 eninpositos.

2376 4832 2693 4903 Pervaserat
2714 4832 2852 4883 locus
2875 4842 3009 4891 ante,
3035 4837 3437 4903 sacrisangustns
3452 4834 3678 4896 agendis,

2436 4894 2846 4957 Supplicibusque
2871 4908 3060 4955 negans
3081 4894 3295 4958 pandere
3324 4909 3471 4959 posse
3489 4894 3685 4948 manus,

2365 4952 2518 5027 Nune
2530 4957 2707 5027 populo
2728 4958 2938 5027 spatiosa
2962 4960 3114 5027 sacris
3136 4958 3305 5027 altaria
3340 4959 3526 5021 prebet.

2431 5016 2627 5081 omne,
2651 5016 2797 5066 medii
2823 5021 3040 5081 martyris
3060 5021 3106 5068 in
3129 5021 3330 5080 gremio.

2371 5077 2554 5146 Cuncta
2578 5077 2683 5128 Deo
2706 5077 3168 5146 renovata'placent,
3191 5090 3335 5146 novat
3354 5084 3517 5146 omnia
3533 5092 3733 5146 semper

2437 5137 2672 5205 Christus,
2696 5146 2759 5205 Aet
2781 5144 2826 5205 in
2851 5137 3094 5205 cumulum
3119 5137 3313 5205 luminis
3340 5140 3596 5205 amtiiﬂcat

2368 5198 2463 5266 Sig
2472 5206 2520 5248 et
2546 5202 2710 5266 dilecti
2734 5200 2906 5250 solium
2920 5201 3111 5266 Felicis
3132 5202 3395 5266 honorans,

2425 5260 2487 5310 Et
2506 5262 2767 5323 splendore
2792 5263 2934 5313 simul
2958 5265 3158 5326 protulit
3177 5274 3229 5315 et
3246 5260 3414 5328 spatio.

2312 5381 2688 5459 QGothumne,
2730 5386 3028 5459 Francum,
3084 5403 3152 5443 an
3197 5388 3626 5459 Burgundionem
3654 5433 3671 5458 ,
3720 5403 3827 5445 non

2243 5456 2374 5510 satis
2392 5458 2749 5524 exploratum.
2781 5458 2911 5513 Illud
2936 5468 3141 5514 certum
3166 5470 3266 5526 est,
3293 5456 3637 5529 Sigismerem
3657 5456 3822 5521 hunc,

2245 5535 2431 5597 contra
2461 5543 2618 5597 qnam
2657 5530 2771 5584 viro
2804 5530 2962 5583 docto
2990 5531 3162 5585 visum
3201 5532 3291 5597 sit,
3329 5529 3603 5585 diversum
3639 5544 3763 5585 esse
3797 5544 3826 5582 a

2246 5595 2536 5670 Sigismere
2555 5600 2751 5654 comite
2772 5599 3062 5655 Athalarici
3082 5595 3425 5670 regtsilt'aliaa,
3449 5600 3603 5668 cujus
3624 5601 3825 5654 mentio

2247 5667 2386 5735 apud
2418 5667 2729 5741 Senatorem
2770 5669 2863 5724 lib.
2889 5685 3001 5736 vm,
3034 5667 3192 5739 epist.
3223 5669 3279 5736 2,
3320 5679 3429 5741 tum
3460 5667 3584 5741 quia
3625 5671 3741 5726 loca
3772 5678 3827 5725 et

2248 5745 2488 5811 tempora
2527 5740 2852 5811 discrepant,
2898 5742 3168 5811 tumquia
3203 5740 3453 5811 comitem
3479 5740 3639 5811 illum
3676 5742 3829 5811 regio

2245 5807 2505 5871 sanguine
2530 5807 2717 5865 ortum
2736 5809 2901 5865 fuisse
2927 5809 3060 5865 nihil
3087 5819 3173 5865 est
3190 5807 3333 5877 quod
3361 5808 3612 5862 suadeat.
