4140 6336
259 389 351 446 525

1470 374 1947 436 EPISTULARUM
1986 377 2111 433 LIB.
2155 378 2241 435 IV.

3394 387 3499 446 526

259 502 444 563 Praeter
485 496 584 551 hoc
621 497 784 553 vestis
818 494 956 559 alta,
992 497 1170 551 stricta
1191 537 1205 563 ,
1241 494 1554 562 versicolor,
1591 495 1680 549 vix
1718 508 1814 564 ap—
1843 494 1897 555 Α
1924 491 2010 549 hic
2034 494 2293 565 vagientis
2323 495 2557 554 infantiae
2584 500 2832 558 lactentia
2855 503 3096 560 membra
3119 502 3496 572 formavimus;

263 592 605 663 prepinqnans
645 589 932 659 poplitibus
978 589 1225 655 exsertis,
1272 586 1491 643 manicze
1537 586 1647 657 sola
1694 587 1816 641 bra-

262 685 482 741 cbiorum
525 681 783 750 principia
825 682 1095 747 velantes,
1146 680 1425 735 viridantia
1468 694 1591 750 saga
1643 679 1817 733 limbis

260 778 534 847 tnarginata
567 774 849 843 puniceis':
885 775 1039 846 116
1069 774 1283 844 penduli
1312 790 1375 829 ex
1409 772 1630 826 humero
1659 771 1815 841 gladii

260 871 433 926 balteis
470 868 971 937 supercurrentibus
1011 868 1344 921 strinxerant
1382 866 1559 920 clausa
1600 864 1818 918 bullatis

259 962 408 1018 latera
449 958 789 1013 rhenonibus.
828 957 904 1011 Eo
930 973 1035 1027 quo
1069 957 1419 1011 comebantur
1449 963 1660 1020 ornatu,
1702 971 1819 1008 tnu-

258 1052 525 1111 niebantur
551 1067 563 1100 :
591 1049 790 1105 lanceis
817 1047 1043 1112 uncatis,
1068 1049 1450 1116 securibusque
1477 1045 1821 1100 missibilibus

258 1144 443 1200 dextrae
480 1141 717 1206 refertzc,
757 1143 956 1213 clypcis
994 1145 1175 1198 laevam
1218 1155 1420 1211 partem
1460 1140 1820 1195 adumbranti-

256 1237 365 1303 bus,
389 1250 613 1305 quorum
647 1233 732 1287 lux
766 1233 818 1288 in
850 1235 1068 1289 orbibus
1099 1235 1272 1297 nivea,
1316 1234 1454 1287 fulva
1487 1232 1537 1285 itt
1570 1231 1819 1287 umboni-

255 1328 361 1393 bus,
397 1328 463 1382 ita
492 1341 713 1381 censum
747 1324 1023 1397 prodebat,
1060 1334 1116 1378 ut
1145 1324 1399 1380 studium.
1432 1323 1634 1381 Cuncta
1668 1338 1821 1394 pror-

255 1434 337 1481 sus
366 1419 693 1489 hujusmodi,
733 1427 787 1473 ut
817 1396 1106 1473 inyactione
1136 1418 1485 1472 thalamorum
1519 1432 1624 1470 non
1657 1431 1819 1486 appa-

252 1523 383 1581 reret
424 1512 606 1567 minor
633 1513 814 1568 Martis
854 1528 1044 1584 pompa
1080 1528 1237 1584 quam
1271 1510 1512 1567 Veneris.
1565 1511 1666 1565 Sed
1697 1509 1820 1580 quid

253 1605 356 1661 haec
400 1604 685 1676 pluribus?
728 1605 1044 1674 Spectaculo
1098 1606 1184 1658 tali
1237 1604 1349 1657 sola
1398 1602 1681 1673 praesentia
1736 1610 1824 1654 tua

252 1696 423 1754 defuit.
465 1696 602 1751 Nam
644 1710 764 1751 eum
812 1706 1106 1766 spectarem
1151 1710 1267 1766 qure
1312 1694 1402 1747 tibi
1437 1693 1657 1764 pulcbra
1702 1700 1826 1746 sunt

252 1803 347 1847 non
374 1800 423 1844 te
451 1790 663 1855 videre,
695 1790 864 1859 ipsam
896 1804 961 1843 eo
991 1797 1234 1859 tempore
1264 1787 1515 1843 desiderii
1547 1786 1620 1841 tui
1658 1786 1826 1857 impa-

253 1881 475 1955 tientiam
511 1880 841 1936 desideravi.
879 1878 1028 1933 Vale.

775 1971 1104 2027 EPISTULA
1144 1970 1284 2025 XXI.

645 2064 893 2121 Sidonius
923 2065 1061 2135 Apro
1082 2081 1173 2118 suo
1195 2066 1430 2117 salutem.

316 2161 408 2231 Est
448 2160 667 2233 quidem
700 2159 946 2230 princeps
979 2160 1028 2212 in
1057 2173 1253 2230 genere
1284 2158 1634 2214 monstrando
1665 2157 1829 2228 partis

253 2265 476 2325 paternae
526 2252 880 2324 prmrogativa
922 2270 934 2304 :
971 2251 1066 2306 sed
1099 2260 1273 2306 tamen
1306 2251 1528 2305 multum
1571 2258 1652 2305 est
1689 2250 1829 2321 quod

253 2345 357 2401 deb.
381 2362 496 2402 mus
532 2356 589 2402 et
617 2347 889 2400 matribus.
918 2344 1031 2399 Non
1059 2346 1199 2400 enim
1223 2361 1253 2400 a
1280 2346 1436 2400 nobis
1464 2346 1660 2415 aliquid
1690 2346 1830 2401 exsi-

254 2438 345 2493 lius
392 2438 471 2491 fas
525 2447 611 2493 est
644 2437 916 2503 honorari,
962 2436 1104 2507 quod
1138 2436 1372 2507 pondera
1406 2437 1639 2503 illarum,
1672 2452 1828 2507 quam

254 2530 382 2600 quod
432 2532 663 2586 istorum
712 2531 914 2585 semina
960 2544 1164 2585 sumus.
1208 2530 1314 2586 Sed
1365 2530 1585 2603 originis
1632 2542 1831 2587 nostra)

254 2621 566 2678 deliniendm
592 2622 816 2677 materia
844 2623 927 2677 vel
976 2623 1113 2678 ratio
1143 2623 1212 2676 sit
1238 2637 1404 2693 penes
1432 2624 1714 2695 physicos:
1737 2639 1833 2679 nos

255 2713 383 2766 unde
434 2714 553 2768 tunc
586 2715 683 2767 ista
716 2713 1072 2783 prmmisimus
1118 2728 1523 2784 persequamur.
1555 2723 1578 2751 α
1620 2714 1834 2769 lleduus

254 2815 394 2875 pater
426 2807 545 2874 tibi,
580 2815 749 2861 mater
796 2808 1033 2861 Arverna
1076 2816 1179 2861 est.
1213 2806 1405 2860 I’ritnis
1446 2806 1642 2861 lleduis
1672 2806 1836 2862 debe-

256 2896 325 2953 ris
352 2917 365 2949 :
404 2915 535 2969 ergo
567 2914 667 2953 non
701 2899 850 2965 solis,
882 2900 963 2953 vel
1004 2907 1223 2969 propter
1254 2898 1384 2954 illud
1411 2900 1713 2968 exemplum
1743 2915 1838 2954 no-

258 2992 347 3045 stri
378 2991 657 3059 Maronis,
710 3007 817 3063 quo
867 3002 1002 3047 teste
1048 2992 1225 3052 Pallas
1271 2992 1348 3046 sic
1392 2991 1605 3047 habitus
1645 2992 1831 3059 Arcas,

256 3083 387 3153 quod
424 3085 626 3154 pariter
652 3095 706 3140 et
750 3084 995 3151 Samnis,
1040 3083 1094 3140 in
1126 3085 1442 3139 Mezentium
1488 3099 1705 3139 movere
1746 3098 1839 3154 po-

256 3175 461 3241 tuisset,
496 3187 554 3232 ut
579 3176 914 3249 peregrinus,
946 3191 1093 3231 artua
1121 3176 1524 3244 Hetruscorum,
1556 3178 1611 3232 ni
1638 3177 1835 3233 mixtus

1921 586 2004 639 hic
2020 586 2307 642 eivicarum
2332 588 2638 658 baiulabare
2661 596 2866 662 pondus
2882 597 3144 654 ulnarum.
3172 596 3304 653 Hinc
3326 595 3351 635 δ
3374 612 3503 655 avus

1922 680 2126 736 Fronto
2156 681 2383 738 blandus
2411 684 2529 749 tibi,
2575 686 2673 740 sibi
2705 704 2920 743 severus
2939 729 2955 754 ,
2985 691 3073 761 qui
3105 690 3353 759 exemplo
3381 705 3501 746 esse

1923 777 2183 846 potuisset
2230 776 2313 830 his
2360 791 2493 847 quos
2540 777 2794 833 habemus
2841 797 2938 835 nos
2979 782 3030 835 in
3062 784 3335 851 exemplo;
3376 781 3503 837 hinc

1923 868 2039 921 avia
2069 866 2318 935 Auspicia
2345 906 2359 931 ,
2388 884 2506 935 qua:
2554 869 2644 923 tibi
2680 882 2793 938 post
2844 882 2944 925 tua:
2986 874 3169 928 mattis
3198 875 3380 929 orbata
3407 874 3504 943 de-

1924 972 2155 1024 cessum,
2187 958 2448 1026 depcndit
2478 974 2580 1013 una
2609 974 2790 1015 curant
2821 962 3063 1017 duarum.
3097 964 3201 1018 Sed
3233 976 3285 1018 et
3310 978 3506 1027 mater-

1924 1060 2036 1108 tera
2066 1061 2153 1107 tua
2184 1052 2309 1107 hinc
2335 1098 2349 1120 ,
2396 1062 2449 1107 ct
2478 1054 2599 1107 hinc
2638 1055 2733 1108 fuit
2760 1056 2994 1111 santtior
3023 1057 3219 1111 sanctis
3248 1057 3504 1112 Frontina

1924 1143 2221 1214 virginibus
2242 1186 2258 1211 ,
2309 1161 2464 1216 quam
2507 1146 2792 1201 verebatur
2818 1156 3006 1212 mater,
3038 1158 3190 1216 pater
3216 1150 3507 1213 veneraba~

1926 1246 2032 1303 tur,
2083 1254 2304 1294 summa:
2354 1239 2692 1295 abstinentia:
2724 1240 2939 1309 puella,
2986 1242 3179 1295 summi
3227 1241 3417 1309 rigoris
3447 1255 3507 1295 ac

1926 1328 2050 1384 fidei
2081 1331 2347 1400 ingentis,
2395 1331 2472 1387 sic
2499 1331 2665 1387 Deum
2709 1331 2941 1397 timens,
2992 1342 3048 1385 ut
3096 1331 3163 1386 ab
3206 1330 3510 1387 hominibus

1928 1423 2228 1480 timeretur.
2257 1425 2353 1479 llic
2383 1432 2435 1479 te
2467 1424 2808 1481 imbuendum
2842 1423 3151 1479 liberalibus
3193 1423 3509 1493 disciplinis,

1926 1517 2281 1587 grammatici,
2318 1515 2655 1585 rhetorisque
2683 1514 2857 1571 studia
2888 1514 3131 1570 florentia
3162 1514 3367 1569 monitu
3397 1529 3511 1571 cer-

1930 1617 2074 1663 tantc
2103 1608 2383 1664 foverunt:
2410 1608 2549 1677 unde
2576 1618 2629 1664 tu
2660 1624 2764 1665 non
2794 1618 2900 1663 tam
2931 1607 3276 1663 mediocriter
3306 1607 3513 1662 institu-

1929 1704 2015 1767 tus
2040 1699 2230 1753 existis
2250 1740 2265 1765 ,
2298 1708 2356 1754 ut
2401 1699 2496 1754 tibi
2531 1700 2689 1755 liceat
2714 1699 2984 1755 Arvernos
3012 1698 3096 1754 vel
3127 1707 3341 1767 propter
3368 1697 3512 1752 litte-

1930 1808 2018 1849 ras
2043 1810 2151 1848 non
2177 1808 2380 1849 amare.
2412 1793 2592 1849 Taceo
2625 1803 2647 1832 ε
2683 1782 2936 1848 territorii
2966 1790 3287 1861 peculiarem
3325 1789 3514 1858 jocun~

1852 1879 2178 1952 Bditatem;
2218 1894 2371 1943 taceo
2404 1885 2535 1941 illud
2580 1900 2763 1955 aequor
2809 1899 3055 1954 agrorum
3082 1926 3096 1950 ,
3147 1884 3199 1937 in
3249 1896 3353 1952 quo
3399 1882 3515 1936 sine

1929 1980 2171 2050 periculo
2219 1989 2537 2049 quaestuosa:
2597 1977 2858 2034 ﬂuctuant
2905 1978 2958 2035 in
3002 1976 3275 2046 segetibus
3323 1974 3511 2030 undae:

1929 2070 2071 2141 quod
2107 2071 2403 2126 industrius
2432 2070 2661 2141 quisque
2702 2083 2809 2140 quo
2839 2069 2958 2138 plus
2994 2069 3152 2139 118
3191 2066 3513 2137 frequentat,

1932 2162 2031 2216 hoc
2061 2161 2236 2216 minus
2268 2160 2548 2230 naufragat
2584 2177 2599 2214 :
2643 2158 2936 2215 viatoribus
2968 2158 3159 2223 molle,
3190 2156 3514 2212 fructuosum

1929 2257 2253 2323 aratoribus,
2280 2255 2628 2311 venatoribus
2646 2256 3055 2325 voluptuosum;
3086 2251 3227 2322 quod
3257 2250 3514 2305 montium

1932 2350 2153 2420 cingunt
2182 2350 2339 2405 dorsa
2372 2349 2584 2417 pascuis
2606 2387 2623 2413 ,
2660 2348 2829 2403 latera
2861 2344 3075 2409 vinetis,
3112 2353 3325 2399 terrena
3356 2340 3513 2405 villis,

1932 2455 2123 2496 saxosa
2151 2439 2411 2507 castellis,
2442 2452 2608 2509 opaca
2652 2437 2858 2504 lustris,
2891 2443 3075 2506 aperta
3104 2431 3353 2496 culturis,
3384 2445 3515 2491 con-

1928 2548 2061 2599 cava
2113 2533 2384 2600 fontibus,
2431 2532 2657 2603 abrupta
2702 2529 3040 2593 fluminibus;
3098 2524 3240 2597 quod
3289 2523 3518 2592 denique

1933 2627 2238 2697 hujusmodi
2270 2636 2372 2692 est,
2398 2635 2456 2681 ut
2483 2623 2649 2681 semel
2671 2625 2841 2679 visum
2869 2621 3109 2688 advenis,
3133 2618 3316 2674 multis
3337 2615 3519 2686 patria:

1936 2721 2258 2776 oblivionem
2291 2733 2433 2788 saepe
2464 2716 2802 2787 persuadeat.
2827 2714 3005 2770 Taceo
3027 2711 3296 2768 civitatem
3329 2708 3517 2777 ipsam,

1937 2813 2012 2865 tui
2042 2826 2253 2878 semper
2280 2809 2358 2866 sic
2386 2808 2833 2872 amantissimam,
2877 2814 2935 2860 ut
2977 2804 3077 2860 soli
3108 2801 3363 2858 nobilium
3394 2813 3522 2855 con-

1939 2904 2185 2960 tubernio
2228 2902 2483 2973 prazferre
2521 2901 2595 2955 nil
2640 2900 2868 2965 debeas;
2908 2896 2991 2952 cui
3037 2906 3092 2951 tu
3141 2910 3299 2951 manu
3331 2891 3522 2962 injecta

1939 2996 2164 3053 feliciter
2193 3002 2377 3064 raptus
2408 2991 2718 3047 inserebare
2747 3009 2760 3043 :
2792 2990 2973 3058 sicque
3004 3000 3193 3043 omnes
3224 2979 3522 3053 praesentia:

1939 3100 2132 3147 vestrae
2177 3088 2459 3157 voluptas,
2515 3084 2658 3155 quod
2707 3091 2885 3137 tamen
2934 3080 3136 3134 nullum
3168 3076 3333 3132 satias
3362 3073 3522 3143 cepit.

1939 3182 2057 3238 lam
2089 3180 2216 3252 quid
2247 3179 2367 3234 istic
2398 3176 2465 3233 de
2499 3188 2556 3233 re
2602 3174 2849 3231 familiari
2883 3181 2970 3228 tua
3004 3170 3211 3236 dicam,
3261 3167 3413 3237 cujus
3442 3162 3527 3219 bic

256 3274 423 3322 matre
476 3267 687 3322 Sabella
713 3309 728 3333 ,
784 3276 990 3339 partem
1020 3283 1233 3339 quoque
1282 3269 1433 3341 117
1485 3271 1669 3339 patria:
1720 3269 1845 3326 inde
1871 3262 1918 3327 C
1948 3282 2119 3331 status
2147 3280 2250 3340 est,
2284 3278 2340 3325 ut
2369 3278 2512 3324 tuam
2542 3280 2835 3337 expensam
2866 3264 2969 3320 hoc
2997 3263 3068 3319 sit
3090 3262 3300 3318 facilius
3331 3259 3527 3314 tolera-

256 3360 532 3414 traxisset.
561 3361 700 3417 Ecce
730 3360 896 3416 babes
937 3376 1184 3432 magnum
1222 3362 1456 3417 maximo
1498 3373 1716 3419 auctore
1746 3362 1840 3417 do-
1946 3378 2089 3431 tura,
2120 3364 2265 3441 quod
2293 3360 2572 3421 crebrius?
2596 3359 2728 3415 Nam
2757 3358 3008 3417 dominus
3033 3358 3266 3428 agricola
3291 3357 3336 3413 si
3362 3356 3528 3413 larem

242 3459 590 3519 cumentum,
615 3452 756 3523 quod
786 3453 971 3522 patria:
998 3466 1122 3523 pars
1147 3454 1500 3524 computanda
1527 3457 1594 3511 sit
1617 3466 1670 3513 et
1693 3456 1840 3526 regio

253 3552 504 3598 materna
545 3562 557 3597 :
600 3544 698 3598 nisi
741 3555 946 3614 poetas,
978 3554 1033 3600 et
1061 3560 1183 3601 cum
1213 3545 1281 3600 ab
1305 3546 1524 3601 hietoria
1556 3564 1661 3603 non
1694 3563 1841 3605 recca

1943 3459 2033 3515 hic
2062 3458 2257 3523 foveat,
2287 3456 2363 3511 sic
2387 3453 2515 3510 facit
2533 3461 2827 3523 sumptum,
2849 3450 2991 3521 quod
3022 3457 3181 3521 auget
3202 3456 3257 3505 et
3280 3448 3529 3504 reditum.

1946 3551 2076 3606 Haec
2100 3562 2237 3603 unus
2266 3546 2359 3601 tibi
2390 3546 2653 3613 omnium,
2682 3552 2830 3599 certe
2858 3543 3122 3597 bonorum
3158 3541 3353 3595 civium
3386 3547 3530 3603 voto,

253 3637 392 3692 dunt
420 3680 434 3705 ,
487 3637 702 3692 mentiri
731 3637 1082 3697 existimabis.
1118 3640 1277 3709 Igitur
1306 3640 1530 3695 Arverni
1568 3644 1611 3696 si
1642 3642 1843 3711 portio-
1947 3641 2134 3711 petitu,
2161 3639 2279 3692 vice
2304 3636 2515 3705 garrio:
2535 3632 2628 3703 qui
2656 3648 2778 3688 cum
2810 3640 2956 3685 tanto
2986 3630 3191 3684 honore
3215 3638 3266 3683 te
3294 3636 3533 3696 poscant,

253 3743 381 3782 nem
412 3727 487 3780 tui
520 3728 694 3782 saltim
725 3728 957 3783 vicissim
975 3728 1095 3799 jure
1125 3729 1222 3785 sibi
1250 3730 1539 3798 vindicant,
1584 3735 1846 3801 patienter
1950 3742 2099 3789 tanto
2141 3743 2325 3783 amore
2353 3727 2694 3803 desiderent,
2736 3722 2962 3791 intelligi
2982 3721 3166 3797 datur,
3211 3720 3391 3790 gaudii
3415 3719 3538 3789 plus

255 3820 484 3875 atltnitte
532 3820 919 3891 querimoniam
978 3821 1405 3887 desiderantum;
1465 3823 1553 3893 qui
1597 3824 1687 3878 tibi
1752 3841 1846 3891 per

260 3914 418 3969 unius
449 3929 500 3969 Ol
520 3912 564 3968 is
592 3915 696 3969 mei
730 3911 965 3969 officiunt
996 3955 1012 3983 ,
1057 3931 1163 3969 non
1208 3914 1367 3969 unius
1410 3916 1639 3984 pectoris
1668 3916 1849 3987 profu-

260 4004 389 4061 dere
438 4014 729 4060 secrt-tutn.
764 4005 909 4073 Quos
960 4006 1135 4074 palam
1184 4018 1235 4060 et
1263 4019 1443 4060 coram
1475 4006 1653 4061 dicere
1684 4018 1844 4076 puta:

262 4096 396 4162 Quid
446 4097 502 4150 in
556 4105 606 4151 te
652 4096 775 4153 mali
822 4104 1062 4161 tantum,
1107 4099 1333 4167 ingrate,
1363 4100 1754 4167 commisimus,
1791 4110 1846 4155 ut

267 4202 358 4256 per
387 4197 469 4243 tot
499 4204 668 4243 annos
698 4188 969 4259 quondam
1000 4189 1218 4243 humum
1259 4190 1500 4246 altricem
1536 4208 1675 4247 nunc
1707 4193 1851 4247 velut

268 4278 532 4336 hosticum
562 4281 735 4337 solum
763 4281 967 4352 fugias?
1008 4282 1101 4335 Hic
1128 4282 1442 4337 incunabula
1474 4292 1559 4338 tua
1587 4285 1847 4353 fovimus;

343 4442 564 4497 ‘lledui
609 4441 861 4496 Arvernis
908 4448 968 4495 ut
1016 4442 1233 4496 sedibus
1289 4443 1505 4508 vicinis,
1552 4446 1623 4499 ita
1668 4447 1852 4502 multis

275 4525 413 4583 saepe
446 4515 666 4583 privatis
699 4512 1025 4580 publicisque
1042 4512 1331 4568 fmderibus
1355 4515 1645 4583 conjuncti.
1666 4517 1850 4572 Fidem

280 4582 623 4638 faciatvetus
663 4598 753 4635 ara
788 4596 1116 4649 marmorea,
1149 4599 1265 4651 quae
1291 4582 1465 4639 Genio
1491 4584 1850 4641 Arvernorum

1948 3832 2025 3891 te,
2054 3822 2180 3879 dum
2215 3819 2401 3875 tribuis
2429 3816 2568 3886 quod
2603 3813 2828 3885 rogaris,
2854 3819 3245 3869 assecuturum.
3281 3810 3427 3867 Vale.

2474 3904 2808 3963 smsvoca
2849 3902 3014 3981 χχιι.

2300 4002 2548 4058 Sidonius
2576 3997 2603 4037 ἀ
2636 3999 2794 4054 Leoni
2819 4014 2912 4054 suo
2941 3997 3175 4053 salutem.

2018 4098 2123 4154 .Vir
2162 4094 2483 4166 magnificus
2512 4092 2803 4161 Hesperius
2830 4132 2845 4159 ,
2890 4104 3099 4160 gemma
3127 4101 3417 4143 amtcorutn
3447 4085 3537 4141 lit-

1957 4204 2300 4262 terarumque
2325 4231 2337 4253 ,
2386 4201 2554 4256 nuper
2585 4186 2714 4241 urbe
2762 4200 2885 4240 cum
2915 4182 3073 4237 rediit
3102 4198 3132 4236 e
3162 4179 3492 4241 Tolosatium
3521 4224 3536 4249 ,

1958 4287 2253 4359 praecipere
2282 4292 2333 4337 te
2354 4281 2508 4347 dixit,
2543 4290 2601 4334 ut
2629 4279 2977 4348 epistolarum
3004 4290 3206 4339 curam,
3226 4274 3334 4344 jam
3363 4273 3542 4330 termi-

1960 4444 2202 4501 versibtts
2233 4449 2387 4495 ornat
2416 4440 2467 4492 in
2507 4438 2826 4509 panegyrici)
2858 4436 3017 4509 Aviti.
3053 4432 3233 4509 Certat
3264 4433 3404 4509 enim
3438 4431 3541 4509 Le-

1959 4515 2151 4571 manici
2184 4513 2293 4579 agri
2325 4501 2602 4563 amoenitas
2632 4501 2752 4561 cum
2774 4507 3149 4579 fecunditate.
3186 4502 3288 4557 Sed
3305 4501 3538 4579 amomi-

1962 4570 2088 4641 tatis
2136 4570 2329 4636 famam
2373 4589 2634 4635 testantur
2668 4576 2994 4629 Cltildeberti
3042 4575 3183 4637 regis
3207 4570 3392 4635 verba,
3425 4586 3545 4637 qua!

278 4666 305 4706 a
334 4653 490 4726 Suavi
523 4654 793 4726 quondam
842 4652 1021 4726 IEduo
1053 4641 1244 4726 posita,
1276 4654 1329 4710 in
1364 4656 1630 4726 lticomagi
1660 4668 1858 4713 nostra!
1887 4664 1937 4723 ι)
1963 4658 2153 4713 recitat
2180 4653 2491 4726 Gregorius,
2529 4657 2583 4700 et
2613 4649 2726 4726 ipse
2756 4649 3051 4726 Arvernus,
3087 4643 3178 4695 lib.
3212 4656 3290 4701 nt,
3319 4641 3540 4726 cap‘Ltl:

274 4723 581 4781 suburbano
598 4722 951 4779 Mausiacensi
979 4725 1227 4781 coanobio
1259 4733 1427 4779 restat
1454 4727 1534 4782 his
1566 4722 1742 4782 verbis
1770 4746 1783 4782 :

706 4837 912 4896 GENIO
944 4824 1423 4895 ARVERNORUM

716 4908 874 4967 SEX.
905 4908 1151 4964 ORCIUS
1190 4909 1435 4966 SUAVIS

939 4979 1211 5037 EDUUS.

344 5071 374 5113 δ
398 5075 500 5156 Hic
516 5074 666 5131 idem
699 5073 870 5129 videri
896 5081 1092 5143 potest,
1110 5072 1266 5156 quod
1294 5086 1399 5156 non
1438 5072 1594 5156 facile
1623 5072 1862 5156 affirma:

1966 4706 2167 4785 bt'éééé,
2202 4706 2394 4787 inquit,
2427 4706 2531 4770 erat
2559 4706 2738 4770 salitus
2757 4731 2882 4776 rex,
2916 4712 3081 4787 Velim
3115 4726 3341 4787 unquam
3368 4706 3549 4787 Arver-

1965 4778 2086 4850 itam
2110 4778 2402 4851 Lemanem,
2427 4803 2540 4857 qua:
2570 4794 2726 4838 tanta:
2743 4781 3084 4854 jocuuditatis
3108 4778 3272 4850 gratia
3302 4778 3552 4847 refulgere

1964 4867 2173 4925 dicitur,
2202 4861 2364 4913 oculis
2392 4871 2612 4911 cernere.

2039 4934 2066 4973 ά
2084 4921 2405 4988 consiliario
2432 4927 2602 4983 Eurici
2637 4924 2779 4994 regis
2806 4922 3127 4994 Gothorum,
3154 4927 3212 4974 et
3236 4921 3380 4994 velut
3408 4933 3551 4994 qure-

1970 5006 2099 5061 stori
2132 5022 2144 5057 :
2182 5005 2281 5056 hoc
2309 5000 2450 5055 enim
2481 4989 2783 5066 significant
2821 5010 2940 5063 qua:
2984 4992 3049 5047 ad
3089 4991 3335 5066 eumdem
3367 4989 3552 5066 scribit

1970 5059 2069 5131 lib.
2106 5089 2234 5137 vni,
2272 5071 2427 5137 epist.
2469 5059 2793 5134 3.‘Quantus
2834 5059 3091 5137 praterea
3130 5059 3407 5137 vi_r_f_uerit
3432 5059 3555 5137 lelo-

287 5129 939 5218 [impli‘rontohcomesz
982 5129 1194 5218 gemina
1236 5145 1504 5218 legatione
1538 5144 1759 5218 functus
1794 5144 1862 5200 ad
1966 5129 3334 5218 quentiaa'ac'poetica-"vstudiis,_'jurisque.riv‘ilige
3356 5129 3557 5218 eriptia

282 5204 483 5287 Suevos
525 5220 585 5272 in
641 5204 950 5287 Hispaniam
979 5204 1014 5284 ξ’
1038 5217 1268 5287 primum
1291 5204 1418 5271 "sub
1442 5215 1861 5287 Valentiniano,

286 5282 471 5343 deinde
523 5289 631 5343 sub
675 5282 854 5341 Avito.
899 5282 1186 5356 Utriusque
1232 5286 1476 5359 meminit
1516 5286 1619 5359 51
1670 5282 1867 5341 ldatins

290 5367 493 5428 noster:
521 5360 718 5428 prteris
744 5374 885 5428 anno
920 5359 978 5413 Η
1010 5358 1268 5419 Martiani,
1297 5358 1614 5428 posterioris
1642 5360 1870 5413 triennio

356 5437 421 5494 st,
452 5426 537 5484 his
565 5430 743 5484 verbis
782 5444 799 5483 :
832 5427 936 5482 Per
966 5429 1161 5480 Auitum
1185 5429 1465 5497 Augustum
1486 5426 1685 5483 Fronto
1706 5445 1872 5484 comes

312 5510 477 5570 ggatu's
507 5501 726 5554 mittitur
749 5500 814 5552 ad
840 5499 1031 5570 Suevos
1048 5514 1067 5553 :
1083 5497 1312 5551 similiter
1333 5509 1378 5551 et
1408 5516 1436 5552 a
1457 5515 1571 5570 rege
1594 5499 1873 5553 Gothorum

292 5517 477 5619 legatus
507 5517 726 5554 mumur
749 5517 813 5552 aa
840 5517 1031 5555 ouevos
1048 5517 1067 5553 :
1083 5517 1312 5551 stmmter
1333 5517 1378 5551 et
1408 5517 1436 5552 a
1457 5517 1571 5570 rege
1594 5517 1871 5553 uernarum

292 5562 335 5618 Τ
371 5573 625 5635 euderieo,
658 5572 777 5641 quia
805 5572 942 5640 ﬁdus
974 5569 1205 5641 Romano,
1230 5580 1356 5621 esset
1385 5569 1595 5640 imperio
1623 5584 1640 5624 :
1668 5579 1722 5622 ut
1751 5572 1871 5639 quia

296 5650 392 5692 uno
417 5651 579 5697 essent
601 5638 743 5714 pacis
772 5638 958 5713 {eum
986 5638 1228 5711 copulati,
1246 5643 1373 5711 jura
1401 5638 1603 5710 [mderis
1624 5644 1873 5711 promissa

299 5721 563 5766 servarent.
1278 5746 1283 5749 -

370 5780 686 5851 flnferioris
719 5782 988 5837 Arverniae
1038 5788 1257 5849 nostrae,
1287 5796 1406 5851 qum
1436 5782 1688 5851 peculiari
1719 5798 1879 5838 voca-

1970 5200 2276 5285 cognitinne
2296 5200 2775 5286 ,fmultisupassiln
2799 5200 3242 5286 _'Ioeis.prcdicat
3278 5200 3556 5282 Sidmdus.

1973 5273 2105 5343 lteum
2148 5273 2424 5341 Ennodius
2459 5284 2512 5337 in
2543 5273 2660 5334 Vita
2712 5273 2998 5348 Epiptanii
3028 5274 3161 5348 ,‘de
3201 5273 3359 5342 hujus
3398 5287 3560 5341 agens

1975 5359 2240 5428 legatione
2275 5357 2339 5409 ad
2380 5353 2636 5428 Euricum
2671 5369 2684 5404 :
2720 5345 2850 5428 Erat
2872 5391 2886 5410 ,
2931 5345 3130 5428 inquit,
3160 5360 3228 5428 ea
3267 5354 3560 5428 tempestate

1976 5412 2306 5484 coriisiliorum
2340 5425 2586 5493 principis
2614 5432 2662 5476 et
2692 5424 2984 5496 moderator
3006 5412 3060 5471 et
3091 5415 3302 5481 arbiter,
3340 5412 3440 5496 Leo
3470 5428 3562 5496 ηρ-

1981 5502 2135 5568 mine,
2165 5514 2310 5569 quem
2342 5485 2767 5569 'perret'oquentia:
2802 5489 3038 5569 meritum
3074 5502 3175 5540 non
3203 5502 3306 5539 una
3325 5486 3440 5555 jam
3475 5485 3564 5569 tle-

1980 5556 2540 5639 elamntiouum'palma
2558 5556 2849 5639 susceperat
2868 5576 2889 5615 :
3013 5574 3131 5639 eum
3158 5572 3356 5639 summa
3376 5556 3563 5639 gaudio

1982 5643 2255 5696 adventum
2278 5628 2548 5706 pontiﬁcis
2587 5628 2832 5706 indicavit
2874 5628 3069 5686 notitia
3097 5628 3335 5701 publicat.
3509 5633 3566 5706 et

1984 5722 2256 5780 superstes
2288 5696 2485 5780 Eurico
2514 5706 2653 5780 Leo;
2694 5703 2835 5780 idem
2867 5696 3483 5780 qttoqtte'munusﬂobiit
3511 5696 3565 5777 in

1984 5767 2103 5837 aula
2132 5781 2325 5835 Alarici
2356 5778 2448 5830 tibi
2486 5795 2500 5830 :
2536 5767 2691 5840 cujus
2720 5774 2845 5828 item
2878 5767 3221 5828 consiliarius
3244 5784 3278 5825 tt
3302 5767 3583 5836 ,Gregoritr

301 5843 429 5906 Iulo
464 5854 707 5910 Lemano
747 5851 913 5909 dicta.
958 5851 1129 5918 Hujus
1164 5842 1463 5909 ubériatem
1501 5855 1685 5910 multis
1714 5855 1880 5911 etiam
1991 5852 2185 5909 dicitur
2207 5851 2299 5907 lib.
2332 5862 2351 5903 ι
2381 5844 2783 5910 Miraculurum,
2810 5857 2929 5914 cap.
2960 5842 3052 5899 92.
