4140 6336
647 324 746 389 Si?

1893 320 2134 378 SIDONII
2172 313 2628 377 APOLLINARIS

3802 316 3899 383 5:8

645 449 788 505 natis
818 446 965 503 libris
990 457 1170 500 earum
1196 435 1212 509 ,
1253 447 1686 497 converteremus
1712 440 1778 494 ad
1818 440 2013 511 stylum
2047 441 2216 496 histo-
2245 442 2299 503 Α
2325 455 2543 496 monum
2575 439 2729 508 copia
2776 436 3026 509 impletus
3052 443 3201 504 ante,
3234 451 3373 495 nunc
3402 452 3603 503 rerum,
3635 450 3743 493 non
3771 439 3897 495 reli-

641 543 761 597 riae.
811 535 1131 593 Reverentia
1181 547 1416 600 summa,
1470 548 1679 588 summo
1722 531 2025 596 etaﬁ‘ectu,
2062 534 2218 603 119

640 633 804 687 talem
840 638 998 697 atque
1026 634 1223 680 tantam
1256 626 1573 681 sententiam
1606 624 1901 694 amplector
1928 642 1941 677 :
1967 624 2215 678 idoneum

639 721 837 792 quippe
857 717 1167 788 pronuntias
1202 716 1267 771 ad
1292 730 1453 787 opera
1485 716 1712 786 majora,
1743 730 1899 785 quem
1930 714 2217 769 mediocria

637 819 799 883 putas
826 810 1079 865 deserere
1107 808 1325 864 debere.
1355 808 1458 863 Sed
1490 808 1629 878 quod
1662 807 1935 863 fatendum
1964 814 2086 872 est,
2134 805 2216 860 fa-

637 904 797 960 cilius
843 902 1015 956 audeo
1061 899 1367 968 hujusmodi
1415 900 1687 969 suspicere
1731 898 2008 967 judicium,
2057 912 2216 965 quam

638 994 915 1064 suscipere
965 993 1270 1049 consilium.
1337 991 1444 1046 Res
1490 992 1716 1073 quidem
1753 991 1908 1060 digna
1956 1004 2114 1057 quam
2164 996 2218 1042 tu

636 1089 884 1160 iuberes:
904 1087 998 1143 sed
1032 1102 1136 1142 non
1166 1087 1340 1141 minus
1366 1086 1523 1155 digna
1548 1100 1704 1156 quam
1733 1084 1956 1139 faceres.
1982 1082 2219 1153 Namque

638 1191 696 1237 et
739 1180 1028 1250 antiquitus
1052 1219 1067 1245 ,
1120 1195 1242 1233 cum
1286 1178 1348 1233 C.
1382 1176 1661 1232 Cornelius
1691 1178 1753 1232 C.
1779 1177 2023 1233 Secundo
2072 1178 2217 1246 paria

638 1273 918 1336 suasisset,
953 1272 1066 1342 ipse
1108 1271 1446 1341 postmodum
1490 1270 1630 1339 quod
1678 1270 1909 1340 injunxit
1956 1271 2213 1341 arripuit:

640 1364 803 1434 idque
834 1364 901 1417 ab
930 1363 1175 1432 exemplo
1217 1376 1359 1416 nunc
1402 1362 1593 1417 melius
1623 1362 1928 1432 aggrederis
1957 1378 1970 1415 :
2013 1362 2133 1431 quia
2164 1371 2219 1417 et

639 1472 741 1529 ego
773 1456 941 1510 Plinio
969 1467 1025 1509 ut
1058 1455 1349 1525 discipulus
1392 1468 1614 1524 assurgo
1642 1496 1657 1520 ,
1709 1463 1763 1509 et
1806 1463 1862 1508 tu
1893 1463 2102 1509 vetusto
2128 1468 2219 1525 ge-

637 1564 768 1605 nere
785 1547 1030 1602 narrandi
1041 1547 1162 1615 jure
1174 1546 1476 1601 Cornelium
1493 1547 1788 1611 antevenis;
1807 1548 1895 1616 qui
1912 1548 2110 1601 saeculo
2125 1563 2218 1601 no-

638 1649 751 1695 stro
791 1642 831 1693 si
857 1640 1221 1704 revivisceret,
1245 1647 1403 1708 teque
1431 1639 1602 1706 qualis
1623 1639 1677 1691 in
1705 1639 1894 1694 litteris
1916 1649 1969 1695 et
1991 1651 2217 1710 quantus

637 1733 870 1789 habeare
896 1774 910 1799 ,
952 1732 1352 1801 conspicaretur
1375 1771 1389 1795 ,
1424 1731 1583 1787 modo
1612 1732 1790 1786 verius
1816 1732 2029 1788 Tacitus
2051 1742 2211 1789 esset.

2322 532 2486 603 quisti
2514 547 2611 587 cur
2640 541 2902 587 venenato
2932 545 3114 586 morsu
3138 546 3345 587 secere.
3394 533 3564 601 Atque
3595 530 3717 587 ideo
3760 540 3813 587 te
3849 533 3902 588 in

2321 634 2596 696 posterum
2626 623 2832 679 consuli
2875 622 3109 690 utilitas,
3143 622 3318 678 audiri
3356 624 3631 693 voluptas,
3663 622 3767 693 legi
3811 638 3903 678 au-

2320 717 2539 771 ctoritas
2567 716 2688 771 erit.
2712 714 2859 771 Vale.

2748 810 2900 879 121
2920 806 3254 865 EPISTOLA
3290 806 3477 863 XXIII.

2654 898 2900 953 Sidonius
2931 908 2957 937 ει
2988 899 3212 954 Proculo
3239 916 3333 954 suo
3359 898 3577 954 salutent

2392 988 2558 1044 Filius
2592 997 2711 1044 tuus
2735 1034 2749 1059 ,
2784 991 2890 1045 imo
2918 991 3249 1057 communis,
3280 991 3345 1045 ad
3386 1006 3473 1047 me
3501 989 3773 1056 cucurrit;
3815 991 3902 1061 qui

2323 1089 2375 1136 te
2417 1082 2605 1138 relicto
2643 1082 2935 1153 deliquisse
2974 1099 3035 1139 se
3074 1093 3294 1148 maeret,
3342 1083 3566 1139 obrutus
3607 1084 3901 1153 pmnitendi

2322 1174 2530 1245 pudore
2560 1176 2859 1246 transfugii.
2893 1175 3057 1247 Igitur
3084 1178 3267 1232 audito
3300 1178 3470 1247 culpa:
3510 1186 3733 1243 tenore,
3777 1191 3902 1233 cor-

2326 1268 2462 1338 ripui
2507 1269 2892 1324 latitabundum
2934 1270 3110 1327 verbis
3151 1272 3376 1336 amaris,
3407 1270 3555 1326 vultu
3584 1270 3815 1337 minaci,
3850 1279 3903 1325 et

2319 1375 2439 1415 mea
2472 1361 2683 1428 quidem
2712 1377 2863 1427 voce,
2897 1362 2991 1417 sed
3020 1364 3135 1417 vice
3162 1369 3279 1417 tua:
3300 1362 3511 1433 dignum
3540 1361 3899 1422 abdicatione,

2320 1464 2478 1506 cruce
2495 1492 2509 1518 ,
2541 1452 2694 1507 culco
2720 1453 2957 1507 clamans
2975 1496 2989 1521 ,
3026 1454 3343 1524 ueterisque
3368 1453 3645 1523 suppliciis
3668 1452 3899 1523 parrici-

2319 1541 2548 1598 dalibus.
2574 1544 2653 1599 Ad
2680 1544 2795 1599 lucc
2824 1545 2911 1599 ille
2938 1545 3190 1600 confusus
3218 1545 3462 1611 irrubuit,
3494 1545 3569 1599 nil
3601 1544 3902 1614 impudenti

2321 1637 2665 1690 excusatione
2690 1637 3008 1706 deprecatus
3036 1654 3304 1704 errorem;
3345 1638 3438 1693 sed
3467 1637 3531 1692 ad
3562 1646 3754 1692 cuncta
3777 1651 3902 1692 con-

2319 1730 2516 1785 victum
2542 1746 2661 1786 cum
2695 1732 3449 1801 redarguerem,verecundi:e
3475 1731 3651 1802 junxit
3676 1730 3903 1786 comites

635 1824 820 1893 Itaque
849 1832 904 1876 tu
932 1823 1126 1877 molem
1174 1818 1422 1876 thematis
1466 1822 1612 1876 missi
1660 1831 1807 1877 recte
1842 1826 2096 1891 capessis,
2128 1825 2213 1879 cui
2244 1808 2289 1868 Β
2315 1821 2598 1893 lacrymas,
2631 1822 2703 1876 ita
2735 1824 2966 1892 profluas
3008 1824 3342 1893 ubertimque
3388 1831 3684 1889 manantes,
3720 1829 3780 1876 ut
3819 1836 3903 1877 se-

633 1925 835 1986 prceter
880 1915 1235 1985 eloquentiam
1280 1913 1644 1984 singularem,
1695 1915 1935 1971 scientia:
1989 1918 2215 1985 ingentis

635 2023 831 2077 magna
878 2008 1265 2077 opportunitas.
1296 2008 1547 2075 Quotidie
1576 2023 1806 2079 namque
1834 2025 1929 2079 per
1959 2012 2215 2080 potentis-

632 2100 756 2155 simi
798 2101 1016 2154 consilia
1064 2099 1204 2169 regis
1229 2140 1244 2166 ,
1297 2102 1456 2154 totius
1496 2101 1758 2156 sollicitus
1794 2102 1971 2169 orbis,
2015 2105 2215 2172 pariter

632 2191 749 2260 ejus
799 2192 1011 2260 negotia
1059 2199 1113 2244 et
1155 2192 1297 2259 jura,
1326 2189 1529 2245 foedera
1576 2202 1629 2245 et
1659 2191 1820 2256 bella,
1851 2192 1987 2259 loca,
2018 2195 2210 2261 spatia,

628 2280 822 2335 merita
870 2282 1167 2350 cognoscis.
1225 2280 1376 2335 Unde
1425 2282 1545 2350 quis
1589 2282 1783 2350 justius
1829 2298 1948 2336 sese
1997 2284 2062 2336 ad
2114 2285 2211 2338 ista

630 2374 977 2440 succinxerit,
998 2388 1155 2442 quam
1185 2373 1294 2440 ille,
1326 2389 1483 2443 quem
1509 2382 1719 2428 conSIat
1744 2377 1977 2444 gentium
2012 2387 2208 2447 motus,

629 2463 955 2533 legationum
1001 2452 1320 2529 varietates,
1366 2467 1501 2519 facta
1547 2464 1771 2531 ducum,
1808 2477 1959 2535 pacta
1988 2483 2213 2538 regnan-

630 2562 744 2609 tum
771 2596 786 2620 ,
834 2563 943 2609 tota
987 2553 1216 2625 denique
1249 2555 1576 2623 publicarum
1622 2570 1801 2611 rerum
1832 2566 2040 2612 secreta
2071 2558 2211 2612 didi-

628 2646 807 2702 cisse?
861 2648 1057 2717 quique
1099 2649 1372 2717 prmstanti
1434 2648 1637 2718 positus
1686 2651 1741 2703 itt
1788 2650 2051 2719 culmine,
2105 2667 2208 2706 non

628 2756 855 2797 necesse
899 2742 1096 2806 habet,
1148 2742 1230 2795 vel
1276 2743 1612 2812 supprimere
1639 2758 1845 2809 verum,
1883 2746 1967 2800 vel
1996 2747 2211 2799 concin-

624 2845 762 2889 nare
790 2832 1161 2887 mendacium?
1199 2832 1268 2886 At
1310 2843 1490 2889 nostra
1538 2834 1695 2905 longe
1738 2836 1974 2890 conditio
2003 2836 2205 2906 dispar,

631 2922 821 2993 quibus
842 2923 1017 2979 dolori
1049 2926 1399 2994 peregrinatio
1444 2940 1607 2993 nova,
1642 2941 1739 2981 nec
1773 2928 1888 2981 usui
1934 2927 2093 2983 lectio
2118 2944 2208 2982 ve-

629 3024 821 3091 tusta;
866 3024 975 3071 tum
1024 3015 1211 3086 religio
1244 3018 1561 3085 professioni
1590 3028 1692 3083 est,
1734 3018 2006 3075 humilitas
2047 3036 2211 3091 appe-

629 3108 744 3164 titui
773 3152 787 3175 ,
837 3109 1178 3167 mediocritas
1226 3112 1567 3177 obscuritati;
1610 3127 1707 3167 nec
1754 3112 1808 3167 in
1856 3114 2207 3184 praesentibus

2317 1926 2517 1969 cutura:
2563 1916 2882 1969 corremioni
2927 1914 3082 1971 ﬁdem
3137 1915 3379 1972 fecerint.
3441 1915 3592 1986 Rogo
3643 1930 3774 1985 ergo
3830 1915 3902 1969 sis

2316 2005 2553 2061 clemens
2585 2006 2635 2060 in
2677 2020 2734 2061 se
2766 2022 2982 2061 severo:
3008 2017 3060 2061 et
3086 2007 3356 2062 dominum
3388 2021 3640 2076 sequens,
3668 2020 3776 2059 non
3808 2006 3901 2058 ha-

2315 2097 2444 2153 beas
2471 2110 2519 2153 te
2545 2097 2726 2167 judice
2750 2113 2897 2152 rcnm
2930 2113 2989 2153 se
3027 2098 3310 2169 proﬁtente
3338 2096 3900 2168 damnabilem:quem

2314 2191 2359 2245 si
2392 2189 2624 2243 inaudita
2650 2204 2844 2259 genera
2878 2205 3151 2257 poenarum
3190 2190 3378 2261 jubeas
3410 2192 3717 2244 inexoratus
3752 2188 3902 2243 exci-

2316 2295 2468 2350 pere,
2497 2296 2601 2335 non
2635 2291 2807 2349 potest
2835 2281 3059 2349 amplius
3092 2297 3185 2349 per
3216 2293 3266 2336 te
3295 2280 3502 2348 dolore,
3535 2296 3692 2351 quam
3717 2296 3815 2350 per
3843 2294 3901 2334 se

2314 2372 2520 2442 pudore
2563 2373 2819 2441 torqueri.
2856 2371 3045 2427 Libera
3081 2380 3222 2427 metu
3260 2372 3687 2443 desperationem
3725 2386 3897 2435 suam,

2314 2465 2481 2520 libera
2528 2466 2903 2520 conﬁdentiam
2946 2481 3153 2533 meam,
3198 2476 3251 2521 et
3288 2467 3501 2536 pietatis
3536 2476 3776 2538 paterna:
3806 2482 3898 2521 ne-

2314 2560 2561 2613 cessitate
2585 2599 2599 2623 ,
2646 2559 2687 2612 si
2731 2559 2867 2612 bene
2906 2559 3252 2627 interpretor,
3304 2568 3355 2615 te
3395 2574 3607 2630 quoque
3638 2557 3889 2622 absolve,

2312 2650 2403 2719 qui
2442 2648 2721 2703 conﬁceris
2765 2649 3004 2717 occulto,
3054 2649 3193 2719 quod
3240 2649 3376 2704 ﬁlius
3416 2650 3629 2719 publico
3667 2664 3896 2706 maerore

2312 2739 2625 2795 conﬁcitur:
2650 2740 2732 2793 cui
2762 2739 2951 2795 fecisse
2982 2755 3067 2795 me
3096 2750 3308 2796 constat
3341 2741 3626 2811 plurimum
3656 2742 3895 2810 injuriae;

2312 2833 2356 2886 si
2389 2839 2440 2886 tu
2475 2841 2649 2886 tamen
2681 2833 2767 2887 vel
2806 2849 2991 2902 parum
3026 2834 3216 2889 feceris
3252 2852 3264 2888 :
3297 2851 3453 2904 quam
3482 2844 3628 2890 certe
3653 2846 3710 2890 ut
3739 2851 3895 2907 spero

2312 2939 2416 2980 nou
2448 2926 2629 2992 facies,
2669 2926 2770 2980 nisi
2798 2928 3030 2996 scopulis
3059 2927 3246 2982 durior
3275 2928 3456 2999 duras,
3488 2939 3580 2984 aut
3609 2929 3893 2985 adamanti-

2309 3017 2408 3071 bus
2454 3017 2675 3086 rigidior
2719 3032 3034 3087 perseveras
3098 3019 3497 3075 insecabilibus.
3550 3020 3691 3091 Ergo
3738 3020 3785 3075 si
3831 3020 3895 3076 de

2310 3109 2551 3165 moribus
2584 3111 2688 3163 tuis
2711 3110 2881 3180 deque
2909 3111 3155 3166 amicitiis
3182 3114 3326 3180 juste
3353 3114 3573 3168 meliora
3598 3128 3891 3185 praesumo,

622 3202 704 3255 rei
736 3211 960 3267 tantum,
998 3212 1253 3272 quantum
1298 3205 1350 3257 in
1381 3204 1573 3259 futuris
1620 3206 1733 3274 spei
1760 3206 2012 3261 locatum.
2053 3208 2207 3278 120
2233 3186 2280 3248 ο
2310 3210 2561 3257 excusato
2595 3203 2853 3271 propitius
2884 3203 3100 3273 indulge
3126 3224 3137 3257 :
3159 3220 3315 3275 quem
3353 3208 3505 3277 122
3538 3205 3893 3260 reconcilians

619 3291 902 3350 Postremo
950 3294 1172 3364 languor
1229 3294 1640 3364 impedimento;
1693 3297 1911 3365 jamque
1952 3297 2037 3353 vel
2085 3312 2207 3353 sero

619 3393 844 3453 propter
892 3384 1034 3439 hunc
1083 3384 1260 3454 ipsum
1308 3385 1511 3441 desidia
1555 3386 1703 3442 cordi
1752 3403 2006 3459 taquzeva.
2049 3389 2206 3445 Certe

620 3474 731 3545 jam
763 3488 922 3544 super
947 3474 1135 3529 studiis
1165 3475 1308 3529 nulla
1346 3476 1462 3531 laus
1491 3492 1656 3545 curm,
1688 3477 1780 3533 sed
1827 3494 1894 3534 ne
1922 3479 2203 3548 posthuma

619 3564 834 3635 quidem
857 3583 871 3621 :
893 3568 1158 3637 praecipue
1202 3568 1428 3638 gloriam
1460 3569 1615 3625 nobis
1646 3584 1859 3640 parvam
1887 3571 1953 3625 ab
1984 3572 2200 3626 historia

617 3664 806 3727 petere
851 3657 1019 3712 ﬁxum
1056 3675 1072 3725 ;
1132 3660 1252 3729 quia
1303 3675 1399 3730 per
1445 3659 1687 3716 homines
1730 3661 1994 3717 clericalis
2038 3661 2201 3717 ofﬁcii

615 3750 906 3806 temerarie
931 3761 1115 3806 nostra
1138 3790 1154 3817 ,
1183 3751 1449 3821 jactantcr
1474 3753 1643 3807 aliena
1662 3794 1678 3820 ,
1731 3755 1993 3823 praeterita
2025 3754 2199 3809 infru-

617 3849 806 3896 ctuose
833 3887 846 3911 ,
892 3844 1179 3912 praesentia
1224 3844 1522 3913 semiplene
1548 3885 1562 3910 ,
1591 3846 1818 3913 turpiter
1846 3845 1981 3900 falsa
2005 3888 2018 3912 ,
2057 3849 2199 3916 peri-

616 3932 801 3988 (.ulose
840 3948 966 3988 vera
1007 3934 1274 3989 dicuntur.
1318 3935 1412 3989 Est
1458 3936 1601 3990 enim
1649 3937 1950 4005 hujusmodi
1995 3927 2229 4004 thema,’

615 4026 699 4079 vel
750 4038 922 4093 opus,
975 4024 1026 4078 in
1076 4040 1181 4094 quo
1228 4026 1487 4081 bonorum
1531 4027 1576 4081 si
1621 4026 1783 4082 facias
1826 4030 2190 4097 mentionem,

615 4113 824 4171 modica
866 4113 1032 4183 gratia
1080 4122 1327 4183 paratur;
1366 4119 1408 4169 si
1448 4116 1789 4182 notabilium,
1833 4119 2066 4172 maxima
2107 4120 2192 4173 of-

615 4201 787 4260 fensa.
837 4204 929 4259 Sic
972 4218 1031 4258 se
1074 4203 1166 4257 ille
1208 4206 1451 4274 protinus
1477 4206 1696 4261 dictioni
1729 4209 1912 4272 color,
1955 4211 2193 4280 odorque

615 4297 879 4366 satyricus
916 4296 1196 4351 admiscet.
1229 4297 1375 4352 Ilicet
1416 4299 1635 4367 scriptio
1686 4300 1937 4357 historica
1982 4304 2190 4360 videtur

615 4386 807 4441 ordine
834 4400 863 4440 a
904 4395 1088 4442 nostro
1118 4386 1343 4441 multum
1373 4388 1694 4459 abhorrere,
1726 4391 1875 4460 cujus
1920 4392 2189 4450 inchoatio

615 4477 835 4545 invidia,
874 4479 1206 4534 continuatio
1238 4479 1407 4546 labor,
1438 4479 1557 4534 finis
1581 4490 1663 4535 est
1687 4481 1888 4537 odium.
1922 4484 2027 4540 Sed
2063 4495 2188 4543 tunc

609 4570 718 4625 ista
746 4570 1102 4640 proveniunt,
1133 4564 1364 4626 clericis
1391 4573 1436 4626 si
1467 4574 1663 4643 aliquid
1693 4576 1925 4632 dictetur
1951 4583 2184 4636 auetori-
2213 4555 2267 4616 D

2252 4714 2257 4719 ι
2295 4678 2580 4736 Pecuniam
2628 4693 2781 4754 pater
2828 4696 2948 4743 tuus
2977 4688 3211 4759 Turpio,
3244 4691 3325 4747 vir
3365 4694 3713 4763 tribunitius,
3759 4711 3884 4753 tnu-

614 4660 715 4717 bus
739 4706 754 4732 ,
806 4662 897 4732 qui
945 4662 1241 4718 colubrinis
1267 4664 1652 4722 oblatratorum
1683 4669 1975 4726 molaribus
2002 4671 2113 4738 ﬁxi,
2140 4675 2184 4729 si

612 4753 740 4823 quid
785 4753 1098 4823 simpliciter
1146 4755 1403 4823 edamus,
1458 4758 1659 4825 insani;
1715 4761 1758 4813 si
1803 4762 1926 4832 quid
1962 4776 2181 4834 exacte,

610 4858 875 4899 vocamur
898 4847 1410 4916 prtesumptiosi.'At
1447 4850 1492 4904 si
1524 4859 1580 4905 tu
1609 4852 1755 4921 ipse,
1784 4856 1866 4909 cui
1896 4856 2074 4912 datum
2107 4868 2189 4914 est

609 4935 838 4989 saltibus
858 4935 1040 5004 gloria:
1063 4946 1337 5005 proterere
1358 4953 1517 5008 posse
1535 4943 1769 4999 cervices
1788 4946 2182 5017 vituperonum,

609 5037 706 5081 seu
732 5040 1139 5096 supercurrere,
1169 5031 1403 5084 materia:
1441 5032 1593 5089 istius
1628 5035 1801 5091 libens
1839 5042 2168 5107 provinciam

608 5118 868 5175 sortiare:
893 5134 1052 5175 nemo
1083 5128 1134 5174 te
1160 5120 1356 5175 celsius
1385 5124 1682 5192 scripserit,
1710 5143 1869 5184 nemo
1890 5133 2179 5203 antiquius,

612 5212 770 5266 etiam
800 5214 843 5266 si
885 5213 1091 5281 placeat
1114 5215 1348 5268 recentia
1380 5215 1556 5284 loqui;
1598 5221 2025 5292 quandoquidem
2061 5243 2179 5283 ser-

684 5350 980 5433 1|Ejusdem
1019 5361 1100 5406 est
1138 5352 1430 5433 argumenti
1469 5356 1860 5433 cumnepistola
1900 5358 2055 5433 Plinii
2085 5362 2174 5433 22,

611 5421 703 5475 lib.
748 5436 836 5483 ιιι,
874 5422 972 5474 nisi
1013 5423 1152 5485 quod
1195 5423 1397 5476 Plinius
1441 5439 1537 5491 pro
1595 5421 1787 5480 liberto
1829 5421 2174 5490 Sabinianum

609 5501 916 5561 patronum,
946 5491 1192 5546 Sidonius
1222 5509 1320 5561 pro
1350 5495 1460 5547 lilio
1490 5504 1687 5561 patrem
1716 5510 1920 5552 exorat.

682 5560 707 5598 δ
728 5560 810 5639 ἱΕοκ
839 5576 1022 5639 eorum
1053 5560 1266 5639 genere,
1291 5560 1502 5639 opinor,
1526 5567 1612 5634 qui
1644 5570 1811 5639 sacris
1839 5579 1930 5623 aut
1960 5575 2175 5639 privatis

607 5629 976 5704 largitionibus
1003 5629 1401 5704 militabant,'et
1433 5635 1481 5687 in
1517 5629 1814 5704 provincias
1840 5655 1868 5692 a
1896 5629 2176 5700 comitibus

607 5701 766 5775 dirigi
789 5700 1029 5775 solebant
1052 5741 1066 5765 ,
1109 5703 1144 5756 l.
1177 5703 1200 5755 1
1234 5705 1353 5758 cod.
1385 5700 1590 5759 Theod.
1636 5708 1701 5761 de
1734 5710 1978 5775 palatinis
2005 5730 2175 5771 sacra-

606 5782 725 5833 Iutn
754 5771 1088 5839 largitionum
1114 5782 1168 5827 et
1197 5787 1375 5828 rerum
1402 5771 1746 5846 privatarum.

2308 3293 2423 3348 fore
2454 3293 2661 3348 ﬁdelem
2694 3305 3003 3351 constanter
3043 3296 3096 3351 in
3138 3308 3409 3368 posterum
3448 3300 3714 3368 spondeo;
3756 3315 3892 3370 quo-

2307 3402 2412 3457 que
2437 3388 2697 3443 velociter
2723 3390 2876 3460 culpa
2908 3392 3115 3457 soluto,
3149 3407 3248 3462 ego
3283 3393 3549 3448 beneﬁcio
3577 3393 3746 3463 ligor:
3774 3409 3889 3447 ma-

2278 3491 2538 3553 ygnopere
2562 3479 2887 3549 deposcens,
2919 3499 3022 3538 non
3061 3492 3119 3538 ut
3145 3485 3386 3555 ignoscas
3409 3486 3589 3553 modo,
3619 3500 3799 3539 verum
3830 3493 3889 3538 ut

2304 3581 2358 3627 et
2388 3574 2665 3641 protinus,
2712 3585 2766 3629 et
2796 3586 3155 3633 revertentem
3201 3593 3306 3633 non
3347 3578 3507 3633 domo
3541 3579 3753 3644 solum,
3794 3577 3888 3633 sed

2302 3672 2357 3719 et
2387 3676 2600 3732 pectore
2630 3665 2900 3721 admittas.
2930 3669 3077 3723 Deus
3104 3670 3326 3738 magne!
3368 3684 3528 3740 quam
3560 3670 3721 3723 lmtus
3751 3671 3889 3723 orie-

2303 3762 2389 3809 tur
2416 3755 2508 3809 tibi
2531 3757 2664 3821 d’es,
2693 3758 2817 3811 mihi
2852 3761 3097 3826 nuntius,
3130 3760 3340 3816 animus
3370 3761 3466 3828 illi,
3499 3777 3619 3816 cum
3653 3762 3890 3831 paternis

2299 3846 2754 3916 pedibus'aﬁ'usus
2780 3890 2796 3917 ,
2842 3866 2905 3905 ex
2954 3852 3045 3905 illo
3074 3866 3169 3907 ore
3198 3852 3327 3907 ltcso
3348 3894 3362 3919 ,
3391 3867 3485 3908 ore
3515 3853 3735 3907 terribili
3763 3869 3888 3909 con~

2297 3936 2491 3992 vicium
2523 3949 2863 4010 exspectans,
2897 3943 3134 3997 osculum
3163 3944 3457 4013 exceperit.
3492 3943 3643 3998 Vale.

2805 4092 3141 4149 EPISTOLA
3180 4094 3368 4149 XXIV.

2672 4203 2921 4260 Sidonius
2953 4206 3123 4262 Turno
3151 4224 3246 4262 suo
3268 4208 3504 4264 salutem.

2365 4312 2509 4370 Bene
2534 4317 2773 4384 nomini,
2806 4319 2942 4375 bene
2985 4322 3196 4392 negotio
3224 4332 3314 4377 tuo
3342 4322 3589 4393 congruit
3617 4322 3891 4383 Mantuani

2292 4401 2459 4460 illud:

2413 4497 2597 4568 Turne,
2619 4502 2751 4568 quod
2766 4503 3132 4568 optantidivum
3152 4508 3441 4568 promittere
3460 4520 3607 4559 nemo

2414 4561 2653 4621 Auderet,
2681 4561 2913 4615 volvenda
2934 4566 3042 4615 dies
3066 4580 3129 4616 en
3148 4561 3310 4618 attulit
3336 4570 3477 4619 ultro.

2293 4780 2435 4826 tuam
2468 4776 2669 4843 pridem
2696 4818 2709 4841 ,
2757 4778 2801 4832 si
2849 4780 3147 4837 recordaris
3173 4824 3187 4849 ,
3239 4782 3267 4821 ι)
3308 4799 3337 4838 a
3368 4786 3599 4841 Maximo
3638 4786 3884 4843 I’alatino

2293 4865 2619 4933 postulavit,
2674 4868 3106 4941 impetravitque;
3129 4875 3224 4940 ,nil
3256 4876 3471 4947 quidem
3503 4879 3625 4933 loco
3670 4880 3884 4935 ﬁduciae

2290 4960 2671 5033 pignorisque,
2719 4966 2800 5020 vel
2842 4968 3045 5037 argenti
3076 4979 3458 5040 sequestrans,
3506 4974 3590 5027 vel
3636 4973 3883 5044 obligans

2289 5054 2608 5123 praediorum
2634 5075 2645 5108 :
2668 5056 2787 5122 sed,
2809 5069 2867 5112 ut
2897 5059 3253 5132 chirographo
3282 5065 3422 5119 facto
3449 5064 3695 5130 docetur,
3719 5074 3883 5121 canta

2287 5147 2576 5200 centesima
2604 5155 2686 5201 est
2710 5149 2993 5207 leneratori
3036 5171 3048 5205 :
3092 5169 3209 5222 quae
3240 5170 3334 5223 per
3364 5157 3582 5212 bilustre
3613 5160 3880 5228 producta

2285 5242 2495 5306 tempus
2525 5240 2737 5294 modum
2773 5251 2795 5280 ο
2821 5245 2981 5298 sortis
3008 5246 3073 5299 ad
3104 5245 3320 5316 duplum
3348 5248 3588 5304 adduxit.
3613 5250 3721 5307 Sed
3751 5266 3879 5306 cum

2364 5370 2594 5453 {Usura
2637 5378 2947 5458 .centesima
3006 5381 3285 5458 duodecim
3350 5400 3599 5440 nummos
3645 5387 3882 5458 singulis

2286 5446 2439 5524 anuis
2471 5446 2673 5524 peragit
2702 5446 2751 5524 in
2782 5462 2810 5500 c
2834 5459 3054 5524 -_nteuos.
3101 5452 3319 5507 Fuerint
3350 5471 3478 5524 ergo
3508 5446 3880 5511 centutn'au-

2286 5513 2362 5567 rei
2397 5513 2652 5589 Turpioni
2702 5516 2799 5570 hac
2838 5521 2949 5589 lego
2992 5524 3097 5575 (lati
3130 5539 3157 5575 ει
3193 5513 3463 5580 Maximo":
3504 5542 3665 5582 usura
3696 5530 3745 5581 in
3776 5528 3880 5581 de-

2285 5588 2532 5661 cennium
2594 5590 2845 5652 producta
2897 5588 3016 5645 cum
3076 5598 3249 5661 capite
3296 5596 3544 5649 conﬁciet
3608 5601 3880 5652 ducentos

2288 5657 2503 5736 vicenos
2524 5657 3317 5736 :quassumtna_(luplunt‘sortis
3343 5682 3445 5719 non
3480 5678 3653 5736 arquat
3684 5668 3876 5735 modo,

2283 5726 2377 5777 sed
2409 5737 2642 5791 supcrat.
2678 5729 2868 5783 Ver-unt
2900 5726 3154 5787 Sil-cuius
3178 5775 3193 5800 ,
3224 5747 3278 5787 ut
3308 5738 3402 5788 \iri
3430 5726 3574 5791 docti
3606 5726 3875 5792 observa;

2283 5806 2445 5860 runt,
2490 5803 2823 5855 excurrentis
2869 5817 3029 5870 supra
3076 5804 3295 5877 duplum
3326 5820 3552 5868 summa:
3598 5809 3879 5877 rationem
