4140 6336
270 385 366 444 539

1499 377 1979 436 EPISTOLARUM
2018 380 2147 440 LIB.
2188 383 2279 439 IV.

3406 405 3510 463 530

268 509 406 571 pater
429 504 544 550 tuus
573 491 726 547 morti
758 492 1069 564 propinquae
1109 493 1297 548 morbo
1329 493 1671 550 incumbente
1700 510 1821 550 suc—
1847 499 1901 559 Δ
1932 496 2215 554 barbaram
2240 501 2548 559 instantiam
2577 506 2795 567 indultis
2831 514 3092 585 tantisper
3120 515 3362 574 induciis
3392 535 3512 577 mo-
3554 526 3561 531 '

265 586 550 649 eumberet;
597 591 755 653 atque
797 584 865 638 ob
915 584 1014 639 hoc
1055 584 1225 653 ipsum
1279 585 1487 655 publica
1532 586 1822 644 auctoritas

266 680 390 736 male
430 678 684 733 valentem
726 676 1167 746 patremfamilias
1218 677 1505 734 violentius
1552 679 1616 732 ad
1657 680 1826 735 refor-

264 770 493 828 mandum
524 767 757 824 debitum
783 776 1043 835 arctaret,
1080 783 1180 824 nec
1209 769 1461 824 sustineri
1496 771 1696 825 valeret
1727 772 1827 825 im-

264 862 480 933 probitas
518 869 924 927 exsecutorum;
966 861 1326 930 proficiscenti
1370 862 1824 931 mihi,’l‘olosam,

260 954 354 1025 jam
396 954 702 1021 deSperatus
742 953 896 1023 123
936 952 1129 1008 litteris
1171 952 1493 1022 imperavit,
1545 962 1600 1007 nt
1626 969 1711 1008 me
1740 969 1827 1009 ro-

258 1056 397 1117 gante
422 1046 652 1100 creditor
681 1053 857 1100 vester
896 1044 1133 1099 modicas
1180 1045 1373 1100 saltem
1420 1025 1707 1115 largiretur
1734 1046 1823 1100 in-

256 1138 439 1194 ducias.
459 1136 709 1192 Precibus
727 1137 931 1192 orantis
951 1135 1089 1192 citus
1107 1138 1299 1192 annui:
1315 1138 1437 1205 quia
1457 1154 1575 1193 cum
1592 1138 1829 1214 Maximo

256 1230 370 1285 mihi
408 1246 508 1283 non
551 1228 756 1285 notitia:
803 1228 977 1284 solum
1002 1271 1017 1297 ,
1062 1246 1247 1285 verum
1289 1238 1345 1286 et
1385 1230 1602 1300 hospitii
1642 1241 1824 1287 vetera

252 1323 373 1394 jura.
419 1322 578 1393 Igitur
626 1322 695 1377 ad
750 1323 982 1378 amicum
1025 1323 1197 1378 libens
1231 1338 1296 1379 ex
1336 1323 1527 1380 itinere
1574 1325 1820 1394 perrexi,

251 1428 530 1486 quanquam
566 1412 695 1468 villa
734 1428 841 1468 non
889 1414 1072 1485 paucis
1109 1429 1303 1486 aggere
1345 1430 1375 1470 a
1417 1417 1628 1485 publico
1659 1417 1822 1472 milli-

252 1505 339 1560 bus
364 1506 589 1561 abesset.
622 1505 696 1561 Ut
724 1505 878 1572 veni,
909 1507 1147 1562 occurrit
1183 1507 1316 1562 mihi
1349 1509 1464 1577 ipse
1485 1548 1499 1574 ,
1539 1524 1695 1580 quem
1726 1525 1825 1564 no-

249 1615 412 1656 veram
443 1601 688 1656 anterius
721 1616 949 1672 corpore
979 1610 1248 1667 erectum,
1275 1618 1461 1674 gressu
1492 1604 1820 1673 expeditum,

248 1708 366 1748 voce
424 1693 686 1760 liberum,
745 1693 879 1749 facie
939 1695 1247 1761 liberalem,
1303 1696 1529 1750 multum
1572 1695 1640 1750 ab
1685 1698 1824 1751 anti-

246 1798 341 1853 quo
364 1783 643 1839 dissimilis
668 1786 903 1841 incessu.
934 1785 1155 1842 Habitus
1185 1789 1332 1853 viro,
1364 1788 1561 1858 gradus
1583 1828 1597 1853 ,
1627 1789 1817 1857 pudor,

1927 588 2209 646 deraretur
2233 610 2245 647 :
2270 594 2385 648 etsi
2409 594 2724 656 decessisset
2759 618 2899 673 aeger
2923 650 2937 673 ,
2984 608 3242 665 tribueret
3287 609 3512 668 heredi-

1925 681 2025 736 bus
2052 684 2216 738 annui
2244 684 2420 740 luctus
2453 697 2663 759 tempus
2691 693 2954 754 immune:
2978 700 3045 766 si,
3068 702 3209 771 quod
3238 713 3509 773 optarem,

1928 773 2206 843 pristinam
2232 775 2431 845 Turpio
2471 782 2701 837 salutem
2752 800 3163 859 recuperasset,
3208 795 3515 865 indulgeret

1926 866 2186 923 exhausto
2214 885 2310 939 per
2335 873 2502 927 otium
2527 874 2837 934 facultatem
2861 886 3293 943 convalescendi.
3320 889 3513 944 Adhuc

1927 962 2196 1031 rogabam,
2222 980 2341 1021 cum
2365 976 2584 1036 repente
2614 970 2692 1024 vir
2717 972 2876 1027 totius
2905 977 3143 1032 caritatis
3185 981 3312 1035 flere
3350 998 3512 1051 gran-

1926 1052 2066 1106 diter
2095 1056 2256 1123 cmpit
2282 1070 2386 1111 non
2420 1072 2624 1112 moram
2655 1059 2855 1124 debiti,
2890 1065 2984 1119 scil
3026 1068 3319 1134 periculum
3360 1072 3511 1127 debi-

1927 1146 2087 1212 toris;
2113 1145 2430 1218 frenatoque
2453 1150 2710 1220 singultu,
2741 1152 2895 1209 Absit
2916 1170 2943 1208 a
2968 1172 3074 1224 me,
3102 1158 3290 1228 inquit,
3311 1169 3368 1215 ut
3393 1162 3511 1219 haec

1925 1253 2206 1308 reposcam
2236 1240 2465 1297 clericus
2495 1242 2564 1296 ab
2591 1259 2756 1314 mgro,
2786 1261 2904 1314 quac
2939 1247 3028 1300 vix
3068 1247 3321 1316 petissem
3353 1250 3512 1307 miles

1925 1344 1953 1384 a
1983 1331 2203 1400 soSpite.
2235 1331 2340 1387 Sed
2372 1342 2427 1388 et
2457 1333 2656 1390 liberos
2707 1336 2823 1406 ejus
2852 1337 2923 1392 ita
2962 1338 3154 1409 diligo,
3200 1350 3259 1395 ut
3300 1342 3514 1401 etiamsi

1925 1423 2051 1494 quid
2079 1423 2362 1481 adversum
2389 1428 2613 1482 cesserit
2633 1428 2830 1495 amico,
2862 1430 2937 1485 nil
2959 1431 3061 1486 sim
3086 1432 3152 1485 ab
3175 1432 3261 1488 his
3282 1434 3513 1503 amplius

1928 1517 2291 1585 posmlaturus
2327 1534 2487 1588 quam
2537 1520 2641 1576 mei
2668 1521 2832 1577 officii
2866 1524 3003 1579 ratio
3048 1526 3323 1594 permittit.
3367 1527 3513 1596 Qua-

1927 1617 2143 1678 propter
2170 1610 2343 1665 scribc
2374 1611 2647 1678 sollicitis;
2677 1628 2888 1684 quoque
2910 1614 3131 1670 credant
3164 1616 3283 1686 plus
3315 1617 3512 1676 litteris

1926 1702 2053 1765 tuis,
2080 1702 2429 1773 measjunge,
2458 1704 2700 1774 quisquis
2730 1706 2821 1761 ille
2852 1707 3010 1763 fuerit
3049 1709 3319 1779 languoris
3349 1725 3511 1766 ever»

1926 1802 2010 1847 tus
2042 1795 2220 1863 (quem
2249 1805 2423 1850 tamen
2454 1794 2606 1851 fratri
2629 1812 2946 1868 prosperum
2981 1800 3256 1873 optamus)
3287 1801 3429 1871 quod
3457 1811 3512 1859 et

244 1877 398 1942 color,
441 1892 622 1933 sermo
666 1877 975 1949 religiosus;
1021 1888 1127 1933 tum
1161 1888 1187 1915 ⁸
1222 1894 1374 1933 coma
1411 1879 1623 1945 brevis,
1657 1879 1820 1936 barba
1850 1873 1898 1933 Β
1924 1900 2158 1941 annuum
2185 1888 2437 1943 solutioni
2466 1892 2705 1959 spatium
2737 1894 3071 1962 prorogabo,
3110 1904 3165 1950 et
3200 1896 3510 1966 superposi-

245 1969 469 2040 prolixa,
520 1968 763 2039 tripodes
822 1968 1007 2036 sellae,
1063 1970 1273 2025 cilicum
1316 1972 1431 2025 vela
1475 1970 1678 2026 foribus
1723 1985 1816 2040 ap.

243 2076 416 2131 pensa,
445 2061 616 2117 lectus
651 2061 724 2116 nil
757 2062 961 2119 habens
988 2063 1202 2133 plumae,
1236 2080 1420 2119 mensa
1444 2064 1515 2120 nil
1546 2080 1812 2136 purpurae;

242 2156 530 2212 humanitas
558 2157 679 2228 ipsa
700 2158 778 2213 sic
810 2158 1064 2229 benigna,
1099 2160 1236 2229 quod
1273 2160 1426 2229 frugi,
1462 2176 1562 2215 nec
1597 2163 1670 2216 ita
1697 2148 1816 2216 car-

238 2250 380 2306 nibus
410 2249 716 2316 abundans,
749 2263 805 2307 ut
834 2253 1213 2322 leguminibus.
1239 2253 1398 2309 Certe
1422 2255 1465 2309 si
1495 2255 1621 2324 quid
1656 2255 1708 2308 in
1738 2254 1815 2310 ci-

238 2342 312 2397 bis
338 2342 560 2410 unctius,
586 2359 698 2399 non
727 2344 849 2412 sibi,
884 2343 978 2399 sed
1016 2345 1315 2413 boSpitibus
1345 2346 1647 2416 indulgens.
1679 2345 1813 2403 Cum

236 2450 597 2506 surgeremus,
635 2436 774 2491 clam
819 2445 1107 2508 percontor
1156 2447 1425 2498 astantes.
1469 2438 1607 2507 quod
1642 2453 1810 2508 genus

232 2527 346 2582 vita:
381 2529 448 2584 de
480 2530 660 2584 tribus
688 2529 1003 2599 arripuisset
1049 2528 1355 2593 ordinibus;
1401 2528 1428 2567 ι’
1485 2532 1806 2585 monachum

232 2631 422 2690 ageret,
453 2638 520 2677 an
543 2623 825 2690 clericum,
852 2622 1316 2694 poenitentemne?
1350 2623 1809 2693 dixerunt,nuper

230 2710 449 2782 impacto
475 2716 786 2772 sacerdotio
815 2716 979 2787 fungi,
1006 2732 1112 2787 quo
1136 2725 1473 2772 recusantem
1498 2717 1721 2773 factiose
1745 2717 1809 2771 li-

228 2817 398 2875 gasset
420 2808 626 2863 civicus
657 2822 827 2864 amor.
857 2808 1000 2863 Luce
1028 2808 1292 2876 revoluta,
1321 2808 1447 2863 dum
1478 2809 1630 2879 pueri
1645 2809 1811 2862 clien-

229 2906 403 2969 tesque
429 2903 713 2971 capiendis
748 2902 1070 2958 animalibus
1112 2913 1540 2973 occuparentur,
1583 2911 1810 2958 secretas

226 2989 599 3047 collocutionis
636 3001 761 3064 peto
801 2994 1028 3064 copiam.
1083 2994 1312 3049 Praestat
1344 3012 1356 3048 :
1389 2995 1687 3065 amplector
1735 2994 1811 3050 nil

223 3081 552 3150 cpinantem,
585 3086 953 3157 gratularique
983 3101 1069 3142 me
1112 3087 1341 3156 primum
1387 3102 1485 3158 pro
1523 3088 1603 3143 sui
1638 3096 1809 3144 status

223 3176 369 3243 apice
398 3178 689 3241 conﬁrmo.
738 3188 851 3235 tum
898 3188 1292 3251 consequentes
1346 3180 1549 3236 misceo
1596 3195 1803 3251 preces.

1868 1990 1881 2011 ί
1924 1986 2028 2031 tam
2054 1979 2397 2034 medietatem
2421 1996 2539 2050 quae
2562 1998 2659 2051 per
2680 1999 2859 2040 usura:
2892 2001 3085 2041 nomen
3110 1990 3380 2055 accrevit,
3425 1990 3509 2044 in-

1918 2069 2186 2140 dulgeam,
2213 2074 2322 2127 sola
2353 2074 2529 2143 simpli
2578 2077 2918 2134 restitutione
2955 2090 3259 2137 contentus.
3311 2081 3406 2152 Egi
3442 2083 3510 2138 ad

1919 2159 2033 2216 inec
2063 2163 2288 2231 gratias,
2323 2163 2435 2244 Deo
2463 2167 2750 2233 maximas,
2780 2169 2976 2237 hospiti
3021 2186 3240 2241 magnas
3262 2212 3277 2237 ,
3309 2173 3399 2241 qui
3429 2172 3510 2228 sic

1916 2263 2121 2308 amaret
2144 2265 2249 2310 tam
2281 2270 2431 2309 suam
2463 2256 2657 2313 famam
2687 2275 2842 2328 quam
2864 2263 3249 2319 conscientiam
3271 2306 3285 2329 ,
3310 2264 3509 2319 confir-

1916 2361 2069 2400 mans
2095 2348 2325 2401 amicum
2352 2352 2686 2417 praemittere
2713 2351 2812 2406 sibi
2838 2353 2978 2421 quod
3009 2353 3302 2411 dimitteret
3333 2357 3507 2423 vobis,

1915 2448 2074 2509 atque
2104 2439 2227 2495 hinc
2253 2455 2487 2508 superna
2547 2458 2712 2513 regna
2764 2446 3024 2512 mercari,
3058 2448 3198 2517 quod
3248 2449 3508 2505 beneficia

1916 2540 2129 2587 terrena
2151 2548 2257 2588 non
2289 2535 2569 2589 venderet.
2606 2535 2745 2606 Ergo
2775 2537 2917 2607 quod
2942 2548 3138 2603 restat,
3171 2541 3410 2609 enitere,
3451 2550 3507 2597 ut

1914 2633 2135 2679 auctore
2164 2633 2213 2679 te
2238 2626 2484 2694 protinus
2509 2628 2687 2682 saltim
2710 2630 3050 2685 commodata
3090 2647 3299 2688 summa
3332 2634 3506 2689 solva-

1916 2725 2000 2770 tur
2032 2734 2043 2768 :
2078 2717 2155 2772 sic
2176 2726 2235 2771 ut
2258 2717 2500 2787 ingentes
2540 2718 2890 2774 nihilominus
2935 2722 3134 2791 gratias
3170 2738 3298 2793 agas
3343 2724 3505 2780 etiam

1915 2808 2132 2862 nomine
2157 2809 2373 2864 illorum
2402 2811 2493 2880 qui
2524 2809 2618 2865 tibi
2648 2812 3005 2881 germanitate
3030 2815 3343 2884 conjuncti,
3394 2800 3505 2872 fors

1914 2914 2011 2969 per
2032 2910 2243 2955 aetatem
2266 2916 2461 2973 sapere
2512 2918 2617 2958 non
2665 2915 2888 2972 possunt
2916 2906 3041 2977 quid
3085 2909 3326 2965 muneris
3377 2924 3504 2964 con-

1913 3002 2228 3061 sequantur.
2268 2994 2423 3065 125
2454 2993 2572 3050 Non
2600 3006 2680 3050 est
2707 3011 2802 3051 cur
2823 2998 3003 3053 dicere
3030 2999 3253 3069 incipias
3273 3041 3288 3067 ,
3320 3000 3504 3057 Habeo

1913 3094 2229 3153 consortes,
2281 3086 2508 3141 necdum
2561 3087 2834 3143 celebrata
2891 3089 3081 3145 divisio
3123 3101 3234 3157 est;
3293 3094 3505 3148 avarius

1914 3185 2124 3230 constat
2150 3191 2238 3231 me
2267 3191 2389 3232 esse
2418 3186 2704 3233 tractatum
2737 3195 2895 3249 quam
2944 3182 3294 3248 colueredes;
3336 3182 3502 3239 frater

220 3264 507 3337 Turpionis
540 3271 709 3325 nostri
732 3280 915 3341 rogata
946 3271 1181 3342 profero,
1216 3273 1391 3344 allego
1413 3274 1765 3330 necessitates
1786 3315 1802 3341 ,
1836 3252 1883 3318 C
1914 3278 1969 3323 et
1996 3284 2149 3324 soror
2178 3270 2277 3323 sub
2304 3270 2463 3325 annis
2487 3270 3002 3328 adhuctutelaribus
3040 3284 3241 3345 agunt;
3275 3275 3505 3331 necdum

219 3365 461 3413 extrema
481 3359 709 3429 deploro
734 3406 749 3431 ,
789 3378 911 3433 qure
950 3362 1167 3418 duriora
1208 3364 1561 3419 maerentibus
1616 3364 1805 3418 amicis

217 3446 346 3505 hinc
373 3451 716 3523 viderentur,
748 3456 894 3527 quod
922 3456 1111 3512 fenore
1141 3457 1335 3527 ligatus
1357 3473 1585 3526 corpore
1629 3459 1809 3514 solve~

210 3549 359 3596 retur
383 3560 397 3595 :
420 3544 761 3601 meminisset
786 3562 915 3617 ergo
941 3547 1299 3618 professionis
1322 3564 1433 3605 suae
1461 3566 1634 3616 novre,
1654 3550 1811 3622 125

203 3632 523 3689 sodalitatis
544 3637 809 3708 antiquae,
839 3646 1262 3709 exactorumque
1302 3640 1798 3696 circumlatrantum

193 3888 297 3946 non
324 3872 545 3946 habuit,
588 3874 710 3945 quia
733 3874 936 3929 sciebat
954 3889 1154 3946 usuras
1183 3889 1495 3931 communes
1521 3891 1681 3946 supra
1704 3891 1803 3932 uu-

196 3944 340 4026 plum
370 3944 725 4026 necdeberj,
758 3945 1018 4026 n_ec_exigi
1053 3961 1229 4026 posse,
1262 3947 1299 4001 l.
1330 3948 1400 4026 2_6
1421 3948 1484 4026 _l).
1510 3944 1799 4026 de'condit.

196 4016 405 4080 indeb.,
438 4025 498 4071 et
528 4016 573 4072 l.
612 4017 646 4071 4
674 4017 738 4071 D.
768 4016 834 4072 de
861 4016 1047 4073 feriare
1077 4017 1311 4073 nautico.
1340 4018 1500 4087 Cujus
1529 4019 1659 4087 legis
1689 4035 1803 4074 me-

200 4088 350 4141 minit
378 4088 735 4153 Plutarchus,
761 4089 853 4144 sed
884 4089 1122 4157 privatas,
1154 4090 1359 4145 Asianis
1389 4105 1417 4144 a
1449 4091 1669 4144 Lucullo
1696 4090 1800 4144 im-

201 4158 386 4236 posita;
409 4178 421 4211 :
443 4162 584 4236 T01);
621 4163 995 4236 paxpors'pouc,
1022 4160 1209 4236 inquit,
1241 4168 1330 4215 τοῦ
1356 4164 1592 4236 ἀρχαίῳ
1619 4161 1800 4236 circa:

202 4231 478 4304 agam-pg...
514 4229 754 4304 Meminit
786 4229 1135 4304 et'lgiodorus
1159 4231 1250 4286 lib.
1279 4247 1313 4286 tt
1338 4229 1596 4301 Antiquit.
1629 4231 1796 4304 [Egy-

206 4301 325 4366 ptiis
343 4300 489 4377 plim
522 4300 647 4355 lata:
676 4303 835 4377 ra
882 4300 1251 4377 Bot‘elioride‘:
1278 4311 1376 4358 Τοῦ
1408 4300 1540 4377 perdt
1570 4300 1794 4377 ξυγγρά-

236 4327 325 4356 ¹ιΙΙδ
354 4327 489 4355 υΙΙΙΙΙ
523 4327 647 4355 lusu:
806 4327 835 4356 δ
882 4327 1209 4356 υυίύηυῖιυθ
1238 4327 1250 4355 ξ
1285 4327 1376 4358 ιον
1450 4327 1540 4360 ετα
1570 4327 1794 4377 6U???“-

236 4378 290 4433 ἧς
337 4370 682 4432 δανείσαντας
724 4376 903 4426 ἐκώλυε
932 4370 1013 4427 διὰ
1049 4380 1139 4428 τοῦ
1180 4370 1332 4429 τόκον
1368 4327 1543 4430 again»
1583 4386 1742 4433 ποιεῖν
1767 4377 1797 4436 ἣ

236 4393 290 4433 ης
337 4391 682 4432 cantantum;
724 4391 903 4426 εκωλυε
932 4391 1013 4427 atat
1049 4395 1139 4428 του
1180 4395 1332 4429 τοκον
1368 4391 1543 4430 ariete»
1583 4391 1742 4433 ποιεῖν
1767 4391 1797 4436 ἠ

203 4391 461 4497 Sculnam
486 4459 500 4496 :
525 4441 631 4495 Eos
652 4445 739 4511 qui
763 4460 827 4497 ea:
851 4445 1145 4513 syngrapha
1173 4446 1478 4513 (onerarent,
1511 4448 1661 4499 vetuit
1687 4463 1798 4499 um-

204 4512 333 4581 plius
358 4529 521 4581 quam
552 4513 771 4581 duplum
800 4512 1132 4569 sortisusura
1157 4512 1422 4583 conﬁcere.

268 4592 293 4620 ⁸
333 4583 653 4639 Observare
697 4585 818 4639 licet
863 4585 917 4638 in
966 4585 1047 4638 his
1094 4585 1272 4639 verbis
1305 4597 1538 4642 veterem
1592 4588 1796 4641 cultum

202 4651 324 4709 cleii
356 4653 631 4709 Gallicani
678 4669 741 4709 ac
771 4655 932 4711 totius
984 4656 1623 4712 Ecclesias.0ccidcntalis
1655 4676 1669 4712 :
1708 4659 1795 4712 ubi

202 4738 405 4779 comam
460 4726 725 4780 ﬂuentem
767 4728 945 4780 statim
986 4728 1295 4795 ponebant,
1346 4736 1437 4796 qui
1486 4743 1546 4781 se
1592 4729 1797 4782 militiai
1826 4702 1879 4763 D

201 4809 361 4851 sacrae
399 4797 773 4852 accinxerant.
807 4796 1129 4851 Prudentius
1163 4796 1231 4851 de
1266 4808 1452 4852 sancto
1488 4798 1796 4868 Cypriane:

313 4894 497 4947 Deﬂua
519 4897 754 4948 caesaries
772 4898 1098 4959 compescitur
1121 4897 1180 4945 ad
1204 4898 1385 4946 breves
1406 4897 1620 4959 capillos.

200 5000 261 5077 ξι
287 5012 519 5077 manent
549 5004 713 5077 hujus
744 5004 910 5057 moris
959 5004 1184 5077 vestigia
1235 5004 1289 5059 in
1340 5020 1494 5059 sacro
1538 5005 1643 5060 ritu
1694 5022 1798 5077 quo

201 5074 327 5128 fiunt
354 5074 574 5131 clerici.
617 5076 909 5144 Episc0pus
949 5074 1091 5129 enim
1116 5074 1269 5143 quos
1308 5084 1559 5144 cooptat,
1609 5079 1673 5131 iis
1710 5074 1799 5131 ea-

198 5145 445 5210 pillorum
476 5147 676 5203 cinnos
722 5144 844 5201 hinc
893 5146 1014 5200 inde
1041 5146 1271 5212 delibat,
1322 5162 1444 5217 qua:
1475 5150 1643 5216 prima
1679 5161 1797 5203 ton-

196 5228 312 5289 sura
354 5220 700 5283 nominatur,
742 5224 796 5271 et
836 5219 971 5289 tonsi
1012 5217 1143 5272 olim
1181 5219 1301 5287 ejus
1334 5218 1533 5289 gradus
1576 5220 1779 5275 clerici.

198 5283 329 5341 Olim
362 5291 517 5343 cnim
553 5303 742 5362 revera
776 5288 1152 5362 tondebantur,
1182 5283 1294 5362 nec
1313 5283 1494 5361 postea
1524 5291 1788 5362 integrum

194 5370 302 5429 erat
349 5375 574 5415 comam
619 5359 779 5414 alere.
842 5358 1089 5427 Synodus
1145 5358 1465 5429 Agath'ensis
1511 5358 1660 5417 cani
1688 5364 1784 5419 15:

196 5425 375 5484 Clerici
416 5432 509 5497 qui
542 5445 743 5483 comam
778 5425 1042 5492 nutriunt,
1077 5431 1138 5483 ab
1168 5425 1532 5486 archidiacono
1562 5435 1713 5487 etiam
1744 5436 1789 5488 si

195 5500 474 5567 noluerint,
502 5501 653 5555 inviti
680 5500 1070 5554 detondeantur.
1106 5500 1231 5555 Inde
1260 5503 1467 5556 concilii
1500 5518 1552 5556 tv
1574 5504 1789 5559 Cartha-

193 5578 429 5635 gmcnsis
452 5615 468 5638 ,
515 5587 642 5625 can.
683 5570 753 5625 M
784 5588 797 5623 :
833 5570 1060 5624 Clericus
1090 5587 1183 5625 nec
1210 5587 1407 5625 comam
1435 5575 1657 5634 nutriat,
1697 5591 1788 5629 nec

195 5637 397 5713 barbam
418 5637 605 5708 radat,
636 5642 716 5697 vel
751 5650 807 5697 ut
829 5642 916 5696 alii
943 5650 1150 5697 veteres
1180 5642 1297 5697 libri
1329 5642 1528 5713 legunt,
1554 5646 1778 5700 tondeat.

192 5707 416 5767 Barbam
454 5713 622 5784 igitur
646 5713 885 5779 alebant,
918 5721 978 5765 ut
1005 5712 1268 5783 hodieque
1297 5707 1581 5780 Graeci,'et
1605 5715 1779 5773 Latini

193 5794 296 5835 non
326 5786 531 5855 pauci:
554 5792 861 5855 utprorsus
884 5797 995 5855 non
1024 5784 1251 5852 capiam,
1275 5787 1415 5855 quod
1436 5786 1620 5841 scribit
1645 5785 1778 5842 Gre-

1912 3360 2086 3415 sorori
2118 3362 2363 3431 maritus,
2399 3361 2548 3418 fratri
2572 3364 2801 3420 necdum
2831 3374 3074 3432 curator,
3102 3368 3336 3423 curatori
3376 3382 3505 3425 ncc-

1913 3454 2038 3510 dum
2090 3454 2382 3510 satisdator
2438 3457 2690 3512 inventus
2737 3468 2852 3523 est;
2896 3459 3037 3529 quod
3067 3460 3282 3530 quidem
3330 3470 3505 3519 totum

1912 3547 2271 3604 creditoribus
2297 3548 2454 3615 bene,
2488 3548 2581 3603 sed
2613 3550 2770 3603 malis
2813 3548 3030 3604 dicitur.
3075 3550 3145 3604 At
3185 3566 3306 3605 cum
3339 3550 3503 3609 habet

1913 3640 2034 3698 talis
2059 3656 2287 3698 oersona
2313 3651 2802 3713 contractum,qu:e
2820 3642 2947 3700 velit
2971 3642 3205 3699 medium
3228 3644 3499 3709 relaxare,

1913 3878 2093 3934 Totius
2134 3879 2475 3935 Occidentalis
2512 3878 2756 3933 Ecclesia:
2787 3880 2975 3932 clerum
3012 3878 3072 3930 ab
3101 3894 3223 3947 ipsis
3257 3878 3499 3934 Ecclesia:

1911 3950 2100 4023 Christi
2125 3952 2418 4023 primordiis
2448 3952 2656 4023 barbam
2684 3950 2899 4023 radendi
2928 3965 3116 4023 morem
3144 3950 3381 4023 tenuisse.
3402 3949 3498 4004 La-

1910 4022 2004 4075 tini
2033 4019 2205 4077 tamen
2236 4033 2419 4089 postea
2448 4022 2666 4076 barbam
2695 4022 2935 4090 plerique
2985 4021 3294 4074 rasitarunt.
3330 4019 3497 4089 quue

1909 4090 2195 4148 discrimen
2242 4092 2411 4148 Graeci
2464 4092 2744 4162 Latinique
2813 4092 2993 4146 cieri:
3060 4090 3195 4157 quod
3247 4091 3495 4162 religioni

1908 4175 2105 4219 nostrae
2151 4165 2279 4218 nihil
2325 4165 2543 4219 officere
2592 4161 2839 4217 aconrate
2884 4162 3099 4215 disserit
3127 4163 3361 4231 synodus
3390 4161 3494 4217 Le-

1906 4235 2171 4289 movicina
2196 4251 2212 4291 :
2237 4237 2288 4290 in
2321 4236 2472 4303 cujus
2504 4235 2635 4287 actis
2664 4234 2769 4288 diei
2803 4233 3051 4288 secundae
3081 4236 3372 4287 recitantur
3398 4247 3496 4287 ca-

1906 4320 2073 4360 nones
2104 4306 2293 4377 synodi
2325 4306 2691 4368 Bituriceusis,
2722 4320 2950 4377 quorum
2981 4304 3245 4377 septimus
3264 4304 3494 4377 clericos

1904 4392 2092 4430 omnes
2135 4375 2413 4433 tonsuram
2462 4375 2878 4431 ecclesiasticam
2932 4376 3129 4430 habere
3173 4375 3353 4443 jubet,
3388 4375 3493 4430 hoc

1904 4456 1986 4501 est
2012 4449 2229 4502 barbam
2264 4463 2435 4503 rasam
2467 4456 2522 4503 et
2548 4462 2801 4502 coronam
2830 4446 2881 4499 in
2914 4448 3106 4515 capite.
3145 4447 3293 4501 Adeo
3328 4447 3491 4501 variae

1903 4518 2001 4589 hac
2034 4520 2192 4573 etiam
2227 4521 2277 4573 in
2312 4529 2460 4589 parte
2493 4520 2636 4572 vices
2665 4529 2962 4586 temporum
2996 4518 3230 4589 fuerunt.

1974 4587 2002 4625 ι)
2026 4589 2173 4644 Facit
2203 4587 2411 4644 Sidonii
2458 4589 2743 4653 dubitatio,
2775 4599 2832 4641 ut
2874 4587 3232 4656 intelligamus
3268 4588 3484 4642 brevem

1904 4672 2135 4723 comam,
2168 4660 2387 4715 barbam
2418 4662 2703 4730 prolixam.
2745 4658 3022 4730 monachis
3069 4673 3131 4711 ac
3179 4657 3489 4730 pmtiitenti-

1906 4730 2003 4784 bus
2030 4730 2190 4785 fuisse
2217 4747 2337 4786 cum
2365 4727 2577 4787 clericis
2604 4745 2965 4785 communem.
2992 4729 3067 4781 De
3097 4727 3372 4781 monachis
3389 4728 3476 4781 do-

1884 4803 1992 4853 cet
2022 4801 2254 4855 Hilarius
2284 4803 2616 4857 Arelatensis
2644 4801 2699 4857 in
2728 4800 2846 4854 Vita
2884 4799 3138 4854 Honorati
3171 4816 3183 4851 :
3223 4796 3483 4866 Redigun-

1908 4878 1991 4942 tur
2012 4872 2080 4923 ad
2111 4873 2275 4926 breves
2298 4873 2512 4942 capillos
2535 4873 2848 4927 luxuriantes
2874 4886 3050 4936 comae,
3085 4872 3390 4942 transfertur
3414 4868 3486 4921 ad

1906 4940 2120 5011 nitorem
2151 4945 2332 4997 mentis
2354 4939 2563 4997 restium
2584 4944 2853 5011 splendor,
2880 4942 3081 4995 cervicis
3118 4942 3291 4995 lactea:
3328 4939 3482 5011 decus

1904 5010 2076 5085 palliis
2108 5014 2382 5085 rigentibus
2409 5010 2723 5085 occupatur:
2747 5015 2939 5084 quibus
2961 5012 3137 5085 verbis
3159 5010 3479 5085 monachum

1904 5078 2173 5149 designat:
2197 5083 2326 5137 Item
2358 5078 2638 5140 Salvianus
2668 5078 2881 5139 libfvm
2916 5100 2929 5136 :
2976 5083 3126 5136 lntra
3154 5078 3483 5150 Carthaginis

1903 5169 2077 5207 muros
2105 5154 2398 5223 palliatum,
2417 5163 2463 5208 et
2486 5154 2756 5223 pallidum,
2770 5166 2815 5208 et
2834 5155 3009 5209 recisis
3026 5169 3288 5208 comarum
3314 5153 3483 5223 ﬂuen-

1902 5223 2027 5276 tium
2061 5222 2205 5294 jubis
2236 5242 2393 5295 usque
2422 5222 2491 5278 ad
2521 5236 2684 5279 cutem
2713 5235 2914 5295 tonsum
2940 5227 3108 5279 videre
3143 5222 3363 5295 populus
3396 5222 3481 5276 via.

1895 5303 2133 5360 poterat:
2158 5295 2209 5350 id
2234 5306 2317 5350 est
2348 5297 2690 5351 monachum.
2722 5294 2799 5349 De
2838 5294 3218 5364 paenitentibus
3250 5304 3426 5348 autem
3457 5333 3473 5355 ,

1892 5379 2101 5421 comam
2128 5365 2311 5421 itidem
2334 5368 2560 5423 tondere
2590 5366 2775 5422 solitos
2815 5375 3024 5420 constat
3072 5382 3137 5420 ex
3174 5379 3381 5419 canone
3410 5365 3477 5419 15

1894 5438 2085 5506 synodi
2119 5438 2466 5507 Agathensis,
2495 5446 2547 5492 et
2575 5452 2697 5493 can.
2734 5435 2800 5489 12
2831 5436 3019 5507 synodi
3068 5451 3124 5489 tu
3164 5436 3488 5498 Toletanaz,

1893 5508 1987 5583 ibi),
2012 5506 2458 5583 v_,_capitu|arium
2486 5508 2573 5563 5‘2.
2594 5507 2885 5583 Gregorius
2908 5506 3219 5583 Turon.lib_.
3249 5520 3320 5570 vr,
3352 5518 3487 5583 cap;
3532 5550 3543 5583 ί

1893 5577 1959 5655 57
1988 5597 1999 5631 :
2034 5576 2220 5655 Caput,
2246 5576 2731 5655 inquitptotonditg,
2766 5587 2917 5644 atque
2955 5576 3297 5655 paenitentiam
3329 5576 3493 5655 arti--i

1891 5650 2032 5717 piens
2060 5646 2300 5719 spiritum
2320 5646 2595 5706 exhalavit.
2626 5648 2754 5703 Inde
2780 5658 2862 5701 est
2884 5653 3023 5717 quod
3058 5646 3108 5699 in
3155 5646 3471 5719 0nirocriti-

1886 5723 1963 5773 cis
1987 5717 2178 5792 legitur
2202 5739 2216 5777 :
2240 5719 2353 5777 Ἐάν
2374 5744 2452 5782 τις
2472 5722 2554 5793 ἴδῃ
2580 5720 2657 5775 ὅτι
2679 5722 2944 5791 ἐκούρευσε
2967 5724 3061 5793 3er
3313 5718 3468 5793 οεύῖοῐ

1885 5793 1955 5867 (1g;
1979 5786 2064 5867 ⁸ἐν⁷
2088 5796 2237 5867 τύπῳ
2281 5786 2545 5867 μοναχῶς
2590 5786 2884 5854 μετανοήσει
2932 5788 3077 5853 οὗτος
3100 5830 3114 5857 ,
3143 5786 3173 5849 ἦ
3200 5786 3469 5857 ἀποϐαιλεί

194 5855 373 5919 gorius
405 5854 503 5911 Vll
527 5854 594 5911 ad
620 5854 854 5926 judiccm
871 5854 1229 5914 Caralitanum
1256 5854 1345 5914 lib.
1380 5874 1453 5927 tx,
1482 5863 1639 5929 epist.
1668 5860 1770 5916 10:
1806 5861 2063 5961 wﬂﬁg’am
