4140 6336
3316 238 3479 254 “*νδι,ν--
3494 246 3517 253 φ

613 324 712 381 53!
1156 328 1159 329 ⁷
1872 316 2118 375 SIDONII
2156 315 2611 377 APOLLINARIS,
3757 307 3861 364 553

613 430 735 496 cum
766 444 935 493 totum
960 434 1129 505 possit
1161 418 1405 500 exigere;
1446 432 1490 488 si
1532 446 1738 487 moram
1789 410 1990 501 patitur
2037 430 2184 502 quid-
2208 433 2260 492 Α
2289 447 2444 500 quam
2466 432 2638 502 palam
2670 443 2898 502 prootto,
2923 432 3252 503 strepituque
3292 430 3546 501 despecto
3575 428 3753 494 ,turbai
3780 431 3860 486 iu-

614 524 739 602 quid
771 526 989 599 propter
1034 518 1455 580 miS’ericordiam
1501 532 1840 581 concesserat
1879 524 1963 595 pie
1986 565 2001 591 ,
2042 518 2185 594 juste

614 618 847 695 rbp’oscit
875 612 1093 690 propter
1121 604 1392 687 injuriam.
1430 616 1577 673 Vale.

1127 700 1461 765 EPISTOLA
1499 708 1664 764 XXV.

943 796 1230 858 Sidoniusa
1255 800 1511 856 Domnulo
1540 817 1631 855 suo
1652 800 1888 856 salutem.

683 880 899 965 Nerines
922 891 1158 963 differre,
1193 894 1317 962 quin
1347 892 1559 962 grandis
1588 892 1963 947 communione
1991 895 2041 946 te
2061 902 2189 959 gau-

616 986 686 1045 dii
718 986 942 1044 festinus
974 984 1273 1057 impertiam
1309 1004 1320 1039 :
1353 980 1606 1040 nimirum
1644 998 1809 1040 nosse
1850 984 2186 1052 cupientem,

616 1078 742 1151 quid
770 1088 920 1148 pater
948 1087 1130 1132 noster
1150 1074 1205 1131 in
1235 1075 1468 1145 Christo,
1494 1076 1689 1147 pariter
1720 1082 1774 1130 et
1801 1074 2038 1144 pontifex
2080 1075 2180 1129 I’a-

616 1171 779 1236 tiens,
801 1168 831 1209 b
862 1168 1195 1226 Cabillonum
1219 1168 1506 1238 profectus,
1539 1182 1687 1223 more
1717 1167 2016 1238 religionis,
2040 1180 2190 1222 more

616 1261 931 1317 constantiae
977 1275 1086 1315 suae
1121 1258 1330 1315 fecerit.
1379 1259 1510 1314 Cum
1557 1259 1794 1315 venisset
1837 1259 1891 1314 in
1940 1258 2189 1330 oppidum

617 1352 1073 1423 suprascriptum,
1128 1348 1532 1421 prOvincialium
1602 1352 1938 1407 sacerdotum
1996 1350 2192 1421 praevio

617 1445 835 1515 partim,
868 1443 1059 1514 partim
1087 1440 1373 1500 comitante
1402 1443 1650 1513 collegio,
1682 1443 1887 1500 scilicet
1918 1451 1974 1499 ut
2021 1445 2194 1499 muni-

619 1536 760 1609 cipio
792 1552 1031 1594 summus
1054 1538 1241 1608 aliquis
1266 1540 1488 1593 antistes
1508 1538 1847 1593 ordinaretur
1878 1556 1891 1591 :
1924 1538 2078 1606 cujus
2104 1553 2193 1594 ec-

620 1633 797 1689 ulesite
821 1631 1098 1702 disciplina
1129 1634 1365 1699 nutabat,
1401 1618 1677 1703 poStquam
1700 1631 1883 1703 jnnior
1910 1634 2194 1703 episcopus

620 1723 813 1780 Paulus
848 1723 1166 1781 discesserat
1194 1718 1599 1794 decesseratque
1626 1742 1639 1778 :
1671 1734 1992 1794 exceperunt
2022 1726 2195 1797 ponti-

2287 525 2473 592 rentis,
2521 525 2675 595 jactis
2712 535 2930 596 repente
2978 526 3221 581 manibus
3266 534 3576 593 arreptum,
3623 523 3863 593 nihilque

2293 623 2403 672 tum
2434 617 2608 673 minus
2636 632 2793 688 quam
2818 632 2935 688 qua:
2958 619 3248 689 agebantur
3272 626 3545 687 optantem
3576 618 3860 684 suspican-

2295 718 2529 779 temque,
2557 721 2798 765 sanctum
2828 710 3084 765 Joannem
3110 754 3125 780 ,
3159 712 3330 766 virum
3364 710 3644 765 honestate
3664 752 3679 776 ,
3718 724 3867 763 inan-

2288 800 2570 857 suetudine
2599 801 2856 872 insignem
2890 802 3081 870 (lector
3110 800 3197 856 hic
3226 801 3451 871 primum
3477 844 3489 867 ,
3517 800 3595 855 sic
3620 800 3868 854 minister

2288 889 2494 957 altaris,
2520 890 2681 960 idque
2711 890 2777 944 ab
2801 890 3057 955 infantia;
3103 899 3220 960 post
3258 890 3499 945 laborum
3539 898 3867 958 temporum—

2291 996 2393 1048 que
2424 996 2696 1051 processu,
2732 980 3166 1047 archidiaconus;
3201 985 3251 1034 in
3282 995 3384 1048 quo
3413 996 3507 1036 seu
3533 980 3700 1051 gradu
3730 1019 3746 1046 ,
3776 995 3871 1035 seu

2292 1072 2586 1127 ministerio
2614 1072 2837 1126 multum
2866 1081 3106 1127 retentus
3134 1082 3351 1141 propter
3391 1072 3703 1127 industriam
3723 1112 3738 1137 ,
3784 1072 3873 1126 diu

2292 1165 2548 1236 dignitate
2573 1181 2679 1219 non
2711 1167 2878 1233 pomit
2908 1166 3112 1236 augeri,
3142 1181 3207 1220 ne
3250 1173 3516 1235 potestate
3565 1171 3753 1233 posset
3782 1164 3872 1217 ab-

2292 1259 2471 1328 solvi),
2500 1262 2733 1313 attamen
2765 1258 2906 1314 iiunc
2942 1270 2964 1298 ο
2992 1260 3101 1327 jam
3132 1258 3351 1313 secundi
3394 1256 3597 1313 ordinis
3624 1256 3873 1312 sacerdo-

2294 1358 2423 1423 tem,
2460 1353 2704 1409 dissonas
2734 1353 2875 1408 inter
2907 1352 3133 1421 partium
3163 1366 3341 1417 voces,
3384 1366 3504 1422 qua:
3547 1350 3875 1406 difTerebant

2293 1443 2511 1499 laudare
2549 1460 2654 1498 non
2690 1444 3049 1510 ambientem,
3090 1443 3183 1498 sed
3221 1458 3320 1499 nec
3354 1443 3621 1499 audebant
3660 1443 3879 1513 culpare

2294 1536 2647 1603 laudabilem;
2704 1537 3046 1605 stupentibus
3100 1535 3381 1607 factiosis,
3435 1534 3881 1593 erubescentibus

2294 1630 2469 1698 malis,
2493 1631 2911 1687 acclamantibus
2961 1629 3149 1697 bonis,
3200 1631 3615 1685 reclamantibus
3677 1629 3875 1698 nullis,

2295 1726 2551 1793 collegam
2581 1725 2682 1780 sibi
2712 1739 3112 1780 consecravere.
3143 1723 3297 1779 Nunc
3325 1740 3451 1795 ergo
3493 1722 3519 1760 ἀ
3544 1723 3799 1779 Jurensia
3838 1723 3882 1782 si

621 1808 771 1871 ii‘cale
792 1816 1075 1873 concilium
1109 1817 1266 1872 varia:
1290 1793 1595 1872 voluntates
1623 1793 2045 1887 Oppidanorum,
2098 1832 2195 1875 nec
2224 1793 2272 1855 Β
2298 1824 2351 1874 te
2372 1818 2649 1873 remittunt
2676 1817 2781 1889 iam
2817 1815 3146 1872 monasveria
3189 1815 3243 1871 in
3281 1793 3406 1886 quia
3429 1816 3658 1870 libenter
3690 1816 3885 1871 solitus

621 1904 725 1965 n'on
762 1918 816 1965 et
843 1909 954 1977 illa,
979 1918 1099 1981 quae
1124 1910 1320 1965 bonum
1353 1910 1618 1980 publicum
1649 1926 1861 1982 semper
1902 1919 2190 1981 evertunt,

622 2008 788 2061 studia
812 2007 1047 2077 privata;
1080 2022 1197 2076 qua:
1240 2006 1454 2078 quidam
1487 2007 1849 2062 triumviratus
1876 2008 2197 2063 accenderat

626 2098 782 2170 126
814 2099 1224 2168 competitorum
1272 2117 1284 2151 :
1318 2113 1543 2168 quorum
1576 2098 1699 2153 hinc
1740 2098 2010 2168 antiquam
2049 2106 2197 2151 nata-

621 2191 749 2244 lium
794 2190 1200 2261 praerogativam
1243 2190 1447 2260 reliqua
1493 2188 1778 2244 destitutus
1820 2203 2026 2243 morum
2074 2188 2199 2243 dote

623 2283 865 2337 ructabat
890 2299 903 2335 :
928 2282 1014 2335 hic
1038 2297 1131 2349 per
1152 2281 1389 2350 fragores
1412 2280 1747 2349 parasiticos,
1774 2281 2067 2334 culinarum
2093 2279 2204 2334 suf-

622 2374 793 2445 fragio
820 2382 1177 2443 comparatos,
1210 2372 1480 2443 Apicianis
1509 2373 1779 2442 plausibus
1818 2372 2192 2443 ingerebatur;

623 2462 711 2519 hic
738 2466 889 2534 apice
908 2466 1093 2520 votivo
1120 2464 1165 2519 si
1189 2465 1470 2533 potiretur,
1499 2465 1658 2519 tacita
1703 2464 1947 2533 pactione
2000 2465 2203 2534 prorni-

627 2564 771 2609 serat
826 2555 1185 2611 ecclesiastica
1232 2555 1568 2624 plausoribus
1616 2555 1725 2609 suis
1767 2555 1958 2623 prada:
2006 2556 2203 2626 praedia

626 2646 760 2701 fore.
793 2646 945 2712 Quod
975 2646 1063 2702 ubi
1090 2647 1335 2702 viderunt
1376 2657 1592 2702 sanctus
1634 2646 1850 2702 Patiens
1892 2656 1947 2703 et
1986 2657 2202 2704 sanctus

627 2738 1007 2809 Euphronius,
1049 2740 1137 2808 qui
1184 2740 1414 2809 rigorem
1462 2737 1875 2809 firmitatemque
1922 2741 2202 2796 sententiae

626 2829 871 2896 sanioris,
898 2838 1091 2899 praeter
1120 2829 1300 2884 odium
1332 2832 1685 2901 gratiamque,
1717 2831 1876 2900 primi
1909 2831 2199 2897 tenebant;

626 2922 852 2979 consilio
881 2936 1001 2978 cum
1032 2923 1363 2992 coepiscopis
1414 2923 1561 2993 prius
1590 2924 1727 2978 clam
1775 2926 2199 2993 communicato,

2302 1910 2611 1975 ascendere,
2637 1908 2746 1979 jam
2778 1908 3089 1964 caelestibus
3112 1908 3464 1980 supernisque
3508 1908 3763 1978 praeludis
3794 1907 3885 1961 ha.

2302 2002 2565 2067 bitaculis,
2591 2000 2823 2072 gaudere
2853 2010 2903 2055 te
2929 2016 3024 2071 par
3050 2008 3133 2057 est
3168 2000 3235 2057 de
3278 1998 3638 2057 communium
3674 2009 3885 2069 patrum

2305 2096 2387 2151 vel
2419 2100 2786 2164 patronorum,
2830 2096 2981 2165 127
3016 2109 3107 2148 seu
3140 2093 3217 2148 sic
3252 2094 3515 2148 sentiente
3556 2093 3885 2157 concordia,

2307 2200 2402 2242 seu
2431 2188 2508 2241 sic
2538 2187 2898 2241 concordante
2927 2186 3213 2241 sententia.
3244 2184 3389 2239 Illius
3422 2199 3635 2255 quoque
3665 2184 3887 2240 nomine

2307 2279 2541 2344 exsulta,
2574 2294 2729 2347 quem
2760 2285 3086 2333 creaverunt
3138 2276 3481 2348 Euphronius
3533 2277 3883 2346 testimonio,

2307 2367 2526 2423 Patiens
2551 2384 2728 2436 manu,
2760 2368 2917 2424 ambo
2943 2368 3165 2439 judicio.
3194 2370 3247 2423 in
3277 2385 3381 2438 quo
3407 2368 3887 2440 fecitEupbronius

2307 2464 2448 2532 quod
2480 2465 2788 2518 conveniret
2820 2479 2923 2517 non
2951 2463 3243 2518 senectutis
3287 2462 3446 2518 modo
3489 2478 3598 2517 suae
3625 2504 3639 2531 ,
3696 2478 3887 2519 verum

2309 2556 2467 2611 etiam
2518 2556 2788 2626 dignitatis
2840 2555 3161 2625 longaevitati
3212 2570 3227 2610 :
3273 2556 3401 2611 fecit
3446 2564 3501 2611 et
3546 2556 3762 2612 Patiens
3810 2557 3889 2613 vir

2310 2647 2597 2719 quamlibet
2624 2648 2828 2717 magnis
2860 2663 2953 2717 par
2974 2656 3150 2703 tamen
3183 2646 3447 2713 laudibus,
3471 2648 3611 2719 quod
3642 2648 3775 2703 satis
3798 2649 3889 2703 de~

2310 2741 2419 2795 cuit
2443 2740 2617 2794 facere
2648 2754 2953 2810 personam,
2982 2752 3098 2808 quae
3127 2744 3288 2807 caput
3315 2746 3396 2793 est
3421 2747 3443 2776 ε
3470 2737 3674 2793 civitati
3694 2747 3889 2793 nostra:

2312 2836 2408 2903 per
2435 2831 2810 2901 sacerdotium,
2845 2831 3138 2902 provinciae
3166 2846 3295 2888 vero
3332 2839 3527 2886 vestrae
3560 2846 3657 2900 per
3707 2830 3888 2887 civita~

2314 2930 2441 2980 tem.
2476 2924 2626 2979 Vale.

695 3030 799 3104 53
831 3039 857 3068 α
884 3031 1033 3105 Afro,
1068 3033 1184 3105 viro
1218 3032 1396 3096 docto,
1420 3042 1473 3086 et
1520 3033 1591 3105 ob
1627 3032 1833 3089 litteras
1865 3035 2189 3105 quaestorio:
2220 3038 2267 3101 C
2300 3014 2583 3105 epistolam
2609 3036 2670 3090 ll
2699 3035 2767 3090 de
2796 3033 3107 3092 Claudiano.
3138 3038 3394 3103 Joannes,
3420 3038 3617 3105 inquit,
3644 3054 3766 3093 cum
3798 3037 3890 3094 diu

627 3110 849 3172 quorum
870 3104 1092 3157 alterum
1125 3104 1314 3157 docent
1337 3105 1495 3171 epist.
1530 3104 1598 3157 15
1618 3114 1671 3159 et
1706 3106 1795 3170 15,
1823 3104 1917 3160 liti.
1946 3122 2019 3172 ix,
2068 3107 2197 3161 aite-

626 3185 741 3247 rum
763 3174 1083 3247 epiStola_ad
1113 3175 1403 3247 Polemium
1425 3216 1438 3240 ,
1474 3189 1590 3247 quae
1641 3176 1895 3241 praecedit
1932 3178 2048 3244 ejus
2092 3178 2204 3247 epi-

630 3242 959 3315 thalamium.
993 3244 1317 3299 Domnulum
1348 3242 1508 3299 etiam
1544 3246 1690 3315 inter
1726 3262 1820 3299 eos
1855 3242 2199 3315 qui‘scrip'tis

630 3315 739 3365 suis
765 3314 1029 3380 claruere,
1064 3322 1308 3369 numerat
1338 3322 1521 3370 auctor
1544 3312 1680 3369 Vitae
1714 3315 1896 3371 Hilarii
1921 3312 2201 3372 Arelaten-

631 3382 724 3460 sis.
761 3384 870 3436 Vox
901 3396 983 3460 est
1003 3387 1394 3460 dnozopiarmi,
1424 3402 1450 3437 a
1477 3386 1673 3460 domno
1700 3401 1793 3439 seu
1824 3387 2060 3460 domino.
2088 3388 2204 3441 Sal-

631 3454 819 3525 vianus
845 3454 1069 3521 epistola
1095 3453 1478 3524 ad'iiypatium
1516 3473 1527 3506 :
1558 3453 1666 3507 Illa
1693 3472 1785 3525 ego
1824 3467 1985 3511 vestra
2025 3458 2203 3512 Palla-

632 3523 741 3587 dia,
766 3534 937 3597 uestra
958 3527 1192 3597 gracula,
1216 3523 1378 3579 vestra
1407 3527 1652 3579 domnula
1680 3542 1698 3580 :
1725 3523 1843 3580 cum
1881 3544 1982 3596 qua
2026 3527 2104 3584 Itis
2134 3541 2205 3585 tot

632 3596 886 3666 vocabulis
914 3596 1172 3666 quondam
1199 3596 1637 3666 indulgentissimo
1664 3597 1849 3664 pietate
1875 3598 2082 3653 lusistis.

700 3663 729 3702 ι)
760 3663 1199 3720 νθιυςΕερΙμςὶιε
1234 3663 1488 3719 nios—erat
1513 3668 1562 3721 in
1586 3663 1849 3735 episc0pis
1876 3672 2208 3726 cuiistituen-

632 3734 733 3800 dis,
760 3745 815 3789 ut
838 3752 995 3809 quem
1049 3742 1223 3791 clerus
1278 3738 1530 3792 Ecclesiae
1580 3734 1635 3792 et
1686 3734 1963 3809 utriusque
2000 3742 2205 3797 ordinis

630 3809 858 3930 BOpuius
888 3807 1190 3875 delegisset,
1210 3811 1349 3862 hunc
1379 3810 1479 3862 sibi
1509 3807 2204 3879 collegisque'provincmii-

671 3891 731 3929 us
760 3879 845 3930 ani
875 3889 1254 3930 convenerant.
1305 3882 1579 3930 nrohatuin
1626 3883 2066 3930 metronolitanus
2092 3885 2204 3930 eni-

671 3891 731 3929 us
760 3879 845 3945 qui
875 3889 1279 3951 convenerant,
1305 3882 1579 3943 probatum
1626 3883 2066 3951 Inetropolitanus
2092 3885 2205 3951 epi-

630 3959 851 4017 sc0putn
882 3950 1225 4013 renuntiaret.
1265 3950 1369 4001 Leo
1398 3952 1663 4017 episcopis
1687 3950 1874 4004 Galliae
1894 3953 1961 4006 de
1987 3950 2206 4007 electio-

630 4016 1021 4090 negilavennii:
1049 4020 1197 4083 Quod
1220 4035 1357 4087 ergo,
1386 4020 1569 4090 inquit.
1588 4016 1645 4073 in
1675 4022 1960 4074 Arelatensi
1981 4025 2200 4090 civitate,

635 4087 875 4152 defuncto
899 4089 1057 4141 beata:
1084 4092 1338 4141 memoria:
1375 4088 1613 4154 Hilario,
1670 4092 1830 4143 virum
1869 4095 2021 4146 etiam
2064 4087 2206 4149 nobis

634 4157 922 4226 probatam,
971 4157 1179 4226 fratrem
1227 4158 1543 4211 Raveimium
1572 4202 1583 4221 ,
1631 4163 1906 4214 secundum
1955 4165 2205 4218 desideria

633 4224 778 4302 cieri,
815 4224 1176 4302 honoratorum
1210 4237 1254 4280 et
1287 4230 1445 4298 plebis
1486 4231 1791 4283 unanimiter
1829 4236 2162 4289 consecrastis
2187 4277 2201 4302 ,

635 4297 823 4371 bonum
840 4296 1184 4371 fraternitatis
1212 4296 1393 4371 vestrae
1404 4316 1542 4371 opus
1574 4311 1744 4353 nostra
1762 4302 1960 4371 judicio
1991 4296 2203 4359 robora;

637 4381 771 4419 mus.
798 4366 1036 4441 ldemad
1062 4370 1341 4435 episcopos
1379 4369 1693 4441 Viennensis
1736 4366 2022 4439 provinciae
2056 4395 2067 4428 :
2102 4374 2206 4430 Per

636 4448 813 4505 pacem
841 4446 888 4489 et
914 4437 1130 4506 quietem
1152 4442 1235 4505 qui
1265 4440 1535 4509 prwfutu'ri
1559 4450 1674 4493 sunt
1714 4437 2056 4509 postulentur.
2103 4446 2200 4499 Te—

635 4517 813 4579 nentur
846 4509 1147 4579 subscriptio
1190 4510 1516 4571 clericorum,
1568 4511 1931 4567 honoratorum
1978 4518 2200 4571 testimo-

635 4578 796 4655 nium,
827 4577 1019 4655 Ordinis
1041 4591 1311 4655 consensus
1337 4590 1382 4655 et
1413 4583 1570 4655 plebis
1600 4598 1618 4635 :
1659 4583 1745 4655 qui
1788 4588 2095 4655 pm’futttrus
2128 4595 2199 4642 est

636 4646 888 4725 omnibus,
947 4648 1010 4700 ab
1056 4650 1287 4725 omnibus
1339 4646 1607 4725 deligatur.
1650 4646 2023 4712 Convenerant
2073 4673 2201 4725 ergo

635 4713 1350 4795 Patien‘sl‘metropolitanus
1406 4713 1813 4795 Lugdunensis,
1864 4713 2202 4795 Euphronius

635 4788 914 4868 episcopus
971 4788 1725 4868 Augustodunensisfaliique
1759 4788 2111 4862 provinciales
2145 4807 2204 4854 ut

635 4865 738 4939 rite
765 4872 833 4913 ex
862 4871 1012 4939 more
1036 4872 1274 4939 agerent.
1300 4866 1399 4939 Qui
1427 4875 1549 4919 cum
1596 4866 1804 4939 diversa
1850 4870 1986 4939 nacti
2025 4880 2204 4924 essent

635 4930 830 4982 civium
860 4930 1056 5009 studia,
1106 4932 1205 4999 ipsi
1242 4934 1548 5009 episcOpum
1592 4938 1733 5009 inter
1767 4951 1825 4991 se
1861 4937 2173 5009 delegerunt

637 5010 798 5075 quem
820 5005 1047 5069 populus
1075 5004 1433 5056 renuntiatum
1464 5007 1780 5075 susciperet.

710 5078 732 5106 ε
760 5071 870 5151 iloc
904 5081 987 5124 est
1028 5075 1395 5151 presbyterum
1422 5114 1437 5140 ,
1485 5078 1573 5144 qui
1602 5071 1863 5151 isecundi
1902 5080 2104 5134 ordinis
2156 5090 2211 5135 et

637 5144 863 5206 proximi
896 5152 1015 5208 post
1044 5144 1350 5211 episcopum
1382 5155 1463 5198 est
1485 5148 1703 5215 gradus,
1738 5158 1793 5202 ut
1818 5149 2013 5203 dictum
2036 5159 2117 5204 est
2145 5152 2209 5205 ad

664 5218 1703 5255 Μ

2312 3109 2361 3161 in
2394 3106 2754 3162 archidiaconi
2787 3108 2951 3176 gradu
2983 3106 3232 3163 detentus
3262 3111 3447 3162 fuisset
3477 3122 3695 3178 propter
3727 3109 3889 3164 indu-

2308 3179 2649 3246 atriam.jam
2690 3187 2866 3231 tamen
2907 3188 3060 3233 aucta
3107 3179 3369 3249 dignitate
3408 3182 3689 3250 presbyter
3735 3189 3887 3244 erat,

2308 3263 2428 3321 cum
2455 3250 2654 3321 eiectus
2675 3260 2761 3321 est
2789 3250 2842 3303 in
2858 3252 3202 3321 episcopum.
3224 3250 3732 3305 Archidiaconorum
3754 3250 3891 3305 ordo

2308 3318 2363 3389 et
2393 3320 2587 3389 gradus
2639 3318 2765 3373 olim
2818 3320 2953 3372 alius
3011 3337 3118 3375 non
3168 3334 3283 3375 erat
3332 3338 3490 3389 quam
3518 3322 3890 3376 diaconorum.

2310 3388 2485 3457 Quare
2507 3406 2628 3444 cum
2654 3390 2951 3460 presbyteri
2981 3390 3199 3456 ﬁebant,
3227 3390 3651 3447 archidiaconatu
3690 3392 3887 3444 defun-

2309 3462 2588 3529 gebantur,
2619 3460 2759 3529 quod
2778 3476 2845 3514 ex
2876 3462 3107 3531 antiquis
3130 3462 3380 3518 omnibus
3411 3463 3644 3517 hismriis
3671 3462 3886 3529 perSpi‘

2308 3538 2463 3586 cuum
2492 3542 2593 3585 est.
2631 3532 2751 3586 ideo
2777 3540 3013 3586 canones
3039 3534 3130 3601 qui
3157 3532 3377 3599 ordines
3400 3548 3580 3588 sacros
3620 3533 3895 3587 archidiaa

2308 3601 2457 3656 Canis
2488 3602 2747 3671 indicunt,
2773 3618 2878 3656 non
2909 3603 3071 3658 alium
3095 3619 3252 3673 quam
3286 3605 3618 3659 diaconatum
3638 3603 3889 3672 praescri-

2307 3677 2461 3725 bunt.
2490 3672 2735 3743 Synndus
2756 3674 3046 3727 Arvernica
3082 3672 3278 3729 Urbani
3300 3674 3362 3738 Il,
3391 3690 3513 3728 can.
3555 3676 3588 3729 5
3620 3692 3633 3728 ;
3662 3674 3729 3729 Ut
3770 3674 3889 3726 nul-

2309 3745 2388 3797 lus
2436 3744 2526 3809 ﬁat
2576 3744 2800 3814 decenas
2844 3744 2899 3795 in
2952 3746 3160 3798 ecclesia
3219 3745 3315 3797 nisi
3368 3744 3660 3814 presbyter,
3713 3744 3888 3797 nullas

2308 3814 2698 3867 archidiaconus
2733 3813 2831 3865 nisi
2890 3814 3059 3869 levita.
3113 3815 3312 3867 Laxata
3357 3813 3551 3869 exinde
3606 3814 3888 3882 disciplina

2310 3897 2434 3956 usus
2461 3885 2689 3938 obtinuit
2733 3891 2790 3937 ut
2832 3882 3293 3939 archidiaconatus
3340 3885 3501 3940 etiam
3558 3882 3888 3956 presbyteris

2308 3954 2624 4009 deferretur.

2378 4022 2563 4095 digna:
2610 4027 2662 4078 in
2709 4025 2834 4079 .lura
2866 4034 3047 4080 monte
3098 4024 3304 4095 crebra.
3347 4024 3637 4095 Gregorius
3678 4027 3881 4081 Turon.

2308 4095 2360 4149 in
2399 4093 2520 4149 Vita
2560 4095 2809 4164 Lupicini
2856 4104 2911 4150 et
2954 4094 3177 4150 Romani
3230 4114 3241 4147 :
3278 4094 3381 4148 Illa
3427 4093 3661 4151 larensis
3706 4099 3892 4151 deserti

2310 4174 2522 4231 secreta,
2554 4182 2665 4237 qua:
2705 4169 2837 4220 inter
2885 4165 3239 4238 Burgundioni
3290 4167 3750 4238 Alamanniamque
3794 4170 3893 4221 sita

2308 4236 2571 4291 Aventicw'
2609 4240 2867 4309 adjacent
2895 4238 3104 4309 civitati.
3163 4236 3367 4309 Horatii
3419 4237 3574 4309 facile
3642 4236 3893 4309 princeps

2309 4305 2692 4362 monasterium
2724 4308 2780 4361 S.
2830 4307 3098 4375 Engendi,
3148 4307 3288 4376 quod
3338 4305 3393 4361 S.
3442 4305 3660 4364 Claudii
3706 4305 3892 4371 postea

2231 4408 2283 4469 Ι)
2312 4387 2687 4447 nuncupatum.
2721 4378 2788 4432 Ut
2819 4386 2994 4431 autem
3024 4378 3137 4431 hmo
3184 4377 3461 4441 Jurensia,
3512 4383 3590 4433 sic
3637 4380 3894 4434 Jurenses

2314 4446 2407 4469 ιρι
2463 4461 2611 4469 ...Α-Α-
2665 4448 2954 4469 ΠΙΑ-.Ι,-..,Δ-
2998 4448 3048 4469 ε..
3090 4447 3349 4469 ρι...Α..ξ--
3400 4448 3522 4469 Δί-.ε
3576 4449 3819 4469 n-l_-l_l_
3872 4465 3891 4469 _

2311 4447 2417 4519 54
2463 4461 2614 4517 reges
2663 4448 3051 4519 Flodoardoiin
3070 4447 3354 4519 iChronico
3395 4448 3524 4501 dicti
3576 4449 3895 4516 Bodulphus

2308 4518 2359 4573 et
2379 4518 2788 4587 Conradus,qui
2840 4519 2891 4572 in
2936 4518 3026 4572 illo
3067 4518 3387 4587 Burgundia:
3441 4529 3609 4574 traCtu
3654 4520 3890 4590 impera-

2310 4591 2455 4643 bant.

2383 4668 2406 4696 ε
2437 4658 2713 4727 Lugdnno,
2743 4657 2895 4727 cujus
2924 4666 3083 4726 caput
3111 4656 3359 4721 Patiens,
3399 4657 3521 4727 quia
3562 4658 3891 4727 episcopus;

2311 4744 2405 4795 per
2430 4730 2700 4784 civitatem
2729 4745 2859 4783 vero
2880 4768 2894 4793 ,
2929 4730 3053 4796 quia
3093 4728 3406 4797 Lugdunum
3463 4731 3777 4797 metropolis
3809 4741 3894 4785 est

2314 4800 2621 4866 provinciae,
2639 4800 2780 4853 idem
2801 4812 3012 4869 quaque
3032 4808 3193 4865 caput
3219 4800 3379 4869 totius
3395 4800 3680 4865 provinciae
3704 4802 3894 4869 prima:

2311 4870 2702 4941 Lugdunensis.
2732 4868 3043 4939 Lugdunum
3074 4884 3233 4941 porro
3263 4868 3455 4921 civitas
3492 4879 3544 4925 et
3592 4868 3769 4941 patria
3816 4872 3895 4925 Si-

2314 4939 2461 4995 donii
2493 4958 2505 4994 :
2529 4942 2642 5008 ejus
2672 4941 2975 5010 episcopus,
3004 4954 3125 4993 cum
3167 4940 3280 4992 hate
3309 4939 3850 5010 scriberetLPatiens
3874 4982 3892 5007 ,

2320 5026 2476 5072 alieni
2510 5008 2790 5079 propterea
2817 5012 2964 5065 initio
2994 5010 3234 5079 epismlae
3274 5023 3426 5063 suum
3465 5010 3519 5063 in
3559 5008 3772 5066 Christo
3800 5026 3896 5082 pa~

2316 5090 2450 5136 trem
2480 5090 2636 5136 vocat

1723 5241 3875 5266 ’Ἢ

1600 5298 2075 5405 LIBER
2159 5295 2916 5426 QUINTUS.

1019 5458 1174 5529 ηε
1214 5456 1540 5513 EPISTOLA
1579 5457 1813 5513 PRIMA.

947 5546 1192 5603 Sidonius
1220 5558 1246 5586 ι
1277 5549 1520 5604 Petronio
1549 5566 1637 5603 suo
1662 5550 1896 5603 salutem.

707 5634 879 5693 Audio
900 5641 1043 5701 quod
1067 5642 1365 5699 lectitandis
1394 5644 1636 5714 epiStolis
1665 5644 1799 5699 meis
1827 5644 2209 5713 voluptuosam

705 5774 737 5819 ι
761 5752 1089 5831 Arctatsnsis
1112 5775 1213 5832 fori
1240 5783 1448 5846 togato,
1480 5795 1636 5847 quem
1671 5780 1893 5843 Romam
1919 5794 2041 5837 cum
2081 5780 2198 5839 aliis
2255 5861 2261 5865 ψ

2314 5463 2625 5531 patientiam
2655 5462 2952 5533 impendas.
2984 5462 3227 5531 Magnum
3255 5463 3356 5519 hoc
3377 5472 3478 5531 est,
3510 5473 3564 5518 et
3594 5461 3897 5518 litterarum

2315 5556 2432 5612 viro
2452 5556 3057 5621 convenientissimum,
3102 5569 3221 5609 cum
3268 5555 3455 5610 studiis
3493 5556 3607 5625 ipse
3645 5554 3899 5609 maximis

2316 5649 2541 5718 polleas,
2568 5663 2629 5703 ea
2657 5647 2787 5703 etin
2810 5647 2925 5703 aliis
2966 5648 3126 5703 etiam
3162 5647 3381 5703 minima
3427 5646 3734 5717 complecti.
3783 5643 3897 5702 Sed

2307 5783 2538 5856 legatum
2566 5784 2795 5842 vidimus
2838 5784 2893 5841 in
2936 5797 3098 5840 causa
3138 5782 3373 5841 Arvandi
3419 5782 3512 5840 lib.
3552 5798 3600 5852 ι,
3632 5782 3793 5857 epist.
3832 5783 3893 5839 7.
