4140 6336
328 305 425 364 585

1550 290 2034 351 EPISTOLABUM
2072 294 2199 350 LIB.
2243 295 2304 350 V.

3464 302 3571 361 εει

325 438 384 479 ex
411 420 511 475 hoc
538 418 652 489 ipso
672 414 1186 473 consummatissima
1216 413 1311 470 tibi
1338 411 1506 484 gloria
1553 410 1877 480 repondera-
1903 409 1957 470 Δ
1984 409 2086 465 diae
2135 411 2355 467 habenis
2400 413 2717 485 obsequium
2765 415 2989 487 alloquii
3033 416 3355 486 impudentis
3404 418 3568 476 itera-

326 525 431 577 tur,
457 526 581 565 nam
617 512 745 565 satis
795 508 996 565 eminet
1028 506 1232 563 meritis
1269 504 1466 576 ingenii
1510 503 1751 574 proprii,
1795 500 1888 572 qui

323 605 469 659 fuerit
500 603 677 659 fautor
698 602 877 658 alieni.
920 601 1245 658 Commendo
1283 598 1586 655 Vindicium
1634 610 1886 653 necessa-

321 697 448 752 rium
477 695 633 767 129
659 710 857 757 meum,
883 693 1051 748 virum
1084 693 1413 764 religiosum,
1452 700 1505 745 et
1548 690 1775 744 leviticae
1805 687 1885 742 di-

319 787 495 858 gnitati
512 801 672 858 quam
686 786 1111 856 nuperindeptus
1125 795 1227 855 est,
1242 782 1878 839 accommodatissimum.

318 878 411 946 Qui
436 878 571 935 meis
596 892 625 933 e
658 877 1003 948 pugillaribus
1035 875 1326 931 transferre
1357 890 1475 945 qua:
1510 874 1750 945 jusseras
1776 888 1882 927 non

318 985 527 1037 vacans,
560 985 655 1041 per
686 983 844 1043 quam
870 968 1199 1039 provinciam
1231 966 1349 1032 luit,
1379 964 1465 1022 bic
1495 964 1644 1023 vobis
1686 962 1883 1035 aliquid

316 1060 604 1119 neniarum
649 1059 955 1115 munusculi
987 1059 1103 1114 vice
1133 1058 1319 1113 detulit
1353 1075 1367 1111 :
1415 1071 1715 1129 quanquam
1765 1072 1883 1126 qua:

316 1162 394 1207 tua
416 1149 703 1217 sanctitas,
728 1165 940 1222 semper
962 1148 1182 1221 grandia
1214 1149 1418 1204 litteras
1438 1157 1645 1202 nostras
1663 1147 1880 1219 praemia

314 1254 483 1315 putes.
527 1243 732 1298 Interea
777 1242 1150 1297 necessitatem
1196 1238 1401 1311 prtefali
1442 1239 1712 1310 portitoris
1760 1237 1884 1293 insi-

312 1350 431 1399 nuo,
469 1350 626 1403 quem
656 1335 816 1390 traxit
842 1331 944 1388 isto
971 1332 1166 1404 negotii
1199 1332 1372 1388 oborti
1418 1331 1668 1402 bipartita
1700 1329 1884 1385 condi-

311 1428 399 1482 tio.
429 1426 709 1498 Siquidem
741 1426 841 1482 bac
865 1426 1175 1481 deﬁnitione
1204 1425 1472 1495 perrexit,
1518 1433 1575 1478 ut
1610 1432 1699 1478 aut
1738 1422 1881 1478 ineat

311 1522 477 1585 litem,
508 1529 602 1574 aut
624 1519 779 1575 adeat
803 1518 1190 1574 luereditatem.
1221 1516 1353 1573 Nam
1396 1517 1618 1589 patrueli
1660 1526 1881 1588 paterno

309 1614 479 1667 tmlihi
508 1615 863 1684 intestatoque
892 1611 1175 1682 defuncm,
1226 1628 1319 1683 per
1354 1609 1650 1683 agnationis
1690 1624 1881 1681 prtcro-

307 1708 537 1776 gativam
568 1706 856 1763 succedere
879 1718 1031 1777 parat
1058 1723 1071 1772 ;
1097 1706 1197 1761 nisi
1224 1704 1403 1761 tamen
1428 1706 1618 1773 ereptis
1660 1703 1878 1759 factiosa

1992 517 2128 559 mus.
2163 502 2328 572 Cujus
2364 504 2672 575 improbitas
2697 508 2779 562 vel
2806 507 2932 564 hinc
2961 511 3189 565 maxime
3216 509 3562 581 dignoscrtur,

1989 595 2129 665 quod
2164 596 2368 653 tacetis.
2403 598 2541 669 Ergo
2575 616 2640 654 ne
2669 601 2793 670 quid
2827 609 3066 672 tempore
3107 603 3409 659 hostilitatis
3442 619 3567 672 age-

1988 685 2137 753 retis,
2162 686 2345 755 frater,
2375 703 2535 745 nosse
2563 706 2666 746 non
2705 694 2909 749 merui?
2943 694 3325 751 Dissimulastis
3357 698 3563 762 trepido

1987 791 2082 848 pro
2125 779 2274 834 vobis
2322 782 2493 835 amico
2542 782 2627 836 vel
2673 784 3011 839 securitatem
3064 787 3320 854 prodere,
3359 789 3444 842 vel
3494 788 3560 841 ti-

1986 873 2226 926 morem?
2254 872 2388 938 Quid
2417 882 2499 927 est
2528 872 2703 942 aliud,
2733 875 2775 928 si
2810 876 3100 944 requirenti
3133 888 3248 932 tuas
3275 879 3561 946 supprimis

1985 962 2242 1027 actiones,
2278 963 2429 1036 131
2463 979 2619 1035 quam
2661 966 2920 1035 suspicari
2960 982 3079 1021 eum
3112 970 3199 1038 qui
3232 972 3305 1024 tui
3346 971 3559 1025 sollici-

1985 1063 2070 1109 tus
2125 1056 2357 1124 existat,
2414 1066 2504 1111 aut
2566 1066 2713 1113 certe
2764 1074 2879 1113 non
2918 1059 3218 1129 gavisurum
3269 1064 3558 1133 compertis

1985 1148 2290 1218 prosperis,
2332 1159 2420 1204 aut
2466 1150 2703 1220 tristem,
2748 1151 2792 1205 si
2836 1151 3046 1206 diversa
3101 1153 3395 1220 cesserint,
3448 1170 3555 1208 non

1984 1236 2254 1296 futurum?
2289 1242 2541 1298 Facessat
2582 1243 2695 1298 hazc
2726 1258 2755 1297 a
2794 1243 2947 1299 bonis
2993 1244 3230 1298 moribus
3272 1245 3558 1314 impietatis

1987 1333 2193 1404 opinio,
2226 1342 2281 1390 et
2316 1350 2345 1388 a
2388 1334 2620 1391 candore
2660 1349 2757 1389 suo
2800 1349 2925 1390 vera
2964 1335 3159 1391 caritas
3197 1334 3402 1390 nmvum
3451 1346 3557 1391 tam

1984 1424 2194 1483 miserae
2242 1427 2562 1496 suspicionis
2607 1428 2865 1485 eliminet.
2915 1428 3185 1499 Namque,
3239 1436 3294 1483 ut
3338 1426 3559 1498 Crispus

1984 1528 2158 1575 vester
2196 1519 2453 1589 affirmat,
2507 1520 2645 1576 idem
2686 1522 2851 1589 velle,
2897 1532 3055 1593 atque
3100 1519 3239 1577 idem
3287 1521 3449 1585 nolle,
3493 1526 3557 1577 ea

1982 1608 2198 1667 demum
2246 1611 2398 1668 ﬁrma
2437 1613 2666 1669 amicitia
2710 1620 2810 1668 est.
2856 1612 3063 1668 Interea
3110 1612 3153 1668 si
3198 1612 3281 1667 vel
3324 1627 3418 1666 vus
3462 1626 3557 1667 va-

1984 1704 2135 1769 letis,
2192 1705 2328 1760 bene
2390 1713 2490 1761 est.
2546 1705 2657 1777 Ego
2714 1712 2893 1761 autem
2946 1704 3168 1760 infelicis
3214 1703 3558 1761 conscivntizu

294 1814 324 1849 -v
340 1797 380 1851 is
401 1796 605 1857 obviet.
629 1794 827 1852 Contra
858 1813 990 1868 quas
1034 1808 1209 1853 tamen
1253 1807 1474 1852 cunctas
1517 1795 1878 1862 difficultates,
1912 1781 1960 1843 Β
1987 1798 2125 1853 mole
2151 1798 2459 1868 depressus,
2494 1799 2545 1854 vi
2578 1798 2801 1855 febrium
2840 1814 3007 1869 nuper
3038 1806 3332 1853 extremum
3371 1794 3559 1851 salutis

306 1889 450 1944 solus
484 1899 605 1959 pOst
633 1904 789 1960 Opem
816 1888 1015 1946 Christi
1068 1891 1293 1962 supplici
1331 1900 1420 1945 tuo
1458 1888 1659 1945 sufﬁcis
1690 1904 1702 1941 :
1732 1887 1883 1958 cujus

304 1983 544 2047 conﬁdo,
568 1982 718 2055 quod
746 1983 793 2039 si
833 1984 1090 2040 meruerit
1132 1999 1361 2054 persona
1395 1982 1652 2054 gratiam,
1694 1996 1883 2038 conse-

304 2087 498 2145 quetur
518 2090 679 2131 causa
711 2074 1009 2130 victoriam.
1055 2072 1201 2131 Vale.

875 2166 1207 2224 EPISTOLA
1246 2167 1309 2224 ll.

600 2261 849 2317 Sidonius
878 2260 1200 2333 Nymphidio
1231 2279 1323 2317 suo
1354 2262 1588 2317 salutem.

368 2364 392 2391 ι
424 2353 647 2410 Librum
677 2354 743 2411 de
782 2354 933 2409 Statu
961 2354 1184 2417 animm,
1216 2356 1384 2411 tribus
1424 2353 1778 2410 voluminibus
1814 2354 1880 2411 il-

300 2445 560 2511 lustrem,
592 2446 880 2501 Mamertus
918 2444 1241 2502 Claudianus
1265 2487 1280 2513 ,
1338 2446 1689 2516 peritissimus
1730 2444 1912 2501 Chri-°

296 2539 601 2594 stianorum
634 2539 1005 2610 philosophus,
1038 2548 1092 2596 et
1114 2540 1478 2610 quorumlibet
1518 2542 1719 2612 primus
1760 2556 1882 2596 eru-

295 2629 536 2687 ditorum
566 2632 690 2687 totis
719 2642 935 2689 sectatae
964 2633 1318 2704 philosophia:
1345 2636 1624 2703 membris,
1656 2635 1878 2704 artibus,

296 2726 648 2805 partibusque
678 2740 891 2782 comere
917 2736 968 2781 et
996 2728 1243 2785 excolere
1272 2729 1502 2796 curavit,
1532 2746 1723 2787 novem
1746 2748 1880 2803 quas

294 2830 494 2876 vocant
521 2818 718 2887 Musas,
741 2819 1051 2890 disciplinas
1089 2822 1341 2893 aperiens
1373 2839 1496 2880 esse
1519 2866 1535 2892 ,
1582 2840 1691 2881 non
1724 2824 1880 2880 femi-

293 2927 411 2968 nas.
444 2912 688 2982 Namque
720 2916 770 2968 ln
808 2914 1015 2984 paginis
1050 2914 1166 2982 ejus
1205 2915 1401 2985 vigilax
1451 2917 1620 2971 lector
1649 2918 1883 2974 inveniet

293 3004 510 3058 veriora
542 3003 761 3059 nomina
790 3004 1193 3074 Camoenarum,
1225 3023 1347 3077 qua:
1395 3008 1668 3078 propriam
1715 3009 1781 3065 de
1824 3025 1880 3067 se

293 3093 394 3149 sibi
451 3095 669 3165 pariunt
724 3098 1198 3167 nuncupationem.
1264 3101 1420 3173 130
1478 3101 1590 3157 Illic
1632 3102 1774 3158 enim
1825 3112 1880 3160 et

289 3188 647 3256 grammatica
672 3188 883 3258 dividit,
914 3198 968 3245 et
996 3192 1228 3247 oratoria
1252 3191 1555 3263 declamat,
1607 3204 1659 3250 et
1704 3197 1874 3252 arith-

290 3280 493 3334 metica
520 3290 800 3347 numerat,
844 3291 898 3338 et
936 3285 1226 3355 geometria
1269 3288 1526 3354 metitur,
1570 3297 1623 3343 et
1676 3290 1877 3365 musica

290 3369 579 3439 ponderat,
604 3380 659 3427 et
686 3372 959 3429 dialectita
987 3375 1242 3446 disputat,
1274 3385 1328 3433 et
1352 3379 1639 3450 astrologia
1670 3396 1877 3450 praeno-

288 3461 415 3526 scit,
449 3469 503 3515 et
526 3461 941 3518 architectonica
965 3468 1143 3532 struit,
1192 3478 1245 3521 et
1294 3470 1514 3525 metrica
1550 3470 1873 3527 modulatur.

292 3549 476 3618 Hujus
505 3552 748 3607 lectionis
777 3556 1012 3609 novitate
1040 3558 1268 3625 laetatus,
1302 3559 1673 3630 excitatusque
1703 3573 1878 3618 matu—

288 3642 483 3709 ritate,
508 3645 699 3711 raptim
731 3647 1115 3701 recensendam
1140 3649 1689 3720 transferendamque,
1714 3662 1770 3707 ut
1801 3654 1878 3707 vi-

287 3733 481 3798 deras,
517 3735 716 3803 petisti,
752 3745 807 3790 ut
835 3737 1063 3806 petieras
1088 3738 1416 3807 impetrasti,
1445 3742 1545 3796 sub
1590 3744 1877 3814 Sponsione

281 3826 419 3881 cita
440 3824 832 3883 redhibitionis.
854 3827 964 3884 Nec
992 3846 1078 3885 me
1099 3830 1230 3897 falli,
1256 3845 1353 3887 nec
1385 3842 1437 3887 te
1466 3832 1653 3890 fallere
1688 3834 1865 3891 decet.

282 3917 530 3986 Tentpus
554 3925 640 3973 est
665 3919 1002 3976 commodata
1028 3921 1235 3977 restitui
1272 3936 1287 3977 :
1316 3925 1437 3994 quia
1468 3924 1606 3981 liber
1651 3927 1783 3997 ipse,
1826 3926 1871 3983 sl

283 4008 513 4080 placuit,
542 4007 722 4064 debuit
753 4008 1009 4068 exhibere
1030 4013 1363 4080 satietatem,
1390 4016 1434 4070 si
1464 4015 1754 4086 displicuit,
1779 4018 1870 4074 de-

284 4102 408 4157 buit
436 4116 654 4157 movere
675 4105 970 4161 fastidium.
1002 4105 1081 4160 Tu
1100 4117 1278 4162 autem
1301 4108 1555 4178 quidquid
1602 4109 1734 4165 illud
1757 4120 1869 4178 est,

284 4192 455 4249 ﬁdam
487 4204 628 4250 tuam
659 4196 911 4253 celeriter
938 4197 1195 4253 absolve:
1229 4215 1295 4254 ne
1325 4200 1368 4254 si
1411 4203 1693 4270 repetitum
1727 4204 1871 4260 libel-

281 4282 395 4344 lum
428 4290 601 4344 serius
632 4291 855 4349 reddere
879 4308 1053 4363 paras,
1079 4291 1421 4351 membranas
1440 4297 1614 4367 potius
1640 4298 1869 4358 videaris

280 4394 497 4446 amare,
525 4395 684 4451 quam
706 4384 935 4439 litteras.
958 4384 1110 4440 Vale.

846 4476 1175 4532 EPISTOLA
1216 4478 1303 4532 ΙΙΙ.

604 4566 848 4624 Sidonius
876 4570 1167 4641 Apollinari
1194 4588 1285 4627 suo
1308 4574 1546 4629 salutem.

353 4644 463 4722 Par
483 4667 598 4714 erat
619 4660 835 4730 quidem
861 4663 1230 4733 garrulitatem
1262 4677 1499 4721 nostram
1531 4668 1732 4724 silentii
1772 4685 1864 4727 ve-

279 4754 377 4803 stri
405 4748 610 4804 talione
646 4749 869 4807 frenari.
916 4752 1022 4807 Sed
1056 4754 1309 4821 quoniam
1356 4754 1588 4823 perfecta
1643 4757 1860 4814 dilectio

277 4844 387 4893 Iron
421 4847 534 4893 tam
556 4838 717 4895 debet.
741 4841 981 4897 recolere
1002 4842 1129 4913 quid
1157 4842 1452 4898 ofﬁciorum
1484 4846 1675 4913 solvat,
1702 4862 1861 4917 quam

281 4932 602 4989 meminisse
622 4934 749 5005 quid
772 4934 996 5015 debeat;
1020 4935 1183 4992 etiam
1214 4953 1354 4994 nunc
1383 4940 1574 4994 laxatis
1611 4957 1867 5000 verecun-

280 5065 418 5123 lluic
469 5078 600 5137 ergo
647 5078 701 5123 ut
744 5068 1123 5136 juriseonsulto
1179 5071 1516 5126 commendat
1557 5044 1856 5133 Vindieiirm

279 5137 668 5263 ecclesiae‘stfe
698 5139 1007 5206 diaconum,
1044 5142 1196 5212 cujus
1242 5143 1435 5198 iterum
1481 5144 1723 5201 meminit
1763 5147 1859 5203 lib.

278 5222 379 5264 vrt.
411 5223 529 5264 eois
558 5248 573 5263 .
636 5249 649 5264 .

280 5224 873 5406 :Elgzlsrigrgejusque
899 5290 1113 5339 auctore
1159 5282 1468 5353 Claudiano,
1503 5292 1669 5343 multa
1697 5289 1854 5358 epist.

461 5394 477 5406 .
526 5368 539 5405 ι
586 5368 693 5406 .rv.

339 5364 393 5404 ει
421 5364 477 5407 ὃ.
505 5364 598 5406 IID.
624 5368 693 5407 IV.

351 5368 393 5404 ει
421 5368 456 5406 ο
505 5368 598 5406 ιιι).
624 5368 693 5407 rv.

351 5419 379 5501 ξ’
414 5394 732 5501 Ambrosius
754 5423 806 5478 in
833 5439 889 5501 re
916 5422 1046 5501 pari,
1073 5424 1173 5501 hoc
1194 5426 1346 5501 estin
1374 5428 1635 5501 auspiciis
1647 5429 1857 5501 impacri

283 5493 648 5573 episc0patus,
680 5494 817 5573 lih.-t
848 5494 911 5549 de
939 5493 1137 5573 Ofﬁciis
1164 5493 1522 5573 ministrorum
1555 5493 1859 5573 :_Cuntfjam

283 5561 523 5634 eﬂ'ugere
541 5580 639 5616 non
663 5566 909 5632 possimus
938 5565 1152 5634 oﬂicium
1179 5567 1422 5629 docendi,
1454 5568 1587 5634 quod
1619 5561 1762 5625 nobis
1785 5590 1862 5626 re-

284 5630 597 5709 fugientibus
641 5630 881 5709 imposuit
927 5630 1196 5709 sacerdotii
1245 5630 1576 5709 necessitudo.
1630 5640 1696 5694 Et
1747 5651 1864 5709 post

286 5702 387 5785 alia
420 5720 441 5785 ξ
472 5700 749 5785 Egoenim
779 5716 953 5785 raptus
988 5707 1418 5785 detribunalibus
1458 5719 1604 5780 atque
1639 5700 1863 5785 admini-

291 5777 551 5831 strationis
590 5777 767 5840 infulis
794 5778 862 5833 ad
890 5779 1244 5845 sacerdotium,
1275 5780 1451 5838 docere
1472 5777 1553 5836 vos
1581 5784 1706 5852 ccepi
1726 5785 1861 5855 quod

1985 1890 2216 1956 accessi;
2254 1900 2307 1945 ut
2352 1900 2474 1960 pote
2510 1891 2593 1945 cui
2622 1890 2989 1961 indignissimo
3020 1898 3179 1945 tantae
3210 1888 3558 1959 professionis

1987 1982 2190 2053 pondus
2253 1984 2538 2052 impactum
2596 1992 2677 2040 est
2723 2002 2735 2036 :
2791 1982 2883 2054 qui
2942 1984 3104 2038 miser
3148 1980 3174 2019 ι)
3228 1991 3350 2037 ante
3405 1996 3556 2037 com-

1986 2077 2167 2145 pulsus
2222 2076 2418 2133 docere
2464 2092 2624 2148 quam
2672 2077 2908 2145 discere,
2957 2084 3010 2131 et
3053 2086 3175 2130 ante
3227 2088 3557 2146 prmsumens

1984 2168 2181 2225 bonum
2240 2167 2533 2240 praedicare
2586 2185 2743 2239 quam
2798 2170 3006 2237 facere,
3057 2174 3302 2238 tanquam
3361 2166 3556 2222 sterilis

1985 2265 2162 2331 arbor,
2207 2281 2326 2320 cum
2369 2279 2476 2319 non
2524 2264 2747 2319 habeam
2782 2278 2942 2332 opera
2989 2278 3084 2333 pro
3126 2263 3318 2332 pernis,
3364 2266 3557 2330 Spargo

1982 2357 2144 2412 verba
2200 2374 2297 2429 pro
2360 2354 2520 2411 foliis.
2579 2354 2729 2423 Quod
2783 2364 2977 2421 restat,
3030 2362 3201 2418 orate,
3257 2360 3317 2407 ut
3377 2367 3556 2421 Operre

1984 2448 2209 2523 pretium
2264 2450 2362 2515 sit,
2408 2446 2548 2518 quod
2607 2447 2673 2500 ah
2728 2446 2931 2499 inferna
2994 2443 3376 2514 pmpemodum
3430 2442 3557 2496 sede

1983 2540 2337 2597 remeavimus
2372 2558 2384 2593 :
2428 2556 2493 2595 ne
2531 2538 2574 2594 si
2628 2538 2678 2593 in
2724 2535 3005 2608 praeteritis
3051 2535 3366 2591 criminibus
3406 2548 3557 2587 man~

1982 2634 2246 2696 serimus,
2290 2632 2505 2702 incipiat
2547 2629 2612 2685 ad
2665 2632 2855 2685 anima:
2896 2629 3073 2700 potius
3117 2635 3342 2683 mortem
3394 2625 3557 2696 perti-

1984 2742 2133 2793 nere,
2189 2725 2329 2797 quod
2377 2725 2622 2779 vivimus.
2681 2722 2816 2778 Ecce
2864 2720 3003 2793 quod
3052 2720 3255 2791 agimus
3305 2716 3555 2772 indicavi-

1985 2836 2142 2883 mus;
2192 2835 2319 2875 ecce
2370 2819 2543 2874 adhuc
2590 2814 2716 2887 quid
2770 2815 2938 2885 agatis
2996 2811 3333 2883 inquirimus.
3393 2809 3479 2864 Fit
3527 2824 3557 2865 a

1984 2922 2163 2966 nostra
2213 2919 2360 2978 parte
2404 2907 2544 2978 quod
2591 2907 2735 2977 pium
2778 2915 2906 2960 est:
2949 2920 3043 2958 vos
3096 2904 3350 2974 deinceps
3400 2901 3557 2958 facile

1982 3005 2123 3075 quod
2161 3003 2386 3059 videtur.
2420 3000 2551 3055 lllud
2582 3015 2712 3056 sane
2738 3000 2883 3054 velut
2916 2998 3117 3053 Atticas
3152 2998 3298 3067 leges
3341 2996 3409 3049 ita
3449 3010 3557 3051 aere

1983 3095 2184 3152 credite
2218 3096 2440 3150 incisum
2468 3136 2482 3161 ,
2515 3107 2613 3147 nos
2653 3093 2752 3147 sub
2790 3107 2893 3162 ope
2921 3089 3116 3146 Christi
3152 3105 3421 3159 nunquam
3462 3086 3557 3143 ad-

1981 3193 2237 3247 missuros
2266 3189 2463 3244 amoris
2488 3189 2794 3255 terminum,
2828 3185 2979 3257 cujus
3008 3183 3309 3253 studuimus
3334 3181 3556 3241 fundare

1977 3287 2316 3359 principium.
2343 3284 2490 3340 Vale.

2441 3376 2594 3447 132
2634 3372 2964 3432 EPISTOLA
3002 3371 3090 3427 1v.

2266 3464 2269 3471 ’
2296 3470 2541 3526 Sidonius
2575 3469 2843 3538 Simplicio
2880 3483 2970 3524 suo
2998 3456 3236 3521 salutem.

2050 3560 2202 3627 Quod
2233 3575 2339 3615 non
2367 3561 2543 3627 recepi
2573 3562 2767 3630 scripta
2790 3561 2877 3630 qui
2903 3560 3172 3621 miseram,
3198 3556 3400 3625 imputo
3422 3554 3554 3609 ami«

1977 3656 2135 3722 citim,
2160 3654 2251 3708 scd
2274 3655 2468 3723 deputo
2490 3654 2608 3723 plus
2628 3654 2836 3722 pudori.
2854 3653 3006 3716 Nam,
3032 3652 3130 3705 nisi
3151 3660 3339 3719 praeter
3360 3663 3555 3717 equum

1977 3754 2217 3812 autumo,
2247 3756 2303 3799 ut
2327 3744 2576 3800 salutatio
2608 3744 2737 3798 mihi
2764 3743 2941 3799 debita
2968 3742 3411 3805 dissimularetur,
3446 3755 3554 3811 non

1979 3837 2107 3891 illud
2133 3836 2464 3891 contumacia
2486 3874 2500 3900 ,
2542 3833 2638 3891 sed
2664 3833 2985 3890 verecundia
3014 3835 3130 3887 fuit.
3160 3834 3229 3888 At
3256 3833 3299 3886 si
3332 3831 3554 3886 ulterius

1980 3928 2184 3998 pagina:
2220 3927 2474 3997 garrienti
2520 3926 2688 3982 forem
2728 3925 2960 3991 claudis,
2995 3925 3261 3996 pessulum
3297 3923 3549 3994 opponis;

1976 4020 2138 4093 Quieti
2181 4019 2393 4090 quidem
2439 4027 2544 4075 tua:
2589 4033 2693 4074 non
2740 4017 2936 4074 invitus
2981 4017 3260 4087 indulgeo,
3306 4017 3399 4071 sed
3446 4031 3553 4077 non

1974 4113 2212 4185 procula
2240 4120 2291 4166 te
2323 4126 2442 4166 reos
2473 4126 2619 4166 meos
2640 4111 2981 4166 inventurum
3009 4125 3095 4165 me
3119 4123 3242 4165 esse
3270 4108 3549 4163 denuntio.

1972 4206 2103 4261 Nam
2130 4214 2288 4260 totam
2319 4203 2515 4259 silentii
2537 4202 2698 4257 vestri
2726 4201 2977 4257 invidiam
3004 4193 3136 4256 ve'rti
3166 4214 3268 4255 non
3298 4198 3549 4268 injurium

1972 4308 2054 4355 est
2082 4299 2149 4353 ad
2178 4296 2477 4367 superbiam
2521 4294 2780 4358 ﬁliorum,
2815 4295 2903 4365 qui
2950 4308 3008 4349 se
3047 4292 3190 4361 diligi
3222 4292 3542 4353 sentientes,

1971 4390 2236 4460 quoddam
2270 4388 2542 4458 patiuntur
2579 4388 2645 4443 de
2696 4396 2878 4443 nostra
2919 4384 3201 4441 sedulitate
3230 4381 3497 4437 fastidium
3530 4396 3543 4431 :

1970 4496 2104 4554 quos
2133 4494 2354 4536 monere
2383 4494 2482 4548 pro
2510 4479 2680 4548 patria
2711 4476 3032 4533 auctoritate
3059 4473 3297 4535 debetis,
3329 4480 3385 4525 ut
3420 4484 3550 4524 con-

1974 4583 2156 4631 tracta:
2182 4572 2317 4643 apud
2345 4586 2443 4626 nos
2471 4570 2690 4627 offensae
2716 4566 3127 4624 amaritudinem
3162 4562 3343 4636 politis
3370 4560 3547 4615 amiti-

1970 4666 2071 4722 bus
2104 4664 2320 4720 dulcare
2350 4676 2456 4716 non
2486 4661 2752 4716 desinant.
2784 4658 2934 4714 Vale.

2538 4742 2871 4805 EPISTULA
2913 4746 2976 4801 V.

2288 4844 2532 4901 Sidonius
2563 4853 2586 4881 ε
2625 4841 2848 4913 Syagrio
2875 4854 2966 4893 suo
2996 4837 3229 4892 salutem.

2042 4943 2175 4997 Cum
2207 4938 2279 4994 sis
2307 4935 2540 4993 consulis
2571 4948 2860 5007 pronepos,
2887 4932 3047 5001 idque
3073 4944 3168 5000 per
3193 4924 3400 4981 virilem
3426 4937 3548 4979 suc-

1965 5078 2074 5148 ipse
2098 5092 2198 5130 non
2228 5074 2405 5148 didici.
2432 5071 2610 5144 Itaque
2631 5071 2823 5142 factum
2845 5079 2939 5135 est,
2971 5078 3025 5122 ut
3047 5067 3189 5139 prius
3208 5067 3389 5122 docere
3414 5065 3546 5120 inci—

1966 5145 2135 5220 perem
2162 5163 2311 5220 quam
2337 5145 2549 5220 discere.
2620 5213 2653 5220 __
2929 5211 2961 5220 η
3136 5216 3141 5219 Δ
3289 5208 3302 5220 .

2044 5230 2065 5257 ε
2102 5211 2297 5291 Afranii
2336 5215 2540 5285 Syagrii
2585 5213 2709 5268 olim
2754 5211 2993 5291 consulis
3025 5211 3339 5291 pronepgti,
3382 5224 3548 5291 alque

1968 5292 2152 5353 etiam,
2184 5289 2275 5342 sed
2306 5280 2499 5356 genere
2530 5295 2793 5348 materno,
2826 5300 2889 5356 ex
2915 5282 3019 5335 ﬁlia
3048 5292 3204 5356 ortus
3224 5280 3543 5356 Tonantius,

1968 5360 2062 5416 lib.
2093 5351 2332 5427 t,'epi.~t.'
2351 5360 2399 5412 7.
2428 5358 2504 5413 Ad
2539 5358 2678 5411 hunc
2708 5369 2835 5408 vero
2867 5353 3052 5427 iterum
3085 5351 3267 5427 scribit
3294 5352 3381 5427 liti.
3415 5367 3544 5427 vrri,

1968 5422 2127 5503 epist.
2160 5422 2223 5503 48'.
2263 5430 2467 5501 Syagrii
2518 5427 2900 5503 Lugdunenses
2947 5422 3293 5503 l'rrere.nNarri
3339 5422 3544 5503 Syagrii

1967 5492 2201 5558 consulis
2245 5492 2544 5567 sepulcrum
2570 5492 2854 5567 Vllugduni,
2897 5502 3065 5567 epist.
3096 5494 3167 5567 12
3204 5492 3362 5567 hujus
3392 5492 3545 5557 libri;

1966 5582 2021 5631 et
2055 5590 2120 5629 ex
2158 5563 2341 5626 eadem
2373 5579 2529 5633 gente
2559 5563 2809 5639 Syagria,
2844 5581 3011 5639 quam
3054 5565 3298 5639 Ecclesia:
3329 5563 3543 5639 thesau-

1966 5661 2081 5700 rum
2116 5645 2342 5711 appellat
2367 5634 2639 5711 Ennurliris
2673 5640 2725 5691 in
2743 5636 3072 5711 ‘Epiplran‘io,
3110 5634 3348 5705 Lugduni
3370 5634 3541 5711 liore-

1966 5661 2081 5700 rum
2116 5660 2142 5696 ll
2186 5660 2342 5711 pellat
2367 5660 2639 5694 Ltlnttlllus
2673 5660 2725 5691 ιιι
2761 5660 3072 5704 ημψιιειιιιυ,
3110 5660 3348 5705 uuguum
3381 5660 3541 5687 utin-.-

1964 5714 2055 5772 bat
2087 5660 2184 5769 sui:
2209 5710 2558 5768 Guntlobaldo
2588 5725 2712 5779 rege
2741 5707 3168 5777 Burgundionum
3198 5725 3213 5779 _:
3247 5706 3385 5773 apud
3409 5720 3543 5779 quos

1965 5796 2021 5846 et
2050 5786 2135 5843 hic
2182 5784 2431 5855 Syagrius
2473 5782 2525 5837 in
2569 5776 2759 5854 pretio.
2800 5776 2982 5849 itaque
3018 5779 3159 5849 quod
3188 5776 3541 5851 Symmachus
