4140 6336
542 302 648 361 555

544 503 718 562 minus
746 500 980 571 attinet);
1009 515 1129 555 cum
1172 499 1247 554 sis
1287 498 1446 568 igitur
1492 512 1523 553 e
1561 498 1765 553 semine
1805 506 2003 566 poetae,
2036 496 2120 551 cui

545 596 913 669 proculdubio
939 604 1141 649 statuas
1168 593 1429 650 dederant
1450 594 1674 659 litterae,
1709 594 1753 647 si
1785 593 1981 647 trabea;
2012 607 2117 646 non

546 692 816 748 dedissent
850 707 863 742 :
905 689 1046 757 quod
1076 690 1236 743 etiam
1276 704 1419 744 nunc
1446 688 1680 744 auctoris
1709 688 1847 742 culta
1882 688 2121 742 versibus

545 785 705 837 verba
739 788 1017 845 testantur,
1050 796 1079 835 a
1110 795 1214 850 quo
1245 781 1418 836 studia
1449 789 1805 851 posterorum,
1840 795 1907 835 ne
1937 795 2121 849 parum

545 872 757 945 quidem
781 912 797 938 ,
828 872 1021 942 quippe
1052 872 1104 926 in
1137 870 1237 926 hac
1278 881 1457 941 parte,
1489 872 1948 941 degeneraverunt
1977 887 1991 925 :
2025 872 2125 924 im-

545 980 702 1020 mane
729 973 944 1019 narratu
976 973 1078 1026 est,
1110 973 1366 1033 quantum
1404 963 1556 1046 133
1588 972 1829 1032 stupeam
1859 961 2123 1015 sermonis

551 1065 604 1110 te
630 1054 933 1110 Germanici
956 1055 1197 1108 notitiam
1232 1064 1375 1108 tanta
1404 1060 1656 1109 tacdttate
1680 1055 1937 1125 rapuisse.
1965 1052 2125 1122 Atqui

548 1134 829 1215 pueritiam
868 1155 1010 1199 tuam
1044 1155 1406 1214 competenter
1435 1146 1632 1200 scholis
1673 1145 1978 1199 liberalibus
2009 1160 2126 1199 me-

548 1237 674 1290 mini
703 1236 986 1303 imbutam,
1015 1245 1068 1291 et
1089 1252 1460 1304 saepenumero
1491 1237 1683 1291 acriter
1712 1236 2127 1304 eloquenterque

462 1392 465 1395 η
550 1327 877 1383 declamasse
910 1343 1088 1391 coram
1119 1335 1363 1395 oratore,
1403 1332 1531 1383 satis
1572 1327 1741 1383 habeo
1772 1340 2123 1397 compertum.

550 1422 725 1490 Atque
756 1421 870 1475 btec
913 1435 1033 1473 cum
1077 1421 1146 1474 ita
1177 1421 1316 1487 sint,
1369 1421 1524 1476 velim
1575 1421 1742 1486 dicas,
1790 1421 1927 1475 unde
1956 1422 2129 1476 subito

550 1512 847 1567 hauserunt
876 1521 1087 1582 pectora
1130 1523 1218 1565 tua
1264 1513 1585 1581 euphoniam
1624 1514 1795 1583 gentis
1827 1514 2042 1578 alienae;
2074 1522 2130 1569 ut

550 1604 714 1660 modo
741 1604 869 1658 mihi
902 1614 1023 1672 post
1044 1604 1240 1659 ferulas
1268 1605 1509 1660 lectionis
1532 1605 1871 1672 Maronianae,
1908 1618 2130 1675 postque

552 1692 862 1749 desudatam
901 1695 1130 1749 varicosi
1173 1695 1444 1763 Arpinatis
1473 1696 1797 1765 opulentiam
1836 1698 2127 1767 loquacita-

552 1796 787 1858 temque,
821 1798 845 1825 ⁸
878 1790 1028 1857 quasi
1058 1787 1085 1826 δ
1110 1788 1177 1843 de
1207 1789 1410 1844 llilario
1435 1801 1616 1845 vetere
1648 1807 1818 1844 novus
1844 1790 1978 1844 falco
2012 1806 2132 1860 pro-
2162 1774 2209 1834 Β

552 1878 806 1949 rumpas?
834 1878 1107 1935 .‘Estimari
1140 1880 1359 1935 minime
1401 1890 1603 1950 potest,
1636 1890 1834 1948 quanto
1865 1881 1992 1935 mihi
2030 1896 2134 1936 cae-

554 1974 787 2042 terisque
817 1973 887 2028 sit
925 1972 1088 2040 risui,
1124 1973 1329 2041 quoties
1372 1974 1564 2037 audio,
1606 1974 1744 2043 quod
1791 1983 1843 2027 te
1873 1982 2135 2042 praesente

550 2063 806 2121 formidet
844 2064 1019 2119 facere
1048 2065 1241 2133 lingua:
1284 2081 1394 2119 sua:
1427 2065 1682 2119 barbarus
1724 2065 2133 2119 barbarismum.

555 2154 779 2225 Astupet
812 2156 907 2210 tibi
937 2156 1191 2226 epistolas
1229 2157 1595 2227 interpretanti
1632 2172 1792 2209 curva
1836 2155 2135 2211 Germano-

552 2262 671 2301 rum
701 2258 981 2312 senectus,
1020 2255 1073 2300 et
1102 2250 1329 2318 negotiis
1358 2249 1555 2302 mutuis
1597 2249 1854 2303 arbitrum
1885 2259 1934 2303 te
1963 2249 2138 2303 disce-

552 2348 923 2410 ptatoremque
947 2340 1200 2395 desumit.
1227 2340 1408 2394 Novus
1436 2341 1869 2410 Burgundionum
1900 2340 2062 2395 Solon
2085 2342 2137 2394 in

480 2503 490 2511 ο
553 2429 761 2500 legibus
790 2431 1151 2495 disserendis;
1183 2446 1351 2486 novus
1382 2432 1649 2502 Amphion
1679 2432 1731 2485 in
1763 2432 2007 2496 citharis,
2043 2431 2138 2485 sed

555 2520 878 2576 tricordibus
906 2523 1290 2592 temperandis,
1322 2523 1540 2592 amaris,
1572 2523 1950 2591 freiptentaris,
1980 2538 2140 2591 expe-

553 2613 709 2681 teris,
740 2615 999 2682 oblectas,
1031 2616 1267 2686 eligeris,
1297 2617 1589 2682 adhiberis,
1615 2618 1880 2684 decernis,
1914 2618 2134 2673 audiris.

554 2703 625 2758 Et
650 2721 951 2775 quanquam
980 2722 1133 2776 teque
1173 2708 1485 2777 corporibus
1524 2725 1588 2763 ac
1628 2723 1789 2763 sensu
1833 2709 1988 2777 rigidi
2032 2710 2139 2763 sint

554 2794 967 2867 indolatilesque
991 2839 1004 2863 ,
1036 2801 1430 2869 amplectuntur
1461 2801 1512 2854 in
1548 2809 1599 2856 te
1626 2801 1823 2870 pariter
1854 2809 1907 2854 ct
1928 2801 2141 2857 discunt

555 2900 859 2943 sermonem
893 2890 1119 2958 patrium
1140 2932 1153 2956 ,
1187 2907 1279 2946 cor
1307 2892 1577 2947 Latinum.
1612 2893 1795 2947 Restat
1830 2893 1928 2948 hoc
1953 2909 2136 2958 unum,

556 2979 637 3034 vir
669 2981 1019 3051 facetissime,
1052 2994 1105 3039 ut
1149 2986 1318 3041 nihilo
1345 2989 1590 3058 segnius,
1634 2989 1711 3041 vel
1741 3004 1859 3043 cum
1896 2989 2137 3055 vacabit,

556 3075 755 3143 aliquid
796 3077 1008 3132 lectioni
1042 3080 1218 3147 operis
1249 3081 1556 3151 impendas,
1599 3083 1971 3152 custodiasque
2002 3082 2133 3146 hoc,

1784 286 2024 345 SlDONll
2070 282 2517 344 APOLLINARIS

544 416 838 473 cessionem
888 411 1222 483 (quanquam
1269 406 1318 461 id
1362 405 1427 461 ad
1474 420 1687 461 causam
1725 404 2108 473 subjiciendam
2142 407 2198 465 Α

3694 271 3796 325 556

2684 398 2837 471 134
2875 397 3206 456 EPISTOLA
3247 396 3330 452 v1.

2508 492 2753 548 Sidonius
2788 503 2809 531 ο
2845 492 3132 563 Apollinari
3158 509 3251 545 suo
3279 489 3514 545 salutem.

2296 585 2428 641 Cum
2462 587 2687 656 primum
2726 593 2885 641 :rstas
2914 584 3142 639 decessit
3182 592 3467 649 autumno,
3513 591 3569 638 et
3608 584 3805 637 Arver-

2228 696 2420 735 norum
2449 681 2611 734 timor
2639 679 2826 748 ‘potuit
2865 679 3249 749 aliquantisper
3292 678 3500 733 ratione
3545 676 3803 744 temporis

2228 770 2543 841 temperari,
2575 770 2828 826 Viennam
2856 771 2976 825 veni
3014 788 3028 825 :
3058 769 3149 824 ubi
3171 769 3552 823 Thaumastum
3583 782 3801 835 germa-

2228 880 2351 917 num
2384 870 2562 928 tuum,
2600 877 2756 931 quem
2800 876 2893 929 pro
2919 860 3036 930 jure
3064 860 3147 914 vel
3177 859 3446 929 sanguinis
3482 858 3563 912 vel
3590 857 3803 923 atatis,

2228 957 2518 1013 reverenda
2572 954 2927 1009 familiaritate
2980 953 3340 1023 complector,
3398 949 3804 1007 mmstissimum

2230 1050 2425 1103 inveni.
2459 1048 2556 1115 Qui
2591 1061 2888 1117 quanquam
2922 1046 3122 1100 recenti
3151 1044 3395 1100 caelibatu
3426 1041 3702 1113 granditer
3729 1040 3806 1094 af-

2231 1142 2524 1206 ficiebatur,
2556 1156 2651 1209 pro
2696 1149 2748 1193 te
2789 1146 2966 1193 tamen
3000 1153 3183 1206 parum
3224 1136 3399 1191 minus
3436 1134 3625 1189 anxius
3666 1140 3805 1187 erat.

2231 1233 2471 1287 Timebat
2504 1232 2643 1284 enim
2681 1229 3105 1296 verebaturque,
3155 1242 3224 1282 ne
3266 1240 3422 1297 quam
3464 1223 3556 1278 tibi
3604 1222 3810 1278 calum-

2232 1326 2371 1380 niam
2405 1323 2557 1379 turbo
2589 1321 2921 1389 barbaricus,
2955 1329 3045 1373 aut
3073 1319 3322 1374 militaris
3342 1316 3686 1372 concinnaret
3709 1313 3810 1367 im-

2232 1416 2486 1487 probitas.
2524 1415 2761 1483 Namqnc
2786 1413 3066 1467 confirmat
3086 1408 3114 1448 ἀ
3142 1412 3395 1479 magistro
3419 1409 3646 1463 militum
3667 1406 3811 1462 Chil-

2234 1510 2446 1579 perico,
2490 1506 2929 1563 victoriosissimo
2975 1506 3120 1569 viro,
3160 1504 3334 1560 relatu
3381 1509 3641 1557 venenato
3681 1515 3813 1570 quo-

2232 1602 2493 1671 rumpiam
2533 1600 2913 1655 sceleratorum
2946 1597 3108 1653 fuisse
3146 1606 3354 1652 secreto
3384 1596 3812 1658 insusurratum,

2234 1706 2323 1751 tuo
2368 1695 2636 1765 praecipue
2680 1693 3016 1757 machinatu,
3058 1701 3081 1729 ε
3128 1690 3381 1759 oppidum
3409 1687 3739 1742 Vasionense
3787 1684 3809 1723 ι

2238 1788 2474 1857 partibus
2515 1787 2635 1840 novi
2667 1785 2917 1855 principis
2958 1784 3233 1855 applicari.
3276 1783 3332 1838 Si
3378 1781 3500 1851 quid
3549 1780 3672 1835 hinc
3720 1766 3821 1835 tibi,

2239 1881 2448 1949 tuisque
2468 1878 2785 1948 suspicionis
2813 1877 3082 1941 incutitur,
3112 1875 3300 1944 raptim
3331 1876 3462 1929 doce
3493 1887 3716 1953 recursu
3743 1872 3816 1925 fa-

2239 1975 2521 2028 miliarium
2580 1964 2927 2043 paginarum;
2982 1987 3049 2028 ne
3098 1971 3246 2025 vobis
3301 1970 3676 2026 sollicitudinis
3727 1976 3816 2022 aut

2239 2067 2536 2135 pra-sentiae
2566 2080 2696 2119 mea:
2726 2064 3095 2133 Opportunitas
3127 2072 3327 2131 pereat.
3367 2061 3522 2115 Curre
3563 2059 3693 2114 mihi
3726 2073 3817 2127 pe-

2239 2156 2511 2210 culiariter
2538 2156 2661 2219 erit,
2695 2156 2737 2209 si
2770 2155 2893 2223 quid
2928 2164 3102 2208 tamen
3134 2152 3428 2207 cavendum
3461 2149 3815 2215 existimabis,

2241 2256 2296 2301 ut
2327 2257 2377 2302 te
2408 2246 2563 2302 faciat
2588 2254 2679 2299 ant
2707 2246 2871 2315 gratia
2903 2245 3183 2314 impetrata
3212 2258 3478 2307 securum,
3512 2248 3605 2296 aut
3633 2239 3819 2310 explo-

2241 2351 2352 2396 rata
2379 2340 2653 2396 iracundia
2684 2340 2998 2394 cautiorem.
3028 2338 3179 2394 Vale.

2787 2431 3116 2485 EPISTULA
3159 2431 3265 2484 Vll.

2538 2522 2785 2577 Sidonius
2815 2521 3127 2575 Thaumasto
3155 2539 3246 2575 suo
3276 2521 3512 2574 salutem.

2315 2622 2683 2691 lndagavimus
2717 2620 2925 2675 tandem
2950 2661 2963 2684 ,
3009 2620 3095 2688 qui
3126 2619 3264 2688 apud
3304 2628 3327 2663 8
3368 2617 3688 2671 tetrarcham
3730 2631 3821 2670 no-

2241 2723 2407 2767 strum
2439 2711 2677 2782 germani
2712 2713 2806 2775 tui,
2841 2719 2894 2764 et
2919 2726 2949 2765 e
2973 2710 3183 2763 diverso
3216 2709 3441 2779 partium
3462 2748 3475 2770 ,
3512 2708 3631 2761 novi
3667 2708 3822 2779 135

2247 2806 2502 2873 principis
2532 2804 2791 2858 amicitias
2816 2804 3245 2868 criminarentur,
3277 2803 3317 2854 si
3349 2812 3525 2855 tamen
3555 2801 3712 2854 fidam
3737 2815 3820 2854 so-

2242 2896 2440 2950 dalium
2473 2895 2817 2965 sagacitatem
2850 2893 3177 2948 clandestina
3205 2892 3500 2947 delatorum
3541 2906 3646 2943 non
3676 2889 3822 2945 fefel-

2244 2989 2355 3043 lere
2384 2988 2626 3057 vestigia.
2661 2988 2719 3040 lli
2754 2987 3001 3041 nimirum
3034 2995 3174 3048 sunt.
3210 2993 3265 3039 ut
3297 2984 3435 3038 idem
3466 2998 3648 3038 coram
3683 2983 3823 3051 posi-

2246 3088 2329 3133 tus
2353 3080 2565 3142 audisti,
2594 3094 2726 3147 quas
2754 3093 2810 3131 se
2833 3079 2942 3147 jam
2975 3077 3171 3131 dudum
3196 3075 3399 3145 perpeti
3428 3078 3566 3129 inter
3593 3075 3824 3129 clemen~

558 3176 720 3231 prout
762 3182 835 3220 es-
866 3168 1324 3237 elegantissimus,
1378 3181 1886 3242 temperamentum,
1940 3186 1995 3227 ut
2043 3176 2140 3229 ista
2168 3141 2215 3205 θ
2248 3172 2411 3225 tiores
2459 3171 2714 3225 barbaros
2760 3170 2928 3224 Gallia
2972 3170 3155 3240 gemit.
3208 3168 3270 3221 lli
3302 3176 3423 3223 sunt
3468 3181 3601 3237 quos
3640 3166 3827 3223 timent

560 3255 657 3309 tibi
685 3255 862 3324 lingua
895 3266 1161 3327 teneatur,
1211 3277 1277 3317 ne
1307 3263 1562 3329 ridearis;
1593 3264 1680 3319 illa
1717 3273 2053 3324 exerceatur.
2086 3272 2145 3319 ut

560 3346 758 3406 rideas.
790 3347 939 3405 Vale.

558 3635 699 3715 !il)_._l
738 3639 1084 3715 epistularum
1132 3642 1426 3715 Syagrium;
1461 3646 1732 3699 consulem
1785 3655 1932 3699 trans
1979 3648 2138 3715 Alpes

558 3705 830 3785 habitasse
857 3711 1117 3785 sigpificat
1138 3758 1151 3781 ,
1173 3705 1267 3767 'de'
1284 3713 1539 3785 Lugdune
1571 3716 1968 3785 intelligendum
1998 3705 2096 3771 est.

630 3786 655 3813 ⁸
686 3777 874 3833 Petrus
910 3777 1221 3836 ‘Colvius'cx
1250 3777 1809 3841 mstlaromonteﬁsi
1844 3804 1859 3841 :
1890 3790 2038 3856 quasi
2078 3788 2140 3841 de

560 3846 780 3906 Syaqrie
808 3861 966 3905 vetere
990 3869 1145 3906 novus
1173 3852 1380 3906 France
1408 3858 1749 3906 morumms?

641 3858 780 3908 aqrie
808 3861 966 3905 vetere
990 3869 1145 3907 novus
1173 3858 1380 3907 France
1408 3858 1749 3908 morumms?

603 3864 780 3917 yagrio
808 3864 966 3905 vetere
990 3869 1145 3907 novus
1173 3864 1380 3907 France
1408 3864 1749 3922 prorumpas?

604 3915 774 3998 _b_§ic
794 3921 926 3998 libri
956 3924 1193 3991 plerique
1224 3943 1235 3977 :
1269 3925 1361 3998 alii
1390 3932 1534 3981 varie
1560 3927 1756 3980 harilao
1794 3928 1874 3980 vel
1907 3928 2095 3980 Izarilie
2115 3971 2128 3993 ,

561 3994 619 4066 ut
650 3988 860 4066 difficile
887 3988 1215 4066 sit'stattiere
1242 3996 1364 4064 quid
1395 3998 1724 4062 potissimum
1753 3999 2026 4066 scripserit
2058 3988 2139 4051 Si-

562 4056 771 4138 donius.
805 4066 1004 4116 Sensus
1035 4072 1138 4127 est,
1172 4056 1496 4138 Ut'vidcaris
1522 4068 1647 4121 mibi
1680 4084 1739 4119 ex
1770 4056 2048 4132 avi-patria
2086 4069 2139 4120 in

562 4135 825 4208 exoticam
857 4145 1247 4208 inutilium”?!
1279 4135 1476 4208 Gallica
1512 4139 1562 4189 in
1593 4138 1982 4190 Germanicam.
2020 4138 2140 4191 Pari

563 4196 820 4277 elegantia
855 4196 1229 4277 lt‘uricinslib.
1258 4221 1305 4267 ι,
1350 4206 1505 4273 epist.
1540 4210 1572 4259 5
1602 4208 1663 4258 ad
1703 4209 2044 4273 lle~perinm,
2074 4224 2142 4261 ex

563 4266 764 4345 Arione
790 4269 840 4321 in
868 4271 1136 4345 Orpheum
1162 4266 1593 4345 repente'mutari
1619 4277 1770 4333 dixit.
1797 4266 1891 4343 pro
1913 4293 1977 4330 eo
2000 4266 2138 4345 quad

562 4345 674 4419 est,
706 4338 919 4419 doctum
948 4338 1272 4419 subitone—ri
1311 4360 1375 4397 ex
1407 4348 1623 4419 rustico.
1666 4348 1774 4419 55
1798 4338 2031 4411 Scilicet,
2067 4349 2147 4399 in-

563 4414 699 4487 ιιιιιιιΞ
720 4416 837 4487 Δςαιιι
855 4414 1243 4487 consuetudinis
1257 4429 1387 4487 mea:
1400 4414 1863 4487 irnntemerIqitam
1888 4418 2147 4471 rusticita-

563 4477 626 4528 tis
648 4478 861 4556 oblitus,
891 4482 1039 4556 (μιηεὶ
1062 4498 1125 4556 ea:
1150 4484 1339 4556 Arione
1374 4486 1426 4538 in
1459 4477 1731 4556 Orpheum,
1751 4500 1952 4556 repente
1987 4498 2149 4540 mutu-

563 4556 676 4629 tus,
714 4548 863 4629 velim
905 4547 1255 4629 disertissimis
1290 4557 1500 4629 auribus
1532 4547 1641 4609 'tuis
1681 4575 1766 4612 ore
1806 4547 2013 4629 'garrulo
2048 4575 2147 4612 non

562 4624 667 4671 tam
693 4620 945 4696 ofﬁciosus
965 4637 1116 4696 quam
1139 4625 1421 4696 injurriosus
1442 4629 1675 4682 existere.

634 4698 658 4769 ξ
692 4690 999 4769 ’[Ιιιιιιιιιίιξιί
1035 4690 1202 4755 fratri:
1234 4694 1435 4769 Sidonii
1460 4701 1878 4769 consanguineo.

633 4756 1126 4839 {Burgundionum
1170 4765 1313 4831 regi,
1357 4767 1601 4824 Clotildis
1642 4756 1867 4831 nvestrm,
1911 4778 1973 4824 ut
2004 4785 2142 4834 reor,

560 4831 719 4909 patri.
766 4831 1003 4911 Quatuor
1048 4834 1159 4911 hoc
1199 4847 1436 4911 tempore
1482 4839 1946 4911 Burgundionibus
1995 4831 2147 4911 rcges

561 4901 914 4979 imperabant,
956 4901 1351 4979 Gttndobaldus,
1384 4901 1786 4979 Gundeg'isclus,
1814 4901 2148 4979 Chilpericus

560 4980 615 5022 et
662 4970 1071 5047 Gundomarus,
1097 4975 1426 5047 _(iundeuci,
1479 4991 1533 5032 ut
1574 4970 1895 5047 ‘Cregorius,
1940 4970 2032 5035 lib.
2075 4998 2142 5046 ιι,

562 5053 681 5121 cap.
713 5042 803 5105 28,
835 5042 1019 5109 docet,
1056 5045 1181 5105 filii,
1226 5047 1341 5121 ejus
1376 5050 1474 5121 qui
1516 5062 1633 5117 post
1668 5042 2044 5106 Cundicarium
2079 5042 2143 5105 ab

562 5112 722 5189 Aetio
750 5127 981 5179 cmsum,
1025 5130 1241 5184 regnum
1279 5112 1666 5189 obtinuit-eum
1709 5124 1877 5176 altero
1923 5121 2143 5189 Chilpe-

563 5182 676 5261 rico
707 5184 866 5261 fratre
893 5200 907 5236 :
940 5182 1166 5261 quorum
1196 5188 1757 5261 mt-tninit‘Jornandes
1782 5194 1832 5245 in
1860 5193 2020 5245 rebus
2043 5182 2146 5245 Ce-

562 5252 702 5333 tjcis.
737 5252 915 5333 itaque
948 5252 1175 5333 ambigi
1201 5272 1379 5324 posset
1428 5259 1494 5333 de
1540 5270 1655 5313 utro
1692 5262 1992 5331 Chilperico
2022 5271 2143 5331 agat

563 5319 843 5399 Sidonius,
862 5324 961 5377 nisi
986 5319 1217 5399 epistola
1227 5331 1467 5396 sequenti
1491 5319 2139 5399 tetrarcham-appellarem

561 5393 1331 5476 quatitqufratres’dcsiguans
1362 5400 1447 5467 qui
1480 5401 1634 5455 simul
1670 5393 1978 5471 regnabant.
2024 5393 2139 5456 Jaui

560 5461 701 5541 quod
746 5462 1101 5529 Chilpericum
1134 5461 1407 5541 huncAnon
1438 5486 1614 5541 regem
1638 5515 1650 5533 ,
1697 5461 1787 5526 scd
1832 5474 2138 5541 magistrum

561 5530 790 5613 militum
817 5544 992 5613 vocat,
1018 5551 1256 5613 comere
1279 5537 1423 5613 facit,
1454 5530 1557 5610 quo
1578 5530 1970 5613 Sigismuudum
1995 5542 2141 5597 Gun-

560 5598 770 5685 dobali’l‘i
824 5602 987 5685 lilium
1039 5607 1274 5685 Alcimus
1322 5598 1507 5685 Avitus
1557 5598 1879 5682 patricium,
1927 5613 2139 5685 Hilarus

557 5684 696 5752 papa
722 5670 1192 5752 Gunduic‘iumnseu
1232 5670 1578 5752 Gundeucun't
1602 5727 1614 5748 ,
1648 5696 1762 5747 aut,
1810 5670 1969 5737 ut'est
1996 5684 2136 5752 apud

559 5737 905 5807 Jernandem,
936 5741 1265 5807 Gundiacum
1297 5737 2003 5824 horum’quatuor'patrcm,
2025 5737 2135 5812 ma-

2172 4459 2226 4520 D

2249 3264 2406 3319 etiam
2451 3264 2538 3332 qni
2571 3263 2841 3317 timentur.
2888 3263 2950 3318 lli
2999 3271 3120 3317 sunt
3149 3277 3281 3332 quos
3334 3262 3449 3315 haec
3490 3260 3824 3329 peculiariter

2250 3356 2522 3426 provincia
2548 3365 2728 3412 manet
2752 3356 2951 3413 inferre
2976 3357 3293 3425 calumnias,
3315 3354 3525 3411 deferre
3545 3367 3819 3424 personas,

2248 3646 2470 3713 gistrnm
2507 3645 2629 3698 item
2666 3644 2889 3697 militum
2924 3644 3185 3712 appellat,
3216 3643 3267 3697 in
3310 3641 3535 3711 cpistola
3566 3640 3631 3695 ad
3659 3639 3830 3696 Leon-

2250 3718 2380 3770 tium
2408 3718 2712 3783 episcopum
2742 3714 3129 3769 Arelatensem.

2322 3797 2345 3822 θ
2388 3781 2537 3851 Quod
2585 3785 2743 3838 Vasio
2794 3786 3169 3839 Vot'ontiurutn
3229 3781 3522 3850 Pomponio
3578 3781 3730 3836 Melae
3779 3791 3832 3837 et

2247 3856 2451 3923 Plinio,
2498 3859 2732 3910 Οὐασὶων
2768 3855 3077 3910 Ptolemaeo.
3130 3854 3394 3909 Posterior
3438 3862 3566 3906 aetas
3596 3852 3831 3908 Vasense

2248 3928 2381 3981 dixit
2430 3942 2525 3996 pro
2562 3926 2893 3979 Vasionensi.
2945 3926 3049 3981 Sed
3091 3925 3463 3979 Vocontiorum
3522 3924 3827 3996 fines_olitn

2251 3998 2302 4049 in
2354 3993 2622 4063 provincia
2667 3996 2955 4050 Viennensi
3016 3997 3269 4050 latissime
3318 4003 3617 4061 patuerunt.
3672 3993 3831 4048 Plinii

2252 4069 2409 4121 verba
2441 4079 2563 4119 sunt
2599 4068 2687 4120 lib.
2720 4083 2804 4133 Ill,
2835 4082 2950 4135 cap.
2979 4068 3011 4121 4
3038 4086 3049 4119 :
3092 4066 3453 4119 Vocontiorum
3482 4066 3697 4117 civitatis
3736 4066 3829 4133 fico

2251 4138 2438 4190 deratm
2475 4139 2576 4189 duo
2608 4139 2773 4206 capita
2797 4180 2808 4196 ,
2851 4137 3005 4190 Vasie
3041 4147 3086 4190 et
3128 4136 3296 4189 Lucus
3334 4137 3549 4205 Augusti
3579 4151 3599 4189 :
3637 4137 3829 4206 oppida

2251 4223 2364 4260 vero
2390 4209 2631 4278 ignobilia
2661 4208 2747 4278 719.
2782 4212 2847 4261 At
2877 4209 2999 4261 Luci
3032 4207 3189 4261 hodie
3232 4222 3423 4278 nomen
3464 4207 3751 4278 obscurum
3780 4213 3835 4260 et

2246 4278 2353 4346 jam
2398 4276 2523 4331 etim
2566 4292 2593 4329 a
2640 4277 2784 4331 Fabii
2818 4278 3052 4332 Valentis
3096 4278 3328 4332 exercitu
3373 4277 3621 4329 incendio
3653 4276 3833 4330 defor-

2253 4357 2448 4401 matum
2490 4348 2911 4401 narrat'l‘acitus
2954 4348 3048 4402 lib.
3090 4364 3104 4402 ι
3145 4348 3409 4401 Historiae.
3449 4346 3658 4399 Clarior
3696 4348 3832 4399 fama

2254 4419 2398 4471 urbis
2432 4419 2680 4484 Deensis,
2714 4434 2831 4487 quae
2870 4418 3085 4473 Colonia
3135 4418 3237 4472 Dea
3279 4421 3509 4486 Angusta
3545 4416 3833 4470 Vocontio-

2253 4505 2367 4543 rum
2393 4490 2586 4542 dieitur
2610 4489 2660 4542 in
2694 4490 2867 4557 lapide
2899 4490 3210 4543 Arelatensi.
3238 4488 3356 4542 Fuit
3385 4498 3439 4541 et
3464 4487 3609 4540 Mons
3638 4487 3832 4541 Seleu-

2249 4574 2343 4612 cus
2390 4559 2527 4614 inter
2575 4560 2766 4628 oppida
2813 4560 3220 4624 Vocontiorum,
3267 4558 3832 4628 Magnentianaelade

2196 4685 2208 4698 _
2251 4630 2482 4683 nobilis:
2516 4627 2789 4697 sed’cujus
2817 4644 3009 4683 nomen
3046 4629 3183 4696 apud
3224 4643 3410 4683 omnes
3440 4628 3607 4681 ferme
3638 4627 3833 4697 depra-

2250 4710 2427 4754 velum
2460 4709 2562 4755 est.
2595 4700 2726 4753 Nam
2761 4700 2899 4767 apud
2946 4700 3217 4754 Socratem
3265 4700 3658 4758 meracam“
3697 4699 3828 4768 legi-

2254 4778 2358 4845 tur,
2394 4771 2531 4839 apud
2574 4770 2928 4845 Sezomenutn
2970 4770 3418 4845 ῐιιοντωσέλειέιερςς
3459 4769 3588 4845 _ali|_ti
3614 4776 3827 4845 ,Μαῦρος

2252 4838 2483 4901 same;
2523 4860 2534 4893 :
2575 4856 2694 4894 vera
2738 4841 3027 4910 appellatio
3072 4855 3228 4909 quam
3278 4839 3504 4910 Historia
3537 4838 3826 4910 Tripariita

2252 4914 2477 4977 retinet,
2510 4913 2659 4966 Mons
2685 4908 2925 4976 Seleuci,
2958 4908 3156 4964 Lucum
3195 4912 3332 4967 inter
3360 4917 3415 4963 et
3458 4908 3590 4962 ﬁnes
3618 4908 3832 4963 Vocon-

2252 4984 2471 5047 tiorum,
2520 4998 2581 5034 ac
2618 4983 2935 5050 Vapiucum,
2988 4992 3043 5034 ut
3088 4996 3153 5033 ex
3198 4980 3484 5033 ltinerariis
3532 4978 3735 5033 Ethiei
3765 4993 3829 5033 ac

2249 5052 2614 5122 Burdigalensi
2655 5049 2836 5107 vidi-re
2874 5062 2971 5104 est.
3014 5050 3194 5122 Tridui
3243 5051 3362 5122 plus
3409 5049 3584 5122 minus
3632 5050 3827 5122 itinere

2249 5119 2718 5191 abest'Lugduno.
2758 5124 2932 5189 Quare
2970 5121 3035 5175 ad
3080 5132 3314 5175 montem
3342 5119 3550 5174 Seleuci
3583 5120 3827 5191 referen-

2247 5194 2370 5316 ἶιὲιη
2402 5203 2485 5247 est
2514 5189 2669 5315 quoad7
2686 5192 2876 5248 Marsae
2918 5193 3016 5246 hac
3061 5192 3111 5245 in
3164 5202 3311 5261 parte
3355 5191 3537 5245 tribuit
3574 5189 3825 5245 Socrates

2272 5283 2281 5315 ι
2328 5303 2341 5316 .
2372 5279 2425 5316 ιι.
2454 5278 2569 5316 can.
2676 5301 2689 5315 .

2272 5264 2341 5316 ib.
2372 5279 2425 5325 ιι,
2454 5278 2569 5325 cap.
2602 5264 2689 5315 27.

2324 5303 2343 5369 ί
2372 5278 2740 5387 Illioftagulfilum
2769 5335 2892 5404 quin
2921 5348 3111 5388 novum
3138 5330 3706 5404 principemappellet,
3733 5330 3822 5398 qui

2247 5402 2429 5457 Romtr
2464 5412 2698 5473 coeperat
2740 5402 2998 5474 imperare
3032 5420 3047 5456 :
3078 5404 3172 5458 sed
3216 5402 3821 5474 quemnamintelligat,

2245 5474 2296 5528 in
2340 5483 2482 5528 tanta
2515 5471 2828 5544 piincipunt'
2856 5491 2973 5545 qua:
3016 5485 3124 5545 tum
3174 5474 3356 5542 paucis
3399 5472 3552 5527 annis
3587 5471 3819 5538 accidit,

2243 5546 2537 5599 mutatione
2567 5553 2619 5599 et
2648 5544 2901 5601 varietate
2932 5559 3035 5598 non
3068 5544 3253 5613 liquet.

2315 5623 2339 5660 ε
2372 5615 2727 5684 Chilpericum
2747 5660 2760 5683 ,
2784 5617 2869 5685 qui
2900 5611 3138 5685 Lugduni
3176 5629 3352 5685 rerum
3383 5612 3713 5685 potiebatur,
3733 5611 3819 5666 di-

2243 5684 2356 5743 viso
2383 5682 2511 5742 tunc
2541 5687 2591 5743 in
2618 5682 2848 5757 quatuor
2874 5682 3035 5759 regna
3063 5684 3496 5757 Burgundionum
3528 5682 3774 5756 imperio.
