4140 6336
330 298 430 357 557
982 298 999 302 ⁷
1570 298 2050 356 EPISTOLARUM
2092 301 2217 357 LIB.
2265 304 2326 358 V.
3478 307 3581 366 538

332 413 515 469 aﬂ'erre
539 412 743 479 minas,
790 412 1001 470 auferre
1033 413 1377 471 substantias.
1417 414 1478 469 ili
1506 422 1630 468 sunt
1668 428 1893 481 quorum
1918 418 1971 475 Α
1999 415 2180 484 pardi.
2215 415 2280 470 ad
2312 416 2532 473 facetias
2562 423 2703 486 ursi,
2737 422 2802 476 ad
2831 421 3118 477 fallendum
3147 421 3364 489 vulpes,
3392 421 3455 476 ad
3486 438 3580 478 su-

332 502 533 559 laudari
562 503 713 561 audis
742 504 796 559 in
824 504 936 559 otio
966 506 1344 575 occupationes
1364 549 1378 571 ,
1418 505 1469 559 in
1500 519 1630 576 pace
1660 505 1864 575 praedas
1884 544 1900 569 ,

332 596 469 651 inter
508 610 659 650 arma
700 594 880 665 fugas,
906 595 1050 651 inter
1086 598 1206 651 vina
1235 596 1505 652 victorias.
1555 596 1617 649 lli
1663 603 1786 650 sunt
1814 595 1902 665 qui

330 703 515 743 causas
558 697 835 744 moramur
880 689 1132 757 adhibiti,
1182 691 1475 760 impediunt
1521 692 1900 761 praetermissi,

329 778 604 833 fastidiunt
629 779 913 848 admoniti,
943 780 1325 838 obliviscuntur
1345 781 1670 851 locupletati.
1699 782 1758 836 lli
1782 791 1904 839 sunt

328 872 413 940 qui
460 881 646 928 emunt
688 874 839 940 lites,
880 875 1117 930 vendunt
1161 876 1600 940 intercessiones,
1648 875 1902 946 deputant

326 960 581 1029 arbitros,
606 963 893 1031 iudicanda
917 965 1135 1033 dictant,
1166 967 1356 1021 dictata
1384 968 1711 1033 convellunt,
1736 976 1901 1022 attra-

326 1051 457 1107 ltunt
485 1054 811 1124 litigaturos,
864 1059 1177 1125 protrahunt
1204 1057 1496 1113 audiendos
1516 1100 1529 1123 ,
1562 1058 1779 1112 tralmnt
1804 1059 1900 1113 ad-

326 1145 520 1213 dictos,
556 1148 835 1203 retrahunt
862 1151 1236 1220 transigentes.
1274 1151 1333 1204 lli
1366 1159 1490 1205 sunt
1521 1167 1654 1221 quos
1679 1152 1721 1205 si
1756 1160 1904 1221 petas

325 1239 485 1290 etiam
515 1238 661 1292 nullo
690 1239 1007 1296 adversante
1038 1241 1374 1308 beneficium,
1405 1242 1545 1311 piget
1571 1242 1900 1309 promittere,

326 1328 492 1396 pudet
534 1344 761 1398 negare,
794 1333 1015 1399 poenitet
1057 1334 1388 1401 praestitisse.
1439 1332 1501 1386 lli
1528 1341 1653 1387 sunt
1677 1348 1902 1403 quorum

324 1420 712 1489 comparationi
741 1421 960 1491 digitum
1006 1423 1255 1478 tollerent
1296 1434 1322 1461 ἰ
1362 1424 1673 1492 Narcissus,
1712 1426 1904 1480 Asiati-

325 1523 420 1563 cus
441 1550 456 1574 ,
491 1511 658 1566 Massa
680 1552 696 1577 ,
732 1512 1043 1581 Marcellus,
1074 1514 1274 1583 Carus,
1310 1515 1623 1570 Parthenius
1644 1556 1659 1580 ,
1690 1514 1905 1571 Licinus

325 1610 377 1656 et
411 1602 608 1658 Pallas.
643 1604 707 1657 lli
734 1614 857 1659 sunt
883 1607 971 1676 qui
1004 1606 1242 1661 invident
1272 1608 1520 1663 tunicatis
1548 1608 1674 1676 otia,
1706 1607 1906 1676 stipen-

324 1695 411 1749 dia
444 1695 729 1764 paludatis,
758 1695 944 1752 viatica
967 1697 1278 1763 veredariis,
1307 1698 1691 1752 mercatoribus
1714 1698 1905 1753 nundi-

2008 508 2355 577 perbiendum
2391 512 2549 577 tauri,
2576 514 2641 567 ad
2667 515 3092 569 consumendum
3125 516 3424 569 minotauri.
3449 516 3583 585 Spes

2008 601 2189 657 ﬂrmas
2234 604 2285 656 in
2332 620 2510 658 rerum
2559 608 2791 661 motibus
2853 610 3075 672 habent,
3132 608 3288 662 dubia
3346 618 3583 678 tempora

2006 696 2202 750 certius
2233 705 2432 763 amant,
2464 710 2509 751 et
2548 700 2756 767 ignavia
2791 704 2990 769 pariter
3012 702 3443 772 conscientiaque
3474 712 3584 756 tre-

2007 787 2275 856 pidantes,
2307 805 2425 843 eum
2455 789 2561 843 sint
2590 792 2639 843 in
2672 794 2936 860 prtetoriis
2964 795 3175 860 leones,
3208 795 3259 848 in
3292 793 3480 848 castris
3509 794 3584 849 Ie-

2008 896 2199 949 pores,
2247 881 2435 935 timent
2483 881 2709 947 hedera,
2763 899 2831 938 ne
2877 884 3253 949 discutiantur;
3296 885 3467 951 bella,
3516 898 3584 939 ne

2007 980 2265 1040 pugnent.
2303 972 2539 1037 Quorum
2576 975 2619 1027 s':
2666 989 2821 1028 nares
2856 974 3118 1028 afﬂaverit
3147 977 3349 1043 uspiam
3382 976 3584 1045 rubigi-

2007 1063 2122 1117 nosi
2151 1078 2277 1117 aura
2320 1065 2605 1131 marsupii,
2639 1062 2919 1118 confestim
2953 1065 3153 1119 videbis
3180 1066 3285 1119 illic
3311 1074 3364 1120 et
3399 1066 3583 1122 oculos

2005 1152 2130 1220 Argi
2172 1165 2225 1208 et
2268 1169 2457 1209 manus
2497 1155 2731 1220 Briarei,
2765 1165 2819 1208 et
2860 1154 3212 1223 Sphingarum
3255 1171 3489 1224 ungues,
3530 1163 3583 1210 et

2007 1246 2237 1314 periuria
2270 1246 2669 1317 Laomedontis,
2702 1254 2753 1301 et
2777 1246 2981 1316 Ulyssis
3004 1246 3256 1314 argutias,
3289 1254 3343 1300 et
3367 1245 3583 1300 Sinonis

2008 1336 2241 1391 fallacias
2262 1378 2276 1403 ,
2309 1346 2363 1390 et
2396 1338 2552 1391 fidem
2586 1337 3041 1407 Polymnestoris.
3074 1344 3129 1390 et
3156 1336 3406 1405 pietatem
3447 1337 3583 1407 Pyg-

2006 1428 2255 1482 malionis
2282 1428 2543 1483 adhiberi.
2587 1428 2679 1483 His
2723 1428 2961 1484 moribus
2986 1428 3220 1482 obruunt
3261 1428 3430 1482 virum
3475 1442 3583 1483 non

2008 1520 2181 1574 minus
2209 1520 2445 1575 bonitate
2467 1536 2626 1588 quam
2653 1528 2915 1589 potestate
2939 1528 3298 1590 prtestantem.
3324 1518 3428 1574 Sed
3455 1518 3583 1589 quid

2008 1609 2167 1665 faciat
2209 1626 2347 1665 unus
2396 1610 2627 1678 undique
2677 1619 2940 1666 venenato
2984 1610 3211 1664 vallatus
3256 1608 3583 1678 interprete?

2008 1703 2143 1770 Quid
2172 1704 2384 1773 inquam
2423 1703 2600 1767 faciat,
2632 1704 2715 1758 cui
2749 1712 2935 1758 natura
2964 1718 3083 1758 cum
3107 1701 3293 1767 bonis,
3325 1703 3429 1757 vita
3460 1715 3582 1756 cum

323 1803 455 1851 nas,
492 1787 804 1842 munuscula
842 1788 1060 1858 legatis.
1096 1788 1327 1857 portoria
1372 1788 1899 1859 quadrup’atoribus,
1933 1795 1981 1855 B
2010 1796 2160 1849 malis
2188 1808 2261 1848 ρει
2287 1795 2309 1848 ?
2339 1795 2417 1848 Ad
2442 1810 2665 1863 quorum
2699 1796 2849 1865 137
2882 1795 3102 1848 consilia
3135 1794 3370 1848 Phalaris
3392 1808 3583 1848 cruen-

321 1879 527 1949 praedia
554 1880 965 1948 provincialibus
991 1920 1005 1946 ,
1034 1878 1062 1918 ι)
1092 1881 1339 1935 ﬂamonia
1386 1881 1770 1950 municipibus,
1813 1896 1900 1936 ar-

319 1971 481 2025 cariis
507 1970 767 2040 pondera,
800 1985 1080 2026 mensuras
1107 1972 1310 2026 allectis
1331 2013 1344 2036 ,
1377 1972 1565 2026 salaria
1596 1972 1900 2039 tabulariis,

320 2063 705 2131 dispositiones
734 2065 1089 2130 numerariis,
1120 2066 1454 2133 praetorianis
1490 2065 1787 2135 sportulas,
1827 2064 1902 2120 ci-

319 2154 573 2211 vitatibus
605 2156 865 2222 inducias,
894 2156 1167 2225 vectigalia
1200 2156 1517 2227 publicanis,
1551 2157 1902 2212 reverentiam

317 2249 564 2311 clericis.
612 2250 870 2320 originem
913 2250 1209 2314 nubilibus,
1256 2267 1569 2306 consessum
1602 2251 1900 2321 prioribus,

321 2357 668 2411 congrc‘sum
703 2342 1026 2411 aequalibus,
1052 2343 1240 2398 cinctis
1274 2343 1562 2414 l363ura
1583 2383 1598 2408 ,
1631 2342 1903 2399 discinctis

318 2435 617 2503 priiilegia,
647 2433 862 2488 scholas
890 2434 1254 2501 instituendis,
1285 2434 1558 2489 mercedes
1582 2434 1903 2489 instituenti-

317 2525 441 2589 bus,
473 2526 678 2580 Iitteras
701 2525 975 2580 institutis.
1007 2526 1067 2580 lli
1089 2537 1213 2580 sunt
1238 2528 1327 2597 qui
1352 2527 1509 2582 novis
1535 2527 1723 2596 opibus
1745 2527 1899 2593 ebrii,

317 2627 372 2672 ut
397 2628 453 2673 et
482 2618 702 2673 minima
729 2633 1049 2687 cognoscas,
1099 2602 1191 2689 per
1222 2620 1403 2675 utendi
1434 2621 1900 2689 intemperantiam

320 2712 556 2782 produnt
604 2713 922 2782 imperitiam
966 2714 1292 2781 possidendi.
1327 2715 1458 2769 Nam
1506 2715 1731 2769 libenter
1759 2714 1904 2769 ince-

320 2806 452 2862 dunt
484 2806 677 2859 armati
705 2806 770 2859 ad
798 2807 1005 2873 epulas,
1036 2807 1197 2862 albati
1225 2807 1288 2861 ad
1313 2811 1613 2878 exsequias,
1642 2809 1811 2878 pelliti
1835 2807 1902 2863 ad

315 2897 600 2961 ecclesias,
627 2897 811 2967 pullati
834 2899 897 2952 ad
925 2899 1158 2965 nuptias,
1188 2910 1209 2938 ο
1236 2901 1547 2955 castorinati
1575 2901 1639 2954 ad
1667 2900 1898 2956 litanias.

316 2990 533 3045 Nullum
566 2991 672 3046 illis
704 3007 870 3061 genus
899 2992 1174 3048 hominum
1196 3034 1210 3059 ,
1250 2993 1494 3048 ordinum
1514 3037 1526 3057 ,
1564 3005 1862 3063 temporum
1886 3034 1900 3057 ,

315 3083 466 3137 cordi
506 3092 609 3137 est.
658 3082 713 3135 In
759 3082 875 3138 foro
915 3083 1157 3153 Scyllam,
1204 3086 1258 3138 in
1303 3084 1547 3140 cubiculo
1584 3086 1816 3154 viperze,
1849 3086 1900 3139 in

2011 1888 2135 1947 tizir.
2170 1886 2307 1942 Mida
2338 1886 2599 1953 cupidior,
2631 1886 3131 1955 Ancusjactantior,
3160 1884 3481 1953 Tarquinius
3504 1899 3583 1939 su-

2010 1979 2244 2047 perbior,
2278 1979 2521 2033 Tiberius
2550 1978 2814 2042 callidior,
2848 1977 3010 2031 Caius
3038 1976 3401 2046 periculosior,
3427 1976 3584 2029 Clau-

2010 2070 2127 2123 dius
2171 2070 2468 2133 socordior,
2509 2069 2646 2122 Nero
2678 2067 2957 2135 impurior,
2990 2067 3154 2122 Galba
3188 2069 3418 2130 avarior,
3446 2066 3587 2120 Otho

2007 2160 2279 2224 audacior,
2324 2158 2564 2213 Vitellius
2614 2159 2997 2229 sumptuosior,
3045 2157 3372 2211 Domitianus
3410 2166 3587 2210 trucu-

2007 2253 2203 2308 lentior
2237 2253 2570 2307 redderetur.
2603 2252 2741 2307 Sane
2770 2252 2909 2321 quod
2944 2250 3307 2320 principaliter
3345 2248 3586 2302 medetur

2008 2346 2250 2405 afﬂictis.
2286 2354 2546 2415 temperat
2577 2342 2601 2381 ἀ
2642 2344 3004 2397 Lucumonem
3049 2352 3286 2395 nostrum
3329 2338 3587 2407 Tanaquil

2007 2455 2136 2507 sna,
2170 2451 2223 2495 et
2253 2456 2410 2495 aures
2454 2439 2627 2492 mariti
2659 2440 2832 2491 virosa
2874 2450 3220 2489 susurronum
3269 2432 3398 2486 faece
3435 2446 3586 2485 com-

2016 2533 2186 2603 pletas
2216 2531 2610 2601 opportunitate
2644 2530 2767 2584 salsi
2814 2529 3075 2582 sermonis
3122 2526 3389 2581 eruderat.
3424 2522 3587 2591 Cujus

2008 2624 2180 2678 studio
2211 2625 2348 2679 scire
2377 2636 2468 2675 vos
2500 2637 2593 2691 par
2615 2630 2726 2686 est;
2759 2620 2888 2673 nihil
2925 2619 3135 2674 interim
3164 2616 3330 2686 quieti
3362 2615 3585 2681 fratrum

2005 2717 2363 2772 Communium
2410 2716 2549 2782 apud
2588 2716 2821 2769 animum
2869 2713 3169 2768 communis
3214 2709 3420 2780 patroni
3455 2718 3477 2745 ι’
3507 2708 3587 2775 ju-

2007 2810 2213 2863 niorum
2244 2807 2613 2879 Cibyratarum
2655 2821 2860 2861 venena
2909 2804 3188 2867 nocuisse,
3230 2816 3400 2871 nthte
3438 2799 3585 2869 quid-

2005 2915 2162 2970 quam
2195 2900 2329 2971 (Deo
2380 2899 2726 2969 propitiante)
2759 2898 3038 2960 nocitura;
3081 2896 3122 2949 si
3164 2893 3321 2948 modo
3350 2892 3582 2962 quandiu

2008 3004 2243 3060 praesens
2270 2998 2503 3061 potestas
2530 2990 2542 3019 ¹
2573 2988 2979 3056 Lugdunensem
3010 2984 3348 3039 Germaniam
3376 2981 3394 3020 ί
3421 2982 3579 3051 regit,

2008 3090 2246 3136 nostrum
2291 3096 2553 3149 suumque
2596 3080 2974 3134 Germanicum
3017 3088 3256 3148 praesens
3299 3073 3585 3145 Agrippina

315 3174 569 3229 convivio
600 3188 799 3229 scurrte
823 3215 837 3241 ,
870 3175 921 3229 in
952 3176 1321 3233 exactionibus
1350 3177 1585 3247 harpyia:
1607 3219 1621 3243 ,
1662 3177 1713 3231 in
1742 3177 1904 3231 collo-
1930 3177 1975 3239 C
2008 3175 2336 3231 moderetur.
2371 3174 2518 3229 Vale.

314 3269 623 3323 cutionibus
652 3278 865 3335 statuat,
894 3269 951 3324 in
974 3270 1359 3339 quaestionibus
1386 3270 1593 3336 bestiae,
1626 3271 1675 3323 in
1707 3280 1900 3325 tracta-

315 3359 459 3414 tibus
487 3360 755 3426 cochlem,
788 3359 841 3413 in
869 3362 1236 3416 contractibus
1267 3362 1571 3431 trapezitae;
1604 3362 1669 3416 ad
1701 3362 1900 3417 intelli-

313 3451 545 3519 gendum
569 3450 748 3514 saxei,
778 3450 842 3504 ad
866 3450 1211 3519 iudicandum
1242 3453 1435 3521 lignei,
1481 3452 1546 3506 ad
1577 3467 1899 3508 succensen-

316 3540 445 3596 dum
472 3540 739 3607 ﬂammei,
770 3541 836 3596 ad
873 3541 1253 3612 ignoscendum
1286 3542 1486 3608 ferrei,
1528 3541 1594 3596 ad
1637 3543 1902 3598 amicitias

394 3680 502 3751 56
532 3686 557 3714 ι
588 3675 868 3751 Ctesariani
897 3695 1085 3735 omnes
1112 3679 1306 3751 liberti,
1341 3693 1502 3746 pravo
1528 3679 1777 3751 ingenio,
1806 3678 1898 3751 de-

318 3749 694 3817 lationumque
731 3749 937 3803 infamia
974 3751 1103 3805 clari
1134 3768 1147 3802 :
1182 3750 1489 3811 Narcissus,
1527 3750 1696 3803 Pallas
1725 3761 1771 3801 et
1808 3750 1897 3802 Li-

315 3821 494 3875 cinius
540 3818 743 3873 Claudii
781 3821 1032 3889 Augusti;
1076 3822 1273 3884 Massa,
1313 3820 1592 3873 Marcellus
1638 3830 1686 3874 et
1736 3820 1901 3873 Carus

315 3890 582 3953 Neronis;
632 3890 891 3945 Asiaticus
923 3892 1154 3956 Vitellii;
1205 3890 1520 3944 Parthenius
1575 3889 1899 3944 Domitiani:

314 3963 383 4015 de
414 3961 608 4031 quibus
637 3960 860 4024 Seneca,
894 3961 1139 4025 Persius,
1164 3961 1464 4021 Juvenalis,
1494 3960 1767 4023 Martialis,
1798 3960 1900 4015 Ta-

315 4030 479 4093 citus,
512 4030 719 4085 Plinius
749 4041 991 4100 uterque,
1028 4032 1314 4087 Suetonius
1344 4038 1398 4084 et
1430 4030 1544 4083 Dio.

388 4100 419 4139 δ
453 4101 745 4160 Flaminia.
779 4102 1047 4156 ﬂaminum
1080 4101 1395 4156 sacerdotia.
1430 4101 1687 4155 Flamonii
1717 4116 1903 4155 vocem

319 4187 423 4242 pro
454 4171 688 4225 ﬂaminio
717 4181 1009 4242 agnoscunt
1030 4183 1239 4228 veteres
1268 4172 1491 4240 glossaa,
1533 4181 1590 4227 et
1632 4172 1905 4242 inscriptio

321 4244 476 4299 Albae
497 4242 669 4297 Julia.

860 4314 919 4367 L.
963 4314 1065 4368 FL.
1108 4313 1375 4368 VALENS

819 4385 922 4439 ΟΒ
978 4385 1409 4439 IIONOREM

963 4454 1281 4509 FLAMONII

984 4526 1045 4578 Β.
1087 4525 1149 4578 Ρ.
1191 4525 1253 4578 Ι).

319 4664 373 4718 ld
418 4665 750 4720 ﬂantinicum
788 4660 980 4718 munus
1009 4661 1198 4716 dicitur
1225 4661 1276 4716 in
1307 4662 1409 4715 alia
1440 4660 1782 4728 inscriptione
1810 4675 1937 4714 att--

319 4737 493 4804 liqua.
525 4736 791 4789 Flamlnes
817 4745 991 4804 autem
1019 4733 1072 4785 in
1097 4733 1395 4801 municipiis
1420 4731 1585 4804 fuisse
1607 4738 1835 4804 constat,
1856 4736 1912 4785 et

316 4801 672 4874 peculiariter
700 4803 999 4874 municipiis
1028 4804 1256 4857 tributos
1275 4846 1289 4869 ,
1325 4811 1382 4856 ut
1410 4801 1698 4874 provinciis
1734 4814 1910 4874 sacer-

316 4870 503 4931 dotes.
549 4876 839 4945 Drepanius
868 4873 1089 4927 Pacatus
1127 4875 1178 4928 in
1222 4872 1569 4945 panegyrico,
1610 4870 1910 4945 reverendos

314 4947 627 5017 nrunicipali
655 4941 884 5017 purpura
923 4944 1158 5017 ﬂamines
1170 4941 1464 5017 ,_insignes_
1487 4941 1712 5017 apicibus
1753 4956 1913 5017 sacer-

315 5018 492 5071 dotes.
522 4985 741 5070 anve’lla
756 4985 1013 5070 "Marti'ani
1040 5015 1127 5081 15,
1160 4985 1241 5067 life
1265 4985 1465 5084 ﬂainim'
1491 4985 1808 5084 municipali,
1833 5026 1917 5065 sa-

316 5088 525 5157 cerdoti
551 5087 821 5157 provincia:
841 5087 1014 5139 liceret
1036 5086 1217 5139 habere
1243 5081 1451 5157 uxorem
1474 5081 1736 5157 ancillam.

391 5169 416 5196 ε
449 5151 765 5222 Castorina,
798 5172 891 5209 seu
917 5157 1106 5211 fibrina
1134 5164 1281 5210 veste
1311 5155 1508 5209 amicti.
1550 5154 1779 5208 Isidorus
1808 5151 1914 5207 ori-

319 5228 516 5297 ginutn
540 5244 627 5281 xu
655 5245 670 5285 :
702 5228 990 5291 Fibrinum,
1016 5227 1205 5297 inquit,
1222 5226 1351 5297 lana
1371 5236 1642 5289 castorum,
1665 5234 1709 5278 et
1732 5224 1915 5292 ﬁbrina

315 5296 499 5361 vestis,
534 5309 749 5356 tramam
775 5300 836 5351 de
856 5298 973 5363 ﬁbri
1002 5298 1121 5349 lana
1142 5296 1350 5364 habens,
1380 5297 1657 5350 castorina.
1686 5297 1914 5349 Anthro-

313 5370 433 5424 sius
480 5369 550 5424 de
591 5368 843 5439 dignitate
868 5367 1160 5439 sacerdotii
1192 5384 1204 5417 :
1241 5365 1533 5439 Castorum:
1563 5367 1834 5439 querimus
1866 5372 1912 5418 et

315 5442 517 5493 sericas
544 5435 697 5494 vestis
720 5456 741 5493 :
767 5452 814 5492 et
835 5438 923 5491 ille
945 5454 999 5490 se
1025 5438 1154 5490 inter
1178 5438 1437 5505 episcopos
1459 5436 1615 5489 credit
1641 5435 1870 5489 altiorem
1890 5478 1904 5501 ,

314 5514 405 5576 qui
423 5518 614 5564 vestem
635 5511 857 5564 induerit
881 5509 1171 5562 clariorem.
1201 5504 1402 5564 Eodem
1428 5513 1670 5576 spectant
1698 5504 1911 5561 lulrinte

314 5582 497 5651 pelles
523 5582 577 5636 in
606 5580 800 5636 Carolo
834 5578 1131 5648 Eginarthi.

2551 3267 2877 3323 EPISTULA
2921 3266 3033 3320 VIII

2294 3362 2541 3416 Sidonius
2572 3372 2594 3407 8
2626 3361 2923 3417 Secundino
2950 3376 3041 3414 suo
3067 3359 3297 3412 salutem.

2081 3457 2179 3510 Diu
2204 3456 2415 3525 quidem
2441 3465 2545 3520 est,
2564 3455 2705 3523 quod
2738 3465 2790 3509 te
2823 3453 3147 3508 hexametris
3168 3451 3478 3506 familiarius
3500 3450 3586 3504 itt-

2011 3547 2336 3602 servientem
2376 3555 2650 3615 stupentes
2693 3530 3148 3615 przedicantesque
3193 3541 3583 3595 lectitabamus.

2084 3677 2110 3715 ἀ
2144 3678 2496 3747 Chilpericttm
2529 3692 2705 3746 regem
2743 3692 2894 3747 uxor.
2924 3676 3061 3747 Quia
3097 3673 3417 3747 Lucumonis
3438 3713 3452 3736 ,
3473 3672 3587 3747 hoc

2012 3759 2093 3803 cst
2123 3742 2392 3815 Tarquinii
2426 3742 2615 3805 Prisci:
2638 3763 2770 3799 uxor
2799 3746 2893 3798 fuit
2921 3746 3195 3811 Tanaquil,
3230 3746 3447 3811 figurate
3472 3742 3587 3815 haec

2012 3821 2222 3874 nomina
2249 3812 2502 3873 transfert
2523 3819 2586 3870 ad
2611 3817 2965 3884 Chilpericum
2989 3825 3039 3868 et
3059 3829 3281 3867 uxorem
3310 3830 3322 3863 :
3348 3821 3404 3865 ut
3426 3812 3585 3884 paulo

2010 3890 2250 3955 inferius,
2280 3890 2579 3945 Germanici
2610 3897 2661 3941 et
2708 3881 3008 3955 Agrippina
3035 3884 3335 3955 nominibus
3362 3881 3579 3955 eosdem

2010 3952 2281 4026 designat,
2313 3961 2433 4029 quia
2473 3952 2777 4029 Agrippina
2797 3952 2931 4010 nitar
2963 3956 3061 4010 fuit
3090 3952 3390 4011 Germanici
3421 3952 3585 4023 patris

2015 4031 2285 4084 Calitzulm.

2116 4050 2122 4081 Ι
2168 4049 2178 4077 l
2206 4047 2233 4082 1,
2258 4068 2285 4082 ,ο

2085 4047 2107 4138 (ξ
2132 4047 2493 4168 ῗρὶιέῃιηοτίὶηιε
2515 4099 2747 4154 referant
2777 4097 2970 4152 fratres
2999 4097 3120 4150 illos
3138 4095 3500 4168 Tlepolemum
3533 4102 3588 4150 et

2010 4164 2295 4226 Hiero—nem
2325 4189 2354 4225 e
2377 4171 2586 4240 (thiris
2617 4170 2835 4240 Cilicim,
2869 4180 3438 4240 quorumnperaAusus
3458 4164 3589 4220 Ver-

2012 4259 2100 4297 res
2132 4245 2182 4296 in
2211 4235 2562 4307 deprazd'anda
2592 4240 2793 4295 Sicilia.
2829 4235 2902 4293 ne
2934 4240 3016 4293 his
3053 4237 3243 4292 Cicero
3271 4236 3303 4289 6
3337 4235 3583 4289 Verrina.

2012 4313 2168 4367 Urbis
2205 4329 2332 4367 vero
2365 4328 2555 4366 nomen
2588 4319 2965 4377 corrumpunt,
3009 4307 3095 4378 qui
3151 4308 3307 4361 aliter
3348 4307 3588 4361 scribunt

2008 4385 2088 4436 vel
2113 4384 2409 4439 enuntiant.
2451 4384 2540 4436 Sic
2573 4383 2715 4435 enim
2756 4381 3123 4452 Cybiratarnm
3172 4378 3405 4445 ipsorum
3436 4393 3588 4430 num-

2014 4468 2128 4506 mus
2157 4455 2403 4521 antiquus
2431 4498 2442 4513 .
2479 4454 2528 4506 in
2560 4468 2663 4520 quo
2710 4456 2965 4516 scriptum
3000 4457 3080 4503 est
3110 4457 3483 4521 KIBTPATQNL,
3534 4457 3589 4502 et

1932 4498 1988 4560 1)
2013 4498 2545 4594 ἓξβῖὲᾈίἰέἴὶῖιῖίίεζε
2560 4498 3242 4594 'iéetif'aii'ulf'faénninni
3256 4498 3583 4594 :A'nnatiimi.

2090 4592 2107 4630 ί
2134 4594 2222 4647 Sic
2253 4594 2484 4662 appellat
2508 4586 2912 4662 Lugdunensem
2936 4589 3239 4662 regiouet_n_,_
3257 4586 3588 4662 inquaqu-

2017 4655 2612 4732 gundiones'Germani'
2642 4655 3069 4711 dominabantur.
3105 4656 3242 4732 niihil
3270 4655 3490 4732 Sidonio
3512 4655 3588 4709 fa-

2017 4726 2275 4787 miliarius
2306 4748 2461 4799 quam
2492 4732 2542 4782 in
2567 4730 2953 4784 Germanorum
2986 4726 3432 4799 n_omine_ludere,
3466 4739 3586 4779 cum

2016 4804 2081 4856 de
2111 4795 2570 4870 Burgundionibus
2598 4809 2678 4853 est
2717 4812 2912 4870 sermo,
2942 4797 3030 4870 qui
3062 4811 3129 4850 ex
3181 4795 3497 4870 Germania,
3530 4805 3589 4848 ut

2017 4873 2147 4938 dixi,
2200 4864 2523 4941 prodierant.
2565 4871 2733 4941 Supra
2754 4868 2920 4941 epist.
3043 4881 3195 4941 curvo
3216 4864 3588 4941 Germanorum

1992 4936 2264 4996 'senerttta.
2288 4940 2537 4996 Carmine
2561 4939 2646 5003 1‘2,
2670 4948 2717 4993 et
2740 4937 3041 4993 Germanica
3066 4936 3215 4989 verba
3235 4936 3585 4988 sustinentem.

2019 5013 2355 5068 Germaniam
2387 5027 2517 5066 sane
2546 5020 2749 5081 partem
2784 5009 2926 5063 illam
2958 5007 3142 5081 Gallia
3165 5021 3321 5081 quam
3345 5005 3587 5081 Burgun-

2018 5083 2205 5137 diones
2233 5085 2337 5209 g7
2374 5075 2715 5151 occuparant,
2747 5096 2864 5150 qure
2909 5078 3124 5149 proprio
3154 5077 3346 5130 deliine
3376 5075 3588 5130 nomine

2020 5154 2228 5209 Buraun
2272 5155 2319 5209 ia
2357 5161 2653 5209 nuncupata
2696 5160 2811 5209 est.
2844 5166 2909 5204 eo
2939 5148 3097 5204 modo
3127 5147 3231 5201 dici
3275 5146 3449 5209 licuit,
3480 5161 3586 5209 quo

2020 5146 2320 5223 Burgundii
2357 5146 2653 5222 nuncupata
2696 5146 2811 5214 est,
2844 5146 3097 5223 eo'modo
3127 5147 3231 5201 dici
3275 5146 3453 5223 licuit,
3480 5161 3586 5213 quo

2020 5217 2348 5280 Britanniam
2374 5217 2600 5279 insulani
2632 5224 2828 5277 scimus
2858 5221 3143 5276 Saxoniam
3177 5217 3585 5272 transmarinam

2019 5312 2046 5348 a
2073 5298 2337 5351 nonnullis
2383 5293 2733 5365 scriptoribus
2762 5293 3028 5365 interdum
3060 5288 3362 5356 vocitatam,
3391 5286 3458 5341 ab
3479 5287 3561 5343 An

2018 5367 2117 5437 glis
2146 5370 2231 5438 qui
2261 5384 2290 5423 e
2318 5363 2545 5421 Saxonia
2579 5378 2642 5438 eo
2682 5363 3020 5438 trajecerant.

2088 5447 2113 5485 ε
2135 5427 2497 5509 Eugdunensi,
2528 5436 2681 5505 cujus
2704 5427 2775 5489 ut'
2791 5441 2964 5505 poeta:
2985 5431 3095 5502 jam
3128 5430 3333 5487 mentio
3360 5427 3459 5486 fuit
3486 5429 3562 5486 lib

2017 5522 2075 5576 tt,
2107 5511 2265 5580 epist.
2290 5509 2376 5566 to.

394 5700 411 5731 ¹
440 5698 715 5780 Signandi
744 5705 924 5756 notam
971 5695 1024 5754 ia
1063 5694 1207 5757 hunc
1229 5697 1401 5755 locum
1442 5703 1627 5756 contra
1657 5695 1981 5758 Savaronem
2016 5698 2298 5759 confirmat
2324 5695 2714 5768 Wesselingius
2728 5694 2802 5779 ad
2833 5694 2972 5780 Vett.
2996 5694 3357 5756 Romanorum
3379 5692 3584 5763 Itiner.,

319 5785 447 5843 pag.
478 5770 601 5829 368.
