2070 3168
177 162 222 196 5η

799 155 1038 185 ιυριδτοικιὶιιιι
1058 156 1123 184 LlB.
1144 157 1176 186 ν.

179 219 281 250 :rimina
293 218 370 246 simul
381 219 597 245 exsecrarentur.
610 214 752 250 Aitathue
765 215 862 248 media,
871 219 959 248 patres
973 217 998 246 Α
1012 221 1116 244 rentur.
1129 216 1181 245 Sed
1194 222 1222 245 ut
1234 218 1361 253 comperi,
1375 219 1550 248 erubescebat
1560 220 1614 255 jam
1637 223 1717 248 etiam
1732 225 1795 251 tune

179 266 257 295 nostri
272 263 322 292 sub
338 271 391 291 uno
403 257 579 290 contubernio
591 282 599 296 ,
623 259 743 289 vixdum
758 270 773 288 a
789 262 898 296 pueritia
909 283 916 296 ,
932 262 958 288 in

179 317 256 341 totam
276 309 482 338 adolescentiam
502 309 599 343 evecti,
615 309 727 344 principi
753 308 871 336 Honorio
886 313 898 326 ⁸
911 308 959 335 tri-

178 358 239 388 buni
258 355 407 392 notariique
431 355 589 391 militavere,
617 361 688 383 tanta
709 356 820 383 caritate
842 355 962 391 peregri-

178 408 256 432 nante
269 408 297 430 ut
312 404 381 430 inter
401 409 447 429 eos
467 401 577 429 minima
601 402 681 429 tuerit
697 409 776 428 causa
790 401 940 429 concordia:
951 422 960 436 ,

176 449 244 492 quod
257 447 301 475 ﬁlii
315 446 461 475 amicorum
477 448 764 475 commemorabantur.
774 447 801 474 ln
815 447 963 482 principatu

179 491 354 522 Valentiniani
377 494 544 529 imperatoris
558 492 572 512 δ
592 500 661 521 unus
688 492 834 521 Galliarum
859 493 963 528 praefuit

178 540 256 576 parti,
272 539 338 567 alter
351 538 487 567 soliditati.
508 537 560 567 Sed
576 539 611 566 ita
625 546 655 566 se
669 539 783 574 quodam
801 539 880 567 modo
895 539 962 567 tituli

179 587 316 614 amborum
332 584 549 621 compensatione
562 580 678 613 fraterna
692 585 917 621 ponderaverunt,
934 589 964 614 ut

179 631 251 666 prior
267 630 347 659 fuerit
362 630 470 659 fascium
487 636 497 650 ε
515 636 643 665 tempore,
657 632 700 665 qui
713 636 770 658 crat
782 631 912 665 posterior
925 631 964 658 di-

178 677 290 714 gnitate.
306 677 419 706 Ventum
435 676 467 704 sd
484 685 543 711 nos,
559 676 585 704 id
597 681 648 710 est,
661 683 769 704 ventutn
783 682 823 704 est
836 677 868 704 ad
885 684 965 712 nepo-

180 724 235 752 tes:
247 732 315 761 quos
331 723 368 752 nil
377 723 496 752 decuerit
510 724 569 759 plus
583 732 679 752 cavere
692 732 771 759 quam
784 732 817 752 ne
825 728 964 760 parentum

178 771 403 806 antiquorumque
418 776 571 797 nostrorum
588 777 634 804 per
646 777 694 797 nos
707 770 775 798 forte
787 770 906 798 videatur
919 778 966 798 an-

179 813 280 852 tiquata
293 814 411 844 dilectio’.
432 815 473 844 Ad
494 815 546 843 hoc
566 816 591 843 in
613 816 728 843 similem
744 816 965 850 familiaritatem,

179 863 277 897 praeter
297 859 492 889 btereditariam
508 862 708 897 prazrogativam
722 883 729 895 ,
753 862 898 889 multifaria
919 870 966 897 op-

1011 262 1052 288 vir
1061 262 1148 290 serius
1163 266 1189 290 et
1201 263 1291 291 forma:
1303 265 1366 292 dote
1377 265 1525 299 placuisse;
1537 265 1635 302 quippe
1647 266 1689 294 cui
1698 267 1794 296 merito

1011 307 1110 342 ingenii
1120 308 1269 337 suffecisset
1283 311 1418 344 adamari;
1432 317 1460 340 et
1478 320 1542 341 vere
1556 313 1674 348 optimus
1683 314 1796 348 quisque

1011 361 1114 381 morum
1123 355 1294 390 praestantius
1301 357 1496 390 pulchritudine
1506 359 1600 393 placet.
1613 358 1696 387 Porro
1706 364 1796 388 autem

1012 400 1227 434 praetervolantia
1247 402 1366 436 corporis
1387 402 1574 432 decoramenta
1589 406 1723 433 currentis
1744 405 1796 434 aevi

1013 446 1132 480 profectu
1142 446 1302 482 defectuque
1312 447 1458 476 labascunt.
1472 449 1547 478 Hunc
1557 458 1662 486 quoque
1672 455 1797 480 manente

1013 492 1155 523 sententia,
1165 492 1248 521 Gallis
1261 498 1318 528 post
1329 493 1471 529 [traiectus
1483 494 1496 514 ἰ
1508 496 1618 524 Priscus
1631 497 1797 530 Valerianus,

1013 536 1132 565 consiliis
1152 538 1207 565 suis
1223 538 1452 574 tribunalibusque
1469 540 1593 573 sociavit;
1605 541 1735 577 judicium
1750 551 1799 570 an-

1014 583 1115 617 tiquum
1134 584 1400 619 perseverantissime
1424 589 1538 620 tenens,
1561 591 1591 614 ut
1610 588 1654 616 cui
1681 589 1799 617 scientiae

1014 628 1124 656 obtentu
1137 629 1268 664 junxerat
1294 630 1434 664 sobolem,
1455 632 1616 667 jungeretet
1630 633 1798 667 dignitatem.

1015 672 1071 700 Tua
1085 681 1149 701 vero
1164 679 1218 702 tam
1232 675 1314 710 clara,
1329 680 1381 703 tam
1397 677 1550 711 spectabilis
1563 677 1644 705 dictio
1654 683 1705 711 est,
1719 683 1747 706 ut
1760 679 1799 706 illi

1015 718 1110 747 divisio
1123 724 1134 738 ε
1151 719 1319 755 Paltemonis,
1344 723 1461 757 gravitas
1488 722 1616 751 Gallionis
1638 723 1800 752 abundantia

1016 764 1160 800 Delphidii,
1172 768 1286 802 Agrmcii
1303 767 1452 804 disciplina,
1465 769 1593 798 fortitudo
1604 771 1711 804 Alcimi,
1721 770 1800 799 Adel-

1017 811 1072 846 phii
1092 812 1257 846 teneritudo,
1273 814 1346 850 rigor
1361 815 1462 850 stagni,
1475 815 1588 845 dulcedo
1603 817 1724 850 Victorii,
1749 825 1802 846 non

1017 859 1097 887 modo
1112 867 1166 887 non
1190 860 1347 896 superiora,
1369 862 1446 898 ιιι
1468 863 1516 891 sed
1542 864 1584 891 vix
1605 864 1802 899 aequiperabilia

181 908 347 944 portunitate
359 907 561 943 compellimur:
576 912 641 935 artas
663 908 800 942 ulriuSque
815 916 867 936 non
879 908 966 936 minus
982 901 1005 931 Β
1019 905 1181 932 scribantur.
1199 905 1269 934 Sane
1285 914 1318 934 ne
1329 907 1418 935 videar
1430 907 1476 935 tibi
1492 908 1541 936 sub
1553 909 1603 936 hoc
1618 910 1691 943 quasi
1707 910 1805 945 hyper-

178 953 271 989 jiincta
287 961 366 990 quam
381 953 476 988 patria.
494 953 566 981 Unus
586 961 635 982 nos
651 954 771 982 exercuit
784 954 873 989 ludus,
886 955 968 989 magi-

179 1000 236 1028 ster
252 999 380 1032 instituit;
408 1006 458 1026 una
486 1007 536 1027 nos
565 1000 655 1027 laetitia
681 999 815 1033 disSolvit,
839 1001 968 1028 severitas

178 1038 309 1079 coercuit,
325 1043 467 1081 disciplina
477 1045 609 1074 formavit.
628 1047 664 1074 De
678 1051 787 1080 caetero,
800 1048 823 1075 si
836 1047 904 1075 Deus
918 1055 967 1074 an-

179 1088 250 1128 nuit,
267 1094 294 1121 in
313 1093 391 1121 annis
403 1092 458 1129 jam
473 1093 618 1121 senectutis
633 1094 707 1121 initia
731 1094 909 1129 pulsantibus,
931 1094 968 1121 si-

179 1137 252 1173 mus,
270 1136 319 1166 nisi
341 1138 455 1174 respuis,
478 1139 573 1166 animae
598 1138 669 1171 dum,
694 1139 800 1166 animus
815 1146 900 1172 unus;
919 1139 969 1167 im-

178 1177 348 1220 buamuSque
375 1180 472 1212 liberos
499 1178 612 1212 invicem
627 1184 779 1219 diligentes,
795 1185 864 1213 idem
884 1185 969 1220 velle,

180 1225 273 1266 nolle,
284 1227 416 1265 refugere,
429 1230 537 1258 sectari.
555 1230 610 1258 Hoc
626 1236 729 1265 patrum
745 1238 809 1259 vero
819 1232 874 1267 jam
888 1239 970 1267 supra

178 1275 254 1310 tota,
268 1271 291 1304 s'i
306 1272 354 1312 per
368 1270 505 1304 Rusticum
529 1270 782 1312 Apollinaremque,
810 1285 969 1313 proavorum

179 1319 403 1358 praedicabilium,
414 1327 466 1350 tam
477 1322 655 1351 reformentur
666 1324 747 1352 corda
755 1331 834 1359 quam
848 1325 968 1353 nomina.

179 1370 262 1399 Vale.
457 1399 459 1402 ,

423 1409 500 1453 ιω
518 1408 682 1445 EPISTOLA
702 1416 758 1446 x..

328 1493 330 1496 π
344 1455 468 1492 Sidonius
485 1464 610 1498 Sapaudo
631 1472 677 1490 tuo
694 1463 813 1490 salutent.

216 1502 249 1538 Si
271 1508 335 1545 quid
356 1509 466 1537 omnino
490 1508 655 1544 Pragmatius
671 1509 802 1543 illustris,
828 1509 880 1537 hoc
903 1510 973 1538 inter

180 1556 299 1591 reliquas
320 1555 402 1583 animi
421 1555 533 1582 virtutes
559 1556 658 1590 optime
683 1555 762 1588 facit;
791 1555 863 1591 quod
877 1563 970 1584 arnore

178 1596 332 1630 studiorum
344 1606 369 1629 te
379 1601 548 1636 singulariter
555 1605 638 1634 amat,
651 1601 677 1628 in
688 1608 740 1637 quo
750 1600 819 1635 solo,
831 1601 873 1629 vel
886 1601 969 1628 maxi-
984 1586 1005 1617 θ

179 1644 227 1676 ὼε
247 1647 367 1677 animum
383 1649 511 1681 advertit,
527 1649 626 1677 veteris
644 1648 757 1684 peritiae,
772 1648 970 1684 diligentia:tu

179 1696 320 1724 resedisse
332 1696 454 1731 vestigia.
471 1696 504 1723 Et
512 1696 618 1731 quidem
635 1703 688 1723 non
706 1691 801 1731 injuria
820 1696 867 1724 tibi
883 1696 970 1723 fautor

180 1737 225 1769 est
240 1750 245 1767 ε
262 1749 322 1768 nam
345 1741 457 1768 debetur
472 1741 506 1768 ab
525 1749 557 1769 eo
579 1741 750 1776 percopiosus
765 1742 861 1770 litteris
875 1742 970 1770 honor.

179 1783 263 1814 Hunc
279 1786 340 1813 olim
355 1791 521 1821 perorantem
535 1791 562 1814 et
575 1786 708 1815 rhetorica
721 1787 816 1814 sedilia
839 1787 972 1822 plausibili

181 1831 310 1858 oratione
334 1830 497 1866 frangentem
508 1851 516 1864 ,
539 1839 615 1858 socer
630 1832 756 1866 eloquens
771 1833 840 1861 ultro
856 1834 882 1860 in
896 1834 971 1861 fami-

181 1870 250 1904 liam
266 1876 403 1912 patriciam
416 1877 524 1904 ascivit:
539 1876 599 1905 licet
615 1877 651 1904 illi
667 1878 700 1905 ad
714 1878 765 1907 hoc
779 1878 820 1915 (ut
832 1879 926 1907 sileam
940 1880 974 1908 de

180 1921 286 1959 genere
300 1923 342 1951 vel
354 1923 449 1959 censu)
470 1928 544 1957 tetas,
561 1928 697 1959 venustas,
714 1925 809 1960 pudor,
826 1926 976 1961 patrocina-

222 2009 268 2039 ΕΤ
280 2010 383 2038 Νενιλ
397 2009 512 2038 GALLA
531 2009 631 2037 CLAR.
655 2011 699 2038 ET
712 2010 776 2040 lNL.
790 2011 870 2039 FEM.
887 2012 935 2039 MA

219 2046 374 2074 TERFAM.
396 2045 477 2074 Ε]υὸ
492 2045 581 2073 LOCO
600 2045 656 2073 CUI
671 2045 785 2073 ΝΟΜΕΝ
801 2046 937 2075 TllEOPU

221 2082 255 2110 LI
272 2082 334 2110 EST
351 2082 482 2109 VIARUM
511 2080 603 2109 USUM
622 2081 731 2110 CIESIS
758 2081 935 2116 UTlllMQUE
970 2092 973 2101 λ

261 2117 413 2145 MON'l'lUM
434 2117 558 2144 LATl-LRI
565 2118 593 2143 Β.
613 2116 897 2145 PltES’l‘lTERUN'I‘.

253 2152 367 2180 MUROS
389 2152 431 2179 ΕΤ
452 2152 584 2179 PORTAS
603 2152 797 2180 DEDEllUNT.
819 2152 912 2185 QUOD

254 2188 286 2214 IN
306 2188 398 2215 AGRO
419 2186 563 2214 PROPllIO
582 2187 822 2215 CONSTITUTUM
840 2187 909 2216 TUE

208 2229 217 2236 ’
252 2223 342 2250 TIONI
362 2222 492 2250 υΜΝιυιι
514 2221 721 2250 νοιυιςιιυΝτ
741 2222 823 2250 ESSE
843 2222 911 2250 CUM

222 2259 331 2287 MUNE.
352 2258 547 2285 ADNITENTE
574 2258 677 2285 ETIAM
706 2258 737 2285 V.
769 2258 834 2285 INL.
858 2259 938 2288 CUM.

219 2294 270 2322 AC
295 2291 432 2320 FRATRE
456 2292 635 2326 MEMORATI
655 2292 724 2320 VIRI
743 2293 795 2320 (IL.
817 2293 940 2321 LLPlDO

241 2327 489 2362 EXCONSULARI,
505 2326 694 2355 ϐΕΙιΜΑΝΙΑΞ
721 2328 848 2356 ΡΒΙΜιΕ.
876 2329 922 2356 EX
969 2357 973 2362 __

219 2363 309 2393 MAG.
331 2361 497 2397 Mauortem
518 2361 641 2397 excou,
664 2363 782 2390 ItERUM
803 2363 939 2391 pnwar.

263 2398 308 2427 UT
328 2396 422 2426 ERGA
445 2396 578 2426 OMNIUM
602 2397 761 2426 SALUTEM
788 2398 905 2426 EOBUM

219 2433 451 2470 STUDIUMAET
469 2432 812 2470 pavortosisirpnm
834 2442 841 2460 :
860 2434 940 2462 “me

387 2467 452 2497 ωδ
467 2467 549 2496 PUSS
564 2477 571 2495 :
592 2476 600 2495 :
621 2468 780 2498 OSTENDI.

185 2536 335 2572 Egregium
354 2534 465 2572 insignis
475 2534 563 2572 operis
578 2538 796 2572 monumentum:
810 2541 842 2561 ex
853 2541 977 2572 quonon

185 2568 280 2600 so'tun')
297 2568 417 2597 Dardani
434 2575 461 2597 et
476 2568 564 2598 Nevize
583 2568 665 2596 Galla:
682 2570 775 2597 uxoris
789 2568 894 2598 nomina
908 2570 977 2597 didi‘

184 2609 290 2639 cimus,
306 2605 353 2632 sed
361 2606 447 2633 varias
460 2611 586 2641 prastat-ea
600 2605 719 2639 ejusdem
731 2610 758 2633 et
769 2605 872 2633 Claudii
886 2606 977 2640 Lepidi

185 2642 286 2671 fratris
297 2641 448 2674 dignitates.
466 2642 585 2668 Dardano
597 2641 658 2668 item
671 2641 790 2668 scribunt
803 2640 978 2677 Hieronymus

185 2682 216 2706 et
227 2677 411 2712 Augustinus:
423 2678 469 2704 sed
476 2678 498 2703 Ἀ
504 2676 639 2711 uguSIinus
650 2677 780 2704 honorum
792 2675 849 2712 ejus
860 2675 911 2704 non
923 2684 980 2704 me-

186 2713 283 2745 minit,
300 2712 476 2747 Hieronymus
486 2712 618 2747 duplicem
635 2712 692 2746 ejus
706 2712 888 2747 praefecturam
903 2719 979 2740 com-

188 2752 337 2776 memorat.
637 2769 639 2771 .

229 2789 244 2802 ιι
262 2783 393 2815 Principis
406 2782 542 2810 secretarii
557 2793 561 2808 ς
576 2782 621 2816 qui
643 2781 730 2809 aditus
747 2780 878 2809 honorum
897 2782 978 2811 nobili

188 2818 396 2848 adolescentiae.
416 2818 537 2845 Cassiod.
556 2817 669 2846 Senator
680 2817 748 2844 lib.t
768 2817 886 2844 Variam
902 2817 980 2845 Pater

190 2853 331 2882 candidati
349 2854 394 2880 sub
414 2853 591 2880 Valentiniano
617 2853 734 2887 principe
744 2853 818 2888 gessit
845 2853 937 2880 tribuni
957 2859 981 2881 et

191 2889 294 2922 notarii
305 2888 467 2917 laudabiliter
481 2889 651 2926 dignitatem:
677 2889 758 2916 honor
770 2888 814 2923 qui
829 2893 888 2916 tunc
904 2889 981 2917 daba-

1020 950 1108 979 bolico
1123 951 1262 980 rhetorum
1286 953 1407 988 catalogo
1423 954 1556 982 blanditus
1569 955 1701 990 quippiam
1719 956 1803 991 grati-

1020 996 1166 1033 ficatusque
1178 1018 1186 1031 ,
1203 999 1287 1027 solam
1313 999 1359 1027 tibi
1374 1001 1546 1028 acrimoniam
1562 1001 1715 1036 Quintiliani
1731 1010 1805 1036 pom-

1020 1052 1135 1080 pamque
1151 1045 1260 1074 Palladii
1281 1048 1428 1082 comparari
1442 1055 1493 1075 non
1513 1049 1635 1083 ambigo,
1651 1049 1699 1076 sed
1718 1048 1806 1083 potius

1020 1091 1173 1125 acquiesco.
1185 1092 1353 1127 Quapropter
1363 1093 1385 1120 si
1400 1094 1459 1129 quis
1475 1099 1534 1129 post
1557 1101 1605 1122 vos
1618 1094 1719 1123 Latium
1734 1095 1806 1124 favet

1020 1136 1181 1169 eruditioni,
1205 1137 1264 1165 linit:
1281 1138 1405 1166 amicitiae
1429 1140 1528 1173 gratias
1543 1140 1611 1175 agit,
1626 1146 1654 1168 et
1675 1140 1806 1170 sodalitati

1021 1188 1129 1216 vestrae,
1142 1184 1165 1211 si
1178 1184 1242 1218 quid
1255 1184 1369 1212 hominis
1380 1185 1469 1218 habet,
1482 1186 1578 1213 tertius
1589 1191 1664 1221 optat
1674 1186 1805 1214 adhiberi.

1021 1230 1177 1266 Quanquam
1193 1231 1263 1266 quod
1286 1235 1329 1259 est
1347 1232 1464 1267 gravius,
1482 1240 1534 1260 non
1555 1233 1590 1259 sit
1614 1228 1678 1260 satis
1692 1233 1808 1261 ambitus

1022 1278 1072 1306 iste
1084 1277 1218 1304 fastidium
1245 1276 1324 1305 vobis
1343 1278 1525 1310 excitaturus,
1541 1278 1602 1313 quia
1625 1278 1699 1313 pauci
1722 1278 1808 1307 studia

1021 1332 1093 1352 nunc
1108 1323 1250 1352 honorant.
1267 1323 1351 1351 Simul
1366 1328 1390 1352 el
1407 1324 1519 1352 naturali
1535 1324 1601 1352 vitio
1617 1324 1698 1353 fixum
1713 1329 1754 1353 est
1765 1332 1808 1353 rs-

1021 1372 1192 1408 dicatumque
1208 1372 1360 1406 pectoribus
1375 1373 1497 1400 humanis
1507 1392 1515 1405 ,
1530 1377 1559 1400 ut
1575 1374 1619 1407 qui
1636 1380 1688 1401 non
1710 1372 1808 1400 intelli-

1022 1422 1088 1453 gunt
1097 1423 1179 1452 artes,
1193 1425 1248 1446 non
1261 1417 1393 1445 tnirentur
1412 1417 1539 1446 artifices.
1555 1418 1631 1446 Vale.

1305 1463 1470 1491 EPISTOLA
1486 1463 1533 1491 XI.

1182 1511 1305 1539 Sidonius
1318 1510 1455 1538 Potentino
1470 1519 1517 1538 suo
1531 1510 1640 1538 salutem

1061 1558 1169 1588 Multum
1185 1563 1211 1586 te
1235 1564 1355 1585 amamus
1370 1565 1377 1584 :
1394 1562 1422 1585 et
1438 1557 1546 1591 quidem
1560 1556 1670 1591 hujusce
1692 1555 1811 1584 dilectio-

1024 1606 1065 1634 nis
1090 1612 1142 1633 non
1157 1609 1200 1633 est
1221 1611 1350 1633 errenens
1374 1609 1419 1631 aut
1440 1603 1563 1631 fortuitus
1586 1603 1705 1630 aﬂ'ectus.
1730 1602 1810 1630 Nam-

1023 1660 1075 1688 que
1098 1656 1128 1679 ut
1150 1651 1249 1679 sodalis
1265 1650 1311 1678 tibi
1326 1650 1473 1678 devinctior
1488 1649 1594 1683 ﬁerem,
1616 1647 1742 1683 iudicavi.
1764 1648 1812 1676 Est

1024 1699 1095 1727 enim
1108 1696 1309 1725 consuetudinis
1325 1703 1403 1729 mete,
1418 1700 1447 1722 ut
1467 1695 1562 1729 eligam
1581 1700 1660 1727 ante,
1674 1699 1735 1730 post
1751 1694 1818 1721 dili-‘

1026 1751 1096 1780 gam.
1108 1744 1246 1777 Quaenam,
1257 1741 1354 1776 inquis,
1371 1741 1397 1768 in
1411 1748 1453 1768 me
1463 1740 1510 1768 tibi
1525 1740 1658 1774 proban-la
1673 1739 1813 1774 placuere?

1026 1790 1117 1817 Dicam
1129 1788 1242 1815 libenter
1252 1792 1279 1814 et
1289 1786 1420 1814 breviter:
1430 1794 1542 1820 quorum
1554 1793 1635 1812 unum
1648 1786 1703 1812 fieri
1715 1785 1812 1819 gratia,

1025 1837 1138 1863 alterum
1152 1835 1246 1862 charta
1258 1833 1403 1867 compellit.
1416 1833 1535 1860 Veneror
1548 1833 1575 1860 in
1588 1832 1736 1859 actionibus
1749 1831 1814 1863 tuis,

1024 1881 1095 1917 quod
1121 1881 1202 1907 multa
1226 1880 1296 1908 bono
1316 1879 1411 1913 cuique
1430 1877 1568 1905 imitabilia
1591 1877 1671 1912 geris.
1694 1876 1766 1903 Colis
1786 1880 1815 1903 ut

1026 1927 1072 1963 qui
1085 1926 1260 1955 solertissime
1269 1944 1278 1959 ,
1300 1924 1417 1952 :cditleas
1431 1928 1459 1952 ut
1473 1923 1518 1959 qui
1532 1923 1735 1959 dispositissime
1744 1942 1752 1955 ,
1766 1929 1814 1949 veo

1026 2019 1066 2039 tur
1088 2012 1205 2048 egregiis,
1220 2011 1282 2038 dum
1296 2013 1331 2048 ad
1341 2011 1619 2048 tmperialersecretum
1639 2010 1703 2048 tales
1721 2013 1815 2048 coiistet

1024 2047 1084 2102 eliqi
1099 2046 1124 2073 in
1140 2046 1229 2081 quibus
1244 2046 1447 2081 reprehensionis
1464 2047 1552 2073 vitium
1571 2051 1676 2079 nequeat
1694 2046 1813 2073 inveniri.

1088 2081 1260 2102 Cnncnlrtrnm
1285 2085 1330 2102 aut
1354 2082 1494 2102 nrrt-titlom
1520 2082 1544 2102 in
1566 2082 1652 2102 alitum
1677 2081 1812 2102 hrnv'tnr'in

1088 2081 1261 2110 Consularem
1285 2085 1330 2108 aut
1354 2082 1494 2116 prmsidetn
1520 2082 1544 2109 in
1566 2082 1653 2116 aliqua
1677 2081 1813 2115 provincia

1026 2118 1121 2146 Gallis
1136 2117 1219 2145 fuisse
1240 2122 1347 2152 oportet
1363 2122 1464 2151 patrem
1483 2117 1609 2151 Aquilini.
1627 2116 1691 2144 Nam
1711 2116 1814 2144 Sidonii

1027 2158 1102 2194 pater
1117 2153 1261 2216 grafectus
1270 2154 1397 2188 praetorio
1405 2153 1452 2180 toti
1465 2152 1559 2180 Gallia:
1570 2153 1686 2188 pratl'uit,
1697 2152 1743 2179 lib.
1757 2159 1813 2184 vni,

1027 2194 1106 2216 entst.
1139 2210 1144 2215 .

1026 2194 1106 2216 eDlSl.
1119 2194 1144 2216 ὃ.

1043 2197 1263 2258 pLSlliioaliquibns
1274 2223 1360 2256 libris,
1376 2227 1468 2250 tenore.

988 2248 1014 2279 θ
1062 2258 1074 2277 ἀ
1092 2248 1506 2293 ἤίέἰὶῖεῐᾶεέῐοῖῐιὶέῖ’ρὲεέῖεὲιὶυε
1527 2258 1598 2284 enim
1614 2257 1739 2291 prtetorio
1752 2256 1815 2283 Gal-

1026 2294 1120 2322 liarum
1134 2293 1229 2327 fuerat,
1244 2295 1269 2320 in
1280 2300 1366 2327 eoque
1377 2293 1680 2327 niagistratuassessore
1692 2299 1754 2318 usus
1765 2298 1814 2327 geg

1027 2338 1092 2357 nero
1106 2337 1154 2356 suo
1171 2325 1380 2363 Pra‘gtnatioIVEt
1391 2325 1449 2362 jain
1474 2326 1657 2363 praefectorius
1672 2331 1728 2363 erat
1743 2325 1813 2352 Aviti

1028 2366 1095 2397 Aug.
1113 2360 1271 2398 principatu,
1288 2368 1315 2389 ttt
1329 2360 1407 2398 docet
1421 2360 1513 2398 titulus
1528 2361 1655 2398 carminis
1670 2360 1696 2388 8.

1062 2396 1140 2434 θσι
1158 2396 1258 2425 Horum
1274 2397 1473 2434 oninium‘niﬁhil
1491 2396 1570 2434 hodie
1581 2400 1815 2434 superestprtetrr

1028 2431 1236 2462 declamationes
1248 2432 1413 2465 Quintiliani.
1430 2432 1588 2458 Palmmonis
1604 2438 1691 2458 tamen
1704 2431 1814 2458 lladria-

1029 2471 1054 2497 ni
1068 2474 1215 2502 temporum
1231 2469 1345 2495 rhetoris
1358 2467 1477 2494 meminit
1488 2467 1617 2494 Eusebius
1629 2467 1655 2493 in
1666 2466 1813 2498 Chronico;

1029 2504 1156 2531 Gallionis
1167 2503 1254 2530 fratris
1267 2503 1308 2530 sui
1320 2503 1420 2530 Seneca
1433 2503 1457 2529 in
1469 2502 1624 2537 praefatione
1634 2502 1815 2534 Qutestionum

1030 2539 1202 2573 naturalium.
1232 2538 1348 2566 Atticum
1379 2537 1504 2565 Tironem
1531 2537 1698 2573 Delphidiuin
1728 2537 1818 2573 laudat

1030 2572 1165 2603 Ausonius
1183 2574 1302 2601 carmine
1317 2573 1332 2599 5
1352 2573 1545 2600 Professorum.
1570 2571 1640 2599 ldetn
1657 2572 1736 2599 etiam
1750 2571 1819 2599 Cen-

1031 2610 1132 2637 sorium
1148 2609 1265 2637 Alticum
1280 2608 1431 2644 Agruacinm
1441 2609 1558 2644 carmine
1574 2607 1741 2644 l5.Atticum
1757 2607 1819 2644 llic-

1031 2653 1158 2680 ronymus
1172 2645 1196 2672 in
1212 2642 1354 2672 Chronico.
1378 2643 1499 2678 Adelphii
1519 2643 1647 2670 memoria
1667 2642 1815 2680 obscurior.

1031 2677 1119 2714 Meg—oi
1143 2681 1258 2708 oratoris
1276 2680 1386 2707 Romani
1402 2680 1499 2706 clarior
1518 2687 1550 2706 ex
1571 2680 1650 2712 epist.
1671 2677 1818 2714 Silliero-

1032 2712 1114 2752 nymi,
1127 2721 1154 2743 et
1165 2724 1195 2743 cx
1210 2716 1329 2752 apologis
1344 2716 1394 2752 lin
1407 2715 1542 2752 Rufinum.
1558 2713 1689 2741 Victorius
1707 2712 1817 2752 fortasse.

1031 2749 1124 2779 rhetor
1140 2757 1179 2778 est
1194 2749 1376 2781 Massiliensis,
1392 2749 1467 2783 cnjns
1485 2754 1589 2777 exstant
1611 2754 1742 2783 poemata.
1760 2749 1819 2775 l’al-

1033 2787 1118 2815 ladius
1133 2787 1154 2813 is
1169 2786 1273 2813 videtur
1285 2786 1316 2812 dc
1337 2793 1388 2818 quo
1404 2784 1581 2819 Symmachus
1598 2789 1653 2812 tum
1668 2784 1726 2811 aliis
1742 2785 1806 2810 i0CL.

1034 2827 1088 2850 tum
1104 2823 1182 2855 epist.
1196 2822 1221 2853 9,
1239 2822 1283 2848 lib.
1298 2829 1304 2846 ι
1318 2830 1323 2846 :
1338 2820 1432 2851 Movet,
1447 2820 1542 2854 inquit,
1559 2828 1635 2846 nouus
1653 2820 1762 2847 Athemci
1775 2821 1818 2845 lto-

1033 2866 1088 2893 sprs
1112 2858 1213 2884 Latiare
1233 2855 1378 2893 concilium,
1404 2855 1532 2893 divisionis
1557 2860 1621 2887 arte,
1646 2855 1818 2882 fnventio'nuirt

1018 2926 1020 2928 τ
1033 2890 1115 2928 copia,
1130 2900 1246 2920 sensuum
1261 2892 1394 2928 gravitate,
1413 2890 1467 2919 luce
1481 2891 1621 2922 verborum.
