4140 6336
532 339 639 398 545

1792 336 2033 394 δΙΒΟΝΙΙ
2070 334 2519 393 ΑΡοιλιιεΝΑῐιτδ

3676 346 3778 400 5η

531 457 677 512 naris
706 466 763 510 ut
788 468 876 525 qut
920 451 1308 519 etncactssime,
1340 452 1511 520 pascis
1541 459 1595 505 ut
1618 451 1709 522 qui
1738 453 2097 520 exactissime,
2126 455 2181 515 Λ
2205 453 2467 517 evolutus,
2485 452 2597 520 jam
2634 457 2777 505 metu
2808 451 3166 522 exsanguibus
3194 452 3519 510 Gabalitanis
3544 469 3575 511 e
3604 457 3780 524 proxi-

527 553 722 622 jocaris
763 560 818 605 ut
845 549 933 620 qui
961 547 1281 603 facetissime
1302 588 1316 611 ,
1344 545 1552 616 judicas
1588 546 1756 616 utqui
1780 548 2096 617 aequissime,

528 641 722 696 suades
764 648 820 693 ut
861 637 948 707 qui
975 636 1337 692 sincerissime
1359 679 1373 703 ,
1402 638 1755 692 commoveris
1784 647 1841 691 ut
1869 639 1956 708 qni
1989 647 2099 692 tar-

528 732 766 793 dissime,
797 729 1028 798 placaris
1065 726 1215 798 142
1248 734 1305 781 ιιι
1329 727 1418 796 qui
1442 727 1746 792 celerrime,
1778 727 2021 782 redamas
2046 736 2103 782 ut

526 823 615 893 qui
636 820 961 876 fidelissime.
986 819 1112 873 Hrec
1135 818 1311 872 omnia
1334 817 1577 886 exempla
1604 817 1815 873 vivendi
1838 818 1945 888 jam
1978 818 2102 873 hinc

526 914 595 969 ab
635 911 788 968 annis
831 910 1119 980 puberibus
1169 924 1320 965 meus
1364 909 1689 978 Apollinaris
1737 909 1781 965 si
1836 911 2098 979 sequitur,

524 1007 730 1077 gaudeo
762 1014 945 1059 :certe
970 1043 984 1069 ,
1027 1011 1086 1058 ut
1128 1010 1409 1073 sequatur,
1440 1003 1719 1058 admoneo.
1774 1003 1828 1057 In
1873 1018 1977 1072 quo
2005 1003 2103 1057 do-

524 1097 691 1152 cendo
723 1094 1173 1164 instituendoque,
1215 1092 1373 1148 modo
1422 1094 1520 1161 su_b
1550 1108 1651 1164 ope
1680 1093 1874 1149 Christi
1926 1095 2101 1164 dispo-

525 1190 625 1245 sita
646 1187 957 1253 succedant,
985 1186 1269 1257 plurimum
1295 1185 1446 1239 laetor
1476 1185 1757 1239 maximam
1789 1200 1874 1239 me
1902 1185 2101 1240 formu-

524 1279 633 1335 lam
651 1278 772 1334 vitaa
799 1278 865 1334 de
894 1276 1132 1333 moribus
1164 1274 1267 1330 tuis
1295 1282 1682 1330 mutuaturum.
1714 1274 1866 1330 Vale.

1069 1368 1399 1425 EPISTULA
1438 1368 1551 1422 XII.

841 1462 1087 1517 Sidonius
1127 1461 1376 1515 Calminio
1408 1477 1497 1515 suo
1536 1462 1776 1516 salutem.

594 1555 744 1625 Quod
767 1556 940 1611 rarius
967 1555 1030 1610 ad
1064 1569 1157 1609 vos
1180 1570 1210 1609 a
1251 1554 1403 1609 nobis
1434 1555 1621 1624 pagina
1661 1562 1832 1618 meat,
1874 1571 1977 1610 non
2006 1570 2102 1609 no-

523 1658 633 1705 stra
676 1648 920 1717 superbia
947 1687 962 1713 ,
1012 1646 1319 1700 scd-aliena
1372 1645 1683 1714 impotentia
1724 1645 1868 1700 facit.
1920 1646 2101 1714 Neque

524 1755 685 1809 super
726 1738 808 1794 his
856 1738 1140 1807 quidquam
1189 1736 1409 1807 planius.
1444 1752 1680 1806 quzeras;
1732 1738 1928 1807 quippe
1981 1753 2098 1793 cum

2202 560 2290 599 mo
2342 544 2609 599 infertur:
2650 558 2785 613 quos
2829 543 3064 614 singulos
3109 560 3362 617 sparsos,
3418 547 3775 618 inoppidatos,

2205 649 2344 687 nunc
2371 633 2622 693 inauditis
2641 633 2986 689 indictionum
3015 636 3299 705 generibus
3324 638 3573 695 exhaurit
3592 681 3607 704 ,
3639 656 3780 697 nunc

2202 722 2442 778 ﬂexuosa
2484 725 2866 779 calumniarum
2914 724 3098 781 fraude
3144 727 3617 793 circumretit;ne
3670 742 3779 787 tum

2203 815 2411 883 quidem
2460 816 2672 869 domum
2703 816 2995 871 laboriosos
3038 817 3217 873 redire
3257 820 3614 888 permittens,
3645 837 3768 878 cum

2205 906 2461 961 tributum
2506 898 2739 962 annuum
2769 907 3039 964 datavere.
3091 908 3312 979 Signum
3343 909 3532 969 ethoc
3572 920 3775 967 certum

2203 1004 2288 1052 est
2324 998 2647 1052 imminentis
2688 998 2977 1061 adventus,
3024 999 3167 1069 quod
3214 1006 3543 1066 catervatim,
3589 1016 3697 1071 quo
3719 1015 3778 1056 se

2202 1105 2410 1160 cunque
2444 1092 2804 1157 converterit,
2856 1091 3019 1147 vincti
3069 1093 3354 1147 trahuntur
3411 1094 3627 1149 vincula
3675 1103 3779 1149 tra-

2202 1182 2393 1238 hentes
2443 1200 2456 1236 :
2499 1198 2725 1253 quorum
2768 1182 2957 1238 dolore
3006 1183 3251 1251 ltetatur,
3309 1185 3544 1255 pascitur
3591 1186 3778 1240 fame:

2204 1275 2468 1345 praecipue
2522 1275 2800 1345 pulchrum
2837 1275 3126 1332 arbitratus
3151 1316 3166 1342 ,
3210 1285 3335 1332 ante
3372 1285 3587 1347 turpare
3620 1291 3779 1347 quam

2204 1370 2392 1437 punire
2426 1369 2793 1425 damnandos:
2819 1369 3025 1425 crinem
3071 1370 3201 1426 viris
3245 1372 3430 1437 nutrit,
3464 1370 3781 1427 mulieribus

2204 1460 2386 1515 incidit
2414 1478 2429 1517 :
2459 1477 2489 1518 e
2516 1462 2706 1529 quibus
2737 1470 2947 1529 tamen,
2973 1464 3017 1518 si
3050 1477 3167 1519 rara
3189 1465 3444 1535 quosdam
3488 1465 3645 1520 venia
3688 1478 3779 1520 re-

2202 1552 2465 1620 spexerit,
2517 1551 2615 1608 bos
2662 1552 2918 1607 venalitas
2963 1554 3142 1619 solvit,
3175 1552 3332 1625 1M
3367 1554 3575 1609 vanitas
3622 1553 3778 1619 illos,

2203 1649 2377 1703 nullos
2399 1649 2785 1704 misericordia.
2818 1649 2924 1705 Sed
2949 1649 3278 1719 explicandm
3310 1649 3495 1705 bestias
3538 1649 3631 1704 tali
3676 1663 3780 1704 nec

2204 1750 2473 1794 oratorum
2512 1742 2779 1810 .princeps
2831 1741 3036 1795 Marcus
3083 1741 3311 1809 Arpinas
3351 1781 3367 1807 ,
3436 1755 3535 1795 nec
3586 1751 3780 1812 poeta-

525 1832 722 1888 silentii
763 1830 919 1900 hujus
967 1829 1339 1885 necessitatem
1384 1843 1481 1897 par
1505 1828 1643 1897 apud
1672 1844 1763 1883 vos
1812 1839 1983 1885 metus
2022 1832 2102 1886 in-
2130 1833 2177 1894 B
2204 1847 2318 1886 rum
2354 1832 2567 1888 Publius
2595 1834 2945 1897 Mantuanus,
2987 1832 3233 1888 sufficere
3263 1841 3501 1902 possunt.
3543 1832 3781 1889 Proinde

524 1934 864 1996 terprctetur.
917 1924 1029 1979 lloc
1076 1924 1247 1977 solum
1299 1932 1474 1975 tamen
1524 1921 1692 1977 libere
1730 1938 1918 1993 gemo,
1959 1925 2098 1993 quod

524 2025 735 2079 turbine
789 2020 1160 2076 dissidentium
1195 2022 1424 2089 partium
1455 2035 1704 2089 segreges
1733 2018 1885 2081 facti,
1918 2027 2099 2073 mutuo

523 2114 738 2175 minime
765 2113 992 2167 fruimur
1028 2119 1265 2180 aspectu.
1300 2110 1485 2180 Neque
1521 2125 1752 2179 unquam
1782 2110 1964 2178 patria:
1992 2098 2101 2163 sol-

522 2205 681 2260 licitis
711 2204 921 2257 offerris
951 2202 1259 2265 obtutibus;
1296 2202 1393 2255 nisi
1436 2201 1652 2256 forsitan
1701 2215 1819 2254 cum
1867 2200 1930 2254 ad
1961 2200 2101 2255 arbi-

524 2298 684 2352 trium
731 2295 951 2350 tcrroris
997 2294 1155 2349 alieni
1179 2334 1194 2359 ,
1227 2308 1322 2347 vos
1351 2292 1549 2357 loricm,
1582 2308 1679 2346 nos
1709 2294 2100 2362 propugnacula

523 2397 733 2457 tegunt.
771 2387 867 2442 Ubi
893 2387 1004 2454 ipse
1030 2385 1082 2439 in
1112 2385 1212 2438 hoc
1241 2385 1412 2438 solum
1443 2386 1681 2452 captivus
1710 2385 2013 2451 adduccris,
2044 2395 2102 2439 ιιι

524 2478 807 2547 pharetras
847 2477 1050 2546 sagittis
1080 2490 1339 2541 vacuare,
1382 2474 1628 2543 lacrymis
1674 2476 1859 2530 oculos
1882 2476 2100 2545 implere

522 2569 762 2640 cogaris;
796 2568 950 2622 nobis
996 2581 1207 2635 quoque
1257 2581 1361 2621 non
1410 2568 1812 2633 recusantibus,
1842 2568 1983 2636 quod
2012 2577 2101 2623 tua

520 2662 651 2716 satis
702 2658 848 2715 aliud
893 2659 1182 2713 moliuntur
1210 2669 1329 2711 vota
1355 2702 1368 2725 ,
1418 2673 1575 2727 quam
1611 2658 1807 2727 jacula.
1841 2659 1945 2714 Sed
1978 2659 2101 2728 quia

522 2753 821 2816 interdum,
854 2761 909 2807 et
933 2753 979 2805 si
1012 2766 1115 2805 non
1149 2767 1242 2820 per
1276 2751 1535 2806 foederum
1568 2752 1878 2817 veritatem,
1914 2753 2100 2807 saltem

521 2862 617 2917 per
657 2848 991 2903 induciarum
1041 2846 1321 2916 imaginem
1348 2885 1362 2910 ,
1394 2844 1635 2913 qumdam
1675 2847 1788 2913 Spei
1816 2854 2012 2899 nostra:
2040 2846 2103 2900 li-

521 2938 738 2995 bertatis
762 2939 996 2994 fenestra
1018 2937 1325 3008 resplendet
1348 2954 1362 2991 :
1389 2937 1628 3006 impense
1650 2938 1849 3007 flagito,
1878 2939 1951 2991 uti
1979 2952 2097 3003 nos,

520 3046 640 3086 cum
682 3032 911 3086 maxime
941 3040 1118 3100 potes,
1160 3030 1319 3083 aﬂ‘atu
1350 3028 1557 3099 pagina:
1583 3028 1874 3098 frequentis
1905 3029 2101 3098 imper-

521 3124 655 3187 tias;
685 3124 860 3177 seicus
893 3122 984 3175 tibi
1022 3122 1072 3175 in
1117 3121 1307 3175 animis
1342 3119 1495 3190 143
1526 3120 1869 3174 obsessorum
1898 3118 2092 3173 civium

2204 1923 2323 1992 quia
2354 1923 2549 1978 dicitur
2580 1924 2694 1977 haec
2725 1926 2835 1991 ipsa
2858 1923 3124 1993 pernicies
3149 1924 3577 1993 appropinquare
3604 1922 3783 1995 (cujus

2204 2014 2595 2083 proditionibus
2642 2015 2785 2069 Deus
2828 2014 3030 2087 obviet)
3060 2014 3297 2084 praeveni
3324 2015 3567 2072 morbum
3597 2014 3783 2085 provi-

2203 2106 2396 2160 dentiae
2443 2106 3116 2175 salubritate;contraque
3161 2107 3282 2162 lites
3307 2108 3700 2178 iurgiosorum,
3733 2108 3783 2164 si

2201 2211 2321 2265 qum
2353 2204 2655 2263 moventur,
2678 2196 3011 2265 pactionibus
3032 2197 3282 2264 consule,
3312 2207 3337 2236 ε
3378 2205 3562 2252 contra
3583 2198 3783 2253 tributa

2202 2288 2575 2343 securitatibus
2609 2305 2621 2341 :
2655 2303 2723 2344 ne
2770 2288 2942 2343 malus
2991 2290 3151 2344 homo
3199 2289 3359 2344 rebus
3402 2289 3667 2346 bonorum
3693 2290 3783 2345 vel

2201 2379 2341 2448 quod
2372 2389 2587 2442 noceat,
2619 2379 2701 2434 vel
2748 2379 2889 2449 quod
2932 2389 3152 2449 praestet
3193 2379 3449 2435 inveniat.
3487 2380 3543 2435 In
3570 2394 3783 2437 summa

2203 2470 2268 2524 de
2298 2471 2557 2525 Seronato
2579 2471 2659 2525 vis
2688 2472 2931 2540 accipere
2946 2474 3071 2542 quid
3096 2472 3356 2527 sentiam?
3385 2472 3583 2527 Caeteri
3613 2471 3782 2542 affligi

2202 2582 2297 2637 per
2321 2566 2741 2634 suprascriptum
2774 2567 2967 2622 damno
2998 2577 3278 2635 verentur;
3318 2566 3451 2623 mibi
3478 2566 3700 2623 latronis
3724 2572 3782 2622 et

2202 2659 2459 2715 beneﬁcia
2487 2669 2732 2727 suspecta
2763 2667 2903 2713 sunt.
2935 2652 3083 2715 Vale.

2755 2751 3085 2806 EPISTOLA
3115 2750 3253 2804 XIV.

2594 2844 2836 2900 Sidonius
2866 2845 3008 2913 Apro
3034 2861 3126 2900 suo
3156 2845 3384 2899 salutem.

2271 2934 2297 2972 ά
2328 2934 2579 2992 Calenses
2623 2951 2765 2990 nunc
2808 2945 2859 2990 te
2888 2936 3026 2989 Baite
3050 2977 3064 3000 ,
3111 2945 3164 2989 et
3209 2935 3415 2989 scabris
3455 2934 3779 2992 cavernatim

2201 3036 2404 3082 ructata
2438 3026 2735 3096 pumicibus
2762 3040 2897 3095 aqua
2928 3026 3198 3094 sulphuris
3216 3068 3229 3092 ,
3258 3034 3416 3095 atque
3433 3023 3695 3095 iecorosis
3721 3038 3781 3081 ac

2203 3118 2642 3187 phtisiscentibus
2665 3116 2923 3186 languidis
2946 3116 3275 3171 medicabilis
3307 3116 3508 3186 piscina
3528 3116 3778 3172 delectat.

522 3216 663 3269 illam
715 3230 930 3269 manere
959 3215 1214 3284 gratiam,
1245 3228 1361 3282 qua:
1407 3213 1754 3268 obliviscatur
1803 3212 2094 3267 obsidentis
2120 3208 2166 3270 C
2200 3213 2278 3267 An
2322 3213 2546 3267 fortasse
2590 3223 2840 3265 montana
2883 3212 3041 3267 sedes
3080 3213 3281 3266 circum
3325 3212 3579 3279 castella;
3627 3221 3681 3268 et
3726 3213 3777 3269 in

525 3305 799 3362 invidiam.
829 3306 980 3362 Vale.

1031 3396 1353 3451 EPISTOLA
1398 3397 1537 3451 XIII.

811 3490 1056 3545 Sidonius
1074 3498 1099 3527 α
1126 3489 1425 3560 Pannychio
1461 3506 1555 3543 suo
1576 3491 1808 3545 salutem.

592 3581 621 3621 δ
643 3581 962 3638 Seronatum
994 3582 1189 3637 Tolosa
1240 3584 1382 3637 nosti
1413 3582 1590 3638 redire
1627 3602 1639 3635 :
1680 3584 1723 3639 si
1754 3583 1985 3638 nondum
2019 3584 2096 3654 (et

522 3674 683 3731 credo
711 3674 851 3744 quod
884 3673 1162 3743 nondum),
1198 3674 1278 3729 vel
1326 3689 1420 3744 per
1450 3678 1561 3729 hare
1586 3674 1752 3731 disce.
1793 3675 1909 3730 Jam
1936 3673 2097 3731 Clau-

522 3770 746 3824 sentiam
776 3770 944 3839 pergit
968 3768 1262 3823 Evanthius
1288 3786 1301 3834 ;
1329 3770 1545 3839 jamque
1581 3778 1883 3826 contractas
1907 3785 2096 3841 operas

520 3861 658 3929 cogit
689 3860 995 3924 cruderare,
1019 3860 1063 3915 si
1094 3860 1218 3928 quid
1249 3858 1383 3915 forte
1412 3860 1619 3929 dejectu
1647 3861 1863 3916 caducae
1897 3862 2097 3918 frondis

521 3964 681 4020 agger
711 3950 991 4006 insorduit.
1024 3948 1180 4005 Certe
1218 3950 1264 4005 si
1293 3950 1418 4019 quid
1450 3952 1823 4020 voraginosum
1855 3962 1957 4017 εει,
1984 3952 2097 4020 ipse

522 4038 687 4093 humo
714 4040 938 4093 advema
968 4040 1246 4093 scrobibus
1288 4039 1518 4109 oppletis
1550 4040 1788 4109 trepidus
1829 4051 2093 4110 exaequat,

525 4140 581 4184 ut
601 4139 724 4199 pote
744 4130 974 4185 belluam
1001 4145 1147 4183 suam
1173 4130 1238 4183 de
1268 4130 1410 4183 valle
1435 4128 1643 4184 Tarmis
1670 4130 1929 4186 ducaliter
1951 4142 2099 4185 ante-

525 4236 808 4285 cessurus;
833 4221 1090 4275 musculis
1129 4219 1320 4274 similis
1351 4220 1492 4274 inter
1531 4234 1747 4285 saxosa,
1779 4222 1863 4275 vel
1894 4221 2095 4288 brevia,

526 4312 834 4365 balenartun
873 4309 1258 4378 corpulentiam
1287 4310 1841 4380 praegubernantibus.
1892 4313 1962 4365 At
2008 4313 2098 4367 ille

526 4403 603 4457 sic
631 4401 706 4456 ira
728 4401 892 4466 celer,
920 4400 1059 4471 quod
1093 4400 1242 4471 piger
1268 4401 1430 4467 mole,
1467 4414 1561 4456 seu
1586 4401 1747 4457 draco
1772 4418 1802 4457 e
1826 4416 1987 4472 specu
2011 4403 2095 4457 vix

2204 3306 2444 3375 eligenda
2492 3305 2618 3359 sede
2648 3304 2875 3375 perfugii
2905 3346 2919 3371 ,
2954 3306 3237 3375 quamdam
3279 3307 3480 3374 pateris
3510 3321 3575 3361 ex
3606 3305 3775 3360 muni-

2203 3399 2404 3453 tionum
2436 3397 2732 3467 frequentia
2766 3398 3180 3454 difﬁcultatem?
3218 3398 3483 3469 Quidquid
3515 3399 3640 3453 illud
3666 3406 3768 3466 est,

2202 3492 2340 3561 quod
2369 3492 2453 3545 vel
2484 3492 2695 3562 negotio
2716 3506 2891 3559 vacas,
2926 3494 2977 3547 in
3009 3493 3193 3548 urbem
3226 3493 3495 3558 tamen,ni
3518 3492 3768 3562 fallimur,

2204 3594 2228 3621 ο
2283 3584 2617 3654 rogationum
2663 3585 3111 3654 contemplatione
3151 3585 3489 3641 revocabere.
3540 3585 3773 3653 Quarum

2201 3674 2356 3729 nobis
2378 3675 2771 3731 solemnitatem
2795 3677 2996 3744 primus
3026 3677 3313 3731 Mamertus
3343 3686 3492 3745 pater
3518 3686 3573 3731 et
3599 3678 3776 3746 ponti-

2199 3764 2307 3833 fex,
2334 3766 2769 3822 reverentissimo
2789 3768 3059 3836 exemplo,
3080 3767 3359 3821 utilissimo
3381 3768 3774 3839 experimento,

2200 3857 2424 3922 invenit,
2453 3857 2701 3925 instituit,
2737 3858 2964 3912 invexit.
3002 3840 3164 3912 Erant
3193 3857 3405 3927 quidem
3437 3857 3585 3926 prius
3612 3858 3782 3928 (quod

2199 3950 2344 4004 salva
2390 3949 2511 4004 fidei
2555 3964 2687 4020 pace
2739 3951 2808 4003 sit
2846 3949 3066 4019 dictum)
3111 3964 3278 4017 vagas.
3309 3957 3585 4020 tepentes,
3620 3951 3783 4007 infre-

2201 4050 2560 4109 quentesque,
2598 4050 2760 4109 utque
2809 4040 2963 4111 145
3011 4042 3088 4094 sie
3113 4040 3372 4109 dixerim,
3417 4041 3785 4096 oscitabunda:

2201 4133 2641 4200 supplicationes;
2668 4147 2786 4201 qua:
2807 4147 2949 4201 saepe
2972 4133 3402 4200 interpellantum
3436 4133 3784 4201 prandiorum

2200 4222 2441 4275 obicibus
2471 4222 2877 4288 hebetabantur,
2910 4223 3139 4277 maxime
3164 4233 3249 4277 aut
3274 4223 3492 4287 imbres,
3523 4233 3616 4278 aut
3635 4239 3786 4280 sere-

2199 4312 2419 4366 nitatem
2452 4311 2842 4380 deprecaturze;
2870 4312 2937 4367 ad
2965 4328 3096 4383 quas
3126 4314 3207 4385 (ut
3230 4316 3305 4370 nil
3327 4314 3558 4383 amplius
3584 4315 3784 4387 dicam)

2200 4404 2357 4474 ligulo
2409 4404 2606 4474 pariter
2653 4412 2812 4476 atque
2842 4403 3127 4460 hortulano
3175 4420 3282 4460 non
3311 4405 3547 4475 oportuit
3582 4420 3788 4461 conve-

598 4548 623 4577 ι
664 4514 1015 4605 Βὶιιιτίεθιιεί,
1051 4536 1169 4591 viro
1222 4534 1450 4604 illustri,
1502 4542 1564 4589 ut‘
1607 4543 1689 4590 est
1734 4536 1786 4589 in
1832 4534 2098 4593 Concione
2126 4541 2179 4601 D
2278 4549 2300 4575 θ
2338 4539 2407 4592 De
2444 4538 2698 4592 institutis
2729 4554 2754 4589 a
2790 4539 3047 4593 Mamerto
3085 4536 3368 4593 Viennensi
3412 4536 3665 4603 episcopo
3692 4551 3785 4591 ro-

526 4610 622 4668 Iib.
651 4625 743 4664 vtI.
1617 4653 1630 4665 .

593 4681 622 4721 ιι
655 4681 731 4736 De
759 4695 864 4750 quo
895 4679 1139 4750 superius
1159 4677 1251 4732 lib.
1286 4676 1531 4750 n_,_epist.
1566 4678 1617 4731 1.
1648 4676 1794 4750 'I‘unc
1817 4678 2098 4750 Aturribus

525 4753 750 4816 redibat,
774 4746 915 4806 nunc
936 4746 1126 4804 Tolosa
1155 4767 1166 4801 :
1192 4747 1473 4819 utrobique
1494 4762 1559 4803 ex
1583 4746 1703 4802 aula
1732 4748 1872 4819 regis
1898 4748 2095 4804 Gotho-

525 4839 667 4888 rum,
699 4838 922 4892 quorum
960 4821 1196 4890 partibus
1228 4818 1479 4892 favebat.‘
1915 4888 1926 4892 _
1994 4851 1999 4856 .

598 4906 621 4933 ο
664 4888 985 4949 securitates
1014 4901 1132 4946 sunt
1161 4888 1378 4957 apoebte
1406 4905 1418 4940 :
1449 4888 1763 4943 documenta
1797 4888 2093 4944 illationnm

526 4965 757 5032 appellat
799 4963 1163 5035 Symmachu_s_
1201 4960 1289 5012 lib.
1325 4974 1389 5035 x_,
1433 4961 1589 5028 epist.
1632 4961 1719 5028 45,
1767 4960 2098 5035 syngraphas

527 5031 797 5099 nimirum,
822 5031 952 5103 quas
974 5033 1059 5101 qui
1082 5031 1277 5103 tributa
1299 5031 1512 5103 solvunt
1534 5045 1559 5081 ιι
1589 5031 1985 5103 susceptoribus
2010 5046 2100 5087 ae-

529 5100 955 5175 cipiuntltducim
973 5117 1153 5157 causa.
1186 5100 1534 5175 Cassiodorus
1555 5101 1906 5175 canoniCurio‘
1927 5100 2101 5175 Vene-

528 5169 717 5230 tiarum
750 5192 765 5229 :
803 5173 1017 5228 Validas
1038 5181 1213 5225 contra
1234 5178 1278 5223 te
1302 5169 1523 5235 apocltas
1549 5171 1861 5234 invenerunt,
1890 5172 2103 5225 invictas

528 5248 821 5301 securitates
851 5244 955 5298 illis
985 5243 1122 5297 dedit
1147 5238 1411 5293 calamitas
1437 5255 1531 5291 sua
1559 5254 1576 5291 :
1606 5240 1847 5293 violenter
1892 5241 2101 5295 abstulit

527 5315 662 5385 quod
700 5315 972 5385 quazrebas.
1019 5314 1181 5379 liinc,
1217 5309 1612 5365 Primiscrinius
1662 5312 2005 5366 securitatum
2047 5312 2100 5367 in

528 5384 940 5439 officio’comitis
975 5385 1184 5452 privati.

600 5452 627 5491 ά
657 5453 851 5522 Scripti
879 5449 1074 5524 aliquot
1101 5453 1217 5507 libri
1245 5451 1502 5517 Caieuses,
1522 5450 1609 5506 alii
1641 5449 1871 5524 Calenses
1897 5452 2097 5524 legunt.

530 5524 672 5578 Baias
709 5521 832 5578 sunt
878 5521 1028 5594 aqua:
1055 5525 1255 5579 calidae.
1296 5525 1361 5578 Et
1406 5531 1529 5577 sunt
1557 5522 1712 5577 hodie
1736 5521 1786 5594 in
1815 5522 2094 5594 Arvernis,

530 5609 649 5663 quae
706 5596 754 5649 id
785 5592 976 5649 nomen
1022 5596 1139 5649 vico
1183 5594 1483 5649 dederunt:
1526 5607 1647 5647 nam
1691 5592 1892 5646 calidas
1934 5607 2098 5661 aquas

530 5664 699 5733 patria
730 5664 903 5733 lingua
938 5674 1150 5718 vocant.
1184 5665 1235 5717 In
1265 5664 1466 5719 Tabula
1493 5666 1649 5718 etiam
1684 5664 2007 5732 Peutingct‘i,
2040 5672 2099 5718 ut

530 5750 691 5805 supra
734 5734 934 5805 dictum
980 5742 1089 5799 est,
1129 5735 1464 5788 nominantur
1495 5737 1658 5805 Aqua:
1693 5733 1892 5805 Calidae
1931 5734 1984 5789 in
2014 5734 2098 5792 iti-

530 5804 662 5865 nere
686 5804 828 5875 qood
856 5804 924 5862 ab
949 5805 1400 5873 Augustonemeto
1431 5804 1742 5865 Lugdunum
1764 5804 1927 5861 ducit.

372 6238 549 6336 ι..

2203 4610 2504 4679 gationibus
2526 4618 2700 4663 exstat
2721 4609 2933 4661 homilia
2959 4609 3145 4663 Alcimi
3172 4609 3311 4662 Aviti
3333 4606 3572 4679 ejusdem
3600 4607 3788 4661 Eccle-

2204 4678 2295 4733 sia:
2308 4680 2579 4742 antistitis,
2607 4692 2655 4734 et
2683 4680 3022 4735 consentiunt
3044 4679 3245 4748 antiqui
3267 4678 3784 4743 omnesscriptores.

2204 4751 2379 4818 Quare
2413 4752 2604 4803 lrustra
2646 4750 2923 4813 laborant,
2952 4751 3041 4818 qui
3079 4747 3787 4820 proptereagquodlitanias

2204 4817 2725 4889 supplicationesque
2757 4828 2882 4875 ante
2912 4817 3223 4874 Matncrtum
3255 4820 3308 4872 in
3348 4817 3584 4889 Ecclesia
3613 4820 3786 4871 exsti-

2205 4887 2334 4946 tisse
2362 4891 2571 4960 legunt,
2596 4887 2716 4944 ideo
2745 4891 2891 4944 illum
2923 4892 3255 4960 rogationum
3284 4902 3391 4942 non
3424 4887 3653 4960 primum
3686 4903 3790 4960 au-

2205 4959 2434 5029 ctorem,
2461 4960 2553 5015 sed
2597 4959 3011 5015 restauratoretn
3044 4961 3147 5014 dici
3172 4959 3379 5014 volunt.
3424 4959 3668 5029 Frustra,
3700 4959 3788 5011 in-

2206 5046 2387 5101 quam.
2417 5027 2600 5100 Neque
2630 5032 2769 5085 enim
2797 5031 3022 5101 qumstio
3044 5039 3126 5085 est
3145 5046 3211 5083 an
3238 5031 3443 5098 primus
3471 5027 3784 5101 litaniarum

2205 5099 2355 5155 usum
2404 5103 2454 5155 in
2490 5099 2781 5156 Ecclesiam
2818 5099 3116 5166 invexerit,
3150 5115 3307 5169 quem
3352 5106 3562 5153 constat
3612 5099 3786 5154 multo

2167 5182 2171 5186 ·
2203 5172 2556 5241 antiquiorem
2601 5172 2802 5227 fuisse:
2831 5172 2924 5227 sed
2953 5187 3020 5225 an
3052 5186 3145 5226 eas
3185 5170 3474 5241 instituerit
3502 5183 3623 5239 qua:
3656 5179 3786 5225 ante

2164 5240 2589 5297 .Ascensionem
2648 5242 2856 5296 Domini
2914 5241 3296 5305 celebrantur,
3348 5240 3786 5309 Rogationesque

2203 5313 2414 5382 propria
2437 5312 2549 5381 jam
2581 5327 2711 5368 voce
2737 5319 3125 5382 nuncupantur.
3155 5311 3214 5365 In
3241 5324 3369 5380 quo,
3398 5321 3459 5364 ut.
3486 5309 3616 5382 dixi.
3640 5324 3789 5382 con-

2205 5381 2443 5436 Scntiunt
2483 5397 2689 5449 omnes,
2730 5392 2785 5438 et
2821 5381 3029 5438 Sidonii
3069 5382 3230 5437 verba
3277 5382 3493 5445 inuenit,
3522 5381 3779 5443 instituit,

2203 5453 2407 5518 invexit,
2432 5452 2660 5507 dubitari
2686 5468 2788 5507 non
2811 5452 3011 5507 sinunt.
3046 5452 3400 5522 Rogationum
3423 5465 3552 5521 ergo
3576 5449 3783 5519 primus

2202 5534 2390 5578 auctor
2437 5524 2743 5579 Mamertus.
2786 5523 2899 5577 Non
2949 5522 3120 5577 solum
3153 5523 3410 5589 instituit,
3438 5531 3497 5576 ut
3526 5530 3678 5590 Statua
3716 5534 3784 5573 ac
3830 5587 3834 5590 g

2202 5595 2471 5670 solemnes
2496 5594 2603 5670 illis
2632 5594 2820 5649 diebus
2844 5593 3261 5670 supplicationes
3289 5588 3491 5656 essent,
3523 5588 3618 5670 sed
3649 5602 3781 5657 sup-
3828 5588 3842 5627 ι

2202 5664 2543 5732 plicationnm
2568 5663 2793 5721 formam
2825 5665 3020 5724 usitata
3039 5664 3362 5723 sanctiorem
3390 5663 3784 5732 augustiorem-

2200 5736 2683 5814 quepracscripsit.
2787 5780 2812 5810 ,τ
2971 5800 2983 5809 ,
