4140 6336
353 336 449 397 515

1606 336 2082 394 EPISTOLARUM
2122 336 2251 392 LIB.
2294 339 2334 391 V

3490 351 3596 406 848

346 456 479 507 nlre.
510 448 564 503 ln
597 448 677 504 his
698 456 874 506 autem
904 462 1034 522 quas
1062 448 1364 520 suprafatus
1392 462 1633 504 summus
1662 449 1913 505 sacerdos
1940 453 1993 511 Α
2016 448 2263 519 gerulum
2311 448 2712 519 codicellorum,
2759 466 2984 524 quorum
3025 454 3080 512 in
3123 456 3352 515 adventu
3375 497 3394 528 ,
3441 458 3591 517 fratri

290 522 307 564 ζ
342 551 397 599 et
438 542 654 611 protulit
703 543 901 611 pariter
939 552 994 597 et
1049 542 1306 608 contulit,
1346 540 1647 610 jejunatur,
1695 550 1906 604 oratur,

343 634 600 705 psallitur,
632 633 809 689 ﬂetur.
835 633 916 689 Ad
947 634 1058 689 bzec
1080 643 1133 688 te
1154 634 1285 689 festa
1314 632 1578 688 cervicum
1607 631 1908 686 humiliata-

341 740 493 792 rum,
541 733 596 779 et
632 724 953 780 sternacium
998 725 1191 780 civium
1232 724 1520 793 suspiriosa
1561 724 1907 779 contubernia

339 823 502 888 peto:
531 825 586 871 et
622 818 666 873 si
703 817 997 887 spiritalem
1046 816 1281 871 animum
1323 825 1468 871 tuum
1510 816 1646 872 bene
1692 816 1904 882 metior,

337 909 495 965 modo
541 908 701 964 citius
742 909 943 975 venies,
978 908 1119 979 quod
1148 908 1345 963 nonad
1370 908 1576 978 epulas,
1612 908 1707 964 sed
1732 908 1798 962 ad
1827 909 1905 961 la-

328 1016 546 1073 crymas
570 1004 839 1058 evocaris.
873 1004 1024 1059 Vale.

876 1092 1211 1151 EPISTOLA
1250 1093 1364 1149 XV.

686 1185 936 1241 Sidonius
958 1185 1170 1241 Ruricio
1191 1203 1282 1241 suo
1309 1187 1547 1244 salutem.

400 1279 577 1335 Officii
602 1293 852 1335 sermone
882 1281 1130 1348 praefato,
1159 1280 1502 1349 bibliopolam
1533 1287 1767 1337 vestrum
1798 1297 1900 1338 non

329 1372 583 1441 gratiose,
612 1370 705 1426 sed
729 1364 1046 1439 iudicialiter
1072 1382 1323 1439 expertus
1362 1372 1572 1426 insinuo
1622 1391 1634 1424 :
1667 1374 1819 1442 cujus
1848 1384 1901 1428 ut

329 1462 493 1518 fidem
522 1464 576 1517 in
616 1473 850 1532 pectore,
881 1464 958 1516 sic
984 1462 1034 1516 in
1063 1478 1225 1532 opere
1261 1463 1609 1529 celeritatem,
1642 1466 1782 1520 circa
1808 1465 1903 1520 do-

327 1552 535 1615 minum
591 1562 642 1607 te
682 1552 811 1607 mihi
854 1552 1062 1621 sibique
1118 1568 1454 1608 communem
1508 1555 1638 1608 satis
1693 1556 1901 1610 abunde

325 1643 577 1713 probavi.
623 1652 649 1679 ἰ
681 1643 897 1697 Librum
938 1643 1096 1712 igitur
1134 1644 1244 1711 jam
1291 1644 1405 1713 ipse
1436 1644 1679 1713 deportat
1703 1646 1899 1716 llepta-

325 1733 538 1802 teucbi,
576 1732 832 1803 scriptum
874 1734 1155 1788 velocitate
1176 1750 1381 1789 summa
1403 1775 1416 1800 ,
1461 1749 1668 1791 summo
1700 1738 1895 1803 nitore;

2014 541 2175 596 etiam
2201 551 2289 596 tuo
2319 542 2557 613 Ecdicio,
2588 547 2738 615 cujus
2758 563 2910 619 atque
2933 550 3096 606 titulis
3122 565 3186 607 ac
3210 554 3343 607 meis
3368 553 3590 623 gaudes,

2015 633 2187 687 honor
2223 634 2477 702 patricius
2505 636 2743 703 accedit;
2785 640 3064 697 celerrime
3086 683 3102 710 ,
3148 643 3195 697 si
3232 643 3434 714 cogites
3476 643 3592 713 ejus

2011 730 2255 789 aetatem;
2291 722 2335 779 si
2365 726 2573 789 merita,
2613 727 2939 785 tardissime.
2972 730 3210 802 Namque
3236 734 3325 788 ille
3344 734 3453 803 jam
3483 736 3592 805 pri-

2010 811 2132 867 dem
2183 813 2489 883 suffragium
2549 815 2821 885 dignitatis
2874 818 3125 876 ineunda:
3174 839 3281 879 non
3328 824 3489 879 solvit
3534 825 3589 881 iu

2010 902 2182 970 lance,
2211 905 2305 958 sed
2336 904 2389 958 in
2414 906 2528 960 acie
2556 923 2569 957 :
2596 909 2952 978 aerariumque
2977 911 3244 979 publicum
3275 914 3389 984 ipse
3413 917 3589 985 priva-

2009 1002 2093 1048 tus
2144 1011 2247 1048 non
2288 998 2525 1064 pecuniis
2552 1037 2567 1061 ,
2616 998 2710 1051 sed
2751 999 3016 1054 manubiis
3066 1003 3432 1072 locupletavit.
3477 1006 3588 1061 lloc

2006 1091 2186 1139 tamen
2238 1097 2423 1140 sancte
2449 1086 2619 1142 Julius
2644 1087 2854 1158 Nepos,
2896 1093 3061 1145 armis
3105 1094 3305 1161 pariter
3346 1110 3586 1151 summus

2006 1177 2276 1245 Augustus
2328 1193 2392 1232 ac
2443 1179 2681 1233 moribus
2711 1221 2726 1246 ,
2779 1180 2919 1250 quod
2965 1182 3262 1239 decessoris
3312 1185 3583 1242 Anthemii

2003 1264 2192 1331 fidem,
2219 1268 2398 1322 fratris
2425 1271 2497 1322 tui
2526 1270 2810 1325 sudoribus
2841 1271 3158 1341 obligatam,
3201 1288 3307 1343 quo
3344 1276 3582 1343 citerior,

2004 1356 2105 1411 hoc
2143 1359 2459 1414 laudabilior
2506 1362 2769 1427 ﬂbS‘llVil;
2816 1363 3077 1433 siquidem
3127 1364 3226 1418 iste
3273 1367 3581 1435 complevit,

2001 1453 2143 1523 quod
2166 1454 2258 1507 ille
2280 1454 2573 1523 smpissime
2603 1456 2967 1523 pollicebatur.
3001 1459 3114 1522 Quo
3142 1457 3220 1525 tit,
3247 1466 3305 1512 ut
3328 1457 3579 1530 deinceps

2002 1562 2097 1617 pro
2124 1547 2399 1615 republica
2439 1550 2669 1617 optimus
2717 1549 2940 1619 quisque
2987 1551 3154 1619 p055“.
3186 1564 3250 1604 ac
3298 1550 3509 1618 debeat,
3538 1552 3583 1607 si

2001 1641 2124 1709 quid
2156 1640 2387 1709 cuipiam
2433 1641 2626 1695 virium
2676 1651 2778 1707 est,
2812 1642 2933 1710 quia
2974 1656 3215 1706 securus,
3250 1642 3374 1696 hinc
3399 1642 3582 1697 avidus

2001 1732 2309 1801 impendere
2347 1734 2598 1802 :quando
2628 1734 2843 1803 quidem
2875 1747 3085 1789 mortuo
3113 1750 3323 1805 quoque
3352 1736 3583 1805 impera-

321 1840 629 1896 quanquam
649 1835 703 1881 et
729 1825 938 1893 anobis
967 1825 1224 1880 relectum
1251 1834 1305 1880 et
1330 1834 1691 1880 retractatum.
1726 1827 1900 1882 Defert
1931 1809 1975 1869 Β
2006 1834 2146 1894 tore,
2200 1827 2537 1881 laborantum
2599 1827 2864 1881 devotioni
2932 1827 3187 1905 quidquid
3237 1828 3599 1899 Spoponderit.

318 1925 372 1973 et
397 1915 652 1971 volumen
676 1916 1077 1985 prophetarum,
1102 1916 1225 1971 licet
1247 1931 1331 1971 me
1353 1917 1573 1973 absente
1594 1918 1898 1987 decursum,

313 2023 423 2065 sua
455 2018 631 2065 tamen
659 2023 786 2065 cura
830 2024 1097 2079 manuque
1140 2009 1208 2065 de
1242 2012 1581 2079 supervacuis
1621 2014 1900 2067 sententiis

311 2101 697 2167 cruderatum;
747 2116 849 2158 nec
873 2100 1135 2172 semperb
1189 2101 1281 2156 illo
1324 2111 1508 2156 contra
1551 2103 1777 2173 legente,
1810 2108 1896 2170 qui

268 2180 269 2183 “
310 2194 643 2265 promiserat
663 2207 879 2263 operam
912 2208 1060 2247 suam
1090 2209 1105 2249 :
1132 2193 1294 2247 crcdo
1315 2195 1435 2263 quia
1468 2194 1744 2249 infirmitas
1788 2195 1901 2250 fne-

309 2285 387 2341 rit
448 2284 881 2355 impedimento,
939 2284 1225 2354 quominus
1297 2284 1526 2351 pollicita
1584 2287 1895 2355 compleret.

308 2377 511 2435 Restat
554 2388 613 2433 ut
635 2378 935 2434 exhortatio
961 2387 1169 2444 vestra,
1218 2377 1328 2431 sive
1367 2380 1603 2446 sponsio,
1647 2378 1896 2434 famulum

308 2472 401 2528 sit:
425 2472 508 2527 vel
541 2471 843 2525 studentem
878 2469 1033 2542 146
1061 2472 1291 2539 placere,
1320 2471 1401 2524 vel
1433 2471 1697 2537 meritum,
1729 2474 1895 2542 gratia

310 2563 647 2632 competenti
676 2568 1048 2618 remuneretur
1077 2577 1090 2613 :
1117 2575 1233 2629 qum
1261 2558 1441 2630 utique
1471 2576 1564 2630 pro
1597 2562 1688 2615 tali
1720 2563 1896 2618 labore

306 2654 355 2711 si
378 2654 876 2726 solvitur,,incipiet
906 2660 1135 2707 vestram
1160 2652 1427 2721 respicere
1445 2654 1765 2709 mercedem.
1792 2656 1894 2712 Sed

306 2760 445 2801 cum
468 2745 568 2802 hoc
590 2760 690 2817 ego
718 2745 786 2801 de
805 2744 916 2800 sola
942 2744 1108 2815 gratia
1139 2759 1344 2814 precer,
1373 2759 1467 2799 vos
1484 2745 1608 2815 quid
1632 2758 1897 2802 mereatur

307 2837 570 2906 aspicite,
593 2852 753 2907 quem
772 2844 987 2891 constat
1010 2836 1256 2891 affectum
1286 2834 1488 2891 domini
1515 2835 1683 2907 magis
1697 2838 1896 2893 ambire

312 2943 479 3001 quam
509 2928 809 3000 praemium.
840 2928 989 2984 Vale.
1402 2990 1407 2995 λ

859 3018 1187 3075 EPISTOLA
1224 3018 1366 3073 XVI.

586 3111 834 3169 Sidonius
860 3121 882 3149 ε
912 3109 1223 3181 Papianilla:
1245 3126 1351 3165 sua:
1376 3109 1610 3165 salutent.

2008 1918 2273 1986 princeps,
2304 1931 2518 1986 semper
2544 1916 2792 1971 redlnbet
2830 1916 2981 1988 147
3008 1918 3349 1986 principatus.
3377 1919 3580 1973 Interea

2002 2018 2089 2075 tu,
2134 2011 2176 2063 si
2209 2009 2457 2064 allectum
2488 2023 2633 2062 tuum
2657 2008 2792 2063 bene
2821 2010 3031 2079 colligo,
3081 2010 3225 2064 hisce
3270 2011 3577 2076 compertis,

2000 2117 2247 2171 magnum
2290 2102 2537 2157 solatium
2580 2102 2719 2157 inter
2748 2100 2969 2156 adversa
3000 2106 3235 2158 maxima
3266 2104 3410 2173 capis
3441 2121 3452 2156 :
3484 2118 3581 2159 nec

2000 2177 2258 2248 animum.
2280 2204 2426 2248 tuum
2466 2210 2495 2247 a
2521 2196 2731 2249 tramite
2766 2194 3127 2252 communium
3157 2195 3469 2265 gaudiorum
3497 2197 3578 2250 vi-

1998 2284 2134 2339 cinae
2182 2300 2393 2355 quoque
2423 2285 2718 2339 obsidionis
2763 2294 2937 2339 terror
2966 2287 3247 2340 exorbitat.
3276 2286 3407 2339 Novi
3435 2286 3576 2341 enim

1998 2376 2184 2444 probe,
2214 2390 2280 2429 ne
2311 2389 2430 2429 meo
2462 2374 2678 2442 quidem
2704 2381 2775 2438 te,
2817 2390 2975 2444 quem
3008 2390 3075 2429 ex
3107 2377 3222 2445 lege
3265 2375 3576 2444 participas,

1997 2467 2075 2522 sic
2106 2467 2309 2522 honore
2353 2468 2584 2521 la-tatam
2621 2483 2633 2519 :
2663 2467 2783 2537 quia
2813 2467 2938 2522 licet
2966 2468 3040 2522 sis
3068 2482 3199 2521 uxor
3234 2467 3391 2532 bona,
3424 2482 3578 2522 soror

1997 2573 2208 2628 quoque
2234 2558 2446 2627 optima
2473 2574 2551 2612 es.
2583 2557 2694 2624 Qua
2726 2558 2792 2611 de
2816 2574 2892 2624 re,
2936 2559 3167 2627 propitio
3200 2558 3310 2612 Deo
3340 2558 3573 2625 Chrism,

1999 2651 2279 2719 ampliatos
2293 2652 2671 2719 prosapitetute
2697 2649 2876 2705 titulos
2905 2664 3002 2719 ego
3034 2649 3254 2704 festinus
3273 2651 3575 2718 gratatoriis

1997 2742 2236 2812 apicibus
2267 2742 2544 2810 inscripsi,
2599 2742 2800 2811 pariter
2837 2741 3120 2795 absolvens
3161 2742 3573 2798 Sollicitudinem

1998 2843 2140 2889 tuam
2163 2876 2176 2899 ,
2211 2835 2386 2889 fratris
2433 2834 2691 2904 pudorem
2724 2852 2736 2886 :
2770 2850 2925 2904 quem
2956 2836 3029 2889 nil
3061 2836 3128 2890 de
3159 2837 3373 2906 propria
3396 2836 3573 2905 digni-

1998 2935 2105 2982 tate
2134 2928 2509 2991 indicalurum,
2551 2928 2596 2981 si
2628 2930 2986 2982 verecundum
3018 2928 3153 2983 forte
3183 2929 3439 2994 nescires,
3476 2942 3574 2983 nec

1996 3018 2072 3072 sic
2099 3017 2320 3085 impium
2346 3017 2636 3085 judicares.
2666 3018 2779 3087 Ego
2808 3034 2937 3074 Vero
2983 3034 3087 3074 non
3120 3029 3321 3074 tantum
3351 3020 3577 3088 insigni-

1997 3112 2095 3167 bus
2127 3112 2350 3175 vestris,
2394 3126 2511 3180 quae
2543 3120 2595 3165 tu
2646 3112 2899 3167 hactenus
2923 3125 3125 3184 quanto
3153 3113 3395 3179 liberius,
3429 3122 3575 3168 tanto

394 3203 643 3260 Ravenna
683 3203 903 3260 veniens
935 3201 963 3240 ά
985 3210 1220 3272 quaestor
1256 3201 1562 3257 Licinianus
1586 3244 1600 3270 ,
1642 3216 1760 3258 cum
1786 3204 1894 3276 pri-
1921 3168 1968 3234 θ
1999 3202 2364 3273 impatientius
2410 3202 2794 3271 praestolabare
2858 3204 3189 3274 (quanquam
3249 3205 3313 3258 iis
3360 3219 3575 3275 quoque

316 3311 469 3354 mum
496 3296 696 3368 tetigit,
738 3296 871 3366 Alpe
900 3295 1231 3358 transmissa,
1255 3293 1438 3349 Galliae
1466 3294 1662 3371 solum,
1691 3296 1895 3353 litteras

316 3389 581 3446 adventus
618 3389 700 3444 sui
748 3388 974 3458 praevias
1003 3387 1185 3453 misit,
1236 3386 1430 3457 quibus
1460 3386 1660 3443 indicat
1690 3402 1808 3443 esse
1836 3403 1895 3445 se

394 3522 560 3644 61b“
587 3521 657 3576 Ut
682 3520 1104 3575 Pentateuchum
1141 3530 1350 3574 veteres
1375 3520 1710 3589 appellarunt
1737 3524 1893 3591 quin-

394 3608 430 3644 ie
458 3594 491 3644 li
531 3605 620 3644 ros
642 3591 827 3644 Mosis.
856 3591 926 3644 ita
949 3599 1002 3644 et
1026 3589 1368 3644 Triteuchum
1398 3599 1507 3644 tres
1531 3592 1620 3644 qui
1650 3593 1891 3644 proxime

317 3589 440 3661 que
458 3589 620 3645 ﬁxos
642 3591 827 3661 Mosis,
856 3591 926 3661 ita
949 3599 1002 3661 et
1026 3589 1507 3661 Triteucltumtres
1531 3592 1620 3657 qui
1650 3589 1891 3659 prosime

320 3658 640 3726 sequuntur,
666 3660 847 3725 .losue,
870 3659 1082 3714 Judices
1109 3668 1164 3713 et
1186 3659 1344 3713 Ruth.
1374 3658 1462 3714 Sic
1490 3661 1632 3715 enim
1656 3658 1896 3715 Athana-

322 3732 442 3801 sius
472 3729 537 3784 ad
577 3730 938 3801 Marcellinum
972 3746 982 3780 :
1018 3737 1270 3801 utrosque
1300 3743 1431 3801 vero
1467 3729 1624 3801 simul
1658 3729 1893 3801 junctus,

319 3800 733 3857 Octateuchunt.
779 3800 850 3853 lta
879 3798 1228 3853 Cassiodorus
1263 3811 1381 3868 cap.
1416 3800 1440 3853 1
1479 3798 1783 3855 Divinarum
1816 3798 1893 3856 in;

316 3870 678 3934 stitutionum,
712 3878 766 3926 et
795 3869 966 3925 Graeci
1005 3883 1193 3924 omnes
1221 3883 1444 3939 quorum
1476 3877 1673 3939 scripta
1705 3873 1891 3938 legun-

316 3950 413 3998 tur
431 3945 504 4002 ιίς
532 3947 620 4001 τήν
653 3942 1011 4012 Ὀκτάτευχῡν.
1048 3940 1182 4012 Quia
1212 3950 1390 3995 autem
1433 3941 1661 4012 llcbrmi,
1692 3940 1897 4012 ut_Epi-

316 4012 551 4084 pbanius
593 4010 1384 4084 etullieronyinusobservant,
1433 4010 1709 4084 historiam
1753 4010 1892 4084 Ruth

316 4080 485 4137 unum
531 4082 581 4136 in
633 4082 826 4137 librum
872 4080 991 4135 cum
1032 4080 1303 4149 Judicibus
1347 4082 1721 4150 compingunt,
1773 4080 1895 4137 inde

318 4152 517 4207 factum
564 4161 648 4206 est
685 4161 742 4206 ut
772 4151 1190 4220 Heptateuchum
1234 4151 1474 4220 plerique
1520 4152 1751 4205 dixerint
1800 4168 1895 4221 pro

317 4222 647 4278 Octateueho
678 4240 692 4276 :
724 4230 783 4277 ut
819 4223 1173 4293 Hieronymus
1200 4222 1359 4293 epi'st.
1394 4222 1423 4275 7
1459 4229 1513 4277 et
1536 4220 1629 4289 28,
1662 4231 1715 4276 et
1741 4220 1896 4277 Sido-

319 4294 443 4349 nius
477 4295 578 4349 hoc
606 4294 742 4348 loco.

390 4362 420 4401 δ
448 4362 612 4419 Vetus
638 4363 907 4417 adnotatio
928 4363 979 4417 in
995 4362 1179 4417 codice
1193 4360 1437 4417 Martiani
1464 4360 1711 4429 Capellae,
1733 4377 1889 4429 quam

318 4433 583 4504 integram
615 4434 807 4504 protuli
835 4434 900 4487 ad
922 4433 1222 4487 Ennodium
1247 4432 1402 4504 Ιίὺει,
1433 4434 1590 4502 epist.
1621 4433 1686 4504 19
1713 4431 1893 4504 {Felix

317 4502 496 4559 rhetor
533 4502 860 4558 emendabam
888 4512 1063 4557 contra
1089 4506 1281 4573 legente
1322 4503 1562 4556 Deuterio
1590 4502 1890 4556 scholastica

319 4574 575 4642 discipulo
601 4590 727 4627 meo.
760 4574 860 4641 Qui
892 4574 1053 4629 libros
1080 4590 1145 4628 ex
1169 4573 1451 4628 collatione
1482 4573 1757 4626 meliorum
1795 4589 1891 4627 co-

1998 3294 2287 3368 granditer)
2332 3303 2585 3365 quantum
2634 3297 2924 3351 concordia
2961 3296 3109 3352 fruor
3140 3315 3155 3353 :
3190 3311 3347 3367 quam
3391 3312 3574 3367 parem

2003 3388 2225 3456 nosuis,
2250 3386 2467 3455 suisque
2491 3385 2673 3442 liberis
2702 3387 2755 3441 in
2785 3394 3059 3458 posterum
3087 3398 3323 3460 exopto;
3352 3388 3489 3445 votis
3520 3388 3580 3444 iu

2002 3523 2107 3577 vult
2134 3537 2364 3576 exercere
2404 3522 2597 3576 mariti.
2629 3522 2741 3590 Qua
2785 3523 2852 3577 de
2881 3538 2939 3577 re
2970 3533 3026 3576 ut
3056 3536 3288 3577 canones
3330 3521 3573 3577 omittam

1996 3594 2084 3661 qui
2116 3592 2309 3661 passim
2336 3603 2671 3662 occurrunt,
2706 3594 2959 3662 prteclara
2996 3603 3172 3648 exstat
3203 3593 3333 3660 Lupi
3364 3592 3576 3646 Tricas-

2001 3663 2107 3718 sini
2137 3674 2188 3716 et
2215 3661 2506 3729 Euphronii
2536 3661 3029 3730 AuguStoduuensis
3056 3664 3429 3731 episcoporum
3461 3663 3574 3727 epi-

2008 3733 2143 3787 stola
2174 3747 2292 3799 qnaa
2332 3746 2531 3785 m0rem
2563 3731 2703 3785 hunc
2750 3742 2973 3786 testatur
3007 3750 3019 3784 :
3053 3732 3148 3785 sed
3194 3732 3317 3784 huic
3352 3732 3574 3785 edendae

2005 3802 2141 3855 alius
2156 3803 2257 3854 erit
2275 3801 2438 3859 locus.
2460 3802 2570 3855 Deo
2591 3802 2879 3869 adiuvante
2892 3805 2944 3857 ".
2971 3801 3121 3855 Nunc
3143 3801 3271 3855 satis
3291 3801 3360 3854 sit
3388 3814 3575 3854 exem-

2001 3872 2147 3941 plutn
2180 3871 2393 3941 Paulini
2421 3870 2631 3941 Nolani,
2676 3873 2759 3927 eui
2798 3872 3013 3926 Terasia
3059 3872 3126 3925 de
3164 3869 3389 3941 conjuge
3422 3870 3574 3941 facta

1999 3939 2172 4006 soror,
2203 3951 2260 3994 ut
2291 3941 2343 3993 in
2367 3940 2631 3995 Chronico
2661 3942 2890 4010 loquitur
2912 3942 3108 3996 ldatius
3143 3958 3156 3994 :
3182 3939 3434 3996 Germani
3464 3940 3576 3994 An-

2000 4011 2421 4082 tiss'odorensis,
2453 4010 2521 4066 de
2549 4027 2654 4081 quo
2685 4012 2736 4065 in
2767 4011 2880 4082 ejus
2908 4012 3025 4067 Vita
3051 4011 3574 4082 Constantiuspres-

2002 4081 2196 4164 byterc
2236 4079 2449 4164 Ua:_or__in
2470 4079 2693 4164 sororem
2713 4097 2775 4162 ex
2798 4079 3010 4164 conjuge
3029 4089 3254 4164 mutatur
3277 4096 3308 4164 ς.
3321 4089 3375 4135 et
3402 4080 3546 4164 Leon

2002 4150 2060 4206 tii
2088 4152 2323 4222 episcopi
2370 4152 2799 4221 Burdegalensis,
2830 4150 2897 4207 de
2924 4150 3075 4222 cujus
3115 4151 3385 4206 Placidina
3433 4150 3573 4206 idem

2000 4222 2184 4276 scribit
2241 4221 2561 4276 Fortunatus
2625 4241 2639 4275 :
2696 4222 2926 4293 denique
2979 4221 3156 4278 Urbici
3207 4224 3569 4293 ArvernOruut

1999 4293 2256 4363 episcopi,
2310 4308 2467 4360 quem
2516 4301 2699 4346 narrat
2756 4292 3043 4363 Gregorius
3095 4292 3277 4363 libat,
3325 4307 3444 4361 cap.
3479 4292 3572 4356 Ην,

1998 4362 2179 4417 multis
2214 4363 2461 4432 lacrymis
2490 4363 2707 4429 eluisse,
2738 4362 2883 4434 quod
2927 4362 3365 4419 consuetudinem
3397 4364 3572 4434 eccle-

1998 4435 2264 4488 siasticam
2294 4442 2496 4487 temere
2521 4433 2805 4503 aliquando
2829 4436 3097 4489 violasset.
3120 4434 3271 4500 Quod
3294 4448 3422 4502 ergo
3456 4433 3576 4501 lege

1998 4517 2061 4557 ac
2088 4519 2235 4558 more
2273 4505 2554 4567 sancitum,
2585 4506 3098 4573 prmdecessorisque
3126 4506 3207 4558 sui
3238 4504 3376 4558 facto
3407 4512 3573 4556 testa-

2002 4583 2111 4626 tum
2160 4574 2476 4627 meminerat
2516 4573 2787 4637 Sidonius,
2821 4576 2869 4626 id
2920 4572 3019 4625 aut
3061 4576 3328 4642 ignorare,
3359 4580 3449 4625 aut
3470 4572 3576 4642 im-

318 4640 500 4700 dicntn
537 4640 809 4710 emendat,
843 4644 1042 4698 socium
1073 4643 1289 4697 adhibet
1321 4644 1408 4712 qui
1441 4645 1596 4712 legat,
1626 4643 1750 4695 dum
1778 4644 1889 4710 ipse
1920 4651 1971 4710 ι)
1998 4657 2138 4708 pune
2180 4654 2523 4696 contemnere
2561 4645 2648 4710 qui
2694 4644 2895 4710 potuit?
2922 4643 2986 4696 Et
3035 4640 3211 4695 tamen
3243 4649 3367 4695 sunt
3392 4640 3480 4709 qui
3509 4656 3576 4694 ex

317 4715 561 4771 codicem
596 4729 757 4769 unum
804 4713 1034 4783 inspicit.
1086 4714 1136 4767 ls
1187 4723 1369 4773 contra
1400 4713 1573 4781 legere
1598 4713 1889 4783 dicebatur.

320 4785 379 4840 ln
415 4787 523 4840 alio
567 4785 751 4840 codice
794 4782 1045 4839 Maerobii
1082 4783 1369 4837 Theodosii
1422 4782 1733 4837 emendator
1782 4782 1894 4835 hch

321 4865 604 4911 annotarat
652 4874 665 4907 :
717 4854 949 4908 Aurelius
1008 4852 1278 4907 Memmius
1328 4850 1663 4911 Symmachus
1716 4850 1780 4904 V.
1831 4850 1888 4904 ϐ.

319 4927 649 4980 emendabam
678 4925 937 4981 Ravenna:
955 4940 1067 4977 cum
1097 4921 1357 4977 Macrobio
1379 4921 1583 4974 Plotina
1617 4921 1850 4974 Eudoxio
1875 4937 1893 4973 :

321 4996 517 5067 quibus
548 4995 723 5051 verbis
744 4991 1477 5067 contraﬁlegisse_Eu_doxium
1505 4991 1785 5059 significat.

396 5078 420 5105 ε
451 5067 591 5122 Aviti
630 5067 852 5135 Augusti
894 5060 1049 5129 lilite',
1084 5062 1288 5118 Sidonii
1318 5062 1466 5115 uxori
1497 5068 1620 5135 ante
1649 5060 1892 5115 sacerdo-

321 5138 476 5203 tium,
526 5151 669 5193 nunc
696 5133 890 5200 sorori,
934 5151 1001 5191 ex
1030 5148 1293 5189 canonum
1329 5133 1641 5202 praescripto
1691 5141 1743 5186 et
1772 5146 1889 5200 per-

320 5218 481 5278 petua
514 5204 898 5278 consuetudine
932 5207 1121 5278 priscae
1150 5204 1405 5278 Ecclesia:
1437 5218 1452 5257 ε
1484 5204 1538 5255 in
1579 5217 1681 5278 qua
1711 5204 1796 5270 qui
1823 5216 1889 5256 ex

322 5274 571 5349 conjugio
608 5277 685 5349 ad
711 5274 1071 5349 sacerdotium
1106 5274 1537 5349 asciscebantur,
1571 5274 1636 5325 ab
1663 5287 1888 5326 uxorum

322 5343 441 5403 toro
461 5343 710 5418 séparati,
741 5361 843 5418 non
864 5345 1289 5418 aliter_deinceps
1309 5359 1428 5398 cum
1452 5343 1559 5418 illis
1586 5358 1888 5418 qttatn_cum

323 5413 600 5473 sororibus
627 5416 992 5472 versabantur.
1019 5415 1369 5485 Hieronymus
1396 5415 1551 5482 epist.
1586 5413 1611 5463 1
1645 5413 1708 5465 ad
1738 5413 1893 5467 Pam-

323 5488 590 5543 macbium
620 5486 918 5558 :Episcppi,
964 5486 1262 5555 presbyteri,
1295 5484 1516 5549 diaconi,
1556 5491 1643 5558 aut
1674 5485 1892 5558 virgines

323 5558 608 5630 eliguntur,
651 5554 739 5630 aut
768 5554 906 5630 tridui
931 5598 946 5622 ,
1004 5565 1091 5609 aut
1119 5554 1264 5630 ferte
1311 5564 1428 5630 post
1464 5554 1805 5630 sacerdotium
1842 5556 1894 5606 in

324 5623 800 5699 thrnumA'pudici.
850 5626 1072 5679 Faustus
1119 5623 1360 5699 Reiensis
1407 5624 1466 5699 _in
1515 5624 1756 5699 epistola
1788 5638 1892 5699 non

329 5698 472 5757 edita
506 5718 518 5752 :
551 5692 727 5752 Perdit
770 5706 986 5769 gratiam
1027 5695 1304 5749 consecrati
1332 5693 1419 5763 qui
1466 5693 1636 5746 adhuc
1666 5692 1897 5762 ofﬁcium

395 5792 426 5831 ⁸⁸
453 5792 597 5855 lianc
625 5791 901 5856 epistolam
938 5789 1200 5847 edidimus
1229 5802 1391 5873 Supra
1419 5789 1530 5855 col,
1558 5788 1651 5846 66.

1998 4712 2301 4779 Ρορὶδιιίιῑιρ
2328 4713 2598 4764 mentione
2630 4713 2728 4766 hoc
2776 4713 2891 4764 loco
2920 4713 3095 4764 lucum
3122 4713 3236 4765 fieri
3266 4724 3424 4780 posse
3451 4724 3578 4762 con-

2000 4782 2197 4843 fidant;
2245 4788 2298 4833 et
2341 4780 2460 4848 quia
2500 4782 2591 4833 lib.
2633 4797 2703 4845 tv,
2752 4783 2908 4848 epiSt.
2957 4781 3056 4848 12,
3102 4796 3222 4834 cum
3268 4780 3577 4848 Apollinare

1999 4850 2107 4904 lilio
2132 4842 2436 4920 Terentium
2464 4842 2913 4920 Menandrtnnque
2938 4842 3061 4918 legit
3088 4842 3338 4905 Sidonius
3362 4848 3568 4920 episco-

1998 4935 2117 4988 pus,
2143 4919 2457 4973 inde'lilium
2487 4921 2591 4990 62
2615 4921 2721 4989 jam
2766 4919 3061 4990 ephebum,
3090 4921 3198 4988 jam
3231 4920 3434 4975 Graecrc
3469 4919 3573 4990 La-

2000 4991 2229 5058 tinaeque
2276 4990 2463 5059 linguze
2504 4988 2811 5046 atTctoribus
2852 4994 3152 5053 initiatum,
3196 5006 3222 5043 a
3272 4988 3569 5059 patrejam

1998 5062 2249 5133 episeopo
2270 5058 2571 5133 susceptum
2594 5063 2919 5116 contendant
2950 5080 2963 5117 :
2991 5076 3146 5133 quem
3169 5075 3256 5133 res
3276 5058 3391 5133 ipsa
3419 5058 3575 5113 docet

1996 5131 2251 5199 epistolas
2298 5145 2484 5186 omnes
2529 5132 2919 5187 Constantiana
2958 5129 3313 5194 collectionis,
3360 5129 3463 5184 hoc
3493 5138 3573 5183 est

1998 5202 2252 5273 librorum
2304 5217 2373 5254 vn
2406 5204 2679 5270 priorum,
2724 5220 2852 5273 quas
2893 5205 3174 5272 episcOpus
3222 5200 3472 5273 dictavit,
3523 5200 3576 5273 in

1998 5270 2127 5349 ipsis
2173 5286 2308 5349 pene
2341 5268 2694 5349 pontificatus
2722 5268 2971 5342 auspiciis
3004 5268 3277 5349 dictasse.
3301 5270 3403 5326 Sed
3450 5268 3576 5349 quid

2000 5339 2550 5407 facias’hozniuibus,
2602 5345 2691 5413 qni
2740 5339 2860 5398 cum
2910 5345 3017 5398 veri
3049 5343 3179 5399 nihil
3226 5343 3439 5408 dicant,
3476 5339 3576 5398 sibi

2001 5421 2176 5467 tamen
2210 5414 2404 5466 clausis
2434 5416 2598 5467 oculis
2630 5415 2772 5467 credi
2804 5415 3025 5468 volunt?

2073 5482 2097 5519 ἀ
2131 5484 2204 5537 De
2253 5485 2407 5550 hujus
2447 5484 2617 5537 altero
2648 5484 2698 5537 in
2744 5483 2970 5538 Galliam
2998 5483 3226 5539 adventu
3278 5483 3385 5553 jam
3414 5494 3575 5553 supra

2003 5555 2216 5620 scripsit
2258 5554 2350 5608 lib.
2385 5569 2473 5617 tu,
2508 5554 2662 5618 epist.
2715 5555 2766 5607 7.
2808 5554 2959 5609 Nune
3003 5555 3070 5609 de
3117 5552 3380 5610 codicillis
3408 5552 3575 5621 patri-

2004 5625 2206 5689 ciatus,
2255 5638 2390 5694 quos
2448 5624 2663 5679 Ecdicio
2712 5628 2893 5680 comiti
2933 5626 3104 5681 attulit
3147 5641 3176 5681 a
3242 5625 3442 5694 Nepote
3468 5622 3575 5677 Au~

2005 5703 2181 5765 gusto.
