4140 6336
540 345 640 406 867

1802 326 2047 389 SIDONII
2086 324 2532 385 APOLLiNARlS

3690 316 3792 375 5&8

543 474 823 519 commune
848 459 1161 528 deposcens,
1191 461 1251 508 ut
1276 452 1416 510 sicut
1442 463 1540 506 nos
1557 456 1837 520 utramque
1859 446 2113 502 familiam
2141 449 2194 508 Α
2216 444 2425 514 iocosa,
2472 440 2769 511 fatigatoria
2807 458 2818 492 :
2864 444 3123 506 praeterea
3160 435 3343 507 (quod
3381 414 3789 528 beatissimum)

542 566 777 613 nostram
809 548 1196 621 praefectoriam
1227 548 1389 611 nacti,
1422 545 1579 600 etiam
1610 543 1887 614 patriciam
1929 541 2115 596 divino

544 646 724 702 favore
748 643 1078 699 reddidimus
1093 657 1107 694 :
1125 641 1197 695 ita
1212 639 1315 710 ipsi
1332 654 1489 708 quam
1506 637 1799 707 suscipiunt
1815 635 2114 706 patriciam,

544 746 569 775 υ
592 737 787 792 faciant
824 733 1180 789 consularem.
1228 730 1420 787 Roscia
1452 739 1504 787 te
1545 730 1773 797 salutat,
1804 743 1933 783 cura
1973 742 2120 782 como

543 828 762 887 munis:
791 842 911 898 quae
952 827 1006 882 in
1054 824 1186 881 avia:
1233 825 1621 895 amitarumque
1663 820 2121 894 indulgentissimo

543 919 685 986 sinu,
720 918 862 991 quod
893 934 1015 975 raro
1064 917 1351 989 nepotibus
1381 915 1641 986 contingit
1685 913 1889 979 alienis,
1922 923 2121 967 etcum

544 1011 832 1068 severitate
873 1010 1149 1065 nutritur:
1178 1025 1279 1079 qua
1313 1018 1489 1064 tamen
1528 1016 1769 1063 tenerum
1819 1020 1924 1060 non
1971 1005 2120 1059 infir-

545 1115 723 1171 matur
750 1118 944 1172 tevum,
970 1102 1063 1159 sed
1093 1102 1412 1157 informatur
1439 1100 1727 1170 ingenium.
1748 1097 1895 1154 Vale.

981 1197 1139 1279 143
1167 1194 1495 1254 EPISTULA
1536 1193 1699 1249 xvu.

864 1292 1106 1349 Sidonius
1145 1290 1172 1329 δ
1203 1288 1418 1359 Eriphio
1453 1305 1544 1342 suo
1570 1288 1805 1342 salutem.

617 1383 710 1451 Es,
754 1379 935 1455 Eriphi
967 1396 1139 1449 meus,
1182 1382 1295 1449 ipse
1322 1379 1412 1450 qui
1443 1393 1656 1449 semper
1694 1395 1706 1431 :
1753 1391 2127 1446 nunquamque

544 1486 604 1539 ,te
633 1483 835 1530 tantum
862 1475 1093 1539 venatio,
1130 1474 1339 1539 civitas,
1368 1486 1493 1542 ager
1517 1478 1723 1535 avocat,
1746 1478 1805 1523 ut
1832 1484 1936 1525 non
1957 1468 2127 1523 obiter

550 1567 821 1636 voluptate
864 1565 1156 1619 litterarum
1205 1572 1421 1617 teneare
1465 1577 1479 1615 :
1524 1560 1686 1629 fitque
1719 1573 1785 1614 eo
1822 1557 2029 1624 studio,
2071 1566 2130 1613 ut

551 1674 650 1716 nec
677 1670 858 1714 nosua
895 1656 1153 1721 fastidias,
1185 1654 1277 1725 qui
1318 1654 1433 1721 tibi,
1465 1663 1521 1706 ut
1551 1652 1760 1716 scribis,
1808 1665 1988 1705 musas
2018 1652 2126 1705 ole.

548 1767 690 1827 ‘mus.
728 1750 861 1817 Qum
896 1748 1162 1803 sententia
1207 1755 1384 1802 tamen
1419 1745 1560 1816 large
1597 1743 1857 1815 probatur
1882 1728 2127 1797 νυν-οόδ-

2219 536 2364 591 nttlla
2395 535 2595 590 mentio
2633 534 2700 588 de
2745 531 3092 601 potestatibus
3127 536 3218 584 aut
3245 528 3315 583 de
3345 526 3590 592 tributis;
3617 526 3791 585 nullus

2219 644 2400 684 sermo
2426 629 2514 700 qui
2552 627 2824 698 proderet,
2861 625 3004 680 nulla
3046 638 3269 694 persona
3300 638 3417 691 quae
3453 623 3791 692 proderetur.

2221 722 2475 780 Fabulam
2506 730 2654 777 certe
2679 717 2882 775 referre
2908 718 3120 788 dignam
3149 716 3343 780 relatu,
3373 714 3655 784 dignisque
3677 727 3800 768 sen-

2222 816 2404 872 tentiis
2419 815 2644 885 quisque
2675 813 2938 881 potuisset
2964 826 2978 863 :
3000 809 3317 864 audiebatur
3340 806 3796 873 ambitiosissime.

2222 908 2331 964 Nec
2367 918 2482 964 erat
2511 907 2713 961 idcirco
2750 919 2855 959 nou
2888 903 3138 958 distincta
3170 902 3429 964 narratio,
3461 903 3585 969 quia
3616 898 3799 954 laetitia

2225 1001 2507 1073 permixta.
2561 1000 2704 1053 Inter
2731 997 2845 1052 huic
2869 997 2979 1052 otio
3007 995 3095 1050 diu
3127 994 3377 1049 marcidis
3403 992 3611 1062 aliquid
3641 1004 3802 1061 agere

2224 1096 2415 1151 visum.
2453 1093 2571 1147 Mox
2603 1090 2889 1161 bipertitis,
2918 1097 2978 1145 ut
3003 1096 3121 1144 erat
3145 1100 3297 1152 atlas,
3328 1084 3801 1142 acclamationibus

2226 1186 2510 1256 aillagitata
2558 1183 2823 1254 profertur
2868 1182 2953 1236 itis
2993 1181 3123 1251 pila,
3177 1180 3260 1234 his
3315 1180 3510 1234 tabula.
3561 1178 3801 1247 διώξει-κ

2226 1278 2431 1347 primus
2474 1291 2573 1347 ego
2617 1275 2839 1345 signifer
2886 1274 2982 1340 fui,
3030 1289 3149 1343 quae
3196 1272 3352 1338 mihi,
3399 1280 3459 1325 ut
3503 1273 3669 1337 nosti,
3699 1285 3802 1327 non

2228 1370 2406 1423 minus
2433 1369 2567 1423 libro
2586 1382 2767 1423 comes
2798 1366 3042 1421 habetur.
3087 1367 3265 1420 Altera
3304 1381 3367 1419 ex
3414 1375 3588 1434 parte,
3638 1363 3801 1423 frater

2230 1476 2381 1516 meus
2415 1460 2750 1528 Domnicius,
2789 1460 2950 1514 homo
2977 1459 3160 1529 gratia:
3182 1473 3423 1521 summae,
3441 1457 3638 1511 summi
3661 1457 3803 1527 lepo-

2229 1556 2324 1620 ris,
2349 1564 2579 1609 tesseras
2605 1560 2821 1623 ceperat
2847 1551 3225 1622 quatiebatque
3251 1568 3265 1607 :
3291 1566 3397 1619 quo
3419 1551 3564 1606 velut
3582 1551 3804 1606 classico

2228 1647 2296 1700 ad
2322 1662 2543 1717 pyrgum
2570 1646 2794 1700 vocabat
2818 1644 3104 1699 aleatores.
3140 1643 3246 1699 Nos
3273 1658 3394 1698 cum
3421 1653 3637 1697 caterva
3659 1642 3806 1698 scho-

2228 1738 2536 1793 lasticorum
2565 1738 2787 1793 lusimus
2808 1736 3306 1806 abunde,quautum
3330 1735 3568 1790 membra
3592 1742 3809 1803 torpore

520 1857 672 1898 -rere
704 1859 717 1895 :
755 1856 1054 1911 quanquam
1095 1848 1147 1894 et
1177 1846 1417 1909 apparet,
1460 1847 1550 1891 aut
1589 1851 1656 1891 ex
1695 1836 1819 1905 joco
1849 1835 2051 1899 venire,
2083 1837 2126 1890 si
2157 1828 2208 1890 B
2230 1831 2434 1885 statarii
2466 1829 2665 1884 laboris
2695 1828 2966 1893 hebetata,
2995 1842 3156 1883 cursu
3184 1826 3385 1882 salubri
3414 1834 3809 1896 vegetarentur.

553 1933 707 1988 laetus
736 1947 816 1997 es,
846 1940 937 1985 aut
979 1946 1042 1985 ex
1080 1945 1285 1995 amore,
1318 1929 1364 1983 si
1407 1929 1595 1984 serius.
1630 1928 1895 1983 Caeterum
1926 1943 1955 1982 a
1981 1932 2128 1997 justo

551 2024 709 2094 longe
729 2023 974 2088 resultat,
1003 2037 1123 2078 cum
1163 2022 1294 2077 mihi
1332 2022 1591 2090 assignas,
1630 2035 1748 2090 quae
1782 2020 1870 2075 vix
1902 2020 2125 2087 Maroni,

550 2116 637 2170 vix
661 2124 753 2171 aut
777 2114 1008 2169 ilomero
1036 2123 1402 2183 competenter
1428 2112 1978 2167 accommodarentur.
2006 2111 2131 2166 lisse

552 2207 938 2277 relinquamus,
973 2204 1153 2276 idque,
1181 2205 1322 2261 unde
1348 2219 1529 2270 causa,
1563 2205 2009 2259 sermocinemur.
2046 2204 2133 2257 Di-

551 2302 647 2369 rigi
681 2299 745 2354 ad
774 2309 826 2354 te
857 2299 1105 2368 praecipis
1139 2313 1350 2362 versus,
1382 2311 1517 2368 quos
1558 2296 1658 2351 viri
1689 2296 2001 2364 amplissimi
2046 2310 2133 2347 so-

554 2393 665 2446 ceri
717 2393 789 2446 tui
831 2390 1078 2460 precibus
1123 2389 1320 2445 indulsi
1357 2408 1370 2443 :
1402 2389 1491 2457 qui
1534 2389 1889 2461 contubernio
1933 2388 2131 2443 mixtus

554 2482 854 2553 :rqualium,
879 2481 1008 2535 vivit
1032 2480 1269 2535 moribus
1300 2480 1365 2534 ad
1383 2480 1680 2550 jubentium
1704 2480 2136 2550 obsequendum-

554 2586 658 2644 que
683 2571 831 2642 juxta
855 2572 1074 2642 paratis.
1100 2571 1205 2626 Sed
1242 2572 1364 2640 quia
1396 2571 1538 2627 scire
1574 2571 1847 2627 desideras
1877 2582 1930 2626 et
1962 2573 2134 2625 locum

557 2673 612 2719 et
653 2678 889 2730 causam,
923 2678 1027 2735 quo
1076 2662 1284 2719 facilius
1328 2663 1598 2734 intelligas
1636 2679 1751 2720 rem
1783 2665 2134 2735 peregrinam,
2170 2672 2177 2675 ‘

556 2756 650 2814 tibi
681 2759 859 2830 potius
880 2758 1010 2811 vitio
1030 2765 1200 2820 verte,
1219 2756 1357 2827 quod
1389 2758 1663 2827 loquacior
1692 2760 1797 2813 erit
1818 2773 1979 2826 Opere
2002 2774 2138 2828 prac-

556 2849 707 2905 fatio.
736 2846 1173 2905 Conveneramus
1209 2849 1275 2903 ad
1315 2851 1484 2905 sancti
1516 2849 1654 2906 Justi
1683 2852 2011 2921 sepulcrum,
2043 2852 2135 2906 sed

554 2942 650 2999 tibi
695 2942 978 2997 infirmitas
1021 2940 1428 3012 impedimento,
1463 2959 1529 2999 ne
1558 2954 1685 2999 tunc
1715 2944 1974 3000 adesses:
2008 2960 2134 3015 pro-

554 3037 726 3093 cessio
756 3037 926 3091 fuerat
972 3045 1097 3091 ante
1143 3037 1352 3101 lucana,
1398 3037 1710 3093 solemnitas
1752 3039 2133 3103 anniversaria,

554 3128 782 3200 pepulus
820 3128 1005 3199 ingens
1036 3130 1173 3183 sexu
1214 3143 1279 3184 ex
1310 3137 1562 3199 utroque,
1601 3144 1759 3199 quem
1789 3130 2135 3198 capacissima

2228 1923 2329 1979 ilic
2368 1924 2452 1978 vir
2489 1922 2712 1979 illustris
2756 1922 3124 1987 Philomatius,
3167 1930 3227 1977 ut
3263 1930 3347 1977 est
3380 1920 3512 1977 illud
3543 1918 3810 1976 Mantuani

2235 2026 2407 2087 poetae
2435 2031 2448 2069 :

2355 2107 2522 2158 Ausus
2543 2114 2597 2158 et
2620 2108 2724 2170 ipse
2748 2119 2890 2158 manu
2910 2108 3146 2170 iuvenum
3171 2111 3365 2157 tentare
3385 2105 3627 2168 laborem,

2240 2204 2397 2275 150
2439 2207 2790 2272 sparistarum
2834 2217 2895 2259 se
2941 2203 3257 2258 turmalibus
3295 2209 3607 2257 constanter
3634 2200 3810 2256 immio

2234 2294 2391 2349 scuit.
2413 2293 2640 2349 Pulchre
2663 2294 2803 2349 enim
2821 2294 2921 2349 hoc
2943 2294 3266 2360 fecerat,sed
3290 2310 3410 2351 cum
3435 2296 3613 2350 adhuc
3632 2304 3812 2350 essent

2234 2388 2358 2442 anni
2403 2388 2657 2442 minores.
2695 2386 2797 2454 Qui
2834 2403 2954 2443 cum
2983 2388 3289 2458 frequenter
3315 2388 3381 2442 de
3423 2389 3541 2443 loco
3570 2396 3803 2443 stantum

2236 2480 2397 2535 medii
2421 2482 2692 2535 currentis
2707 2479 2936 2551 impulsu
2954 2488 3410 2545 summoveretur;
3435 2494 3575 2535 nunc
3596 2493 3805 2549 quoque

2237 2579 2486 2641 acceptus
2513 2569 2565 2625 in
2595 2585 2796 2635 aream,
2838 2578 2947 2625 tam
2990 2571 3108 2641 pilae
3148 2586 3328 2626 coram
3367 2570 3811 2641 prmtervolantis,

2236 2678 2394 2733 quam
2422 2663 2760 2732 superiectae,
2791 2676 2890 2716 nec
2916 2649 3259 2717 int'ercideret
3286 2665 3577 2727 tramitem,
3609 2675 3710 2716 nec
3729 2675 3813 2714 ca-

2235 2766 2419 2821 veret;
2446 2756 2511 2809 ad
2541 2755 2642 2809 hoc
2667 2770 2763 2824 per
2787 2754 3182 2823 catastropham
3210 2769 3352 2824 saepe
3380 2763 3652 2822 pronatus,
3678 2767 3815 2822 tegre

2235 2847 2306 2904 de
2336 2848 2559 2903 ruinoso
2588 2847 2733 2902 flexu
2765 2862 2822 2901 se
2853 2846 3221 2917 recolligeret;
3254 2850 3459 2918 primus
3488 2847 3600 2901 ludi
3636 2846 3706 2901 ab
3732 2859 3815 2900 ac-

2237 2950 2396 2998 centu
2421 2954 2542 2995 sese
2563 2939 2792 2995 removit
2818 2940 3140 3009 suspiriosus
3173 2940 3310 2994 extis
3347 2938 3811 2994 incalescentibus.

2238 3035 2477 3104 Namque
2502 3042 2556 3088 et
2575 3031 2832 3101 iecusculi
2858 3032 2990 3086 libra
3020 3042 3258 3088 tumente
3280 3032 3586 3102 pungebant
3613 3030 3818 3087 exerci-

2241 3135 2406 3183 tatum
2438 3124 2613 3181 crebri
2640 3122 2876 3180 dolores.
2908 3123 3098 3180 Destiti
3130 3125 3374 3194 protinus
3404 3134 3458 3179 et
3487 3124 3622 3194 ipse,
3648 3122 3818 3177 factu-

556 3216 772 3273 basilica
796 3233 904 3273 non
929 3230 1164 3289 caperet,
1191 3229 1247 3274 et
1271 3220 1564 3289 quamlibet
1591 3223 1757 3275 cincta
1788 3222 1993 3276 diffusis
2016 3237 2138 3294 cry-
2164 3201 2211 3267 C
2242 3233 2333 3272 rus
2354 3216 2730 3273 communione
2756 3215 3001 3272 cessandi
3042 3232 3154 3272 rem
3181 3218 3441 3286 caritatis,
3474 3231 3542 3273 ne
3563 3231 3821 3273 verecun-

540 3318 645 3389 pta
674 3310 986 3380 porticibus.
1018 3309 1178 3364 Cultu
1210 3319 1427 3382 peracto
1458 3312 1777 3381 vigiliarum,
1824 3328 1955 3383 quas
1977 3313 2137 3368 alter-

557 3413 718 3459 nante
740 3402 1038 3459 mulcedine
1065 3404 1311 3459 monachi
1333 3398 1625 3473 clericique
1649 3406 1990 3475 psnlmicines
2011 3421 2138 3462 con-

556 3493 977 3559 celebraverant,
1017 3494 1246 3566 quisque
1290 3496 1341 3550 in
1384 3496 1602 3552 diversa
1640 3499 1999 3565 secessimus;
2029 3514 2136 3555 non

557 3586 741 3657 procul
765 3594 980 3651 tamen;
1010 3593 1214 3658 utpote
1244 3587 1308 3641 ad
1335 3589 1546 3642 tertiam
1573 3601 1769 3659 prassto
1795 3590 1981 3656 futuri,
2015 3606 2137 3647 cum

555 3680 927 3739 sacerdotibus
951 3696 1040 3737 res
1071 3680 1250 3739 divina
1297 3681 1560 3738 facienda.
1590 3683 1666 3739 De
1694 3684 1793 3739 luci
1826 3684 1984 3759 1&9
2007 3700 2137 3743 sane

546 3772 937 3843 turbarumque
957 3787 1292 3844 compressu,
1316 3775 1491 3844 deque
1516 3778 1815 3832 nuutcrosis
1847 3779 2136 3834 luminibus

552 3863 738 3930 illatis,
790 3865 950 3919 nimis
997 3866 1224 3921 anheli:
1269 3867 1429 3921 simul
1475 3876 1528 3922 et
1579 3869 1753 3921 testati
1807 3885 1909 3923 nox
1963 3869 2136 3926 adhuc

555 3957 796 4027 proxima
848 3959 1009 4014 tacito
1044 3959 1255 4015 clausos
1294 3973 1490 4028 vapore
1532 3968 1838 4025 torruerat;
1868 3969 1921 4015 et
1953 3962 1997 4014 si
2025 3961 2133 4030 jam

556 4049 729 4115 primo
757 4047 954 4117 frigore
972 4058 1147 4105 tamen
1168 4050 1494 4105 autumnalis
1507 4066 1714 4106 aurora:
1734 4050 2131 4119 detepescebat.

554 4134 740 4207 Itaque
765 4152 888 4191 cum
920 4138 1115 4207 passim
1142 4140 1290 4193 varia
1322 4142 1571 4194 ordinum
1603 4155 1830 4208 corpora
1854 4142 2131 4210 disperge-

554 4238 761 4295 rentur,
799 4230 996 4298 placuit
1024 4228 1087 4297 ad
1118 4241 1143 4269 τε
1174 4231 1530 4286 conditorium
1561 4233 1767 4303 Syagrii
1796 4233 2030 4287 consulis
2060 4235 2134 4289 ci-

554 4324 702 4378 vium
726 4326 912 4394 primis
935 4342 1036 4380 una
1060 4326 1229 4391 coire,
1244 4326 1385 4397 quod
1404 4341 1504 4383 nec
1525 4327 1743 4397 impleto
1760 4327 1902 4397 jactu
1923 4328 2131 4399 sagittae

550 4417 922 4485 separabatur.
971 4418 1068 4473 Hic
1113 4434 1237 4488 pars
1279 4420 1381 4475 sub
1426 4421 1614 4476 umbra
1660 4421 1894 4491 palmitis
1940 4421 2128 4487 adulti,

555 4518 712 4576 quam
762 4508 1028 4578 stipitibus
1069 4508 1246 4564 altatis
1289 4511 1730 4581 cancellatimque
1773 4511 2129 4580 pendentibus

557 4598 842 4669 pampinus
867 4600 1185 4670 superducta
1207 4610 1481 4667 texuerat;
1506 4615 1632 4671 pars
1651 4601 1853 4672 cespite
1880 4602 1932 4656 in
1950 4601 2126 4670 viridi,

548 4689 647 4746 sed
674 4688 895 4748 ﬁoribus
922 4692 1089 4749 odoro
1105 4693 1540 4749 consederamus.
1559 4692 1734 4749 Verba
1755 4701 1908 4748 erant
1930 4693 2124 4759 dulcia,

624 4866 876 4942 {Rectus
908 4870 1038 4925 ordo
1077 4870 1409 4941 dignitatum.
1444 4870 1573 4925 Nam
1616 4871 1923 4942 patriciatus
1954 4871 2126 4927 honor

551 4941 759 4997 medius
782 4953 861 4995 est
885 4944 1020 4995 inter
1039 4942 1409 5003 prmfecturam
1432 4951 1485 4995 et
1510 4941 1864 5003 conéulatum,
1891 4952 1947 4997 ut
1970 4943 2126 4999 docet

546 5009 901 5067 Cassiodorus
944 5013 995 5065 itt
1040 5009 1289 5068 Formula
1331 5012 1657 5082 patriciatus.
1707 5014 1773 5067 At
1822 5015 2128 5070 consulatus

548 5083 785 5157 Omnium
816 5083 1131 5157 dignitatum
1157 5089 1524 5157 apex,_xo,oqui
1550 5089 1632 5137 καὶ
1653 5085 1848 5154 κεφαλή,
1876 5093 1931 5137 ut
1951 5085 2129 5141 verbis

550 5162 679 5229 utar
701 5152 1067 5229 Cllf)’§tlSlOIili
1099 5169 1164 5229 ᾳ
1205 5152 1445 5229 oratione
1472 5152 1575 5229 is;
1596 5161 1685 5213 τὴν
1714 5152 2007 5229 inmmerito
2034 5164 2131 5229 τῶν

546 5224 921 5302 ξράξεωνίξεξδ
969 5233 1067 5302 rei;
1113 5224 1398 5302 βιωτεδςοῐς,
1434 5224 1975 5302 ἱιιᾳιιίὶηπράγμέᾳξν
2001 5228 2130 5302 siam

545 5293 713 5364 ἀρχαὶ
738 5296 930 5367 nulla?
969 5299 1022 5350 οὐ
1050 5293 1215 5351 πᾶσαι
1244 5293 1295 5367 δηέ
1326 5302 1415 5355 τῆς
1456 5297 1607 5356 αὐτῆς
1630 5293 1772 5359 ἀξίάς
1792 5293 1941 5351 Van,
1961 5298 2011 5350 αῖ
2038 5300 2127 5367 μέν

546 5368 767 5441 Erigone,
797 5368 847 5418 αἱ
871 5365 922 5419 δὲ
953 5367 1210 5441 ἐλάττου-ς·
1238 5364 1358 5441 οἷον,
1386 5369 1468 5421 ’ἱνα
1493 5369 1593 5441 διηό
1619 5375 1708 5426 τῆς
1728 5370 2022 5441 famis-spat;
2039 5364 2127 5422 is»

544 5435 750 5507 ᾀριθμόν
780 5440 1120 5507 ποιησώμεθα,
1146 5436 1289 5494 ἔστιν
1315 5437 1340 5491 ὁ
1372 5447 1460 5497 τῆς
1489 5439 1675 5496 πόλεως
1717 5435 1949 5498 ἕκδικος²
1982 5436 2127 5493 ἔστιν

542 5502 796 5582 ηξινὼτερες
827 5502 1032 5571 incisos,
1060 5508 1083 5562 ὁ
1111 5516 1209 5582 τοῦΔ
1229 5507 1405 5569 ἔίνους
1434 5511 1643 5582 ἡγὲμων·
1678 5507 1794 5562 ἔστι
1821 5509 1930 5581 μέτ’
1950 5511 2127 5582 ἐγλίνον

543 5564 718 5661 ἕτεροί
748 5572 925 5661 ὅῖρχωγ⁹
949 5585 1147 5647 μείζων·
1191 5578 1302 5634 ἔστι
1333 5564 1487 5634 πάλιῦ
1511 5564 1535 5633 ὅ
1570 5564 1942 5661 στρατῃλᾶτηςς
1978 5578 2122 5634 ἔστιν

543 5651 571 5724 ῥ
601 5651 860 5724 ὗπᾳρζοςσ
896 5651 1028 5702 ἔστιν
1056 5652 1281 5719 ἀνω-τέρα
1306 5653 1497 5705 τούτων
1526 5653 1688 5724 ἀρχὴν
1721 5651 1751 5707 ἡ
1779 5656 1876 5704 τῶν
1913 5651 2125 5705 ὑπάτων

540 5717 720 5790 ἀρχή.⁷
752 5718 815 5794 ﬁt
845 5726 961 5794 pm}
985 5721 1090 5794 alia
1118 5738 1132 5773 ι
1158 5722 1188 5776 ἡ
1216 5717 1315 5794 vobs
1343 5717 1569 5775 ὑπάτων’
1591 5717 1735 5791 Epp}
1779 5721 2002 5794 καθάπερ
2036 5741 2125 5776 κο-

536 5788 671 5862 ρύφιῠ
697 5790 780 5842 καὶ
813 5788 997 5849 κεφαλή
1025 5792 1220 5849 πάσαις
1247 5791 1516 5847 ἐπίκειται.

2242 3312 2383 3368 diam
2408 3311 2665 3367 lassitudo
2688 3310 2917 3366 fraterna
2939 3319 3231 3381 pateretur.
3262 3311 3401 3382 Ergo
3423 3321 3482 3366 ut
3501 3311 3814 3377 resedimus,

2241 3412 2297 3458 et
2324 3403 2471 3458 illum
2500 3418 2624 3458 mox
2654 3416 2845 3473 aquam
2875 3404 2941 3458 ad
2982 3402 3174 3458 faciem
3216 3412 3401 3474 petere
3437 3403 3599 3459 sudor
3624 3402 3810 3457 admo‘

2238 3498 2375 3563 nuit,
2410 3495 2648 3551 exhibita
2690 3495 2930 3566 poscenti
2960 3507 3084 3555 est:
3116 3495 3319 3565 pariter
3344 3506 3401 3551 et
3432 3496 3650 3550 linteum
3675 3494 3814 3551 villis

2240 3596 2515 3653 onustum,
2550 3587 2690 3657 quod
2731 3588 2970 3658 pridiana
3009 3602 3229 3659 squama
3274 3589 3495 3659 politum
3544 3584 3815 3645 casu'sub

2240 3682 2369 3752 ipsis
2399 3682 2635 3739 aedicula:
2675 3684 2844 3736 valvis
2877 3683 3235 3753 bipatentibus
3263 3683 3327 3739 de
3350 3682 3599 3750 ianitoris
3629 3693 3809 3738 erecto

2241 3774 2577 3830 trochleatim
2604 3775 2729 3830 fune
2754 3776 2972 3831 nutabat
2997 3794 3010 3830 :
3034 3792 3141 3847 quo
3166 3777 3289 3831 dum
3318 3792 3411 3845 per
3448 3778 3616 3833 otium
3654 3791 3816 3848 genas

2240 3870 2424 3924 siccat.
2466 3869 2690 3937 Vellem,
2718 3870 2907 3939 inquit,
2939 3870 3005 3925 ad
3034 3885 3265 3941 pannum
3292 3871 3480 3926 similis
3504 3872 3690 3938 officii,
3721 3872 3818 3925 ali-

2239 3960 2378 4031 quod
2398 3961 2741 4015 tetrastichon
2759 3959 2883 4014 mihi
2900 3960 3060 4015 scribi
3073 3957 3697 4030 jttbercs.Fiat,inquam.
3711 3959 3813 4016 Sed

2238 4052 2381 4123 quod
2408 4051 2773 4117 meum,dixit,
2789 4061 2844 4108 et
2868 4067 3062 4108 nomen
3086 4062 3257 4117 metro
3284 4059 3511 4108 teneret.
3541 4049 3811 4122 Respondi

2236 4147 2510 4216 possibilia
2556 4146 2696 4200 factu
2741 4161 2859 4216 qum
2898 4145 3249 4215 poposcisset.
3295 4146 3383 4199 Ait
3408 4153 3465 4201 et
3488 4145 3627 4215 ipse,
3670 4144 3816 4199 Dicta

2238 4251 2388 4309 ergo.
2415 4238 2568 4292 Tunc
2606 4251 2706 4307 ego
2746 4235 3010 4301 arridens,
3042 4237 3183 4292 illico
3210 4236 3349 4292 scias
3374 4236 3554 4309 Musas
3586 4234 3810 4299 moveri,

2236 4330 2283 4384 si
2309 4331 2473 4385 choro
2496 4330 2729 4399 ipsarum
2748 4345 2853 4384 non
2874 4329 3079 4401 absque
3098 4328 3313 4385 arbitris
3338 4342 3552 4385 vacem.
3579 4328 3816 4399 Respon-

2230 4421 2314 4477 dit
2332 4424 2424 4479 ille
2448 4424 2707 4480 violenter
2732 4433 2787 4478 et
2811 4423 3133 4493 perurbane,
3162 4434 3219 4478 ut
3236 4432 3325 4479 est
3348 4432 3536 4479 natura
3565 4424 3649 4479 vir
3669 4424 3818 4479 ﬂau-

2237 4527 2409 4582 meus,
2442 4513 2763 4583 quidamque
2795 4513 3052 4568 facundia:
3083 4513 3203 4568 fons
3234 4512 3583 4568 inexhaustus
3616 4531 3631 4567 :
3664 4511 3813 4579 Vide,

2158 4584 2212 4647 Ῑ)
2236 4606 2454 4663 domine
2485 4606 2637 4674 Solli,
2668 4622 2735 4663 ne
2760 4608 2930 4679 magis
2958 4606 3152 4679 Apollo
3179 4607 3317 4662 forte
3345 4615 3657 4676 moveatur,
3680 4606 3814 4678 quod

2224 4712 2361 4754 .suas
2398 4697 2640 4754 alumnas
2670 4698 2815 4754 solus
2840 4699 2907 4755 ad
2951 4709 3155 4756 secreta
3198 4700 3475 4757 sollicitas.
3518 4700 3637 4756 iam
3665 4708 3817 4770 potes

2306 4875 2332 4914 ι’
2371 4871 2735 4946 Lugdunensi,
2766 4888 2965 4946 genero
2997 4872 3300 4946 Philematii
3327 4887 3342 4925 :
3368 4872 3441 4946 ad
3464 4885 3627 4946 quem
3659 4870 3817 4927 mittit

2236 4936 2626 5015 tetrastichon),
2658 4936 2797 5014 quod
2826 4945 2876 5015 in
2906 4944 3076 4999 soceri
3106 4944 3221 5013 ejus
3249 4936 3811 5015 gratiam'scripserat,

2234 5032 2352 5071 cum
2381 5017 2444 5071 ad
2476 5018 2532 5071 S.
2579 5012 2713 5071 Jusii
2740 5014 3011 5069 basilicam
3040 5029 3145 5069 una
3186 5012 3581 5070 convenissent.
3628 5012 3816 5069 incidit

2235 5099 2411 5142 autem
2463 5087 2521 5143 S.
2565 5085 2701 5142 Justi
2751 5085 2988 5156 episcopi
3036 5082 3405 5156 Lugdunensis
3449 5083 3813 5156 anniversaria

2236 5158 2543 5217 solemnitas
2562 5156 2613 5211 iu
2628 5170 2679 5211 tv
2698 5170 2866 5211 nonas
2881 5154 3225 5225 Séptembres
3242 5172 3257 5211 :
3276 5155 3379 5211 hoc
3392 5155 3546 5211 estin
3574 5154 3813 5211 autumni

2235 5230 2579 5297 principium,
2616 5238 2669 5282 ut
2702 5227 2873 5282 innuit
2902 5227 3175 5284 Sidonius.

2311 5307 2333 5336 ο
2373 5294 2681 5365 Sepulcrum
2720 5308 2770 5353 et
2801 5300 3207 5354 monimentum.
3238 5295 3521 5351 Petronius
3550 5314 3564 5350 :
3599 5294 3666 5351 In
3694 5306 3815 5350 cort-

2236 5369 2477 5423 ditorium
2498 5369 2652 5439 etiam
2681 5381 2948 5439 prosecuta
2971 5381 3043 5425 est
3067 5369 3379 5437 defunctum.
3399 5367 3689 5423 Suetonius
3709 5366 3812 5439 Aue

2228 5440 2368 5508 gusti
2411 5455 2576 5494 xvttt:
2610 5437 2963 5493 conditorium
3006 5451 3053 5495 et
3095 5455 3273 5509 corpus
3314 5438 3599 5493 Alexandri
3642 5438 3810 5508 magni

2228 5526 2415 5583 corona
2436 5527 2592 5565 aurea
2616 5512 2854 5583 imposita
2876 5528 2935 5564 ac
2955 5511 3165 5583 ﬂoribus
3187 5509 3407 5583 aspersis
3431 5518 3696 5583 veneratus
3718 5518 3805 5583 est.

2230 5580 2296 5652 Et
2343 5583 2394 5635 in
2444 5576 2713 5652 epitaphio
2752 5576 3148 5650 Karoli'magni
3189 5599 3201 5631 :
3234 5579 3345 5635 Sub
3385 5578 3481 5652 hoc
3506 5576 3809 5652 conditorio

2223 5651 2383 5724 silum
2408 5647 2691 5724 “(corpus
2724 5652 2908 5724 Karoti
2945 5647 3117 5724 magni
3147 5659 3298 5724 atque
3338 5647 3613 5724 ortltodoai
3652 5650 3807 5720 impev

2221 5723 2416 5777 fateris
2445 5738 2465 5777 :
2493 5722 2545 5777 in
2576 5720 2815 5794 antiquis
2840 5720 3286 5795 inscriptionibus
3302 5720 3691 5791 uqu
3766 5732 3769 5735 '
