2070 3168
144 183 193 213 διθ

143 284 222 320 lepida
234 282 413 324 commoverit.
426 281 478 310 Nec
489 282 548 324 plus
652 287 780 325 moratus,
793 290 854 325 mox
866 290 914 311 suo

141 330 221 358 scriba
242 329 284 363 qui
308 328 463 363 pugillarem
478 328 553 363 juxta
575 328 692 362 tenebat,
708 328 741 364 ad
811 334 915 363 vocato,

141 376 267 405 subditum
282 375 319 401 sic
333 374 496 409 epigramma
508 374 655 408 composui.

197 421 264 446 Mane
276 426 347 449 novo,
359 426 403 444 seu
416 426 470 452 cuni
482 418 601 452 ferventia
614 418 700 444 balnea
713 423 823 452 poscunt,

224 453 272 475 Seu
283 448 437 475 enm'venatu
451 450 517 474 frctus
527 448 640 474 calefacta
659 448 748 475 madet.

195 482 245 508 Hoc
261 482 337 506 foveat
351 480 452 512 pulcher
463 480 550 506 faelem
560 481 719 512 Philematius
729 482 809 511 udam,

224 512 313 543 Migrct
326 516 353 537 ut
365 513 388 536 in
401 512 509 536 t-ibulum
521 511 597 536 vellus
609 513 639 536 ab
650 518 694 537 ore
706 512 793 543 liquor.

152 555 331 591 -Epipltanius
346 560 436 582 noster
449 556 491 581 vix
513 562 593 588 supra
615 556 713 590 scripta
737 559 916 589 peraraverat,

137 607 161 631 cl,
174 604 320 628 ιιιιιιιιςιιιιιιι
332 605 384 632 est,
399 600 462 627 hora
477 604 612 633 monente,
627 600 748 635 progredi
762 603 916 636 episcopum

136 649 166 675 de
180 647 346 682 receptorio:
367 654 467 680 nosque
485 646 660 674 surreximus.
680 646 717 673 Da
734 645 869 681 postulata:
890 651 917 673 tu

134 694 232 723 veniam
252 692 404 720 cantilenae.
427 692 493 719 Illud
516 696 604 719 autem
625 692 714 725 ambo,
740 693 808 727 quod
831 693 917 727 majus

134 744 180 773 est,
196 740 320 776 quodque
332 746 374 767 me
388 747 473 774 nuper
485 738 511 766 in
523 738 663 774 quemdam
681 739 738 766 dies
752 739 837 766 bonos
849 739 917 767 male

133 783 254 816 ferentém
278 784 441 818 parabolice.
467 792 514 812 seu
538 786 647 820 ﬁgurate
669 785 770 812 dictare
787 785 914 820 jussistis,

132 830 249 867 quodque
269 831 425 866 expeditum
448 837 508 858 cras
522 830 662 865 dirigetur,
677 829 746 857 clam
762 835 915 864 recensete;

133 880 156 904 et
174 875 195 904 si
216 876 316 911 placet,
331 877 442 904 edentes
458 876 563 909 fovete;
590 876 612 903 si
636 875 769 911 displicet,
795 876 917 904 delentes

132 921 292 957 ignoscitote.
309 921 384 949 Vale.

381 967 547 996 EPISTOLA
567 966 660 996 XVIII.

297 1024 423 1053 Sidonius
438 1028 450 1043 ἰ
465 1024 552 1052 Attalo
565 1032 612 1052 suo
626 1024 744 1057 salutent.

163 1080 260 1108 Heduaa
269 1081 374 1109 civitati
389 1086 415 1109 te
430 1082 574 1116 prmaidere
590 1083 715 1117 coepisse.
731 1082 818 1109 libens
835 1086 915 1117 atque

132 1133 187 1155 cum
198 1128 295 1162 gaudio
310 1127 412 1162 accepi.
429 1127 538 1156 Latitia-
553 1135 631 1156 causa
645 1127 837 1163 quadripartita
852 1131 913 1156 est:

130 1175 219 1209 prima,
233 1175 306 1209 quod
320 1175 435 1207 amicus;
448 1177 574 1208 secunda,
586 1175 656 1210 quod
668 1175 757 1209 justus
768 1183 812 1207 es;
825 1177 913 1208 tertia,

129 1220 193 1254 quod
217 1227 344 1253 severus;
358 1224 462 1256 quarta,
482 1221 552 1255 quod
573 1222 718 1255 proximus.
741 1221 800 1254 Quo
817 1221 862 1252 iit,
886 1225 914 1248 ut

132 1265 226 1293 nostris
239 1270 449 1300 nostrorumque
464 1266 656 1299 contractibus,
678 1266 822 1300 plurimum
837 1266 913 1299 velis,

129 1309 234 1343 debeas,
251 1311 340 1346 possis
359 1311 493 1346 opitulari.
517 1311 597 1345 Igitur
613 1312 778 1346 amplectens
791 1312 818 1339 in
838 1311 915 1339 fami-

127 1355 184 1384 liari
197 1362 302 1386 vetusto
316 1365 413 1385 novum
425 1359 468 1392 jus
482 1359 622 1392 potestatis
634 1358 761 1393 indeptae,
778 1358 914 1386 materiam

127 1402 262 1432 beneﬁciis
274 1406 326 1432 tuis
335 1405 389 1438 jam
405 1404 452 1431 diu
467 1412 568 1439 quam).
587 1404 689 1438 Quibus
704 1411 748 1432 me
762 1408 864 1432 tantum
881 1404 912 1431 ii-

126 1448 190 1477 dere
200 1457 331 1485 agnosce,
343 1456 372 1478 ut
386 1456 413 1478 et
425 1451 447 1478 si
463 1459 515 1478 non
529 1452 635 1478 invenio
645 1458 705 1486 quae
717 1458 835 1485 poscam,
847 1458 916 1486 qu:-

127 1494 225 1523 siturus
238 1496 306 1524 mihi
320 1497 433 1524 videaris
447 1497 504 1531 ipse
516 1505 576 1532 qua:
590 1497 701 1525 tribuas.
716 1496 791 1524 Vale.

346 1555 423 1591 ιω
442 1554 607 1583 EPISTULA
628 1555 697 1584 XIX.

301 1600 422 1629 Sidonius
438 1601 550 1629 Pudenti
564 1610 611 1629 suo
624 1602 742 1629 salutent.

159 1656 277 1685 Nutricis
290 1665 357 1686 mea:
379 1658 459 1686 filiam
477 1658 546 1686 filius
565 1662 618 1687 tua:
634 1659 741 1693 rapuit:
758 1657 862 1686 facinus
875 1657 917 1685 in-

126 1702 249 1740 dignum,
266 1705 391 1739 quodque
410 1712 457 1732 vos
477 1712 579 1740 nosque
598 1705 769 1738 inimicasset,
789 1704 840 1732 nisi
853 1711 915 1739 pro-

123 1749 194 1777 tinus
205 1749 319 1777 scissem
336 1754 361 1777 te
373 1750 490 1777 nescisse
506 1750 664 1778 iaciendum.
680 1750 732 1778 Sed
748 1750 916 1777 conscientia:

122 1798 175 1821 tum
191 1794 352 1828 purgatione
364 1795 483 1830 prmlata,
492 1800 585 1830 petere
598 1795 715 1831 dignaris
728 1795 812 1829 culpae
827 1795 918 1822 calen-

118 1839 153 1866 tis
166 1839 372 1874 impunitatem.
385 1840 441 1868 Sub
455 1840 608 1868 conditionc
628 1840 758 1874 concedo,
770 1841 791 1867 si
813 1844 918 1874 stupra-

115 1890 203 1913 torem
222 1883 235 1903 ¹²
258 1893 316 1919 pro
337 1886 447 1914 domino
465 1886 520 1921 jam
542 1891 669 1922 patronus
689 1886 809 1921 originali
829 1885 918 1914 solvas

111 1930 298 1967 iuquiiinalu.
316 1931 412 1960 Mulier
431 1936 519 1960 autem
540 1932 584 1959 illa
602 1932 657 1966 jam
670 1932 755 1959 libera
771 1937 814 1959 cst
830 1942 835 1959 :
859 1939 918 1968 qua:

117 1982 172 2005 tum
199 1977 318 2005 demum
342 1970 476 2005 videbitur
500 1985 554 2005 non
579 1977 694 2006 ludibrio
717 1977 842 2012 addicta,
868 1978 916 2006 sed

118 2029 257 2058 assumpta
272 2023 424 2058 coniugio;
436 2024 459 2052 si
472 2031 533 2053 reus
552 2029 644 2052 noster
659 2032 706 2059 pro
715 2032 769 2059 quo
788 2023 916 2059 precaris,

123 2078 183 2097 mox
198 2070 289 2097 cliens
303 2070 388 2097 factus
401 2077 417 2098 e
432 2070 585 2104 tributario,
602 2070 730 2106 plebeiam
746 2070 833 2106 potius
852 2070 918 2098 inci-

124 2117 178 2151 piat
193 2116 298 2144 habere
312 2124 455 2152 personam
470 2124 548 2152 quam
560 2116 736 2145 colonariam.
749 2116 814 2145 Nam
830 2125 916 2146 tneam

126 2162 182 2190 haec
194 2162 255 2190 sola
269 2170 318 2190 seu
328 2162 498 2197 compositio,
511 2170 557 2190 seu
573 2163 728 2195 satisfactio,
744 2163 784 2191 vel
797 2170 849 2190 non
861 2170 918 2191 me-

125 2209 256 2237 diocriter
267 2210 456 2237 contumeliam
470 2211 614 2238 emendat:
631 2210 675 2245 qui
691 2211 741 2238 tuis
754 2211 823 2238 votis
837 2215 917 2245 atque

123 2256 253 2283 amicitiis
269 2258 320 2282 hoc
334 2255 487 2290 acquiesco,
498 2255 520 2283 si
530 2256 601 2283 laxat
616 2255 723 2283 libertas
736 2256 873 2290 maritum,
883 2263 917 2284 ne

125 2302 294 2337 constringat
310 2308 386 2337 paena
400 2306 546 2337 raptorem.
562 2301 636 2329 Vale.

162 2384 175 2398 ι
194 2378 296 2406 Comiti
312 2377 544 2413 Augttstodunensi
564 2386 571 2404 :
588 2377 639 2405 hoc
659 2377 741 2409 enim,
759 2377 864 2413 Opinor,
878 2381 920 2405 est

128 2416 196 2449 quod
214 2421 253 2441 ait
269 2411 366 2442 Edita?
381 2414 484 2448 civitati
499 2412 642 2449 praesidere
656 2419 781 2449 coepisse.
799 2411 919 2449 Comita-

129 2447 181 2477 tiim
197 2450 365 2477 Aﬁdueusem
389 2453 451 2475 ante
471 2448 626 2475 cathedram
648 2447 826 2482 episcopalem
849 2447 920 2474 rexit

126 2485 273 2519 Gregorius
289 2483 451 2515 Lingonicus
464 2484 596 2519 armis“),
605 2488 639 2519 uti
648 2482 813 2519 Turonensis
823 2482 850 2509 in
860 2482 919 2516 ejus

129 2517 193 2546 Vita
202 2521 298 2547 refert.
322 2519 389 2547 Huic
404 2526 485 2553 nepos
506 2518 553 2546 fuit
571 2517 685 2553 Attalus,
707 2518 740 2545 de
761 2525 814 2552 quo
827 2522 920 2545 auctor

129 2555 196 2582 idem
210 2555 258 2582 l.b.
271 2562 313 2586 ιιι,
325 2562 385 2589 cap.
400 2552 445 2581 15.
456 2554 523 2581 Ante
537 2554 586 2581 hos
599 2560 661 2580 vero
672 2552 774 2580 Attalus
785 2552 828 2580 hic
840 2553 918 2589 alter.

164 2593 175 2609 κ
197 2590 305 2626 Duplex
328 2587 372 2616 illa
393 2589 529 2617 distinctio
548 2590 735 2626 agricolarum,
756 2589 782 2615 in
803 2587 920 2626 censitos

130 2631 174 2652 seu
191 2623 365 2659 trin'utarios,
382 2632 474 2657 servos
485 2629 511 2651 t'l
525 2623 634 2652 colenos
649 2623 759 2655 liberos,
775 2624 819 2658 qtti
834 2627 861 2650 et
881 2624 921 2650 in-

131 2661 234 2695 quilini,
250 2659 314 2695 cod.
336 2660 369 2687 dc
387 2660 521 2695 agricolis,
539 2663 664 2694 perpetua
680 2663 706 2695 et
720 2664 846 2695 constans
860 2666 920 2695 _non

130 2693 178 2728 est,
196 2704 229 2724 ne
242 2694 316 2730 apud
329 2693 518 2730 ipsos‘quidetn
531 2693 746 2730 juriSconsnltus.
758 2694 845 2727 Quare
856 2693 919 2720 ferri

131 2730 180 2758 hoc
194 2733 254 2758 loco
262 2729 358 2765 potest
371 2729 558 2765 Sidenius,qui
572 2729 694 2756 eumdem
710 2729 837 2765 Pudentis
852 2730 921 2764 agri-

132 2766 218 2793 CuIain
240 2764 362 2798 servum,
383 2764 552 2799 nriginurium
573 2764 742 2799 inquilinum,
757 2770 781 2791 et
796 2764 920 2790 colonum

133 2799 195 2828 facit
209 2809 216 2827 :
233 2805 261 2827 et
273 2798 506 2832 manumitti’vult,
518 2805 547 2826 ut
562 2801 606 2826 liat
620 2807 651 2825 ex
662 2798 770 2826 domino
781 2801 919 2833 patronds,

133 2834 184 2870 63
198 2843 232 2862 ex
246 2842 327 2862 servo
344 2836 438 2862 ctiens.
450 2835 495 2863 Sic
509 2835 579 2862 enim
591 2839 617 2861 et
632 2834 652 2860 l.
665 2841 683 2860 ll
705 2834 765 2861 cod.
785 2835 810 2861 in
826 2834 921 2868 quibus

134 2873 221 2907 causis
234 2871 323 2907 coloni
335 2870 456 2907 dominos
467 2876 593 2907 accusare
606 2873 728 2904 pessum,
743 2870 922 2904 agricolarum

136 2905 237 2933 domini
252 2905 282 2934 et
293 2906 398 2938 pavoni
412 2905 610 2938 distinguuntur

763 176 924 208 EI‘ISTOLA
931 177 1000 208 liUM
1020 178 1084 208 LIB.
1105 181 1136 208 γ.

143 245 227 270 uossc,
240 243 316 272 quem
333 241 452 270 ptausum
469 235 602 264 sententia
622 239 675 263 tam
696 236 843 271 repentina,
859 240 912 264 tam
928 237 953 267 Α

1701 178 1755 211 550

1237 236 1401 267 EPISTOLA
1422 237 1480 266 XX.

1141 293 1266 329 ﬁdem
1281 294 1384 331 Pali":
1396 304 1444 333 ἔρ
1458 295 1565 335 ξρέἔέἒὲθ

1001 361 1078 396 Quod
1090 360 1134 390 die
1146 360 1273 391 hesterno
1284 362 1407 389 tractatui
1417 361 1534 391 civitatis
1545 363 1570 390 in
1585 363 1698 392 concilio
1708 363 1755 392 de-

969 406 1050 441 fuisti,
1066 415 1099 435 ex
1115 404 1246 434 industria
1262 406 1359 435 factum
1377 414 1439 442 pars
1458 408 1552 436 melior
1563 410 1679 445 accepit;
1694 417 1754 445 quae

968 453 1101 487 suspicata
1116 457 1157 480 est
1172 452 1198 480 id
1212 456 1239 480 te
1251 459 1358 487 cavere,
1371 460 1406 480 ne
1420 453 1471 481 tuis
1484 453 1605 483 humeris
1623 462 1690 483 onus
1710 456 1753 483 fu-

969 505 1035 527 tura:
1046 499 1188 535 legationis
1200 500 1394 535 imponeretur.
1408 500 1533 529 Gratulor
1553 501 1600 530 tibi
1612 502 1682 537 quod
1696 502 1754 530 istis

968 546 1086 574 moribus
1105 546 1183 580 vivis,
1202 550 1232 574 ut
1248 554 1358 575 necesse
1371 547 1469 575 habeas
1484 548 1640 576 electionem
1660 549 1698 576 tui
1720 550 1754 577 ti-

969 599 1042 620 mere
1057 600 1063 619 :
1080 592 1159 621 laudo
1172 592 1334 627 efficaciam,
1351 593 1468 629 suspicio
1480 594 1657 629 prudentiam,
1675 595 1753 631 ιδῃ

969 646 1118 674 prosequor
1138 638 1218 667 laude
1235 638 1399 667 felicitatem.
1419 639 1488 674 Opto
1508 638 1624 674 denique
1642 640 1753 676 aqualia

968 684 1011 719 iis,
1028 692 1094 720 quos
1107 684 1245 721 aequaliter
1256 692 1327 712 amo.
1344 684 1419 712 Multi
1435 684 1586 720 frequenter
1601 692 1667 720 quos
1676 692 1754 713 exse-

968 731 1075 759 crabilis
1084 731 1248 766 popularitas
1258 732 1322 767 agit,
1331 732 1427 759 civium
1439 732 1569 759 maximos
1581 739 1659 760 manu
1669 739 1752 767 pren-

968 782 1038 810 sant,
1051 784 1126 812 acque
1137 784 1265 805 consessu
1281 777 1386 812 publico
1400 777 1546 812 abducunt,
1560 784 1592 805 ac
1604 782 1754 813 sequestra-

968 823 1003 850 tis
1013 822 1104 850 oscula
1119 823 1277 858 impingunt,
1288 829 1396 857 Operam
1408 830 1482 850 suam
1494 822 1635 858 spomlent,
1643 821 1690 850 sed
1702 830 1753 850 non

968 868 1054 903 petiti.
1073 867 1160 903 thue
1178 868 1320 896 videantur
1336 868 1361 895 in
1379 867 1478 903 negotii
1500 869 1648 896 communis
1667 875 1754 896 asser-

930 924 954 954 B
969 914 1041 941 tione
1057 913 1146 948 legati,
1156 915 1323 941 evectionem
1334 913 1488 948 refundunt,
1499 914 1624 949 ipsosque
1634 919 1755 950 sumptus

967 959 1036 987 ultro
1051 964 1185 993 recusant,
1197 964 1223 987 et
1237 960 1271 987 ab
1284 959 1384 986 ambitu
1399 959 1467 987 clam
1478 964 1573 994 rogant
1584 959 1714 995 singulos,
1726 965 1755 988 ut

966 1005 1000 1033 al)
1012 1005 1133 1032 omnibus
1144 1005 1230 1040 palam
1245 1004 1433 1041 rogentur.Sic
1444 1011 1549 1040 quoque
1559 1012 1619 1033 cum
1634 1005 1754 1040 fatigatio

965 1051 1073 1079 illorum
1098 1051 1211 1088 gratuita
1237 1053 1321 1086 pOssit
1347 1052 1461 1079 libenter
1483 1050 1598 1084 admitti,
1630 1051 1755 1079 libentius

967 1102 1054 1125 tamen
1067 1103 1145 1133 atque
1156 1096 1296 1125 amabilius
1307 1097 1450 1125 verecundi
1462 1098 1594 1132 leguntur,
1603 1097 1682 1133 idque
1691 1104 1754 1125 cum

965 1151 1083 1180 expensa
1103 1153 1110 1172 :
1131 1148 1232 1171 tantum
1248 1143 1411 1178 impudentia
1430 1150 1490 1171 sese
1505 1143 1673 1177 ingerentum
1689 1150 1755 1177 pon-

965 1189 1037 1218 deris
1064 1189 1154 1223 habet,
1178 1189 1259 1217 etiam
1276 1195 1287 1208 ε
1313 1189 1378 1217 fasci
1404 1196 1465 1216 cum
1488 1188 1629 1216 tributario
1648 1187 1756 1216 nomine

966 1239 1084 1273 ipsorum
1097 1238 1132 1265 nil
1146 1237 1356 1272 superfunditur.
1372 1236 1485 1264 Proinde
1496 1241 1645 1271 quanquam
1661 1238 1687 1263 te
1701 1242 1754 1262 non

966 1283 1071 1317 fefellit,
1097 1283 1160 1319 quid
1184 1283 1246 1310 boni
1270 1283 1368 1318 quique
1393 1282 1598 1313 meditarentur,
1622 1280 1706 1309 redde
1728 1285 1755 1308 te

966 1335 1056 1358 tamen
1071 1330 1280 1366 exspectantium
1292 1329 1371 1362 votis,
1379 1332 1604 1363 expetentumque
1614 1328 1752 1355 caritatem

966 1378 1061 1413 proba,
1077 1377 1121 1411 qui
1134 1376 1189 1411 jam
1204 1375 1321 1411 probasti
1336 1374 1476 1410 pudorem.
1491 1373 1566 1407 Quod
1579 1372 1685 1401 defuisti
1702 1372 1755 1408 pri-

966 1430 1049 1455 mum,
1064 1422 1203 1450 modestia!
1218 1421 1359 1449 ascribitur
1372 1429 1378 1447 :
1394 1419 1428 1447 ad
1441 1419 1574 1455 ignaviam
1589 1418 1698 1454 respicit
1711 1424 1754 1445 se-

966 1469 1051 1497 cunda
1067 1468 1169 1496 dilatio.
1188 1468 1320 1495 Praeterea
1333 1467 1378 1494 tibi
1392 1466 1527 1494 Arelatem
1543 1463 1696 1500 profecturo
1709 1468 1752 1491 est

966 1514 1127 1543 venerabilis
1139 1514 1166 1542 in
1180 1514 1274 1542 itinere
1294 1516 1387 1545 mater,
1404 1512 1511 1544 fratres,
1532 1514 1662 1544 amantes,
1677 1507 1755 1537 reda-

967 1561 1118 1596 mantisque
1131 1560 1224 1596 patriae
1245 1559 1342 1592 solum,
1357 1557 1390 1586 ad
1405 1557 1476 1593 quod
1490 1560 1518 1584 et
1528 1560 1626 1592 prater
1639 1554 1756 1583 occasio-

928 1613 951 1646 ε
968 1615 1028 1638 nem
1048 1607 1206 1643 voluptuose
1222 1608 1348 1635 venitur:
1370 1610 1425 1634 tum
1438 1605 1534 1633 domus
1549 1603 1666 1638 propria,
1681 1602 1756 1638 cujus

967 1658 1113 1686 auctorem,
1134 1653 1249 1686 vineam,
1271 1658 1398 1684 messem,
1413 1649 1553 1683 olivetum,
1572 1652 1671 1676 tectum
1689 1653 1757 1685 quo-

967 1707 1019 1736 que
1043 1699 1141 1736 ipsum,
1164 1699 1207 1727 vel
1231 1699 1293 1727 dum
1315 1697 1530 1734 praeterveharis,
1554 1695 1695 1730 inspicere
1713 1699 1757 1722 res

967 1745 1100 1773 commodi
1111 1750 1162 1773 est.
1178 1745 1346 1780 Quapropter
1359 1744 1457 1772 missus
1472 1750 1488 1770 a
1502 1742 1578 1770 nobis
1591 1744 1618 1770 et
1633 1739 1679 1768 tibi
1691 1746 1755 1775 per-

968 1792 1051 1820 venis.
1070 1791 1190 1827 Namque
1203 1792 1256 1819 erit
1276 1792 1337 1819 talis
1354 1791 1405 1818 vire
1427 1795 1480 1817 tute
1498 1796 1639 1824 causaeque
1658 1791 1757 1816 nostra!

967 1837 1096 1870 conditio,
1115 1838 1140 1864 ni
1157 1836 1244 1871 fallor,
1261 1830 1341 1872 atque
1355 1835 1552 1872 opportunitas,
1568 1839 1597 1862 ut
1611 1840 1660 1869 pro
1673 1833 1756 1861 bene-

968 1881 1027 1909 ficio
1041 1873 1141 1909 civitati
1158 1889 1235 1917 posse
1250 1882 1382 1916 imputare
1398 1879 1611 1916 quandocunque
1624 1878 1751 1911 videaris,

968 1927 1040 1964 quod
1051 1932 1110 1956 tuos
1122 1926 1231 1955 videris.
1247 1927 1321 1955 Vale.

1189 1993 1268 2030 151.
1285 1992 1451 2022 EPlSTOLA
1471 1992 1539 2023 που.

1050 2049 1180 2079 Sidonius
1190 2051 1324 2079 Sacerdoti
1338 2055 1361 2077 et
1372 2049 1479 2078 Iustino
1491 2050 1544 2077 satis
1554 2049 1672 2077 aut”.

1003 2116 1017 2136 ⁸
1030 2117 1165 2151 Victorius
1181 2122 1290 2153 patruus
1305 2121 1404 2150 vester,
1421 2116 1462 2151 vir
1474 2120 1504 2144 ut
1514 2116 1647 2153 egregius,
1659 2115 1698 2143 sic
1712 2123 1756 2143 un-

967 2163 1108 2199 decunque
1130 2164 1309 2198 doctissimus,
1335 2170 1396 2192 cum
1418 2167 1515 2191 caetera
1540 2167 1672 2198 potenter,
1697 2166 1752 2189 tum

968 2208 1155 2244 potentissime
1174 2208 1296 2237 condidit
1310 2215 1413 2239 versus.
1430 2207 1493 2236 Mihi
1503 2215 1610 2243 qumque
1623 2214 1729 2241 semper
1742 2214 1757 2235 a

960 2263 1052 2291 parvo
1070 2262 1134 2283 cura
1155 2262 1302 2282 musarum.
1320 2254 1397 2281 Nunc
1415 2261 1465 2281 vos
1478 2254 1580 2287 parenti
1591 2253 1687 2281 venitis
1703 2253 1758 2280 bu-

931 2297 1059 2336 Dredes,
1083 2309 1162 2336 quam
1183 2300 1262 2336 jure,
1287 2304 1342 2327 tam
1366 2300 1473 2326 merito.
1499 2298 1573 2326 Ilicet
1598 2305 1648 2334 ego
1671 2302 1758 2340 poetae

1009 2383 1020 2397 ο
1041 2377 1085 2404 Sic
1100 2376 1251 2411 legendum,
1268 2382 1320 2403 non
1334 2375 1442 2409 fascium
1454 2374 1595 2411 tributario.
1608 2374 1758 2411 rE_tiam,in-

972 2412 1039 2447 quit,
1055 2419 1115 2439 cum
1127 2409 1275 2447 impensam
1289 2410 1392 2438 itineris
1406 2411 1429 2436 in
1446 2409 1758 2447 seipsosrecipiunt,_tri-

972 2444 1154 2482 holerumque
1166 2444 1489 2482 oneribuseorumcausa
1504 2444 1569 2482 nihil
1579 2445 1697 2482 accedit.
1707 2445 1756 2482 Le-

991 2482 1042 2510 atis
1056 2479 1128 2509 enim
1141 2481 1249 2509 decerni
1264 2481 1333 2510 solet
1346 2481 1479 2508 viaticum.
1501 2479 1628 2507 Arcadius
1643 2480 1710 2507 libro
1724 2480 1758 2507 de

1005 2517 1132 2546 uneribus
1145 2516 1278 2549 civilibus,
1292 2515 1325 2544 D.
1341 2516 1373 2544 de
1386 2515 1541 2545 muneribus
1554 2519 1581 2543 et
1592 2514 1736 2549 honoribus
1750 2524 1756 2541 τ

972 2552 1062 2589 Legati
1079 2560 1178 2589 quoque
1198 2552 1243 2588 qui
1261 2552 1297 2589 ad
1318 2551 1462 2589 sacrarium
1474 2550 1595 2589 principis
1616 2551 1757 2589 mittuntur,

973 2586 1090 2615 viaticum
1105 2586 1174 2623 quad
1189 2586 1325 2623 legalium
1339 2587 1441 2618 dicitur,
1454 2586 1581 2613 interdum
1594 2586 1676 2612 solent
1691 2587 1758 2612 acci-

972 2631 1128 2696 Ῠῗῗὶὶυξιί
1141 2662 1318 2696 petessens
1335 2661 1456 2696 tempore
1471 2663 1531 2696 non.
1545 2655 1712 2696 ἀίεεερνειιν.
1723 2662 1756 2686 an

972 2693 1017 2722 hic
1036 2690 1071 2721 sit
1089 2690 1222 2721 Viciorius
1234 2690 1450 2728 'Aquitauus'qui
1471 2690 1758 2728 CyCIUIIlAIiKtS(haian

973 2729 1053 2756 llilari
1069 2729 1260 2762 archidiaconi,
1270 2724 1383 2755 Romani
1398 2724 1648 2762 pbstea'pmitilicis,
1663 2732 1757 2761 rogatu

973 2764 1134 2799 composuit,
1148 2764 1366 2799 Constantinoret
1380 2762 1447 2789 Rufo
1460 2768 1542 2795 cuss.,
1559 2766 1633 2799 uter
1649 2762 1706 2797 ejus
1723 2762 1757 2789 ad

974 2797 1093 2838 “Larum
1103 2800 1215 2838 epistola
1229 2804 1308 2838 patet.
1317 2798 1425 2838 Victorii
1434 2800 1567 2838 autemcx
1582 2797 1664 2824 fratre
1676 2803 1758 2838 nepa:

976 2839 1030 2862 tum
1044 2835 1142 2862 Justini
1156 2840 1183 2862 et
1196 2834 1296 2867 fratris,
1312 2834 1390 2861 tacito
1405 2834 1512 2860 nomine
1523 2834 1618 2860 iterum
1638 2834 1763 2861 meminit

974 2869 1003 2897 ln
1012 2868 1209 2905 Propemptico.
