4140 6336
615 331 715 390 861

1860 317 2106 377 SIDONII
2145 313 2595 375 APOLLINARIS

3780 308 3882 367 553

618 444 895 515 proximus
928 440 994 494 tio
1022 430 1373 509 professione,
1407 450 1500 492 vos
1529 449 1753 491 semine.
1787 435 1925 506 Ergo
1952 435 2191 505 justissh
2222 437 2274 494 Α
2302 431 2413 498 dat,
2463 439 2522 484 ut
2567 426 2826 499 jungitur.
2879 426 3114 496 Ideoque
3155 422 3470 497 patrimonia
3518 428 3719 493 tenete,
3763 422 3885 482 dato

618 552 763 595 mum
803 542 902 599 est,
941 539 999 585 ut
1038 531 1125 585 die
1170 531 1347 583 functo
1376 529 1454 583 sic
1481 529 1706 596 quisque
1735 534 1978 580 nostrum
2012 538 2197 604 succe-

2307 522 2566 576 cartnina.
2602 520 2804 575 Valete.

627 635 3742 681 ______________________________

1636 722 2113 834 LIBER
2187 720 2850 830 SEXTUS.

1004 900 1158 971 155
1197 892 1528 952 EPISTOLA
1583 891 1811 947 l’l'illlA.

835 1031 1079 1087 Sidonius
1111 1028 1314 1081 domino
1344 1035 1367 1063 ει
1399 1040 1546 1095 papa:
1571 1022 1718 1092 Lupo
1753 1022 1988 1075 salutem.

693 1165 1015 1222 Benedictus
1044 1162 1275 1231 Spiritus
1304 1166 1524 1213 sanctus
1555 1166 1608 1212 et
1638 1168 1787 1225 pater
1826 1156 1917 1209 Dei
1961 1155 2203 1223 omnipo-

620 1260 804 1324 tentis,
828 1255 966 1326 quod
993 1264 1046 1308 tu
1072 1264 1221 1323 pater
1249 1259 1483 1319 patrum,
1516 1257 1567 1303 cl
1603 1249 1887 1315 episcopus
1917 1246 2203 1315 episc0p0-

620 1368 761 1416 rum,
784 1360 838 1404 et
862 1350 997 1402 alter
1026 1344 1205 1399 saeculi
1239 1343 1311 1398 tui
1339 1342 1592 1408 Jacobus,
1622 1339 1688 1393 dc
1716 1338 1943 1405 quadam
1983 1336 2200 1404 specula

620 1442 882 1508 caritatis,
917 1455 1014 1494 nec
1044 1440 1111 1493 de
1136 1435 1374 1490 infcriori
1425 1434 1782 1497 Hierusalem,
1810 1441 1915 1485 tota
1953 1430 2204 1484 Ecclesiae

622 1534 716 1589 Dei
742 1533 908 1586 nostri
933 1532 1171 1585 membra
1197 1524 1616 1596 superinspicis;
1662 1524 1852 1591 dignus
1887 1523 1975 1591 qui
2020 1535 2205 1575 omnes

621 1624 917 1679 consoleris
941 1621 1205 1685 inﬁrmos,
1235 1620 1430 1687 quique
1454 1616 1645 1670 tncrito
1674 1614 1743 1667 ab
1787 1615 2033 1667 omnibus
2080 1627 2204 1665 coa-

622 1715 837 1772 sularis.
879 1714 945 1768 Et
975 1713 1099 1782 quid
1141 1725 1282 1765 nunc
1311 1724 1409 1778 ego
1439 1708 1656 1778 dignum
1710 1706 2003 1775 dignationi
2052 1703 2207 1774 156

621 1808 743 1865 huic
767 1808 934 1878 putris
963 1816 1015 1860 et
1046 1804 1207 1859 fetida
1239 1812 1387 1858 reatu
1419 1811 1557 1856 terra
1601 1800 1991 1869 respondeam?
2022 1797 2203 1851 Collo-

622 1902 735 1970 quii
767 1899 1015 1953 salutaris
1048 1897 1143 1961 tui,
1172 1904 1227 1952 et
1255 1895 1596 1963 indigentiam
1627 1893 1832 1961 patiens
1859 1900 1914 1946 ct
1937 1891 2203 1949 timerem,

624 1993 996 2048 recordatione
1025 1991 1143 2045 vitae
1179 1988 1466 2057 plectibilis
1490 1987 1746 2052 adducor,
1769 1996 1825 2039 ut
1846 1986 2067 2041 clamem
2091 1983 2203 2046 tibi,

624 2082 767 2153 quod
794 2082 930 2136 dixit
956 2081 1184 2135 Domino
1208 2087 1330 2133 tuus
1357 2079 1445 2132 ille
1470 2078 1670 2145 collega
1707 2094 1719 2129 :
1757 2075 1855 2130 Exi
1884 2094 1913 2128 a
1942 2092 2018 2128 mc
2045 2119 2057 2143 ,
2090 2074 2207 2142 quia

622 2177 774 2231 homo
800 2184 1035 2246 peccator
1064 2190 1197 2236 sum,
1228 2172 1442 2225 Domine
1476 2169 1627 2240 (Luc.
1661 2186 1708 2233 ν,
1744 2168 1821 2238 8).
1873 2167 1977 2222 Sed
2024 2167 2066 2219 si
2108 2167 2207 2219 iste
2238 2204 2284 2263 Β

622 2267 786 2322 ιὶηιοι*
812 2282 915 2319 non
950 2271 1279 2332 temperetur
1303 2261 1525 2325 allecto,
1569 2275 1757 2313 vereor
1798 2274 1866 2313 ne
1909 2258 2204 2313 Geraseno-

622 2373 741 2414 rum
771 2357 1029 2412 destituar
1057 2355 1323 2423 exemplo,
1352 2352 1594 2406 discedas
1618 2367 1644 2403 a
1673 2351 1865 2405 finibus
1888 2352 2038 2404 meis.
2069 2349 2203 2416 Quin

624 2450 803 2521 potius
835 2448 996 2514 illud,
1027 2446 1166 2516 quod
1201 2445 1327 2498 mihi
1359 2443 1751 2497 conducibilius
1782 2452 1891 2507 est,
1926 2442 2203 2508 colleprosi

624 2543 734 2598 mei
757 2552 806 2596 te
827 2540 1094 2610 proposita
1113 2537 1417 2592 conditione
1439 2537 1817 2604 constringam,
1838 2546 1887 2587 ut
1917 2536 2053 2587 aiam
2078 2533 2201 2587 tibi:

627 2633 691 2690 Si
712 2634 805 2697 vis,
846 2640 986 2702 potes
1018 2647 1097 2684 me
1127 2630 1377 2683 mundare
1417 2628 1645 2698 (Maftlt.
1682 2643 1813 2693 vttt,
1849 2625 1935 2697 2).
1975 2627 2089 2693 Qua
2121 2628 2206 2680 illc

626 2724 893 2780 sententia
926 2738 1031 2776 non
1060 2723 1176 2791 plus
1200 2721 1265 2775 de
1294 2719 1508 2775 Christo
1537 2719 1660 2789 qttid
1705 2728 1909 2787 peteret
1953 2717 2204 2786 prodidit,

624 2830 783 2885 quam
812 2815 900 2884 qui
930 2812 1172 2867 crederet
1204 2810 1517 2874 publicavit.
1550 2812 1687 2878 Ergo
1718 2825 1784 2863 ne
1815 2826 1931 2863 (ιιιιι
1965 2810 2039 2863 sis
2084 2824 2207 2878 pro-

623 2910 711 2964 cul
742 2907 990 2976 ambiguo
1029 2907 1229 2975 primus
1272 2904 1508 2957 omnium
1559 2912 1690 2967 toto,
1734 2917 1836 2971 qua
1880 2909 2046 2972 patet,
2078 2902 2207 2955 orbe

625 2999 959 3070 pontificum,
993 3012 1115 3051 cum
1144 2995 1515 3066 praerogativae
1559 2993 1884 3063 subjiciatur,
1930 3007 2049 3047 cum
2082 3007 2209 3046 cen-

624 3106 767 3147 surae
793 3099 896 3144 tua:
921 3098 1171 3144 attremat
1210 3087 1370 3141 etiam
1403 3085 1555 3140 turba
1582 3084 1822 3155 collegii;
1847 3100 1965 3138 cum
2003 3086 2051 3137 in
2082 3099 2208 3154 gra-

626 3182 805 3237 vitatis
836 3191 1031 3236 vestrm
1059 3179 1547 3249 comparationem,
1572 3178 1688 3246 ipsa
1712 3178 1870 3231 etiam
1899 3175 2209 3245 grandaevo-

626 3286 745 3330 rum
776 3272 938 3327 corda
963 3279 1310 3341 puerascant;
1343 3284 1461 3324 cum
1492 3278 1612 3338 post
1642 3268 1927 3322 desudatas
1954 3266 1979 3304 ιι
2009 3266 2209 3320 militiae

627 3364 927 3420 Lirinensis
969 3362 1257 3426 excubias,
1298 3370 1353 3415 et
1384 3361 1439 3414 in
1460 3360 1752 3429 apostolica
1794 3358 1921 3412 sede
1954 3369 1974 3396 ε
2018 3373 2208 3412 novem

626 3455 734 3527 iam
761 3456 983 3510 decursa
1011 3452 1398 3523 quinquennia,
1426 3451 1702 3519 utriusque
1728 3458 2033 3505 sanctorum
2066 3448 2211 3503 ordi-

2307 886 2662 957 peritissimus
2695 886 2906 941 tubicen
2938 885 3001 940 ad
3030 886 3303 942 Christum
3335 903 3362 941 a
3391 887 3623 957 peccatis
3645 885 3890 957 receptui

2304 991 2525 1040 canere;
2574 978 2726 1047 157
2774 986 2829 1031 et
2884 978 3175 1048 evangelici
3216 982 3447 1049 pastoris
3485 979 3733 1049 exemplo
3778 995 3889 1035 non

2304 1068 2532 1138 amplius
2564 1068 2781 1137 laetaris,
2820 1068 2865 1122 si
2909 1077 3258 1137 permaneant
3292 1069 3439 1134 sani,
3479 1085 3637 1139 quam
3686 1068 3735 1123 si
3778 1085 3888 1124 non

2305 1167 2619 1214 remaneant
2642 1158 2934 1231 desperati.
2968 1160 3044 1214 Te
3074 1174 3204 1229 ergo
3235 1175 3420 1214 norma
3452 1176 3686 1228 morum,
3718 1170 3770 1216 te
3799 1176 3892 1217 co-

2304 1252 2483 1306 lumna
2516 1252 2791 1316 virtutum,
2826 1263 2895 1316 te,
2920 1251 2966 1306 si
2998 1252 3224 1306 blandiri
3250 1253 3355 1307 reis
3378 1251 3521 1318 licet,
3566 1267 3717 1319 vera,
3762 1253 3890 1323 quia

2305 1355 2510 1411 sancta,
2535 1344 2786 1412 dulcedo,
2814 1344 3227 1412 despicatissimi
3269 1343 3463 1399 vermis
3494 1345 3672 1399 ulcera
3710 1344 3893 1414 digitis

2306 1438 2697 1493 exhortationis
2746 1449 3080 1493 contrectare
3123 1453 3228 1491 non
3269 1438 3478 1507 piguit:
3525 1436 3620 1491 tibi
3649 1437 3891 1494 avaritim

2307 1544 2412 1583 non
2445 1526 2539 1582 fuit
2572 1542 2791 1597 pascere
2815 1528 3029 1582 monitis
3056 1528 3290 1581 animam
3318 1528 3889 1598 fragilitatejejunam;

2308 1632 2360 1676 et
2388 1621 2454 1676 de
2479 1620 2733 1691 apotheca
2764 1621 3065 1675 dileCtionis
3098 1620 3393 1689 altissimae,
3426 1622 3702 1677 sectanda:
3736 1623 3892 1677 nobis

2309 1710 2620 1766 humilitatis
2651 1713 2933 1780 propinare
2960 1726 3287 1766 mensuram.
3335 1712 3440 1767 Sed
3483 1729 3597 1776 ora,
3632 1721 3692 1767 ut
3718 1728 3893 1782 quan-

2309 1804 2484 1871 doque
2515 1802 2859 1871 resipiscam,
2910 1814 3163 1872 quantum
3206 1818 3353 1859 meas
3396 1804 3662 1873 deprimat
3710 1804 3893 1859 oneris

2310 1896 2536 1966 impositi
2582 1910 2754 1949 massa
2814 1896 3073 1949 cervices.
3130 1896 3445 1951 Facinorum
3487 1897 3893 1952 continuatione

2309 1991 2471 2044 miser
2498 2006 2561 2043 co
2592 1991 2930 2044 necessitatis
2958 1990 3181 2052 accessi,
3214 2002 3272 2043 ut
3303 1991 3349 2043 is
3392 2005 3488 2059 pro
3530 2000 3752 2057 peccato
3793 2004 3893 2057 po-

2312 2081 2420 2149 puli
2451 2096 2592 2135 nunc
2626 2096 2782 2156 orare
2822 2081 3134 2149 compellar,
3184 2097 3280 2151 pro
3321 2097 3425 2149 quo
3467 2082 3698 2152 populus
3743 2082 3895 2134 inno-

2310 2179 2523 2225 centum
2556 2171 2643 2224 vix
2683 2170 2843 2225 debet
2876 2171 3166 2239 impetrare
3211 2171 3254 2225 si
3286 2171 3569 2241 supplicet.
3604 2171 3735 2225 Nam
3775 2173 3894 2241 quis

2310 2260 2446 2314 bene
2476 2261 2738 2317 medelam
2771 2276 2911 2332 (eger
2937 2262 3242 2331 intpartiat?
3272 2265 3390 2331 quis
3423 2263 3658 2317 febriens
3689 2263 3715 2298 α
3745 2277 3894 2315 ιιι-τοο

2308 2354 2437 2407 tanti
2470 2361 2609 2406 tactu
2643 2355 2851 2423 pulsum
2873 2354 3162 2424 distinguat
3182 2355 3539 2409 incolumem?
3565 2356 3684 2424 quis
3707 2356 3892 2409 deser-

2310 2454 2391 2499 tor
2411 2447 2685 2499 scientiam
2719 2447 2963 2501 militaris
2991 2448 3065 2501 rei
3086 2447 3209 2516 jure
3238 2448 3572 2501 laudavi-rit?
3598 2449 3721 2516 quis
3739 2462 3862 2500 escu
3880 2474 3893 2483 -

2310 2539 2485 2593 lentus
2517 2540 2832 2593 abstemium
2865 2549 3231 2609 competenter
3263 2541 3536 2609 arguerit?
3581 2539 3895 2608 Indignissi-

2309 2645 2428 2685 mus
2475 2631 2779 2685 mortalium
2827 2646 3050 2687 necesse
3099 2632 3271 2687 habeo
3308 2632 3488 2686 dicere
3533 2632 3673 2701 quod
3719 2631 3892 2686 facere

2309 2720 2595 2776 detrecto:
2642 2728 2697 2774 ct
2736 2721 2799 2773 ad
2847 2737 2961 2775 mea
3011 2721 3126 2790 ipse
3165 2722 3329 2776 verba
3368 2722 3723 2784 damnabilis,
3774 2736 3891 2775 cum

2310 2810 2565 2881 imperem
2588 2827 2709 2881 qua:
2732 2826 2833 2866 non
2867 2812 3081 2881 impleo,
3109 2812 3248 2866 idem
3273 2813 3323 2866 in
3354 2827 3438 2866 me
3460 2812 3700 2882 quotidie
3723 2825 3887 2881 cogor

2309 2903 2510 2958 dietare
2541 2904 2881 2958 sententiam.
2914 2903 3019 2959 Sed
3058 2906 3101 2959 si
3145 2912 3197 2958 tu
3231 2905 3368 2959 inter
3396 2921 3481 2958 me
3508 2913 3562 2958 et
3606 2905 3757 2958 illum
3812 2905 3891 2959 cui

2311 2997 2768 3068 concrucifigeris,
2799 2997 2980 3052 Jesum
3007 2997 3278 3053 Christum
3310 3000 3589 3053 Dominum
3623 3010 3890 3065 nostrum,

2311 3105 2409 3161 pro
2454 3091 2723 3145 scelerum
2777 3107 3016 3147 meorum
3066 3093 3287 3163 populo,
3335 3094 3519 3162 junior
3560 3109 3713 3163 mage
3738 3109 3893 3163 quam

2312 3183 2489 3237 minor
2512 3182 2713 3248 Moses,
2744 3184 3067 3238 intercessor
3096 3184 3317 3238 assistas
3342 3202 3355 3250 ;
3407 3199 3511 3239 non
3551 3185 3777 3239 ulterius
3805 3184 3895 3238 dc-

2311 3274 2627 3328 sccndemus
2660 3274 2708 3327 in
2742 3273 3011 3329 infernum
3045 3274 3323 3340 viventes;
3358 3290 3455 3330 nec
3483 3291 3575 3345 per
3602 3274 3894 3329 carnalium

2311 3366 2556 3420 vitiorum
2587 3365 2853 3421 incentiva
2885 3364 3160 3430 ﬂammati,
3190 3366 3255 3420 ad
3278 3367 3449 3420 altare
3474 3365 3680 3419 Domini
3710 3365 3893 3434 ignem

2315 3456 2518 3511 diutius
2572 3460 2929 3513 accendemus
2958 3458 3215 3512 alienum.
3251 3457 3381 3524 Quia
3428 3471 3718 3527 quanquam
3766 3471 3890 3523 nos,

627 3548 715 3603 nis
778 3545 1061 3616 quemdam
1122 3553 1175 3598 te
1228 3543 1768 3597 conclamatissimum
1827 3541 2206 3610 primipilarem
2236 3582 2281 3643 Ο
2313 3558 2374 3603 ιιι
2418 3558 2539 3619 pote
2566 3564 2706 3613 reos,
2738 3550 2923 3620 gloria:
2957 3550 3093 3604 libra
3133 3564 3237 3604 non
3275 3550 3494 3623 respicit
3526 3567 3541 3609 :
3575 3550 3733 3622 158
3760 3549 3895 3617 satis

626 3636 883 3707 epiritalia
915 3644 1087 3690 castra
1118 3646 1439 3688 venerentur
1475 3651 1488 3687 :
1520 3640 1575 3685 tu
1608 3630 1951 3685 nihilominus
1978 3631 2211 3684 hastato-

631 3743 749 3784 rum
799 3728 1365 3798 antesignatorumque
1408 3724 1677 3795 paulisper
1728 3724 2078 3780 contubernio
2119 3739 2209 3779 se-

630 3829 961 3891 questratus,
989 3819 1208 3873 ultimos
1232 3818 1449 3893 calones
1477 3824 1600 3870 tuos
1627 3816 1867 3883 lixasque
1899 3832 2002 3869 non
2033 3816 2211 3884 despi-

629 3916 727 3981 cis,
758 3922 812 3969 et
843 3914 908 3967 ad
944 3912 1176 3968 extimos
1205 3911 1566 3965 trahariorum
1595 3910 1680 3980 qui
1715 3925 1809 3979 per
1852 3910 2210 3979 insipientiam

629 4020 781 4061 suam
825 4004 1000 4059 adhuc
1042 4003 1108 4058 ad
1162 4002 1340 4057 carnis
1379 4001 1617 4056 sarcinas
1663 4001 1873 4066 sedent,
1918 4001 2092 4055 crucis
2122 4001 2210 4054 diu

629 4102 857 4168 portata:
884 4094 1075 4148 vexilla
1099 4091 1433 4163 circumfers,
1453 4105 1516 4145 ac
1537 4106 1752 4145 manum
1769 4091 1960 4160 lingua:
1982 4091 2210 4160 porrigis

634 4186 688 4241 in
718 4183 1048 4240 conscientia
1077 4183 1391 4237 vulneratis.
1423 4181 1602 4245 Nosti,
1637 4189 1694 4234 ut
1731 4191 1970 4249 apparet,
2022 4198 2087 4236 ex
2118 4184 2212 4237 ad-

632 4290 793 4332 versa
838 4275 953 4331 acie
1006 4275 1294 4339 sauciatos,
1345 4272 1451 4327 dux
1500 4280 1773 4338 veterane,
1824 4273 2105 4343 colligere;
2160 4286 2215 4331 et

770 4428 1038 4499 Episc0po
1066 4428 1391 4484 Tricassino.
1423 4427 1478 4481 In
1514 4426 1654 4481 hunc
1679 4427 1870 4482 librum
1898 4438 1952 4483 et
1979 4444 2210 4499 sequen-

632 4512 743 4560 tem
779 4510 1045 4570 congestae
1095 4510 1221 4554 sunt
1264 4500 1505 4566 epistolae
1552 4499 1619 4552 ad
1665 4502 1949 4568 episcopos
1976 4506 2210 4567 scriptae.

633 4573 1030 4630 Gallicanorum
1063 4581 1240 4625 autem
1268 4571 1383 4639 ejus
1414 4572 1512 4625 aevi
1544 4570 1851 4638 pontiﬁcum
1894 4571 2097 4626 Sidonii
2125 4574 2209 4641 ju-

631 4645 783 4700 dicio
807 4643 963 4698 facile
990 4642 1245 4713 princeps
1266 4642 1464 4711 Lupus,
1497 4655 1618 4713 cum
1648 4641 1859 4713 caeteris
1884 4641 2066 4709 rebus,
2100 4652 2210 4699 tum

632 4714 938 4772 Britannica
990 4711 1279 4784 legatione,
1320 4720 1378 4767 et
1422 4712 1593 4782 pacati
1632 4711 1837 4766 civibus
1889 4713 2001 4767 suis
2035 4716 2215 4769 Attilae

631 4786 801 4858 gloria
837 4785 1035 4858 clarus.

706 4856 733 4894 δ
777 4856 1076 4910 lnsulanam
1100 4854 1353 4924 angelicae
1374 4853 1803 4924 congregationis
1825 4855 2067 4908 militiam
2083 4856 2216 4911 dixit

636 4927 869 4984 Faustus
898 4926 1146 4981 Reiensis
1181 4926 1407 4994 epistola
1440 4927 1473 4980 5
1501 4925 1566 4977 ad
1600 4926 1894 4988 Ruricium,
1936 4926 2003 4980 de
2036 4928 2214 4981 Lirino

633 4997 822 5053 eadem
871 4997 1117 5063 loquens,
1174 5011 1293 5064 quae
1338 5010 1625 5051 commune
1664 5003 1789 5049 tunc
1818 4999 2210 5051 eratsa‘culum

631 5068 1007 5124 abdicantibus
1052 5068 1408 5136 gymnasium.
1485 5068 1539 5119 ln
1598 5082 1658 5119 ea
1718 5077 1987 5120 versatum
2054 5070 2214 5123 fuisse

632 5139 839 5209 Lupum
897 5153 1001 5193 non
1043 5136 1215 5209 solum
1260 5137 1344 5209 hic
1396 5137 1543 5190 locus
1586 5138 1839 5209 ostendit,
1882 5148 1935 5191 et
1972 5138 2063 5191 lib.
2100 5155 2213 5199 vut,

630 5206 791 5281 epist.
827 5211 914 5281 id,
936 5208 1039 5281 sed,
1060 5206 1354 5281 Eucherius
1379 5221 1591 5281 quaque
1610 5208 1672 5259 ad
1696 5207 1953 5281 pllilarium
1971 5209 2038 5281 d‘c
2061 5210 2213 5264 laude

631 5278 802 5335 eremi
827 5298 839 5333 :
865 5280 993 5333 ch
1021 5278 1217 5343 habuit,
1245 5278 1437 5348 inquit,
1467 5278 1724 5330 reuerendi
1747 5278 1960 5330 nominis
1988 5278 2211 5348 Lupum,

668 5351 721 5403 ui
749 5351 889 5403 nobis
919 5352 1067 5402 illaut
1093 5364 1153 5403 ea:
1176 5348 1308 5401 tribu
1339 5346 1608 5418 Benjamin
1638 5348 1837 5418 Lupum
1860 5350 2031 5401 retulit
2061 5346 2078 5402 ἐ
2107 5346 2212 5403 Iure

668 5367 721 5403 ut
749 5367 889 5403 nouis
919 5367 1067 5402 mam
1093 5367 1153 5403 ex
1176 5367 1308 5401 trwu
1339 5367 1608 5417 Denjamm
1638 5367 1837 5418 Lupum
1860 5367 2031 5401 rerum
2061 5367 2078 5402 :
2107 5367 2209 5403 Iure

631 5367 809 5473 Zabuit
860 5436 1159 5489 germanum
1200 5435 1309 5487 ejus
1345 5417 1690 5485 Vincentium,
1736 5421 1935 5471 interno
1964 5436 2209 5487 gemmam

632 5492 903 5561 splendore
934 5493 1267 5560 perspicuam.
1306 5490 1433 5557 Lupi
1465 5489 1684 5543 fratrem
1713 5489 1840 5541 dicit
1876 5490 2209 5544 Vincentium

632 5564 1029 5631 pre-hyterum,
1076 5561 1362 5615 clarissimi
1414 5562 1648 5613 nominis
1682 5562 2029 5631 scriptorem.
2074 5562 2210 5625 Quin

631 5630 821 5686 horum
854 5632 1185 5699 potissimum
1219 5632 1526 5685 meminisse
1556 5630 1692 5699 apud
1740 5632 1992 5682 lltlarium
2028 5632 2214 5684 Arelas

632 5712 838 5759 tensem
871 5703 1095 5762 videtur,
1153 5704 1292 5771 quod
1348 5702 1535 5755 Hilarii
1587 5715 1827 5755 sororem
1864 5702 2208 5757 Pitucniolam

634 5774 817 5847 Lupus
849 5774 903 5829 in
931 5772 1269 5833 matrimonio
1291 5774 1557 5844 quondam
1591 5774 1867 5829 habuerat.

2242 4962 2293 5021 D

2314 3649 2492 3696 tamen
2524 3657 2790 3711 superque
2820 3640 3202 3712 gaudebimus,
3231 3643 3273 3697 si
3323 3652 3540 3712 precatu
3593 3652 3685 3695 tuo
3717 3641 3895 3695 levare

2313 3732 2585 3787 valeamus
2624 3732 2893 3787 interioris
2923 3733 3155 3788 hominis
3187 3736 3375 3801 nostri,
3425 3742 3480 3787 et
3515 3731 3561 3787 si
3604 3748 3709 3787 non
3753 3731 3895 3786 inte-

2316 3814 2469 3894 grum
2515 3824 2581 3878 ad
2628 3825 3137 3892 remunerationem,
3198 3834 3345 3880 certe
3393 3824 3477 3879 vel
3529 3823 3896 3878 cicatricatum

2317 3924 2497 3985 pectus
2528 3915 2592 3968 ad
2626 3915 2856 3969 veniam.
2910 3914 3117 3970 Memor
3157 3917 3324 3971 nostri
3370 3930 3489 3971 esse
3519 3916 3764 3986 dignare,
3804 3913 3898 3969 do-

2320 4008 2461 4060 mine
2495 4021 2651 4077 papa.
2694 4030 2701 4033 ι

2892 4097 3222 4156 EPISTOLA
3265 4097 3328 4153 11.

2518 4189 2762 4245 Sidonius
2791 4207 2939 4261 papa:
2970 4200 2992 4228 ε
3024 4191 3321 4263 Pragmatio
3346 4207 3438 4246 suo
3466 4192 3702 4247 salutent.

2398 4283 2731 4339 Venerabilis
2781 4281 2799 4321 ί
2856 4284 3110 4354 Eutropia
3157 4292 3435 4352 matrona,
3483 4285 3625 4354 quod
3678 4283 3743 4338 ad
3802 4298 3902 4340 nos

2398 4446 2419 4475 ο
2456 4438 2640 4492 Annos
2661 4436 2755 4494 45.
2788 4437 2990 4504 Quibus
3020 4452 3086 4493 ex
3117 4439 3293 4495 verbis
3322 4437 3608 4494 cardinalis
3638 4437 3903 4493 Baronius

2322 4522 2427 4581 mra
2462 4508 2720 4581 subducta
2761 4509 2961 4577 colligit
2990 4509 3299 4581 Sidonium,
3332 4511 3423 4581 qui
3453 4526 3556 4565 non
3580 4509 3751 4563 multo
3781 4520 3901 4579 post

2326 4579 2605 4651 adeptum
2630 4580 3009 4651 episcopatum
3038 4580 3171 4634 hanc
3209 4579 3489 4651 epistolam
3523 4581 3813 4651 scribebat,
3847 4580 3902 4638 in

2320 4648 2611 4718 episcopali
2641 4649 2892 4703 cathedra
2924 4650 3108 4704 sedere
3131 4648 3356 4719 coepisse
3384 4660 3525 4706 anno
3550 4648 3751 4706 Christi
3771 4651 3900 4704 472.

2323 4718 2373 4775 Is
2401 4720 2544 4773 enim
2572 4719 2704 4788 Lupi
2732 4731 2843 4773 erat
2871 4721 2920 4773 in
2944 4718 3247 4790 episcopatu
3274 4722 3361 4777 45.

2395 4790 2437 4865 ιζ
2463 4790 2519 4865 in
2564 4790 2829 4865 aliquibus
2862 4791 3028 4865 libris,
3063 4790 3320 4865 a‘rrOganti
3351 4802 3397 4845 et
3424 4793 3713 4865 aegrotanti.

2393 4860 2502 4932 64
2539 4870 2567 4932 γε
2605 4860 2764 4927 Cujus
2810 4861 2954 4916 sedis
3003 4861 3159 4916 fuerit
3185 4860 3520 4932 'episcopus,
3560 4879 3669 4917 non
3709 4866 3900 4932 liquet.

2324 4928 2432 4997 Qui
2464 4928 2604 4984 enim
2645 4932 3184 5002 Augusttittttnettscnt
3226 4928 3904 5002 fuisseconjiciunt,'Ett-

2323 4996 2531 5075 pltrOllii
2564 4996 2925 5057 successorem
2956 5004 3043 5073 qui
3073 4996 3310 5057 interfuit
3338 4996 3550 5075 synodo
3572 5003 3903 5075 lipaunensi,

2320 5074 2602 5144 manifesto
2640 5084 2953 5142 argumento
2999 5076 3362 5137 revincuntur,
3414 5075 3557 5144 quod
3597 5074 3902 5129 Eduurunt

2323 5142 2423 5196 hoc
2464 5155 2702 5211 tempore
2741 5144 2961 5198 antistes
3002 5145 3160 5199 fuerit
3190 5142 3535 5205 Euphronius
3563 5161 3577 5199 :
3607 5147 3763 5213 cujus
3808 5159 3905 5198 no-

2321 5228 2442 5267 men
2476 5229 2721 5285 ttttttcunt
2748 5216 3044 5283 Pragmatio
3071 5216 3427 5282 subscriptum
3450 5230 3571 5270 cum
3605 5217 3816 5285 legatur
3847 5216 3906 5267 in

2322 5284 2548 5356 epistola
2582 5283 2760 5337 Fausti
2789 5286 2854 5338 ad
2891 5285 3169 5356 Lucidum,
3198 5287 3440 5355 sequitur
3468 5297 3526 5340 ut
3563 5283 3906 5356 Pragmatius

2322 5354 2408 5406 hic
2434 5354 2677 5407 diversus
2709 5356 2778 5409 sit
2804 5357 2870 5409 ab
2895 5355 3177 5410 [EduensL

2398 5423 2415 5460 ί
2462 5424 2645 5497 Vidua
2685 5426 2958 5490 Arverna,
3008 5426 3161 5495 cujus
3214 5426 3353 5480 filius
3399 5426 3677 5497 Agrippini
3737 5426 3903 5480 filiam

2321 5494 2571 5549 duxerat.
2608 5495 2752 5550 llanc
2791 5500 2951 5550 etiam
2992 5497 3094 5551 levi
3129 5494 3547 5565 coajectura‘S.‘
3584 5498 3905 5564 Eutropiam

2321 5581 2440 5621 esse
2472 5576 2676 5639 putant,
2712 5569 2867 5639 cujus
2892 5583 3085 5622 nomen
3115 5568 3166 5621 in
3197 5568 3637 5639 martyrologium
3670 5568 3905 5622 relatum

2319 5644 2401 5689 cst
2432 5652 2537 5690 xvn
2568 5638 2817 5691 calendas
2841 5638 3108 5692 Octobris.
3154 5638 3539 5692 Liceat’autem
3567 5654 3692 5693 cum
3723 5640 3908 5706 singu-

2318 5706 2446 5760 laris
2485 5710 2725 5779 excmpli
2786 5708 2986 5763 femina
3045 5710 3270 5764 alteram
3325 5723 3689 5779 componere,
3748 5710 3908 5779 cujus

2316 5778 2560 5849 egregias
2606 5780 2863 5851 sexuiquc
2905 5781 3315 5837 decentissimas
3366 5777 3592 5837 virtutes
3645 5777 3915 5851 praedicat
