4140 6336
302 291 395 350 553

1526 278 2007 340 EPISTOLARUM
2047 280 2177 338 LIB.
2220 283 2306 339 VI.

3452 281 3559 338 554

297 408 506 475 spectat,
535 396 816 469 singularis
836 395 1071 468 exempli
1102 395 1243 468 (quae
1288 394 1618 464 parsimonia
1667 402 1722 450 et
1764 394 1863 449 hu-
1890 401 1946 461 Î‘
1970 393 2055 451 nis
2081 395 2354 461 animatis,
2386 409 2560 466 neque
2582 394 2727 452 sitim
2759 395 3083 468 ignorantia
3111 394 3371 451 hactenus
3390 410 3563 453 sacu-

298 493 536 553 manitate
563 491 893 548 certantibus
924 508 939 546 :
972 504 1079 546 non
1105 490 1282 545 minus
1311 502 1371 544 se
1396 486 1617 558 jejuniis
1635 527 1652 556 ,
1703 502 1867 558 quam

298 588 424 647 cibis
450 599 710 658 pauperes
752 583 943 657 pascit,
985 593 1041 640 et
1080 582 1135 639 in
1173 581 1375 638 Christi
1432 580 1579 636 cultu
1620 580 1868 652 pervigil,

297 683 403 741 sola
432 682 482 736 in
513 694 571 736 se
590 678 864 750 compellit
892 685 1108 749 peccata
1135 674 1396 747 dormire)
1427 674 1751 732 maeroribus
1781 690 1871 731 or-

296 774 468 832 bitatis
510 772 832 843 necessitate
870 771 979 827 litis
1014 770 1243 841 adjecta,
1301 770 1355 825 in
1400 768 1700 826 remedium
1746 770 1870 824 mali

298 865 518 936 duplicis
543 864 929 935 perfectionem
961 872 1154 921 vestra
1188 862 1576 919 consolationis
1612 869 1874 935 expetere

297 957 526 1021 festinat,
548 964 824 1026 gratanter
847 955 1129 1024 habitura,
1162 954 1274 1011 sive
1311 952 1452 1010 istud
1494 953 1589 1008 tibi
1638 952 1876 1023 peregri-

297 1050 434 1108 natio
464 1050 659 1116 brevis,
695 1048 791 1105 seu
821 1050 1038 1121 longum
1069 1058 1409 1120 computetur
1424 1047 1683 1103 officium.
1714 1047 1879 1117 Igitur

294 1144 505 1217 prafata
538 1144 863 1200 venerabilis
893 1143 1075 1199 fratris
1100 1144 1207 1199 mei
1240 1158 1381 1198 nunc
1416 1141 1530 1211 jam
1576 1140 1876 1212 presbyteri

296 1233 587 1308 Agrippini,
616 1250 685 1291 ne
714 1236 1032 1305 injuriosum
1060 1235 1130 1291 sit
1160 1234 1361 1289 dixisse
1403 1232 1680 1304 nequitiis,
1732 1239 1879 1288 certe

291 1329 539 1401 fatigatur
565 1329 786 1401 argutiis
808 1347 820 1382 :
845 1329 936 1401 qui
957 1331 1187 1385 abutens
1206 1328 1574 1385 imbecillitate
1596 1335 1880 1395 matrona,

293 1438 395 1480 non
417 1422 636 1479 desistit
661 1422 920 1494 spiritalis
943 1424 1136 1479 anima
1156 1423 1502 1480 serenitatem
1544 1421 1879 1479 saecularium

291 1517 648 1575 versutiarum
686 1516 902 1573 flatibus
949 1516 1270 1572 turbidare:
1323 1517 1408 1573 cui
1449 1515 1566 1583 filii,
1615 1529 1715 1571 nec
1763 1522 1885 1585 post

292 1606 457 1665 multo
479 1608 696 1678 nepotis
723 1607 927 1674 amissi,
960 1607 1078 1662 dua
1097 1607 1297 1678 pariter
1317 1608 1487 1677 plaga
1516 1616 1788 1672 recentes,
1816 1605 1883 1660 ad

293 1700 531 1758 diuturni
566 1701 765 1757 viduvii
795 1699 987 1756 vulnus
1014 1700 1304 1756 adduntur.
1354 1700 1705 1755 Tentavimus
1748 1700 1887 1753 inter

1979 486 2108 541 laris
2145 486 2254 541 ullo
2283 501 2529 557 superna
2563 489 2749 560 rigatis
2790 489 2959 546 imbre
2998 488 3291 555 doctrina;
3325 503 3434 544 non
3461 504 3564 562 ego

1978 586 2156 634 tamen
2199 589 2401 635 tantum
2451 581 2558 637 mei
2611 582 2911 639 meminens
2950 599 3059 641 non
3099 599 3238 647 sum,
3279 591 3393 639 uta
3430 584 3567 640 meis

1977 686 2302 744 prasumam
2341 674 2581 744 partibus
2608 676 2800 746 aquali
2827 676 3124 733 officiorum
3170 678 3324 734 lance
3353 687 3566 734 certan-

1981 764 2126 820 dum.
2150 766 2281 821 Nam
2313 781 2433 822 cum
2463 777 2647 823 nostra
2672 768 3015 825 mediocritas
3044 779 3203 827 atate
3234 770 3381 838 vita,
3425 779 3566 828 tem-

1986 874 2113 929 pore
2144 858 2439 929 dignitatis,
2474 859 2750 930 privilegio
2792 859 2918 928 loci,
2951 862 3109 918 laude
3139 864 3399 931 scientia,
3423 863 3569 920 dono

1983 950 2330 1007 conscientia
2355 960 2546 1006 vestra
2574 951 2729 1007 facile
2749 952 3023 1019 vincatur;
3049 954 3254 1009 nullum
3277 971 3567 1019 meremur,

1980 1045 2027 1101 si
2058 1061 2154 1116 par
2174 1057 2546 1116 exspectamus
2574 1046 2888 1116 alloquium.
2939 1047 3102 1116 Igitur
3125 1064 3232 1102 non
3262 1048 3572 1105 incusantes

1984 1138 2257 1195 silentium
2288 1149 2549 1207 vestrum,
2583 1139 2679 1196 sed
2709 1139 3086 1210 loquacitatem
3123 1151 3360 1197 nostram
3393 1126 3596 1212 potius?

1985 1248 2253 1290 excusare
2291 1234 2559 1302 nitentes,
2608 1234 3052 1290 commendamus
3100 1234 3311 1304 apicum
3352 1236 3574 1305 pertito-

1984 1342 2144 1383 rem:
2196 1328 2348 1399 cujus
2398 1329 2442 1384 si
2487 1328 2972 1399 peregrinationem
3014 1336 3264 1399 prompto
3288 1327 3473 1386 favore
3496 1328 3576 1386 fo-

1986 1422 2177 1489 veatis,
2199 1420 2419 1491 grandis
2446 1422 2601 1494 160
2628 1414 2933 1478 actionibus
2975 1420 3117 1477 illius
3153 1431 3339 1491 portus
3368 1422 3578 1478 securi-

1988 1515 2113 1569 tatis
2150 1514 2412 1585 aperitur.
2461 1514 2745 1585 Negotium
2794 1514 2920 1570 huic
2958 1513 3418 1571 testamentarium
3453 1522 3617 1571 est:-

1989 1604 2158 1661 latent
2173 1620 2295 1661 eum
2317 1606 2654 1677 propriarum
2680 1607 2873 1663 merita
2894 1606 3223 1663 chartarum.
3251 1606 3580 1677 Togatorum

1991 1696 2100 1753 illic
2127 1706 2472 1768 perorantum
2503 1698 2696 1755 merita
2724 1700 2971 1769 peritiam
2997 1700 3286 1756 consulere
3308 1699 3581 1769 perrexit;

294 1802 587 1866 utrumque
637 1808 965 1863 componere
1015 1807 1115 1847 nos
1169 1793 1403 1847 maxime
1444 1792 1636 1862 quibus
1694 1792 1745 1845 in
1795 1805 1889 1846 eos
1919 1795 2090 1862 Bpro
2140 1790 2364 1846 victoria
2411 1800 2839 1863 computaturus,
2894 1794 2938 1849 si
2982 1807 3041 1849 se
3093 1794 3421 1850 intellexerit
3460 1794 3585 1864 jure

290 1900 485 1945 novum
505 1886 605 1956 jus
627 1883 908 1955 professio,
932 1893 1305 1953 vetustumque
1326 1882 1597 1949 faciebant
1613 1882 1885 1950 amicitia,

292 1978 468 2046 aliqua
489 1986 803 2047 censentes,
836 1976 1123 2033 suadentes
1168 1976 1453 2047 quapiam,
1506 1976 1735 2048 plurima
1762 1990 1890 2047 sup-

285 2072 582 2144 plicantes,
615 2070 865 2142 quodque
902 2070 1195 2137 miremini,
1234 2071 1285 2124 in
1322 2084 1541 2125 omnem
1583 2068 1889 2125 concordia

287 2172 485 2219 statum
517 2162 684 2236 159
710 2162 1008 2234 promptius
1036 2176 1067 2215 a
1110 2160 1339 2217 feminea
1390 2170 1541 2232 parte
1591 2160 1889 2217 discessum

285 2262 387 2311 est.
431 2255 503 2310 Et
526 2268 840 2325 quanquam
870 2254 930 2309 se
955 2253 1113 2310 altius
1138 2253 1476 2324 profuturum
1513 2252 1638 2308 filia
1670 2262 1889 2322 paterna

285 2344 516 2418 iactaret
580 2345 974 2417 prarogativa,
1026 2346 1185 2400 nurui
1234 2353 1413 2400 tamen
1471 2345 1644 2415 magis
1692 2344 1892 2415 placuit

286 2438 680 2496 munificentia
708 2436 969 2493 socrualis
1002 2436 1223 2493 oblatio.
1266 2435 1506 2507 Jurgium
1553 2436 1767 2493 interim
1807 2450 1893 2492 se-

285 2532 606 2603 misopitum
631 2531 827 2588 vestris
855 2530 1017 2587 modo
1046 2530 1252 2587 sinibus
1303 2529 1551 2587 infertur.
1604 2529 1893 2587 Pacificatc

286 2634 595 2693 certantes,
625 2634 680 2681 et
708 2625 1027 2695 pontificalis
1066 2623 1389 2682 auctoritate
1428 2639 1672 2681 censura
1698 2639 1891 2696 suspe-

286 2718 390 2775 ctis
420 2718 533 2775 sibi
558 2716 802 2790 partibus
829 2716 1051 2774 indicite
1079 2719 1328 2790 gratiam,
1375 2716 1539 2775 dicite
1585 2720 1889 2775 veritatem.

287 2809 495 2868 Sancta
525 2812 673 2869 enim
698 2810 949 2882 Eutropia
966 2851 981 2878 ,
1005 2810 1051 2866 si
1079 2810 1207 2881 quid
1235 2809 1547 2867 vadimonio
1572 2826 1693 2867 meo
1714 2810 1892 2867 credi-

285 2904 379 2973 tis,
407 2904 705 2963 victoriam
733 2913 1031 2975 computat,
1064 2906 1111 2959 si
1139 2905 1225 2960 vel
1254 2912 1375 2975 post
1413 2903 1613 2960 damna
1649 2918 1755 2959 non
1788 2904 1893 2960 liti-

282 3008 400 3071 get.
457 2997 622 3056 Unde
669 3008 726 3054 et
774 2998 1020 3068 suspicor
1057 2995 1212 3051 vobis
1243 3008 1403 3051 unam
1447 2996 1895 3065 pronuntiandam

1993 1881 2269 1950 superari;
2299 1880 2459 1936 modo
2490 1897 2556 1937 ne
2594 1882 2694 1939 sibi
2724 1884 2944 1954 suisque
2972 1883 3193 1940 desidia
3226 1884 3358 1940 vitio
3387 1898 3583 1956 perpe-

1995 1987 2109 2027 ram
2156 1973 2364 2029 cavisse
2402 1974 2669 2044 culpetur.
2728 1976 2880 2030 llunc
2929 1985 3153 2032 eatenus
3201 1976 3586 2032 commendare

1996 2080 2282 2135 praesumo,
2333 2076 2392 2121 ut
2438 2067 2483 2122 si
2529 2083 2654 2125 eum
2696 2068 2965 2125 instruere
2990 2068 3277 2139 dignanter
3303 2069 3587 2126 advocatio

1997 2158 2238 2213 consulta
2268 2157 2491 2227 fastidit,
2528 2159 2553 2197 Î´
2593 2162 2886 2217 auctoritas
2915 2177 3134 2218 corona:
3182 2173 3285 2219 tua
3328 2164 3587 2220 dissimu-

1997 2250 2233 2309 lantibus
2254 2252 2468 2309 studeat
2503 2253 2771 2311 excudere
2799 2256 3042 2326 responsi
3084 2257 3438 2314 celeritatem.
3471 2257 3585 2315 Me-

1996 2360 2114 2402 mor
2134 2348 2304 2404 nostri
2331 2362 2451 2405 esse
2480 2347 2725 2419 dignare,
2755 2348 2971 2405 domine
2994 2365 3149 2421 papa.

2557 2439 2889 2497 EPISTOLA
2927 2441 3029 2512 ,tv.

2232 2531 2481 2588 Sidonius
2510 2532 2721 2587 domino
2750 2550 2901 2605 papa:
2929 2534 3080 2606 Lupo
3106 2537 3341 2592 salutem.

2068 2624 2272 2680 Prater
2320 2625 2559 2680 officium
2595 2626 2737 2696 quod
2800 2628 3295 2699 incomparabiliter
3331 2630 3589 2687 eminenti

1996 2717 2319 2787 apostolatui
2346 2726 2438 2774 tuo
2463 2718 2582 2776 sine
2612 2720 2720 2777 fine
2743 2719 2993 2789 debetur,
3034 2731 3090 2778 et
3114 2724 3161 2778 si
3190 2724 3392 2795 absque
3421 2726 3590 2782 inter-

1996 2813 2254 2868 missione
2285 2813 2557 2879 solvatur,
2596 2814 2917 2871 cnmmendo
2958 2816 3258 2885 supplicum
3289 2817 3591 2887 bajulorum

1999 2920 2099 2975 pro
2129 2921 2264 2961 nova
2292 2906 2618 2962 necessitate
2647 2915 2915 2962 vetustam
2955 2909 3408 2965 necessitudinem
3444 2926 3458 2963 :
3502 2909 3592 2981 qui

1999 3002 2055 3057 in
2082 3005 2380 3059 Arvernam
2400 3004 2672 3074 regionem
2703 3005 2916 3075 longum
2949 3004 3069 3075 iter,
3120 3005 3205 3062 bis
3232 3008 3431 3078 quippe
3456 3016 3594 3065 tem-

282 3089 521 3148 domum
582 3091 1015 3159 discordiosam,
1074 3090 1204 3147 licet
1278 3090 1563 3147 inveniatis
1612 3100 1895 3163 utramque
2000 3100 2245 3171 poribus,
2303 3101 2531 3166 emensi,
2582 3114 2735 3156 casso
2779 3101 2964 3157 labore
3011 3113 3295 3158 venerunt.
3356 3103 3596 3175 Namque

284 3182 627 3245 discordem.
655 3184 863 3242 Memor
885 3184 1055 3241 nostri
1076 3198 1198 3240 esse
1225 3183 1469 3255 dignare,
1495 3184 1714 3242 domine
1738 3200 1891 3256 papa.
1922 3182 1968 3246 C
2001 3208 2163 3248 uuam
2197 3204 2219 3231 Î¿
2238 3190 2492 3248 feminam
2522 3192 2588 3246 de
2609 3191 2885 3248 affectibus
2914 3193 3045 3259 suis,
3077 3208 3236 3264 quam
3261 3194 3398 3251 forte
3416 3192 3445 3233 ÏƒÎ¹
3462 3194 3596 3252 Var-

871 3278 1209 3335 EPISTOLA
1247 3279 1334 3334 III.

478 3372 733 3431 Sidonius
769 3373 976 3429 domino
1005 3390 1156 3443 papae
1185 3383 1211 3412 Î¹Î¹
1251 3373 1470 3429 Leontio
1503 3375 1740 3431 salutem.

351 3470 489 3528 Etsi
520 3472 681 3528 nullis
726 3471 1027 3527 hortatibus
1060 3469 1353 3540 primordia
1382 3480 1582 3526 nostra
1604 3472 1896 3541 professio-

275 3580 829 3653 epitapbium_quod
870 3582 924 3636 in
973 3588 1157 3653 vetere
1192 3580 1430 3653 S._,Petri
1460 3581 1681 3638 basilica
1708 3582 1896 3639 Roma

276 3649 602 3710 visebatur.
637 3649 735 3708 Est
760 3660 939 3706 autem
979 3649 1282 3720 hujusmodi
1316 3667 1331 3703 :

563 3741 842 3813 Gaetula
895 3742 1296 3800 GAUDENTIA
1346 3743 1412 3797 Î¹Î¹.
1462 3743 1529 3799 r.
1587 3744 1652 3799 IN

564 3815 707 3884 qua
742 3810 913 3884 FUIT
974 3812 1408 3870 INIMITABILIS
1456 3815 1655 3871 casn

564 3882 695 3943 TAS
786 3882 855 3941 Î™Î
956 3884 1362 3941 PROBISSIMA
1468 3886 1653 3941 VERE

562 3955 817 4025 ,{lUNDlA
913 3955 1486 4013 INCOMPARABILIS
1591 3958 1655 4012 IN

524 4038 525 4041 â€œ
566 4027 909 4087 ÎÎŸÎŸÎ•ÎÎ¤Î™Î‘
1038 4027 1407 4082 PERPETUA
1498 4028 1663 4096 QUIE

569 4098 715 4158 SCI'Iâ€™
756 4099 819 4155 IN
854 4098 1032 4153 PACE
1067 4097 1231 4166 QUAE
1282 4098 1469 4153 VIXIT
1500 4101 1658 4155 ANN.

570 4170 755 4228 XVIII.
789 4172 858 4226 Îœ.
891 4169 983 4225 XI.
1020 4170 1081 4225 D.
1116 4168 1255 4224 XXI.
1302 4169 1552 4226 VABIUS
1594 4171 1661 4226 Vl

575 4242 758 4300 UTOR
776 4240 1060 4299 CONJUGI
1083 4240 1144 4295 Î’.
1170 4241 1239 4296 Îœ.
1269 4240 1332 4295 Î™).
1360 4240 1475 4300 XII.
1499 4242 1657 4300 KAL.

575 4313 866 4371 AUGUST.

368 4400 401 4431 Î¹
449 4388 728 4459 Episcopo
755 4384 1081 4459 Arelatensi.
1114 4384 1276 4440 Multa
1304 4387 1719 4459 suntinâ€˜verbis
1750 4386 1903 4445 Sido-

289 4463 372 4521 nii
400 4456 545 4528 quae
573 4457 846 4513 Arelatem
869 4456 1191 4528 designent;
1225 4465 1282 4510 ut
1310 4457 1452 4528 quod
1482 4457 1557 4512 ait
1590 4459 1657 4514 de
1688 4460 1902 4528 privile-

285 4536 384 4608 gio
415 4527 541 4590 loci
570 4537 627 4608 et
651 4529 718 4584 de
749 4530 943 4608 togatis
964 4527 1075 4583 illic
1093 4527 1487 4608 perorantibus.
1507 4530 1903 4608 Arelatensium

283 4598 487 4663 autem
518 4601 843 4673 episcopum
886 4598 972 4655 his
1001 4598 1333 4668 temporibus
1381 4599 1544 4655 fuisse
1597 4601 1901 4667 Leontium,

287 4677 448 4734 nulla
484 4681 582 4731 est
610 4671 892 4729 dubitatio.
930 4669 1040 4742 lIoc
1063 4670 1206 4725 enim
1235 4670 1529 4742 ostendunt
1555 4670 1721 4727 Hilari
1755 4687 1905 4742 papa

2003 3301 2193 3357 gorum
2218 3285 2346 3357 (hoc
2367 3285 2509 3341 enim
2542 3286 2757 3343 nomine
2780 3286 3062 3359 indigenas
3092 3287 3423 3346 latrunculos
3454 3306 3596 3346 nun-

2003 3378 2222 3450 cupant)
2247 3388 2605 3450 superventus
2630 3378 2988 3447 abstraxerat,
3022 3380 3127 3436 isto
3156 3380 3441 3437 deductam
3472 3392 3597 3439 ante

2003 3474 2208 3545 aliquot
2226 3488 2417 3541 annos,
2449 3473 2675 3545 isticque
2702 3473 3041 3542 distractam,
3070 3490 3194 3530 cum
3223 3489 3327 3531 non
3360 3475 3497 3533 falso
3518 3476 3598 3532 in-

2006 3585 2239 3642 circulus
2285 3586 2657 3641 tantummodo
2708 3588 3029 3654 capillorum
3086 3589 3371 3656 emineret,
3426 3590 3599 3648 instar

2008 3671 2243 3727 coronae.
2276 3657 2363 3711 Sic
2386 3659 2530 3711 enim
2562 3658 2818 3712 describit
2841 3656 3133 3727 Gregorius
3170 3657 3373 3713 Turon.
3405 3660 3473 3715 de
3507 3662 3600 3717 Ni-

2008 3729 2149 3783 cetio
2177 3726 2525 3799 Trevirorum
2553 3728 2847 3799 episcOpo:
2888 3726 3251 3797 SINicetius,
3297 3730 3500 3799 inquit,
3539 3734 3603 3787 ab

2011 3809 2127 3871 ortu
2147 3813 2241 3851 suo
2264 3798 2479 3852 clericus
2501 3809 2574 3853 est
2594 3798 2896 3867 designatus
2915 3814 2934 3853 :
2956 3814 3076 3851 nam
3105 3814 3219 3851 cum
3238 3798 3401 3871 partu
3424 3802 3603 3871 fuisset

2012 3869 2207 3942 effusus
2220 3911 2243 3942 ,Î‘
2270 3886 2417 3942 omne
2441 3880 2595 3940 caput
2620 3871 2753 3939 ejus,
2784 3878 2841 3923 ut
2867 3879 2939 3924 est
2966 3869 3277 3942 consuetudo
3306 3869 3602 3942 puerorum,

2012 3959 2044 3995 a
2067 3940 2270 4009 capillis
2300 3941 2494 3993 nudum
2534 3942 2737 4009 quidem
2767 3942 3067 3995 cernebatur
3098 3956 3116 3995 :
3160 3941 3213 3994 in
3238 3942 3459 3998 circuitu
3484 3940 3603 4001 vero

2018 4014 2300 4095 mediarum
2320 4011 2624 4095 capillorum
2640 4014 2781 4095 â€˜ordo
2810 4014 3078 4095 apparuit,
3112 4021 3394 4095 u_t_pt_t_tares
3423 4015 3485 4095 al;
3514 4017 3603 4071 iis-

2020 4085 2134 4137 dem
2162 4099 2403 4137 coronam
2431 4083 2604 4156 clerici
2631 4085 2788 4153 fuisse
2809 4083 3080 4154 signatam.
3112 4083 3307 4156 iHodie
3334 4087 3473 4156 apud
3506 4102 3605 4144 nos

2019 4156 2291 4225 antiquam
2318 4169 2533 4210 corona
2572 4155 2794 4210 formam
2828 4157 2937 4228 65
2959 4156 3063 4211 soli
3101 4155 3213 4228 fere
3238 4155 3489 4228 monachi
3519 4174 3605 4215 re-

2021 4228 2213 4293 tinent,
2243 4234 2295 4281 et
2324 4228 2473 4295 pueri
2504 4228 2715 4282 vocales
2745 4227 3133 4297 sympltoniaci.
3162 4227 3296 4282 Nam
3312 4227 3493 4286 brevis
3514 4230 3606 4287 ille

2019 4298 2167 4352 orbis
2199 4300 2249 4351 in
2278 4299 2477 4353 vertice
2506 4315 2610 4369 quo
2632 4298 2761 4369 clcri
2793 4314 2918 4367 pars
2945 4314 3133 4367 magna
3158 4299 3342 4366 utitur,
3369 4302 3606 4358 insolens

2018 4370 2146 4424 olim
2181 4379 2340 4438 atque
2370 4368 2654 4426 inusitatus
2677 4372 2729 4425 in
2753 4368 2995 4427 Ecclesia
3018 4371 3136 4436 fuit,
3167 4380 3224 4426 ut
3252 4372 3408 4428 docet
3432 4386 3606 4430 canon

2011 4442 2082 4496 4t)
2106 4439 2323 4496 concilii
2354 4456 2403 4493 tv
2435 4440 2702 4497 Toletani.

2047 4522 2110 4637 llc
2272 4511 2474 4595 familia
2528 4514 2901 4583 propinquam.
2955 4513 3209 4569 Paulinus
3261 4523 3447 4572 auctor
3495 4514 3609 4572 Eun

2083 4597 2191 4637 aI'IS
2222 4598 2286 4636 lCl
2318 4601 2331 4634 á¼°

2013 4597 2286 4637 ÎµÏ…Î¸Ï„Î¹Îµá¿‘Î¹ÎµÎ¹
2318 4601 2331 4634 á¼°

2138 4662 2257 4713 Cum
2276 4663 2393 4711 mihi
2417 4663 2561 4725 plena
2578 4665 2749 4712 domus
2772 4665 2894 4713 caris
2910 4663 3167 4714 affectibus
3188 4675 3341 4716 esset.

287 4746 569 4832 epistola:
596 4763 607 4797 :
633 4760 701 4800 ex
714 4744 913 4832 quibus
934 4741 1102 4832 etiam
1128 4742 1384 4832 docemur
1404 4740 1696 4832 â€˜Leoutium
1722 4734 1904 4824 sedem
1935 4741 1984 4801 Î¹)
2012 4734 2081 4790 Î•Î¹
2109 4742 2229 4804 post
2257 4734 2359 4824 alia

288 4812 500 4877 iniisse
532 4830 680 4871 anno
702 4812 828 4879 462,
880 4813 981 4868 hoc
1024 4821 1107 4868 est
1144 4814 1331 4867 decem
1369 4812 1488 4881 plus
1528 4814 1707 4869 minus
1750 4814 1908 4869 annis

289 4902 428 4948 ante
460 4888 778 4946 Sidonium.
820 4884 1068 4955 Synodus
1099 4891 1367 4955 praeterea
1387 4884 1719 4955 Arelatensis
1754 4885 1909 4954 cujus

289 4961 572 5021 meminit
622 4952 878 5021 Faustus,
921 4954 1008 5011 cui
1052 4952 1269 5024 praefuit
1318 4952 1461 5009 idem
1498 4954 1758 5011 Leontius
1790 4952 1911 5011 :'et

287 5033 522 5091 Ruricii
554 5028 813 5100 epist._l5
838 5026 907 5083 ad
938 5025 1212 5100 Eoniurn,
1270 5024 1324 5079 in
1347 5041 1486 5100 _qua_
1519 5026 1744 5100 Leontio
1786 5038 1913 5082 tunc

290 5106 413 5161 vita
448 5095 651 5159 functo
677 5098 929 5155 Eonium
960 5095 1286 5153 successisse
1315 5097 1602 5168 significat.
1659 5096 1915 5154 Leontius

292 5172 719 5245 Forojuliepsis
748 5172 814 5245 de
843 5185 950 5245 quo
978 5170 1059 5245 vir
1080 5169 1270 5245 doctus
1299 5168 1602 5245 suspicatur
1620 5214 1635 5241 ,
1689 5170 1915 5227 Sidonio

294 5241 569 5305 anterior
598 5241 718 5309 fuit,
760 5241 1167 5312 Burdegalensis
1196 5243 1483 5310 posterior.

372 5318 405 5358 Î´
455 5314 746 5373 Enuodius
783 5313 1106 5384 Symmacho
1146 5327 1295 5383 papa
1325 5312 1532 5379 lib..tv,
1583 5312 1745 5383 epist.
1794 5312 1865 5368 2â€˜2
1900 5330 1913 5364 Ï„

296 5388 506 5458 Erigat
536 5386 778 5457 parvulos
800 5384 1076 5458 implorata
1097 5398 1299 5458 corona:
1324 5386 1814 5458 uestrw_miseratio.
1861 5384 1917 5439 ld

297 5454 738 5519 est-auctoritas
780 5464 888 5523 tua,
941 5455 1213 5511 miseratio
1258 5466 1457 5509 vestra.
1514 5454 1580 5509 Ut
1628 5470 1917 5525 purpuram

298 5530 603 5591 interdum
630 5543 728 5600 pro
753 5525 995 5600 principe
1015 5526 1373 5600 dicimus,_s_ic
1391 5540 1649 5600 coronam
1680 5542 1777 5600 pro
1796 5527 1918 5600 cle-

286 5606 432 5661 rico
462 5622 477 5658 :
517 5595 645 5671 quia
672 5595 787 5654 hac
816 5595 1022 5671 insigne
1051 5608 1134 5671 est
1156 5595 1359 5671 clerici,
1413 5604 1473 5671 ut
1525 5595 1611 5649 illa
1640 5598 1915 5667 principis.

306 5665 666 5746 Augustinus
696 5665 1013 5746 Proculiano
1041 5670 1201 5746 epist.
1237 5666 1335 5721 M7
1366 5684 1377 5717 :
1413 5665 1515 5720 Per
1548 5682 1789 5722 coronam
1815 5665 1918 5723 Vno-

302 5742 489 5801 sti-5m
531 5760 623 5799 nos
665 5742 911 5812 adjurant
937 5743 1129 5795 vestri:
1169 5755 1258 5812 per
1308 5753 1552 5812 coronant
1592 5749 1807 5812 vestram
1833 5757 1917 5794 vos

305 5819 586 5891 adjurant
614 5808 795 5869 nostri.
835 5812 1078 5868 Tonsura
1107 5808 1375 5871 clericalis
1394 5809 1467 5867 ita
1497 5808 1626 5869 olim
1655 5811 1839 5888 fiebat,
1860 5820 1920 5868 ut

622 5936 896 6000 Panos.
940 5929 1136 6000 LVIII

2254 4813 2353 4874 jam
2375 4813 2558 4862 dudum
2578 4815 2766 4862 cunctis
2789 4812 3045 4877 affectibus
3070 4825 3255 4877 expers

2136 4876 2301 4924 Prima
2319 4888 2459 4924 socru
2487 4887 2544 4923 ac
2566 4883 2744 4935 matre,
2770 4875 2950 4924 dehinc
2974 4885 3025 4926 et
3050 4875 3260 4940 conjuge
3281 4877 3459 4929 functa.

2085 4955 2110 4995 á½±
2153 4956 2409 5013 Sidonius
2437 4956 2552 5025 ipse
2583 4957 2966 5025 interpretatur
3016 4957 3295 5027 indigenas
3334 4960 3609 5014 latruncu-

2017 5029 2120 5085 los.
2168 5028 2393 5097 Proprie
2446 5036 2619 5083 tamen
2667 5027 2821 5099 Vargi
2869 5029 3184 5083 dicebantur
3228 5040 3495 5096 extorres,
3555 5042 3610 5090 et

2020 5100 2190 5172 patria
2229 5099 2435 5172 expulsi
2476 5115 2490 5153 :
2536 5109 2593 5154 ut
2622 5100 2675 5154 in
2704 5100 2823 5169 lege
2850 5099 3200 5172 Ripuaria87
3251 5111 3307 5156 et
3352 5104 3403 5157 in
3434 5102 3609 5161 Salica

2022 5170 2091 5245 57
2118 5190 2130 5224 :
2163 5172 2223 5245 Si
2251 5171 2364 5241 quis
2388 5187 2571 5245 corpus
2591 5173 2707 5245 jam
2731 5172 2987 5239 sepultum
3010 5170 3315 5245 â€˜exfodiert't,
3342 5184 3387 5227 et
3426 5190 3611 5245 exspo-

2023 5242 2243 5317 liaverit,
2276 5258 2477 5314 wargus
2517 5243 2615 5317 sit,
2643 5243 2737 5295 hoc
2760 5252 2834 5317 est
2854 5243 3103 5317 expulsus
3133 5244 3196 5297 de
3235 5248 3405 5317 eodem
3452 5242 3606 5317 pago.

2023 5314 2286 5370 Nimirum
2312 5313 2651 5382 exâ€™prufugis
2675 5313 2950 5368 exsulibus
2981 5314 3246 5382 indigena
3279 5315 3414 5370 fiunt
3446 5313 3611 5372 latio-

2024 5402 2143 5442 nes.
2196 5386 2312 5441 Non
2362 5385 2612 5441 dissimili
2663 5398 2825 5439 sensu
2875 5384 3162 5454 aliquando
3209 5386 3337 5441 dicti
3389 5396 3515 5441 sunt
3558 5400 3615 5446 et

2024 5458 2305 5528 Bagauda.
2366 5457 2615 5511 Aurelius
2664 5455 2849 5510 Victor
2902 5456 2954 5509 in
2999 5456 3373 5528 Diocletiano:
3425 5458 3613 5515 Excila

2025 5526 2182 5583 manu
2212 5528 2486 5599 agrestium
2515 5544 2577 5581 ac
2606 5527 2883 5599 latronum,
2940 5543 3067 5599 quos
3113 5526 3391 5599 Bagaudas
3430 5530 3613 5586 incola:

2027 5597 2390 5655 vocannltem
2427 5598 2696 5661 Scamari,
2747 5597 2920 5664 legum
2952 5597 3423 5668 Longoba'rdarum
3456 5602 3612 5658 titulo

2031 5676 2053 5727 l
2089 5673 2229 5741 apud
2257 5670 2583 5741 Jornandem
2618 5670 2669 5723 in
2701 5668 2920 5723 Geticis.
2981 5669 3267 5741 Eugippius
3305 5670 3360 5725 in
3397 5670 3520 5726 Vita
3549 5674 3588 5730 S

2027 5738 2270 5823 Severini
2291 5740 2451 5823 rlstri
2483 5744 2673 5810 ï¬‚uenta
2685 5749 3058 5823 â€˜prtctâ€˜ermcans
3072 5738 3300 5823 latrones
3302 5738 3606 5823 .propcranz

2027 5822 2102 5869 ter
2125 5815 2427 5882 insequitur,
2458 5830 2585 5883 quos
2611 5813 2791 5882 vulgus
2812 5812 3087 5868 Scumaros
3120 5812 3437 5884 amtcllt'tbat.

3025 5904 3102 5969 18
