4140 6336
582 363 691 422 555
1856 357 2095 413 SlDONll
2136 350 2575 413 APOLLINARlS
3744 349 3842 415 εει

581 480 720 535 dicio
760 475 1170 545 comperissent,
1214 474 1378 530 certis
1426 472 1640 543 quidem
1679 472 1867 542 signis,
1914 472 2009 526 sed
2057 488 2161 527 non
2190 478 2241 535 Α
2269 477 2436 538 ceret,
2467 477 2526 524 ut
2548 467 2756 539 gladius
2786 465 3079 538 impolitus,
3122 465 3189 522 de
3229 479 3375 522 cura
3402 466 3625 523 raritate
3649 465 3840 541 rubigi-

518 598 545 649 n}
580 571 886 626 recentibus
930 567 1257 639 inquisivere
1294 566 1550 637 vestigiis.
1606 567 1775 635 Atque
1827 564 2000 620 obiter
2046 564 2161 620 haec

539 657 542 661 ’
582 661 767 717 eadem
799 660 1085 722 laboriosa,
1116 659 1417 727 priusquam
1452 658 1485 711 ii
1517 656 1785 723 adessent,
1837 656 1886 709 in
1918 655 2159 724 negmia-

582 754 713 810 toris
741 753 909 809 nostri
942 751 1102 807 domo
1132 753 1503 820 dominioque;
1547 750 1717 821 palam
1768 765 1896 803 sane
1941 764 2160 804 venum-

581 846 701 901 data
731 845 1071 912 defungitur;
1129 844 1279 914 161
1313 843 1544 913 quodam
1584 841 1852 895 Prudente
1888 840 2012 911 (hoc
2042 840 2161 895 viro

579 953 800 1001 nomen,
830 952 987 1007 quem
1023 951 1163 989 nunc
1179 935 1511 989 Tricassibus
1532 934 1724 1002 degere
1749 933 1883 987 fama
1906 930 2159 1004 divulgat)

578 1031 883 1099 ignotorum
917 1031 1069 1084 nobis
1102 1028 1374 1082 hominum
1416 1026 1751 1081 collaudante
1785 1034 2157 1090 contractum;

581 1127 735 1193 cujus
769 1124 1092 1191 subscriptio
1128 1123 1263 1175 intra
1301 1121 1578 1174 formulam
1626 1119 2005 1185 nundinarum,
2048 1129 2162 1173 tan-

580 1234 741 1287 quam
794 1217 969 1271 idonei
1025 1215 1417 1283 aStipnlatoris,
1469 1214 1787 1266 ostenditur.
1859 1213 2163 1267 Auctoritas

580 1324 847 1381 personm,
901 1308 1269 1376 opportunitas
1305 1307 1603 1373 praesentiae
1634 1317 1735 1358 tum
1756 1348 1768 1371 ,
1818 1304 1953 1359 inter
1982 1319 2160 1359 coram

580 1404 789 1473 positos
833 1400 986 1453 l'aclc
1026 1400 1242 1461 valebit,
1289 1398 1332 1450 si
1389 1396 1711 1466 dignabitur,
1756 1397 1947 1449 seriem
2001 1394 2163 1450 totius

504 1550 515 1561 ,
580 1494 837 1563 indagare
858 1493 1146 1547 violentiae.
1171 1491 1299 1558 Qua:
1331 1489 1470 1559 quod
1495 1492 1705 1559 gravius
1736 1500 1838 1555 est,
1874 1506 1937 1543 eo
1962 1490 2165 1545 facino-

580 1587 656 1641 ris
687 1585 934 1647 acccssit,
966 1592 1220 1652 quantum
1248 1583 1563 1651 portitorum
1594 1580 1752 1635 datur
1782 1595 1941 1636 nosse
1965 1596 2167 1636 memo-

582 1688 724 1742 ratu,
761 1688 817 1732 nt
838 1678 995 1732 etiam
1030 1677 1082 1731 in
1106 1676 1198 1731 illo
1226 1675 1507 1730 latrocinio
1538 1675 1822 1745 quemdam
1853 1675 1919 1730 de
1944 1691 2165 1733 numero

583 1772 819 1827 viantum
850 1778 1061 1826 constet
1091 1770 1430 1825 exstinctum.
1474 1768 1577 1824 Sed
1610 1770 1731 1839 quia
1772 1769 1956 1838 judicii
2003 1771 2164 1825 vistri
2194 1822 2199 1827 ,

585 1866 903 1921 medicinam
946 1873 1243 1933 expetunt,
1295 1836 1707 1932 civilitatemque
1762 1836 1848 1931 qui
1892 1864 2163 1933 negotium
2198 1836 2243 1896 Β

585 1956 866 2014 criminale
908 1956 1243 2027 parturiunt;
1290 1965 1613 2022 vestrarum,
1660 1955 1703 2009 si
1756 1955 1889 2010 bene
1948 1958 2161 2021 metior,

582 2050 814 2121 partium
856 2049 1052 2118 pariter
1080 2058 1134 2103 et
1157 2062 1362 2102 morum
1399 2057 1509 2111 est,
1554 2048 1726 2116 aliqua
1751 2046 1988 2102 indemni
2018 2063 2166 2101 com-

580 2145 847 2215 positione
872 2144 1096 2197 istorum
1122 2140 1312 2204 dolori,
1346 2139 1555 2192 illorum
1580 2139 2163 2207 periculo'subvenire;

582 2245 637 2291 et
666 2234 894 2305 quodam
935 2233 1162 2287 salubris
1212 2230 1491 2286 sententiae
1544 2238 1987 2299 temperamento,
2032 2230 2168 2285 hanc

582 2336 787 2398 partem
820 2326 995 2379 minus
1018 2324 1295 2391 afflictam,
1326 2322 1470 2376 illam
1495 2322 1671 2377 minus
1702 2338 1871 2392 ream,
1897 2330 1950 2378 et
1972 2333 2169 2380 utram-

580 2436 699 2489 que.
716 2419 835 2489 plus
868 2418 1045 2472 lacere
1066 2431 1351 2471 securam:
1404 2430 1473 2470 ne
1516 2415 1678 2485 jnrgii
1721 2426 1913 2485 status,
1957 2428 2015 2473 ut
2048 2433 2170 2473 sese

582 2514 692 2568 fert
731 2511 987 2581 temporis
1032 2511 1239 2580 locique
1291 2509 1551 2574 civilitas,
1609 2509 1769 2565 talem
1820 2511 2060 2566 discedat
2104 2512 2169 2565 ad

587 2604 895 2669 terminum,
920 2603 1133 2674 qualem
1162 2601 1325 2671 cmpit
1354 2600 1550 2656 habere
1601 2600 1942 2672 principium.
1972 2602 2172 2659 Memor

584 2692 753 2753 nostri
785 2711 905 2752 esse
933 2696 1177 2765 dignare,
1203 2693 1420 2749 domine
1450 2708 1607 2764 papa.
1734 2682 1739 2691 ’

1155 2785 1487 2841 EPISTULA
1545 2785 1608 2840 V.

726 2881 976 2935 Sidonius
1001 2880 1210 2933 domino
1232 2895 1382 2950 papte
1411 2888 1436 2915 ⁸
1456 2877 1761 2948 TheOplasto
1791 2879 2028 2934 salutem.

651 2974 876 3030 Causam
910 2990 1081 3029 meam
1113 2974 1359 3029 nesciens
1386 2973 1518 3044 agit,
1548 2975 1639 3044 qui
1668 2973 1733 3027 ad
1767 2989 1860 3028 vos
1900 2990 1929 3028 a
1960 2990 2045 3029 me
2087 2976 2174 3030 lit-

578 3073 721 3123 teras
743 3068 941 3136 pertat.
979 3066 1109 3120 Nam
1141 3064 1267 3119 dum
1301 3066 1463 3120 votivi
1496 3066 1624 3135 mihi
1657 3066 1713 3118 fit
1734 3066 1951 3134 gerulus
1978 3082 2175 3137 oppor-

574 3150 741 3214 tunus
769 3158 954 3224 ofﬁcii,
984 3157 1311 3212 beneficium
1346 3168 1593 3226 prmstat,
1624 3158 1765 3227 quod
1792 3173 1849 3213 se
1878 3159 2170 3215 arbitratur

580 3252 865 3320 accipere:
902 3252 1060 3305 sicuti
1103 3265 1247 3305 nunc
1300 3251 1628 3306 venerabilis
1685 3252 1965 3320 Donidius,
2009 3256 2163 3328 162

578 3344 771 3415 dignus
801 3345 943 3409 inter
973 3344 1399 3415 spectatissimos
1427 3360 1668 3415 quosque
1697 3349 1989 3415 numerari,
2014 3348 2165 3417 cujus

577 3438 830 3495 clientem
878 3453 1182 3509 puerosque
1223 3440 1565 3505 commendo,
1614 3439 1905 3509 profectos,
1961 3456 2055 3497 seu
2111 3444 2163 3497 in

577 3528 791 3604 patroni
817 3533 1216 3599 necessitatem,
1247 3548 1342 3588 seu
1374 3534 1424 3587 in
1462 3532 1687 3587 domini.
1718 3533 1981 3591 Laborem
2011 3553 2165 3605 pere-

570 3626 925 3696 grinantium,
959 3638 1061 3696 qua
1096 3626 1319 3695 potestis
1359 3639 1486 3694 0pc,
1517 3625 1867 3693 humanitate,
1899 3627 2163 3683 interces-

574 3712 729 3773 Sione
762 3718 1006 3772 tutamini
1035 3736 1045 3769 :
1093 3732 1157 3773 ac
1183 3717 1227 3772 si
1261 3718 1313 3771 in
1342 3717 1521 3787 aliquo
1550 3717 1752 3772 anticus
1797 3721 1909 3788 ipse
1941 3735 2035 3787 per
2061 3721 2160 3775 im-

572 3811 822 3880 peritiam
854 3811 1257 3882 novitatemque
1286 3810 1517 3880 publica:
1557 3814 1983 3868 conversationis
2014 3814 2161 3869 vide-

574 3902 721 3957 bitur
752 3904 929 3958 minns
986 3905 1197 3971 efﬁcax,
1232 3919 1328 3959 vos
1387 3905 1489 3959 hoc
1536 3904 1708 3973 potius
1756 3906 1999 3974 aspicite,
2031 3908 2158 3977 quid

576 3994 814 4050 absentis
832 4010 1014 4062 causa,
1034 4013 1137 4050 non
1162 3997 1288 4066 quid
1314 3997 1594 4066 praesentis
1620 4012 1845 4065 persona
1871 4009 2159 4056 mereatur.

577 4083 785 4143 Memor
813 4086 983 4140 nostri
1009 4101 1128 4141 esse
1153 4087 1392 4156 dignare,
1424 4086 1643 4142 domine
1671 4102 1824 4157 papa.

1149 4176 1475 4230 EPIS'I’OLA
1516 4177 1603 4230 VI.

760 4269 1004 4324 Sidonius
1027 4270 1231 4322 domino
1257 4285 1403 4339 papa:
1432 4268 1459 4307 δ
1488 4268 1735 4339 Eutropio
1757 4271 1991 4326 salutem.

552 4358 557 4379 '
653 4363 935 4432 Postquam
968 4360 1300 4429 foedifragam
1341 4372 1557 4429 gentem
1605 4362 1810 4418 redisse
1844 4364 1894 4418 in
1920 4380 2045 4421 suas
2077 4382 2161 4424 se-

579 4453 676 4510 des
696 4455 955 4522 comperi,
1008 4470 1179 4523 neque
1207 4453 1494 4524 quidquam
1543 4455 1807 4528 viantibus
1852 4459 2160 4516 insidiarum

578 4554 799 4617 parare;
827 4545 973 4601 nefas
996 4545 1198 4600 credidi
1223 4547 1445 4601 ulterius
1473 4547 1773 4603 officiorum
1804 4550 2019 4607 differre
2047 4567 2163 4609 ser-

2264 578 2408 620 nem.
2443 560 2598 618 Unde
2626 560 2792 617 misso
2822 560 2877 616 in
2916 560 3020 616 hoc
3047 559 3223 615 solum
3252 560 3454 630 negotii
3483 559 3676 631 gerulo
3699 558 3843 616 litte-

2265 671 2468 724 rarum,
2497 670 2657 727 quam
2688 654 2845 711 vobis
2890 655 2962 710 sit
3000 652 3302 724 corpusculi
3350 661 3523 709 status
3574 651 3631 707 in
3652 650 3845 720 solido,

2265 765 2492 822 quamve
2519 764 2586 807 ex
2616 749 2782 805 animi
2807 746 3070 806 sententia
3097 762 3187 805 res
3215 755 3458 819 agantur,
3479 745 3742 803 sollicitus
3770 745 3848 801 in-

2264 844 2420 915 quiro
2446 863 2459 897 :
2494 858 2722 914 sperans
2749 857 2819 899 ne
2847 842 3017 900 semel
3039 841 3173 897 mihi
3198 855 3350 897 amor
3378 848 3559 896 vester
3588 838 3850 905 indultus,

2266 947 2357 994 aut
2376 937 2642 1007 interiecti
2663 937 2871 994 itineris
2894 935 3249 1008 longitudine,
3280 942 3373 990 aut
3417 932 3675 990 absentize
3706 945 3851 987 com-

2266 1036 2445 1092 munis
2464 1034 2812 1091 diuturnitate
2839 1041 3126 1091 tenuetur:
3159 1026 3282 1103 quia
3314 1031 3524 1087 bonitas
3558 1027 3855 1085 conditoris

2267 1129 2651 1185 habitationem
2680 1128 2861 1200 potius
2893 1128 3171 1184 hominum
3207 1140 3367 1197 quam
3414 1124 3694 1180 caritatem
3728 1123 3855 1177 fina-

2268 1221 2407 1277 libus
2435 1221 2640 1279 claudit
2687 1222 2970 1292 angustiis.
3020 1223 3207 1277 Restat
3250 1227 3311 1276 ut
3353 1227 3530 1275 vestra
3577 1215 3856 1274 beatitudo

2267 1312 2659 1382 compunctorii
2708 1311 3024 1369 salubritate
3071 1311 3338 1369 sermonis
3386 1311 3593 1366 avidam
3656 1316 3858 1366 nostra:

2266 1405 2583 1476 ignorantia:
2603 1414 2787 1473 pascat
2814 1405 3069 1461 esuriem.
3103 1405 3196 1463 Est
3215 1404 3358 1460 enim
3385 1403 3481 1459 tibi
3522 1402 3685 1457 nimis
3712 1400 3856 1471 usui,

2268 1499 2815 1557 utexbortationibus
2845 1500 2950 1556 tuis
2988 1499 3261 1555 interioris
3296 1494 3451 1570 163
3485 1496 3718 1551 hominis
3748 1510 3861 1550 ma-

2268 1594 2407 1649 ciem
2434 1607 2812 1666 szepenumero
2833 1592 3091 1664 mysticus
3120 1591 3285 1661 adeps
3313 1598 3369 1645 et
3396 1588 3654 1669 spiritalis
3671 1588 3858 1644 arvina

2268 1686 2562 1744 distendat.
2594 1688 2800 1744 Memor
2830 1686 3001 1741 nostri
3027 1700 3149 1741 esse
3174 1685 3415 1754 dignare,
3455 1684 3672 1739 domine
3694 1697 3853 1754 papa.

2823 1779 3154 1835 EPISTULA
3195 1776 3306 1833 VII.

2451 1879 2697 1935 Sidonius
2723 1878 2931 1932 domino
2959 1891 3107 1947 papa:
3138 1886 3161 1913 ε
3192 1872 3411 1928 Fonteio
3437 1875 3673 1928 salutem.

2342 1973 2399 2027 Si
2425 1971 2627 2042 aliquid
2657 1970 2723 2026 ad
2770 1969 3123 2026 inchoandam
3154 1968 3381 2039 gratiam
3430 1963 3737 2036 compendii
3769 1968 3864 2036 po-

2268 2066 2432 2120 steris
2464 2064 2663 2118 tribuat
2694 2062 3034 2119 necessitudo
3091 2061 3364 2131 praemissa
3420 2060 3718 2126 seniorum,
3766 2074 3864 2130 ego

2270 2171 2484 2229 quoque
2527 2156 2594 2211 ad
2624 2156 2956 2227 apostolatus
2987 2154 3061 2209 tui
3102 2153 3344 2229 notitiam
3404 2152 3701 2221 pleniorem
3743 2166 3862 2206 eum

2271 2226 2623 2322 praerogativa
2674 2249 2986 2304 domesticae
3031 2226 3412 2300 familiaritatis
3451 2244 3674 2300 accedo.
3730 2243 3863 2301 Nam

2272 2344 2351 2401 sic
2377 2353 2429 2399 te
2461 2342 2678 2397 familia:
2706 2356 2843 2397 mea:
2866 2339 3254 2395 validissimum
3304 2338 3357 2392 in
3408 2337 3625 2393 Christo
3654 2353 3867 2408 semper

2273 2444 2557 2505 patronum
2607 2433 2772 2488 fuisse
2819 2432 3157 2497 reminiscor,
3188 2440 3246 2484 ut
3287 2429 3553 2485 amicitias
3597 2438 3718 2485 tuas
3761 2446 3866 2485 non

2275 2535 2386 2581 tam
2416 2526 2749 2596 expetendas
2780 2524 2912 2579 mihi
2953 2539 3113 2594 quam
3148 2521 3473 2593 repetendas
3523 2530 3725 2590 putem.
3776 2521 3869 2577 His

2275 2620 2546 2690 adjicitur,
2572 2618 2712 2688 quod
2756 2616 3131 2687 indignissimo
3159 2614 3289 2669 mihi
3336 2614 3649 2684 impositum
3689 2629 3869 2670 sacer-

2275 2713 2471 2769 dotalis
2501 2726 2697 2766 nomen
2724 2710 2885 2764 officli
2934 2708 3223 2778 confugere
3274 2722 3362 2763 me
3412 2708 3478 2761 ad
3528 2722 3753 2778 precum
3781 2723 3869 2764 ve-

2275 2816 2513 2863 strarum
2535 2804 2784 2877 praesidia
2810 2803 3126 2874 compellit:
3161 2812 3221 2858 ut
3246 2800 3424 2858 adhuc
3456 2801 3721 2858 ulcerosa:
3746 2816 3869 2857 con-
3897 2848 3901 2850 γ

2276 2902 2517 2958 scientiae
2546 2900 2707 2956 nimis
2736 2898 2913 2954 hiulca
2945 2898 3167 2953 vulnera
3208 2906 3389 2953 vestro
3437 2884 3629 2952 saltem
3659 2896 3870 2962 cicatri-

2276 3004 2468 3051 centur
2495 3004 2668 3049 oratu.
2704 2984 3043 3063 Quapropter
3063 3006 3154 3046 nte
3178 3004 3435 3061 meosque
3458 2989 3868 3058 commendans,

2277 3095 2335 3143 et
2363 3101 2630 3142 excusans
2662 3084 2869 3140 litteras
2913 3082 3170 3149 seriores,
3213 3079 3492 3151 granditer
3520 3080 3769 3146 obsecro,
3822 3088 3871 3135 ut

2280 3178 2669 3235 intercessione
2692 3185 2949 3232 consueta
2976 3172 3131 3245 cujus
3144 3173 3348 3228 viribus
3372 3172 3607 3228 immane
3629 3171 3868 3242 polletis,

2275 3269 2537 3326 clericalis
2577 3269 2810 3324 tirocinii
2835 3268 2887 3321 in
2924 3267 3077 3323 nobis
3098 3264 3366 3336 reptantia
3393 3264 3690 3321 rudimenta
3721 3274 3871 3320 tuea—

2273 3361 2405 3417 mini
2438 3379 2452 3415 :
2483 3369 2541 3415 ut
2578 3360 2624 3415 si
2652 3360 2772 3431 inid
2795 3359 3101 3431 dignabitur
3128 3360 3194 3413 de
3235 3373 3445 3413 morum
3478 3357 3729 3426 pravitate
3763 3374 3867 3413 no-

2271 3466 2508 3511 atrorum
2536 3454 2885 3510 immutabilis
2910 3454 3002 3511 Dei
3034 3462 3244 3509 mutare
3272 3454 3577 3519 clementia,
3604 3460 3772 3508 totum
3807 3452 3860 3506 id

2271 3544 2648 3617 suffragiorum
2671 3555 2973 3601 vestrorum
2997 3546 3298 3617 patrocinio
3320 3546 3637 3602 debeamus.
3659 3544 3866 3601 Memor

2273 3624 2451 3696 nostri
2472 3654 2594 3695 esse
2626 3640 2870 3710 dignare,
2901 3640 3120 3695 domine
3151 3654 3307 3710 papa.

2720 3733 2877 3806 164Ι
2917 3733 3248 3790 EPISTOLA
3289 3734 3424 3790 VIII.

2451 3824 2702 3881 Sidonius
2728 3825 2935 3878 domino
2965 3842 3114 3897 papa:
3150 3823 3176 3861 ά
3217 3824 3397 3880 Grazco
3451 3827 3688 3880 salutem.

2340 3916 2568 3987 Apicum
2612 3916 2821 3971 oblator
2865 3931 3154 3985 pauperem
3210 3918 3373 3971 vitam
3422 3917 3535 3972 sola
3594 3915 3868 3971 mercandt

2269 4008 2481 4065 actione
2508 4016 2803 4065 sustentat:
2837 4022 2944 4063 non
2967 4008 3043 4063 illi
3071 4018 3153 4063 est
3182 4008 3453 4079 opificium
3487 4008 3740 4080 quaestui,
3770 4009 3869 4065 mi-

2269 4101 2386 4157 litia
2416 4100 2723 4167 commodo,
2754 4099 2962 4155 cultura
2995 4099 3313 4171 compendio
3344 4117 3357 4155 :
3389 4101 3490 4181 hoc
3520 4100 3697 4170 ipsum
3726 4099 3866 4171 quod

2274 4194 2626 4251 mercenariis
2686 4193 3159 4263 prosecutionibus
3197 4204 3251 4249 et
3284 4192 3514 4249 locatitia
3556 4192 3869 4261 fatigatione

2274 4284 2642 4356 cognoscitur,
2674 4285 2816 4340 fama
2846 4286 3060 4355 quidem
3092 4300 3207 4348 sua,
3264 4286 3356 4340 sed
3399 4285 3629 4339 facultas
3672 4286 3871 4340 crescit

2274 4378 2470 4433 aliena.
2502 4378 2610 4434 Sed
2640 4388 2816 4434 tamen
2843 4379 3096 4448 quoniam
3130 4377 3208 4433 illi
3238 4376 3369 4432 fides
3386 4391 3578 4447 magna
3610 4385 3715 4440 est,
3741 4387 3794 4431 et
3825 4376 3872 4431 si

2274 4486 2442 4541 parva
2473 4470 2791 4534 substantia,
2821 4471 3034 4541 quoties
3072 4485 3192 4525 cum
3224 4469 3465 4539 pecuniis
3491 4468 3872 4537 quorumpiam

2276 4566 2301 4596 ⁶
2333 4560 2528 4630 catapli
2551 4561 2786 4616 recentis
2833 4560 3099 4615 nundinas
3134 4561 3265 4626 adit,
3312 4559 3678 4615 creditoribus
3733 4558 3873 4615 bene

578 4653 817 4707 nionem,
850 4656 915 4695 ne
945 4651 1124 4695 VCSICI‘
1160 4639 1385 4695 affectus
1421 4640 1705 4708 quamdam
1738 4643 1870 4698 VIIIO
1919 4659 2040 4699 meo
2070 4647 2171 4702 du-
2197 4636 2255 4697 Ι)
2276 4653 2514 4709 credulis
2543 4653 2657 4707 sola
2706 4653 2927 4722 deponit,
2982 4667 3195 4708 morum
3239 4653 3612 4723 experimenta
3662 4667 3760 4723 pro
3789 4652 3873 4724 ‘pi-

652 4817 677 4844 ι
701 4806 869 4877 Hujus
900 4821 1092 4879 nomen
1124 4807 1261 4862 inter
1291 4806 1570 4879 episcopos
1595 4808 1686 4878 qui
1726 4809 1933 4879 synodo
1962 4812 2157 4868 Arela-

579 4879 838 4939 tensi,.de
867 4893 968 4946 qua
994 4877 1244 4941 Faustus,
1275 4877 1660 4946 subscripsere.

651 4946 678 4986 δ
713 4948 803 5023 Ad,
823 4948 1133 5023 liunc__inter
1155 4948 1288 5002 alios
1309 4947 1496 5003 Gallia:
1526 4950 1809 5023 episcopos
1840 4954 2034 5023 scripta
2064 4969 2162 5010 ex-

578 5018 933 5086 statepistola
961 5018 1124 5072 llilari
1163 5034 1310 5087 papae
1356 5035 1496 5073 anno
1546 5020 1669 5074 464.
1725 5018 1969 5077 Interfuit
1999 5026 2159 5079 etiam

579 5090 786 5164 synodo
842 5089 1144 5164 Arelatensi
1194 5089 1590 5158 suprascripta.
1645 5090 1780 5147 Sunt
1830 5096 1923 5163 qui
1975 5106 2161 5164 putent

580 5159 967 5216 Arausicanum
988 5159 1300 5229 episcopum
1328 5175 1446 5215 esse
1474 5163 1627 5229 cujus
1655 5159 1865 5219 mentio
1888 5165 1939 5220 in
1964 5159 2163 5229 marty-

579 5232 800 5301 rologiis
830 5246 881 5284 vt
906 5230 1007 5285 cal.
1024 5226 1241 5285 'Junias.
1542 5226 1555 5229 ⁷
2107 5226 2121 5235 ’

525 5300 538 5351 i
656 5313 677 5339 ο
706 5300 976 5374 Episcopo
1000 5301 1333 5374 vasionensi.
1368 5301 1479 5374 Hoc
1501 5303 1645 5374 enim
1680 5304 1836 5359 docet
1856 5306 2078 5374 epistola
2105 5307 2159 5369 4,

579 5373 674 5445 lib.
702 5387 797 5435 vn,
824 5372 889 5445 ad
920 5372 1192 5427 eumdem.
1240 5372 1413 5440 Quare
1467 5371 1605 5429 idem
1655 5389 1867 5445 quoque
1891 5371 2165 5432 ‘Fonteius

524 5465 526 5468 ν
579 5442 793 5515 videtur
823 5441 889 5496 ad
918 5459 1076 5515 quem
1121 5453 1173 5500 et
1211 5444 1442 5514 collegas
1489 5441 1772 5513 episcopos
1802 5456 1926 5500 sunt
1970 5447 2165 5502 Leonis

578 5512 761 5585 magni
808 5524 858 5568 et
917 5512 1079 5569 Hilari
1138 5531 1287 5585 papa:
1331 5512 1594 5585 e'pistolic.
1644 5517 1719 5570 lix
1768 5516 1953 5571 Lucidi
1999 5519 2161 5573 etiam

620 5583 880 5657 resbytcri
912 5583 1243 5657 professione
1274 5583 1437 5655 liquet
1464 5586 1744 5642 Fonteium
1770 5588 1976 5657 synodo
2029 5593 2160 5645 Are-

638 5656 773 5709 tensi
801 5669 918 5708 cum
943 5659 1148 5710 caeteris
1170 5656 1426 5712 adfuisse.

596 5784 603 5791 _
653 5722 680 5761 ἀ
724 5724 989 5797 Episcopo
1020 5725 1360 5791 Massiliensi.
1392 5731 1532 5797 quod
1556 5729 1771 5784 docebit
1799 5729 1957 5797 epist.
1982 5729 2037 5795 2,
2066 5731 2156 5785 lib.

579 5807 677 5864 vn,
705 5807 758 5851 et
782 5795 907 5869 alite
942 5798 1298 5869 quas‘eidem
1342 5795 1525 5869 postea
1579 5799 1767 5855 scribit
1820 5795 1915 5869 pro
1965 5800 2158 5858 eodem

581 5868 869 5927 Amantio:
894 5865 995 5923 hoc
1015 5866 1159 5923 enim
1190 5865 1385 5924 nomen
1405 5868 1593 5926 lectori
1610 5888 1767 5939 quem
1798 5865 2159 5931 commendat.

2267 4814 2600 4884 Snbscripsit
2629 4814 2771 4869 idem
2801 4813 3009 4885 synodo
3055 4815 3382 4869 Arelatensi.
3408 4884 3411 4885 γ
3436 4812 3507 4885 Et
3532 4813 3657 4884 quia
3693 4816 3872 4879 novus

2268 4894 2389 4942 erat
2434 4887 2715 4955 episcopus
2746 4898 2864 4939 cum
2900 4886 3015 4939 haec
3041 4885 3301 4941 scriberet
3321 4884 3602 4955 Sidonius,
3646 4899 3755 4939 non
3796 4886 3871 4939 fh-

2268 4956 2379 5011 tilis
2410 4956 2568 5011 fuerit
2590 4954 2898 5024 conjectura
2927 4956 2972 5010 si
2999 4955 3139 5011 hunc
3167 4971 3287 5011 esse
3304 4954 3546 5010 Graecum
3573 4956 3866 5011 diaconum

2269 5028 2574 5092 credamus,
2603 5027 2667 5081 ad
2692 5042 2850 5097 quem
2868 5038 2950 5083 est
2977 5025 3161 5082 Fausti
3188 5025 3431 5081 Reiensis
3458 5026 3687 5095 epistola
3732 5036 3861 5082 con-

2274 5107 2361 5153 tra
2389 5097 2716 5153 Nestorium.

2348 5178 2372 5206 °
2393 5169 2615 5223 Navium
2637 5183 2755 5237 quae
2776 5168 2840 5222 ad
2864 5178 3077 5237 portum
3110 5167 3498 5222 Massiliensem
3526 5168 3867 5237 appulerant.

2274 5239 2498 5309 PrOprie
2544 5240 2688 5294 enim
2732 5240 3010 5296 καταπλεῖν
3050 5238 3301 5293 dicuntur
3321 5252 3441 5308 qua:
3484 5238 3865 5307 importantur.

2273 5309 2451 5377 Quare
2482 5312 2533 5363 in
2559 5310 2829 5365 veteribus
2855 5310 3073 5379 glossis,
3106 5309 3353 5380 Cataplus
3382 5322 3453 5362 cst
3494 5311 3750 5364 adventus
3776 5328 3869 5365 na-

2271 5381 2428 5434 vium.
2464 5380 2639 5435 Utitur
2663 5383 2852 5436 iterum
2884 5396 2947 5435 ea
2969 5395 3097 5435 voce
3126 5381 3217 5435 lib.
3249 5395 3339 5447 vn,
3362 5381 3519 5449 epist.
3547 5380 3598 5435 7.
3618 5382 3710 5436 Sic
3730 5388 3871 5435 cata-

2274 5451 2391 5521 plus
2419 5450 2737 5505 Puteolanas
2767 5453 3007 5506 Ciceroni
3040 5465 3137 5520 pro
3166 5450 3385 5521 Rabirio
3423 5451 3703 5515 Postumo,
3738 5452 3867 5521 ,Ni-

2277 5520 2440 5576 (iocus
2471 5522 2696 5577 Martiali
2723 5539 2737 5588 ;
2767 5531 2821 5577 et
2845 5522 2948 5576 alio
2972 5536 3191 5592 genere,
3222 5520 3461 5590 Latagum
3483 5520 3870 5588 cataplusMar-

2275 5592 2436 5654 ccllo,
2461 5593 2575 5648 sive
2604 5605 2658 5647 ut
2678 5594 2797 5648 aliis
2829 5593 3024 5661 placet,
3080 5592 3400 5649 Vindiciano
3424 5593 3478 5647 in
3507 5594 3753 5648 carmine
3800 5593 3869 5647 de

2275 5662 2555 5735 Medicina.
2604 5665 2716 5735 66
2762 5664 2985 5727 Contra,
3032 5677 3152 5735 cum
3192 5676 3225 5717 e
3254 5670 3413 5732 portu
3453 5664 3701 5735 solvitur,
3745 5665 3867 5735 ἀνά-

2273 5734 2714 5875 mmoicuur’:
2742 5744 2853 5805 quo
2901 5734 3119 5789 nomine
3155 5745 3342 5804 portus
3398 5743 3515 5791 erat
3555 5734 3869 5792 Constanti-

2442 5819 2479 5858 Ιο
