4140 6336
636 334 745 400 859

1913 336 2155 392 SlDONll
2196 301 2676 396 APOLLINARIS.

3816 348 3930 415 560

635 470 788 520 mus;
820 469 939 524 quia
958 454 1283 508 vicinaretur
1305 449 1624 507 innocentiae
1655 448 1901 507 festinata
1931 457 2215 511 correctio.
2244 459 2300 517 Α
2324 470 2507 512 coram
2559 459 2867 514 narratione
2906 460 3208 529 patefaciet.
3261 450 3394 519 Nam
3439 458 3739 535 prudentia:
3786 477 3928 531 satis

556 548 562 551 ’
633 550 822 620 Neque
870 548 1014 602 enim
1067 547 1368 615 quisquam,
1417 545 1578 600 etiam
1616 543 1719 600 sibi
1773 545 1910 601 bene
1950 549 2216 615 conscius,

629 642 757 711 plus
788 639 964 693 facere
995 638 1368 707 prarsumpsit;
1403 637 1447 691 si
1480 638 1598 706 quis
1632 647 1808 693 tamen
1858 648 2049 694 vestra:
2096 655 2219 695 cor-

627 734 898 803 reptionis
930 732 1154 787 orbitam
1180 747 1282 786 non
1318 732 1533 802 reliquit
1579 749 1592 784 :
1633 733 1830 803 quippe
1856 747 1977 789 cum
2014 747 2077 789 ea
2106 734 2217 806 ipsa

626 840 752 895 qua:
795 824 1054 894 legimus,
1105 823 1374 893 parcentis
1421 822 1582 878 verba
1642 838 1920 891 censurae,
1970 825 2218 881 maximae

627 917 1033 973 emendationis
1060 917 1405 971 incitamenta
1428 917 1555 970 sint.
1588 914 1720 971 Nam
1746 918 1870 987 quid
1903 928 2079 989 potest
2100 933 2218 975 esse

628 1010 1004 1080 castigationis
1035 1010 1259 1079 hujusce
1290 1018 1477 1067 tenore
1505 1013 1813 1081 pretiosius,
1851 1012 1903 1068 in
1936 1029 2038 1085 qua
2080 1014 2219 1070 forte

628 1115 855 1174 peccato
876 1105 1087 1160 animus
1116 1119 1277 1175 aeger,
1311 1105 1510 1175 reperit
1539 1105 1865 1163 intrinsecus
1892 1108 2212 1177 remedium,

627 1213 752 1253 eum
804 1214 906 1254 non
952 1200 1159 1255 valeret
1194 1200 1533 1255 extrinsecus
1579 1199 1820 1257 invenire
1879 1203 2217 1258 convicium?

627 1294 783 1359 Quod
806 1303 1075 1363 superest,
1102 1293 1473 1362 obsecramus,
1505 1305 1566 1350 ut
1603 1296 1794 1358 crebra
1832 1298 2077 1353 oratione
2122 1312 2217 1367 per

625 1402 784 1456 quam
814 1386 959 1441 vitiis
985 1386 1231 1441 omnibus
1258 1387 1493 1443 immane
1520 1388 1894 1455 dominamini,
1943 1404 2041 1445 nos
2080 1404 2215 1460 quo-

626 1495 732 1549 que
780 1481 918 1534 sicut
962 1480 1306 1550 evangelicos
1345 1495 1529 1551 magos
1578 1498 1848 1538 remeasse
1876 1482 2213 1537 manifestum

625 1580 729 1633 est,
762 1571 847 1627 vel
869 1573 978 1641 jam
1011 1587 1152 1627 nunc
1199 1589 1295 1642 per
1316 1573 1474 1627 aliam
1530 1575 1667 1629 viam
1695 1591 1903 1630 morum
1933 1576 1983 1629 in
2033 1576 2214 1630 beato.

623 1677 744 1719 rum
769 1666 993 1734 patriam
1016 1666 1192 1720 redire
1215 1666 1442 1722 faciatis.
1460 1665 1602 1723 Pene
1615 1669 1899 1723 omiseram
1917 1669 2055 1738 quod
2081 1684 2215 1737 pra:-

623 1758 942 1812 tereundum
998 1759 1218 1814 minime
1276 1758 1391 1813 fuit.
1439 1760 1593 1829 Agite
1643 1762 1843 1831 gratias
1892 1760 2208 1816 Innocentio

2325 547 2527 616 obviat,
2581 550 2856 620 epistolari
2899 544 3147 609 formulas
3202 554 3439 612 debitam
3496 559 3925 619 concinnitatem

2324 639 2601 711 plurifario
2641 654 2894 701 sermone
2941 646 3235 717 porrigere.
3281 647 3424 705 Sane
3464 651 3590 722 quia
3617 655 3924 714 secundum

2322 733 2408 787 vel
2436 733 2623 789 netitia
2647 773 2662 799 ,
2695 735 2778 791 vel
2802 735 2999 806 judicia
3044 748 3254 795 terrena
3274 782 3289 807 ,
3336 741 3519 797 solent
3547 744 3701 816 167
3728 743 3925 816 hujus-

2321 826 2465 882 modi
2507 826 2753 885 homines
2800 831 3049 887 honestas
3093 831 3293 890 habere
3333 850 3557 903 causas;
3590 848 3644 892 tu
3691 856 3915 911 quoque

2322 925 2475 1002 potes
2507 916 2664 989 hujus
2695 918 2971 989 laboriosi,
2995 922 3095 977 etsi
3150 924 3431 995 impugnas
3455 928 3757 999 perfidiam,
3791 946 3922 1001 pro-

2320 1023 2557 1079 pugnare
2586 1025 2891 1081 personam.
2937 1014 3140 1072 Memor
3171 1018 3343 1074 nosui
3373 1034 3495 1077 esse
3526 1022 3750 1093 dignare
3770 1064 3785 1091 ,
3816 1025 3923 1082 do-

2320 1100 2463 1158 mine
2487 1117 2645 1174 papa.

2873 1201 3203 1260 EPISTOLA
3243 1205 3357 1262 XII.

2499 1289 2745 1348 Sidonius
2769 1293 2974 1350 domino
3004 1313 3151 1369 papa:
3181 1294 3208 1335 ἀ
3236 1297 3463 1355 Patienti
3486 1302 3723 1361 salutent.

2388 1381 2596 1452 Aliquis
2620 1385 2851 1456 aliquem
2875 1430 2889 1454 ,
2917 1404 3017 1458 ego
3054 1390 3204 1446 illum
3233 1394 3499 1463 praecipue
3522 1404 3651 1465 puto
3680 1413 3782 1452 suo
3822 1398 3904 1453 vi-

2317 1487 2443 1530 vere
2482 1474 2633 1530 bono
2670 1476 2760 1547 qui
2789 1478 2919 1533 vivit
2945 1480 3124 1536 alieno
3155 1483 3390 1553 :quique
3422 1484 3656 1540 fidelium
3686 1486 3908 1543 calami-

2317 1576 2452 1623 tates
2483 1568 2936 1644 indigentiamque
2965 1574 3249 1631 miseratus
3272 1618 3288 1644 ,
3321 1576 3447 1633 facit
3472 1579 3523 1632 in
3548 1580 3707 1636 terris
3739 1596 3910 1651 opera

2315 1662 2598 1718 caelorum.
2645 1664 2913 1732 Quorsum
2946 1666 3047 1722 ista
3086 1667 3200 1723 haec
3227 1710 3242 1734 ,
3274 1667 3486 1739 inquis?
3513 1669 3589 1726 Te
3636 1674 3914 1734 sententia

2316 1770 2473 1824 quam
2500 1757 2762 1823 maxime,
2786 1773 2920 1828 papa
2953 1759 3293 1829 beatissime,
3324 1764 3485 1832 petit;
3509 1764 3591 1818 cui
3624 1780 3731 1819 non
3754 1767 3887 1821 suffi

616 1850 900 1917 spectabili
930 1851 1069 1915 viro,
1096 1851 1184 1921 qui
1217 1861 1272 1906 ut
1302 1854 1701 1923 praeceperatis,
1733 1852 1977 1923 gnaviter
2000 1870 2201 1908 morem
2238 1849 2281 1908 Β
2309 1847 2382 1900 cit
2408 1846 2512 1902 illis
2544 1855 2748 1902 tantum
2782 1848 3191 1907 necessitatibus
3219 1868 3378 1923 opem
3409 1854 3553 1910 ferre
3579 1870 3712 1926 quas
3741 1871 3911 1913 nove-

618 1945 793 2013 gessit
813 1944 1085 2014 injunctis.
1117 1944 1318 2002 Memor
1348 1948 1518 2002 nostri
1559 1961 1678 2004 esse
1706 1947 1944 2019 dignare,
1990 1948 2203 2005 domine

614 2050 777 2109 papa.

1191 2120 1524 2188 EPl’STOLA
1565 2133 1633 2187 χ.

785 2224 1032 2281 Sidonius
1062 2226 1270 2279 domino
1303 2240 1448 2295 papw
1472 2234 1498 2261 ιι
1520 2224 1763 2281 Censorio
1793 2227 2027 2279 salutem.

670 2318 926 2374 Gerulum
941 2319 1237 2374 litterarum
1254 2318 1449 2373 levitici
1464 2320 1665 2374 ordinis
1684 2320 1931 2375 honestat
1943 2320 2195 2375 ofﬁcium.

608 2408 717 2468 llic
752 2425 873 2465 cum
923 2412 1124 2466 familia
1169 2425 1265 2466 sua
1308 2411 1724 2480 depraedationis
1758 2414 1914 2484 166
1958 2412 2199 2467 Gothicae

612 2502 884 2559 turbinem
910 2503 1105 2573 vitans,
1142 2504 1192 2557 in
1223 2504 1548 2558 territorium
1591 2513 1828 2559 vestrum
1864 2506 2071 2560 delatus
2092 2514 2194 2571 est,

609 2593 752 2667 ipso,
774 2598 931 2653 utsic
954 2597 1270 2663 dixerimus,
1304 2597 1540 2666 pondere
1564 2598 1700 2666 fugae
1730 2614 1743 2663 ;
1780 2597 1868 2653 ubi
1908 2598 1961 2651 in
2009 2612 2066 2652 re
2106 2598 2197 2651 Ec-

609 2687 788 2744 clesia:
810 2690 896 2744 cui
922 2690 1179 2746 sanctitas
1208 2700 1296 2745 tua
1327 2691 1599 2761 praesidet,
1650 2705 1868 2759 parvam
1897 2700 2193 2745 sementem

604 2785 994 2840 semiconfecto
1024 2784 1211 2854 ceSpiti
1264 2785 1469 2841 advena
1514 2785 1732 2854 jejunus
1788 2784 2007 2855 injecit:
2041 2784 2193 2853 cujus

607 2888 679 2929 ex
707 2875 880 2930 solido
907 2876 1223 2946 colligendae
1252 2876 1364 2932 fieri
1395 2876 1496 2932 sibi
1519 2876 1729 2947 copiam
1760 2887 1973 2932 exorat.
2021 2877 2191 2944 Quem

606 2968 653 3021 si
676 2968 986 3024 domesticis
1014 2968 1138 3024 ﬁdei
1170 2969 1423 3039 deputata
1463 2971 1794 3026 humanitate
1837 2969 2083 3037 foveatis,
2139 2971 2189 3023 id

605 3070 708 3123 est,
736 3070 791 3115 ut
812 3061 1098 3116 debitumb
1128 3062 1302 3132 glebze
1337 3077 1599 3119 canonem
1649 3078 1751 3118 non
1798 3071 2031 3132 petatur,
2076 3070 2191 3117 tan-

603 3157 719 3205 tum
748 3152 922 3207 lucelli
950 3153 1239 3220 praestitum
1269 3155 1370 3209 sibi
1398 3164 1674 3223 computat
1704 3153 1975 3224 peregrini
2007 3154 2186 3208 homi-

2307 1938 2413 2004 ris;
2454 1940 2647 2009 quique
2695 1957 2865 2012 usque
2920 1943 2972 1996 iu
3017 1944 3247 2000 extimos
3299 1946 3558 2002 terminos
3603 1947 3909 2007 Galliarum

2304 2032 2545 2088 caritatis
2572 2036 2760 2105 indage
2786 2046 3063 2104 porrecta,
3092 2038 3241 2107 prius
3272 2040 3416 2096 soles
3445 2042 3778 2113 indigentum
3814 2060 3911 2101 re-

2302 2125 2512 2195 Spieere
2528 2141 2740 2193 causas,
2766 2144 2923 2198 quam
2940 2128 3205 2201 inspicere
3217 2146 3492 2201 personas.
3520 2134 3722 2191 Nullius
3744 2136 3908 2193 obest

2304 2218 2550 2272 tenuitati
2591 2219 2963 2290 debilitatique
2992 2264 3006 2288 ,
3049 2223 3093 2276 si
3136 2232 3185 2277 te
3230 2232 3484 2294 expetere
3531 2241 3637 2281 non
3668 2228 3903 2296 possit:

2302 2322 2421 2364 nam
2450 2311 2711 2377 prmvenis
2738 2313 2983 2368 manibus
3014 2315 3192 2382 illum,
3225 2317 3316 2385 qui
3349 2332 3454 2374 non
3487 2319 3715 2375 valuerit
3740 2322 3806 2375 ad
3846 2331 3904 2378 te

2302 2404 2527 2472 pedibus
2559 2407 2858 2482 pervenire.
2902 2407 3119 2463 Transit
3145 2408 3197 2461 in
3248 2409 3454 2464 alienas
3483 2413 3786 2478 provincias
3812 2415 3902 2469 vi-

2299 2497 2516 2564 gilantia
2552 2505 2637 2551 tua
2670 2516 2680 2549 :
2709 2507 2762 2552 et
2793 2499 2845 2552 in
2871 2498 2971 2555 hoc
3004 2514 3148 2555 curre
3179 2508 3283 2556 tua:
3305 2500 3533 2558 latitudo
3554 2503 3898 2575 diffunditur,

2298 2596 2358 2641 ut
2406 2588 2561 2659 longe
2592 2589 2890 2658 positorum
2943 2593 3255 2648 consoletur
3298 2596 3623 2665 angustias:
3674 2611 3730 2653 et
3770 2599 3901 2657 hinc

2308 2678 2441 2745 fuit,
2467 2688 2523 2732 ut
2550 2681 2672 2749 quia
2701 2683 2893 2736 crebro
2910 2692 2959 2737 te
2977 2698 3083 2738 non
3112 2685 3287 2742 minus
3310 2686 3597 2742 absentum
3623 2705 3897 2747 verecun-

2298 2761 2407 2842 dia,
2446 2789 2604 2843 quam
2652 2787 2978 2844 praesentum
3009 2777 3341 2846 querimonia
3376 2790 3578 2847 movet,
3608 2795 3753 2853 saepe
3780 2793 3896 2839 ter-

2296 2868 2434 2922 seris
2464 2882 2648 2923 eorum
2703 2869 3003 2939 lacrymas,
3054 2885 3281 2939 quorum
3327 2871 3519 2928 oculos
3551 2888 3659 2929 non
3691 2876 3890 2932 vidisti.

2294 2958 2496 3015 Omitto
2524 2961 2615 3016 illa
2646 2978 2763 3029 qua:
2784 2962 3022 3032 quotidie
3060 2973 3279 3033 propter
3311 2966 3668 3023 defectionem
3695 2969 3893 3027 civium

2294 3066 2733 3125 pauperatorum,
2766 3057 3067 3126 irrequietis
3097 3058 3297 3113 toleras
3324 3062 3590 3127 excubiis,
3616 3064 3889 3133 precibus,

2293 3148 2567 3217 expensis.
2598 3148 2803 3203 Omitto
2830 3156 2881 3203 te
2905 3148 2998 3203 tali
3022 3163 3237 3218 semper
3258 3165 3418 3220 agere
3437 3159 3889 3224 temperamento,

604 3244 712 3307 nis,
743 3252 802 3297 ut
822 3258 1036 3309 census,
1067 3245 1145 3298 sic
1183 3246 1394 3300 animus
1415 3254 1693 3315 angustus,
1745 3260 1808 3300 ac
1855 3244 1902 3299 si
1932 3247 1985 3299 in
2014 3247 2186 3315 patrio
2213 3223 2260 3287 ο
2291 3240 2370 3294 Sic
2419 3254 2632 3308 semper
2670 3241 2987 3307 humanam.
3043 3241 3122 3296 δίο
3172 3242 3492 3297 δῦδίείῐιίυηι
3529 3244 3795 3315 indicari;
3828 3258 3891 3305 ιιι

605 3333 728 3387 solo
759 3334 1131 3389 rusticaretur.
1162 3336 1295 3389 Huic
1320 3337 1365 3390 si
1392 3336 1702 3405 legitimam,
1737 3346 1793 3390 ut
1823 3351 1939 3391 mos
1965 3348 2067 3406 est,
2102 3353 2190 3392 so-

601 3425 866 3482 lutionem
889 3428 1187 3498 perexigua:
1218 3429 1415 3501 segetis
1458 3429 1755 3500 indulgeas,
1792 3438 2041 3501 tanquam
2067 3431 2186 3501 opi-

600 3535 737 3591 pare
769 3522 1069 3591 viaticatus,
1120 3538 1243 3580 cum
1297 3524 1593 3594 gratiarum
1650 3522 1861 3580 actione
1902 3525 2184 3580 remeabit.

599 3613 709 3669 Per
749 3630 907 3686 quem
939 3616 985 3670 si
1009 3632 1095 3671 me
1123 3617 1263 3686 stylo
1304 3616 1476 3671 solitae
1521 3616 1844 3687 dignationis
1888 3618 2185 3686 impartias,

597 3707 731 3773 mihi
788 3707 1218 3778 fraternitatique
1257 3710 1379 3765 istic
1428 3710 1585 3777 sitae,
1645 3711 1831 3781 pagina
1895 3719 1979 3764 tua
2020 3711 2184 3765 veluti

595 3799 763 3869 paulo
782 3800 929 3871 lapsa
952 3800 1308 3871 reputabitur.
1361 3801 1567 3858 Memor
1593 3803 1761 3857 nostri
1788 3817 1911 3858 esse
1940 3802 2183 3872 dignare,

597 3891 815 3950 domine
840 3907 995 3967 papa.

1159 3985 1493 4043 EPISTULA
1530 3987 1620 4042 ΧΙ.

744 4082 989 4138 Sidonius
1019 4081 1227 4135 domino
1254 4098 1402 4153 papa:
1433 4093 1454 4121 θ
1474 4081 1773 4137 Eleutherio
1802 4082 2036 4137 salutent.

671 4173 912 4231 Judaeum
953 4189 1188 4245 praesens
1229 4175 1415 4229 charta
1456 4175 1799 4231 commendat
1832 4194 1843 4228 :
1891 4192 1998 4231 non
2042 4176 2183 4247 quod

596 4269 733 4327 mihi
777 4267 985 4339 placeat
1023 4281 1174 4322 error
1224 4282 1319 4336 per
1364 4282 1520 4336 quem
1555 4275 1781 4337 pereunt
1803 4268 2056 4333 involuti;
2085 4268 2180 4324 sed

600 4365 726 4435 quia
765 4362 1034 4417 neminem
1080 4360 1317 4429 ipsorum
1348 4375 1445 4415 nos
1476 4361 1634 4415 decet
1663 4377 1729 4415 ex
1760 4375 1883 4416 asse
1904 4360 2182 4417 damnabi-

596 4455 707 4512 lem
737 4456 1085 4526 pronuntiare
1116 4454 1240 4509 dum
1271 4456 1424 4509 vivit.
1474 4455 1529 4509 In
1570 4470 1666 4525 spe
1692 4456 1834 4511 enim
1879 4455 2054 4511 adhuc
2087 4457 2183 4512 ab-

594 4547 881 4604 solutionis
912 4554 994 4601 est
1021 4587 1037 4613 ,
1069 4546 1155 4602 cui
1197 4548 1433 4616 suppetit
1474 4538 1633 4617 posse
1661 4548 1923 4603 converti.
1957 4548 2088 4616 Quae
2112 4549 2182 4603 sit

2292 3344 2502 3391 constet
2534 3336 2690 3407 168
2716 3336 3078 3391 indesinenter
3106 3351 3288 3405 regem
3310 3348 3626 3406 przesentem
3653 3341 3888 3409 prandia

2292 3436 2413 3496 tua,
2445 3432 2681 3500 reginam
2709 3429 2929 3485 laudare
2971 3429 3196 3500 jejunis.
3228 3429 3436 3485 Omitto
3476 3442 3523 3487 te
3550 3439 3694 3487 tanto
3724 3434 3882 3489 cultu

2290 3520 2572 3577 ecclesiam
2598 3522 2688 3576 tibi
2723 3521 2981 3577 creditam
3012 3532 3440 3593 convenustare,
3484 3536 3540 3579 ut
3562 3524 3772 3582 dubitet
3795 3531 3885 3583 in-

2288 3622 2503 3684 spector
2526 3615 2715 3668 melius
2747 3630 2813 3669 ne
2835 3630 2972 3669 nova
3000 3607 3164 3685 opera
3196 3625 3545 3687 consurgant.
3573 3632 3641 3671 an
3666 3627 3888 3674 vetusta

2292 3716 2629 3777 reparentur.
2663 3706 2864 3761 Omitto
2892 3722 2987 3777 per
3015 3717 3065 3763 te
3102 3709 3347 3778 plurimis
3378 3709 3510 3764 locis
3539 3709 3886 3766 basilicarum

2291 3800 2641 3857 fundamenta
2666 3816 2992 3872 consurgere
3012 3845 3025 3868 ,
3061 3813 3373 3858 ornamenta
3404 3802 3690 3873 duplicari.
3720 3804 3884 3860 Cum-

2290 3910 2396 3965 que
2426 3894 2590 3949 multa
2616 3895 2669 3949 in
2712 3904 2856 3950 statu
2886 3895 3010 3951 fidei
3043 3896 3147 3951 tuis
3176 3896 3626 3967 dispositionibus
3649 3914 3885 3969 augean-

2290 3995 2399 4054 tur,
2420 3988 2592 4043 solum
2618 3987 2998 4043 haereticorum
3023 4002 3302 4043 numerum
3331 3989 3499 4043 minui
3526 4006 3541 4043 :
3568 4000 3730 4059 teque
3754 4006 3883 4061 quo-

2288 4081 2415 4137 dam
2446 4088 2643 4135 venatu
2685 4080 3002 4150 apostolico,
3038 4080 3179 4136 feras
3206 4090 3228 4117 ο
3257 4079 3702 4138 Photinianorum
3733 4098 3881 4139 men-

2291 4183 2373 4229 tes
2418 4172 2736 4243 spiritalium
2787 4172 3228 4243 pracdicationdtn
3271 4173 3515 4229 cassibus
3567 4174 3877 4245 implicare,

2289 4273 2450 4334 atque
2479 4280 2509 4319 a
2538 4272 2629 4318 tuo
2658 4263 2916 4319 barbaros
2939 4265 3049 4333 jam
3076 4278 3333 4334 sequaces
3357 4304 3373 4331 ,
3402 4266 3619 4335 quoties
3649 4266 3879 4321 convin-

2288 4365 2482 4417 cuntur
2508 4356 2699 4425 verbo,
2741 4371 2848 4411 non
2894 4356 3044 4412 exire
3086 4356 3341 4427 vestigio,
3366 4355 3540 4412 donec
3566 4373 3663 4413 eos
3692 4373 3722 4411 a
3754 4374 3879 4429 pro-

2289 4448 2453 4504 fundo
2478 4446 2685 4519 gurgite
2716 4447 2915 4504 erroris
2940 4447 3283 4503 felicissimus
3305 4448 3607 4504 animarum
3643 4449 3879 4518 piscator

2288 4542 2605 4621 extraiteris.
2638 4541 2706 4596 Et
2734 4540 2926 4597 borum
2958 4540 3135 4610 aliqua
3160 4550 3334 4597 tamen
3367 4555 3488 4596 cum
3524 4541 3744 4612 reliquis
3766 4542 3877 4597 for-

593 4653 725 4699 vero
789 4639 988 4703 negotii
1011 4641 1092 4695 sui
1139 4641 1335 4704 series,
1378 4642 1493 4709 ipse
1544 4641 1741 4698 rectius
1778 4635 2254 4712 (praesentanea!)
2280 4658 2377 4702 san
2413 4640 2858 4699 communicanda
2902 4639 3145 4710 collegis.
3182 4639 3316 4695 illud
3345 4649 3522 4695 autem
3562 4621 3748 4695 deberi
3777 4640 3876 4695 tibi

667 4790 693 4819 ει
726 4770 991 4851 Episcopo
1017 4770 1464 4844 Antisiodorensi,
1494 4793 1562 4834 an
1581 4793 1739 4851 quem
1770 4779 1972 4836 Ruricii
2008 4781 2170 4851 epist.
2190 4773 2227 4781 ’“

598 4852 651 4917 1,
681 4852 773 4906 lib.
801 4868 860 4915 ll,
892 4850 944 4907 et
968 4850 1281 4920 Constantii
1310 4850 1611 4920 presbyteri
1665 4851 1856 4916 altera,
1892 4852 1953 4906 in
1996 4850 2175 4909 frente

592 4922 853 5005 iibrorum
884 4924 950 4978 de
1003 4923 1123 4977 Vita
1156 4923 1217 4977 S.
1258 4919 1530 4977 Germani.
1564 4920 1672 4977 Sed
1717 4929 1944 4994 uterque
1972 4922 2175 4980 Censu-

592 5009 730 5049 num
762 5005 933 5050 νοοθι.

663 5064 694 5105 ιι
725 5067 799 5121 lta
826 5065 946 5120 libri
976 5063 1087 5119 fere
1107 5077 1317 5127 omnes,
1341 5080 1447 5117 non
1466 5064 1647 5132 petatis
1671 5080 1690 5119 :
1719 5073 1779 5119 ut
1819 5066 2058 5121 carmine
2077 5065 2168 5131 23,

595 5136 816 5193 Usuram
850 5137 1182 5205 petimurque,
1232 5134 1609 5203 reddimusque.
1648 5134 1920 5206 Canonem
1950 5138 2167 5206 proprie

590 5211 727 5263 dixit
755 5209 1088 5279 pensionem,
1123 5221 1243 5275 quae
1272 5206 1498 5261 debetur
1532 5219 1599 5259 ex
1625 5205 1824 5274 praedio
1847 5205 2164 5277 emphyteu-

591 5283 716 5345 tico,
750 5284 1070 5353 ἐμφυτευτῶν
1116 5292 1332 5353 munus,
1382 5290 1624 5353 onusque
1648 5282 1753 5353 _-_nriv
1783 5286 1876 5353 ’γῆν
1895 5288 2159 5353 γεωργεῖν,

591 5355 673 5404 καὶ
699 5346 837 5412 τέλοξ·
872 5353 1151 5421 παρέχεινί
1198 5347 1329 5403 Inde
1355 5346 1705 5414 canonicarii,
1755 5346 1848 5417 qili
1902 5346 2162 5406 canonem

591 5423 860 5488 publicum
891 5421 1130 5491 exigunt.

663 5502 686 5529 ο
731 5493 948 5547 Incertae
976 5488 1118 5546 sedis
1147 5491 1420 5561 episcopo.
1453 5489 1584 5542 Nam
1619 5488 1972 5545 Tornacensis
2004 5492 2164 5547 Eleu-

591 5563 797 5616 therius
837 5564 902 5617 de
930 5578 1035 5630 quo
1064 5562 1376 5632 quibusdam
1407 5561 1554 5617 venit
1576 5561 1629 5615 in
1660 5570 1915 5629 mentem,
1938 5563 2164 5618 Sidonio

587 5632 797 5703 videtur
817 5634 1089 5702 aliquanto
1122 5632 1285 5688 fuisse
1311 5633 1596 5703 posterior.

658 5702 688 5740 ἀ
728 5704 995 5771 Episcopo
1024 5702 1381 5774 Lugdunensi,
1410 5705 1475 5759 de
1505 5718 1611 5772 quo
1637 5703 1797 5773 epist.
1833 5704 1921 5768 10,
1956 5704 2046 5759 lib.
2073 5721 2158 5771 ιι,

586 5783 645 5832 et
675 5776 858 5829 ultima
904 5774 997 5827 lib.
1045 5791 1114 5827 IV.
1148 5774 1196 5828 ls
1230 5785 1313 5828 est
1349 5776 1412 5828 ad
1442 5791 1601 5843 quem
1628 5774 1804 5829 Vitam
1830 5777 1884 5829 S.
1908 5776 2162 5830 Germani

584 5848 802 5914 sorbuit
821 5846 1186 5913 Constantius,
1210 5847 1467 5914 cujusque
1494 5861 1695 5907 nomen
1713 5846 1851 5907 inter
1879 5845 2014 5907 alios
2049 5849 2164 5918 epi-

2250 4776 2257 4782 ’
2282 4793 2477 4851 scopos
2504 4779 2557 4833 in
2585 4778 2826 4851 epistolis
2856 4778 3038 4851 Fausti
3068 4792 3131 4833 ac
3160 4777 3442 4851 Lucidi,_et
3466 4778 3517 4832 in
3550 4777 3876 4851 martyrolo-

2318 4849 2394 4908 io.
2421 4851 2552 4905 Nam
2586 4865 2613 4903 a
2645 4849 3087 4919 Lugdunensihus
3112 4849 3223 4905 suis
3263 4849 3632 4905 anniversario
3659 4849 3747 4903 die
3774 4863 3876 4904 co-

2318 4868 2391 4908 10.
2421 4868 2552 4905 nam
2586 4868 2613 4903 8
2645 4868 3087 4919 Lugdunensmus
3112 4868 3223 4905 SUIS
3263 4868 3632 4905 anniversario
3659 4868 3747 4903 (ne
3774 4868 3874 4904 CO-

2280 4868 2410 4979 Fitur
2455 4938 2511 4977 ιιι
2556 4922 2672 4976 idus
2702 4920 3063 4990 Septembres.
3122 4921 3289 4990 Hujus
3338 4935 3465 4975 vero
3500 4919 3707 4976 Sidonii
3749 4922 3874 4988 epi-

2280 4995 2433 5049 stolae
2456 5035 2471 5059 ,
2507 4992 2870 5061 Patientisque
2898 4992 3133 5062 episcopi
3178 4990 3873 5062 munificenti:e,meminit

2280 5065 2570 5134 Gregorius
2607 5064 2810 5118 'l‘uron.
2845 5061 2945 5118 lib.
2989 5079 3038 5117 XI
3065 5104 3079 5127 ,
3110 5077 3159 5117 c.
3188 5064 3280 5117 24.
3313 5062 3413 5117 Ubi
3434 5077 3555 5117 cum
3586 5061 3782 5117 famem
3814 5064 3872 5118 in

2278 5135 2584 5205 Burgundia
2612 5145 2906 5205 grassatam
2935 5134 3145 5200 scribit,
3170 5134 3477 5205 confirmat
3500 5149 3678 5204 regem
3714 5149 3743 5186 a
3782 5134 3871 5189 Si-

2273 5207 2438 5263 donio
2480 5204 2914 5274 Burgundionum
2953 5204 3176 5274 intelligi
3211 5223 3223 5258 :
3271 5204 3681 5260 Gundobaldum
3717 5204 3871 5260 scili-

2269 5288 2387 5343 cet,
2420 5291 2577 5345 quem
2608 5275 2850 5346 Lugduni
2900 5276 3083 5332 sedem
3132 5275 3383 5331 habuisse
3420 5275 3533 5346 jam
3581 5286 3707 5332 ante
3749 5293 3870 5331 mo-

2266 5362 2756 5475 nulemxiianorum.
2813 5418 2923 5474 Hoc
2952 5420 3096 5474 enim
3137 5428 3292 5473 erant
3322 5416 3756 5488 Burgundiones,
3809 5419 3863 5472 in

2270 5492 2462 5563 quibus
2489 5492 2555 5546 ad
2589 5501 2790 5547 rectam
2835 5491 2988 5563 [idem
3040 5490 3387 5563 traducendis
3428 5490 3727 5563 laborabat,
3761 5490 3863 5543 Pa-

2271 5560 2428 5619 tiens.
2448 5563 2806 5631 Paulianistae,
2835 5562 3160 5625 Phoriniani,
3191 5562 3493 5629 Bonosiaci,
3526 5561 3626 5616 etsi
3649 5560 3864 5630 aliqua.

2268 5645 2423 5691 tenus
2454 5636 2693 5690 diversos
2717 5677 2731 5701 ,
2767 5645 3020 5702 cognatos
3044 5644 3219 5688 tamen
3240 5647 3364 5687 cum
3395 5632 3610 5687 Arianis
3641 5646 3864 5685 errores

2265 5709 2452 5762 sectati
2484 5716 2647 5777 sunt,
2682 5714 2940 5762 aeternam
2980 5703 3199 5761 Christo
3235 5705 3639 5775 generationem
3674 5703 3861 5758 detra-

2264 5777 2470 5835 hentcs.

2456 5941 2481 5948 ι.
