4140 6336
578 263 680 320 565

1846 252 2089 310 διῡοΝιι
2130 251 2581 309 AJ‘OLLINABIS

3747 242 3854 304 564

577 376 762 434 videor
788 375 1067 445 explesse,
1115 388 1183 428 ex
1212 371 1387 442 legato
1426 370 1648 426 nuntius
1678 383 1792 424 ero.
1839 368 1985 424 llicet
2021 370 2164 424 scias
2190 372 2242 431 Α
2267 369 2430 432 mala,
2460 368 2632 424 bonus
2664 365 2939 431 sacerdos,
2966 366 3139 421 bonus
3163 373 3338 434 pater,
3367 363 3537 421 bonus
3559 378 3732 420 annus
3754 380 3810 422 cs
3834 378 3855 420 :

579 470 726 535 Volo,
782 483 877 537 per
920 480 1132 522 omnem
1178 464 1344 520 fertur
1392 463 1732 533 Aquitaniam
1788 461 1960 532 gloria
2017 471 2151 515 tua:

578 564 773 621 amaris
801 605 815 628 ,
872 560 1136 625 laudaris,
1187 557 1513 614 desideraris
1539 601 1555 627 ,
1585 557 1881 622 excoleris,
1922 555 2161 611 omnium

577 658 925 730 pectoribus,
975 653 1216 710 omnium
1268 653 1430 709 votis.
1498 653 1640 707 Inter
1696 652 1808 706 hate
1864 662 2161 719 temporum

2265 462 2459 534 quibus
2488 477 2667 532 opera:
2700 462 2929 531 pretium
2974 459 3104 527 fuit,
3136 461 3250 515 fieri
3292 461 3486 517 famem
3518 474 3670 515 suam
3718 459 3862 529 peri-

2268 556 2389 611 culo
2413 596 2428 621 ,
2463 555 2508 611 si
2545 555 2701 609 aliter
2730 567 2850 609 esse
2898 569 3005 609 non
3037 561 3247 621 poterat
3284 562 3371 607 tua
3403 552 3621 622 largitas
3649 552 3863 622 experi-

2273 655 2473 702 mento.
2508 647 2710 702 Memor
2741 646 2909 701 nostri
2941 659 3063 700 esse
3090 645 3347 717 dignare,
3378 645 3597 701 domine
3627 660 3787 716 papa.

580 776 3854 814 MM

1438 874 1442 879 ’
1519 893 1997 1005 LIBER-
2070 880 2908 1001 SEPTIMUS.

986 1087 1140 1159 171
1183 1081 1515 1139 EPISTULA
1560 1080 1767 1135 PRIMA

752 1201 1002 1257 Sidonius
1026 1200 1231 1255 domino
1253 1208 1279 1235 ι
1310 1212 1456 1269 ραριε
1487 1195 1738 1250 Mamerto
1764 1194 2002 1249 salutem.

653 1358 857 1413 Rumor
878 1366 961 1413 est
995 1357 1197 1413 Gothos
1227 1356 1278 1410 in
1322 1355 1624 1410 Romanum
1653 1354 1827 1409 solum
1856 1361 2029 1408 castra
2061 1366 2169 1407 mo-

581 1451 744 1507 visse.
806 1451 939 1506 lluic
993 1466 1206 1520 semper
1252 1448 1535 1518 irruptioni
1580 1463 1676 1502 nos
1722 1447 1903 1501 miseri
1945 1445 2171 1500 Arterni

584 1545 746 1616 janua
776 1560 981 1600 sumus.
1034 1543 1273 1612 Namque
1307 1541 1444 1597 odiis
1491 1540 1830 1595 inimicorum
1864 1539 1985 1592 hinc
2014 1552 2172 1607 pecu-

581 1637 734 1693 Iiaria
766 1636 998 1693 fomenta
1042 1636 1531 1701 subministramus,
1588 1634 1708 1706 quia
1755 1633 1895 1704 quod
1943 1633 2170 1687 necdum

585 1731 844 1803 terminos
873 1745 1000 1785 suos
1027 1730 1095 1784 ab
1123 1730 1336 1785 Oceano
1367 1730 1417 1782 in
1434 1729 1753 1783 Rhodanum
1783 1728 1985 1798 Ligeris
2017 1727 2169 1782 alveo

584 1823 968 1891 limitaverunt,
997 1825 1284 1895 solam‘sub
1312 1840 1411 1894 ope
1437 1823 1633 1878 Christi
1662 1838 1863 1877 moram
1893 1823 1958 1877 de
1987 1834 2166 1878 nostra

582 1927 788 1973 tantum
834 1918 989 1973 obice
1021 1920 1311 1988 patiuntur.
1346 1918 1823 1987 Circumjactarum
1856 1919 2011 1989 172
2040 1933 2168 1974 vero

2288 1078 2419 1131 fides
2450 1090 2535 1131 tua
2568 1079 2619 1132 in
2652 1076 2742 1131 illo
2774 1077 2964 1133 ardore
3004 1076 3124 1146 plus
3162 1075 3325 1133 caluit
3367 1093 3381 1129 :
3421 1084 3618 1131 etcum
3651 1076 3705 1131 in
3733 1092 3872 1132 con-

2275 1179 2459 1240 spectu
2490 1168 2697 1239 pavidae
2731 1168 2898 1238 plebis
2919 1211 2932 1232 ,
2968 1168 3181 1237 objectu
3211 1168 3326 1223 solo
3359 1169 3430 1222 tui
3455 1170 3703 1238 corporis
3731 1171 3874 1241 ignis

2274 1278 2525 1319 recussus
2549 1262 2600 1317 in
2627 1271 2829 1335 tergum
2853 1261 3092 1332 fugitivis
3120 1261 3346 1317 ﬂexibus
3379 1264 3685 1316 sinuaretur
3711 1306 3725 1329 ,
3770 1263 3876 1318 mi—

2276 1356 2456 1410 raculo
2489 1355 2736 1420 terribili,
2771 1370 2931 1423 novo,
2965 1354 3239 1422 inusitato,
3266 1354 3430 1409 adluit
3460 1356 3615 1426 173
3641 1354 3877 1412 ﬂammae

2275 1450 2466 1506 cedere
2498 1464 2593 1520 per
2615 1449 2973 1505 reverentiam
2993 1488 3008 1514 ,
3037 1450 3121 1503 cui
3153 1448 3352 1503 sentire
3388 1447 3556 1503 defuit
3587 1464 3683 1517 per
3718 1462 3877 1505 natu«

2278 1558 2412 1598 ram.
2448 1540 2684 1597 Primum
2730 1542 2887 1613 igitur
2914 1550 2967 1597 et
2996 1540 3062 1596 iis
3094 1542 3275 1610 paucis
3301 1541 3470 1595 nostri
3505 1542 3713 1597 ordinis
3744 1542 3877 1599 viris

2277 1638 2467 1692 indicis
2490 1637 2712 1708 jejunia,
2740 1636 3018 1692 interdicis
3042 1634 3260 1706 ﬂagitia,
3293 1634 3555 1705 supplicia
3588 1635 3871 1704 praedicis,

2275 1730 2512 1786 remedia
2555 1730 2821 1800 promittis
2863 1746 2877 1785 :
2928 1730 3153 1799 exponis
3192 1728 3438 1785 omnibus
3463 1770 3479 1795 ,
3523 1744 3623 1783 nec
3654 1743 3875 1800 ptrnam

2273 1822 2613 1894 longinquam
2658 1837 2778 1877 esse
2799 1864 2815 1888 ,
2847 1836 2945 1877 nec
2976 1821 3216 1885 veniam;
3248 1820 3411 1875 doces
3431 1819 3761 1875 denuntiatae
3787 1834 3881 1876 so-

2279 1918 2518 1973 litudinis
2547 1918 2721 1972 minas
2748 1916 3051 1971 orationum
3106 1915 3405 1985 frequentia
3450 1929 3572 1971 esse
3617 1899 3881 1970 amolien~

581 2012 752 2080 spatia
777 2052 791 2077 ,
822 1982 1155 2081 tractumque
1190 2013 1469 2081 regionum
1497 1982 1606 2080 jam
1641 1982 2043 2081 pridem—rigid
2077 2011 2175 2065 mi-
2204 1982 2249 2043 Β
2288 2012 2412 2075 das;
2457 2026 2644 2068 mones
2666 2010 3032 2065 assiduitatem
3060 1982 3288 2065 furentis
3316 2009 3580 2076 incendii,
3614 2024 3752 2079 aqua
3783 2023 3881 2079 ρος

582 2104 730 2159 nacis
774 2104 1084 2175 importuna
1134 2105 1411 2159 devoravit
1452 2104 1755 2174 impressio.
1790 2104 1893 2157 Sed
1924 2103 2180 2158 animosi-

582 2197 676 2252 fati
706 2205 908 2254 nostrae
938 2208 1045 2253 tam
1082 2197 1408 2262 temerariae,
1444 2205 1661 2266 tamque
1691 2196 2006 2266 periculosa:
2025 2238 2039 2263 ,
2070 2210 2176 2249 non

587 2304 689 2345 nos
711 2298 804 2344 aut
831 2290 1132 2345 ambustam
1161 2304 1440 2344 murorum
1473 2288 1690 2354 faciem,
1725 2299 1815 2342 aut
1848 2299 2056 2357 putrem
2089 2305 2181 2344 su-

588 2381 740 2436 dium
783 2391 1015 2445 cratem,
1050 2391 1141 2435 aut
1173 2382 1571 2452 propugnacula
1603 2382 1820 2451 vigilum
1846 2383 1967 2436 trita
2001 2390 2182 2452 pecto-

586 2475 736 2529 ribus
765 2474 1086 2530 confidimus
1102 2475 1462 2543 Opitulatura:
1497 2476 1613 2529 solo
1646 2484 1822 2530 tamen
1846 2475 2178 2529 invectarum

596 2576 648 2623 te
668 2577 889 2623 auctore
918 2569 1253 2637 rogationum
1287 2567 1565 2637 palpamur
1596 2568 1795 2622 auxilio
1830 2585 1842 2622 :
1874 2567 2067 2638 quibus
2098 2568 2179 2622 in-

590 2660 851 2716 choandis
878 2660 1365 2731 instituendisqueb
1386 2662 1613 2731 populus
1626 2662 1919 2728 Arvernus,
1936 2661 2045 2716 etsi
2073 2677 2180 2716 non

592 2755 788 2811 eﬂ'ectu
818 2756 957 2825 pari,
1005 2755 1199 2811 affectu
1226 2764 1376 2811 certe
1400 2769 1504 2811 non
1536 2754 1725 2824 impari
1755 2753 1917 2823 coepit
1956 2752 2175 2823 initiari,

586 2859 640 2906 et
678 2849 747 2904 ob
796 2849 897 2903 hoc
927 2848 1268 2904 circumfusis
1296 2848 1525 2903 necdum
1560 2847 1652 2902 dat
1682 2854 1826 2917 terga
1858 2846 2177 2903 terroribus.

585 2937 698 2997 Non
726 2940 868 2996 enim
898 2940 1029 2995 latet
1065 2949 1303 2995 nostram
1336 2941 1791 3005 sciscitationem,
1827 2934 2015 3008 primis
2048 2948 2178 2993 tem-

585 3033 804 3101 poribus
820 3033 1078 3089 harumce
1092 3034 1544 3104 supplicationum
1575 3033 1967 3097 institutarum,
1988 3032 2178 3088 civitas

584 3127 801 3182 caelitus
834 3128 929 3182 tibi
959 3127 1163 3182 credita
1194 3142 1287 3197 per
1325 3124 1625 3194 cujusmodi
1675 3124 2042 3194 prodigiorum
2073 3132 2180 3179 ter-

587 3218 935 3272 riculamenta
964 3217 1308 3273 vacuabatur.
1341 3218 1472 3270 Nam
1498 3216 1658 3271 modo
1678 3224 1699 3250 ο
1716 3229 1892 3272 scenae
1920 3216 2176 3272 mtenium

588 3310 920 3379 publicorum
969 3311 1176 3365 crebris
1223 3319 1379 3363 terra:
1419 3308 1654 3363 motibus
1693 3308 2175 3375 concutiebantur;

2291 2104 2393 2159 tius
2420 2104 2694 2159 oculorum
2724 2116 2882 2171 quam
2924 2101 3204 2157 ﬂuminum
3232 2115 3391 2171 posse
3431 2100 3722 2170 restingui;
3758 2115 3880 2156 mo-

2289 2213 2385 2254 nes
2424 2198 2687 2252 minacem
2746 2206 2903 2251 terrte
2958 2204 3198 2251 motuum
3244 2195 3695 2251 conﬂictationem
3754 2195 3881 2254 ﬁdei

2287 2289 2572 2344 stabilitate
2601 2288 2932 2342 ﬁrmandam.
2966 2287 3129 2358 Cujus
3153 2288 3435 2344 confestim
3466 2304 3671 2360 sequax
3700 2288 3882 2343 burni-

2289 2383 2353 2437 lis
2390 2384 2540 2437 turba
2570 2383 2777 2438 consilii
2809 2428 2821 2449 ,
2854 2381 3147 2451 majoribus
3174 2397 3388 2454 quoque
3418 2384 3529 2439 suis
3564 2385 3666 2439 fuit
3690 2385 3882 2439 incita-

2286 2485 2486 2542 mento,
2519 2489 2655 2545 quos
2698 2490 2817 2530 cum
2865 2490 2974 2528 non
3020 2476 3279 2546 piguisset
3307 2477 3514 2546 fugere,
3550 2477 3733 2533 redire
3771 2493 3881 2533 non

2288 2569 2495 2639 puduit.
2527 2568 2640 2637 Qua
2671 2568 2960 2624 devotione
2987 2568 3227 2638 placatus
3267 2570 3541 2639 inspector
3572 2578 3880 2639 pectorum,

2286 2662 2445 2727 Deus,
2480 2662 2607 2719 fecit
2632 2678 2755 2717 esse
2783 2661 3206 2718 obsecrationem
3234 2672 3468 2718 veSIram
3500 2662 3655 2717 vobis
3677 2662 3877 2729 saluti,

2284 2758 2493 2811 caeteris
2538 2756 2857 2821 imitationi,
2899 2757 3140 2826 utrisque
3181 2755 3453 2824 praesidio.
3504 2756 3747 2831 Denique
3769 2754 3882 2811 illic

2283 2849 2534 2919 deinceps
2564 2865 2670 2904 non
2701 2849 2849 2906 fuere
2877 2850 2960 2906 vel
2993 2850 3184 2905 damna
3210 2850 3527 2917 calamitati,
3557 2850 3645 2905 vel
3670 2858 3880 2905 ostenta

2287 2942 2579 2998 formidini.
2610 2944 2740 3011 Qua:
2778 2944 2957 2998 omnia
3005 2943 3183 2998 sciens
3214 2943 3441 3013 populus
3471 2943 3575 2998 iste
3605 2942 3881 3000 Viennen-

2282 3037 2432 3091 sibus
2450 3036 2566 3091 .tuis
2593 3044 2647 3092 et
2674 3035 2945 3105 accidisse,
2958 3037 3127 3106 prius,
3162 3044 3215 3089 et
3247 3052 3353 3089 non
3376 3036 3675 3091 accessisse
3697 3044 3880 3105 poste-

2282 3128 2413 3193 rius,
2460 3128 2683 3198 vestigia
2729 3136 2835 3181 tam
2894 3136 3257 3183 sacrosanctm
3313 3126 3711 3182 informationis
3765 3141 3881 3181 am-

2283 3221 2531 3291 plectitur
2548 3263 2563 3288 ,
2583 3220 2773 3277 sedulo
2799 3231 3006 3290 petens,
3030 3229 3087 3275 ut
3116 3221 3459 3275 conscientia:
3476 3228 3578 3275 ture
3600 3218 3878 3275 beatitudo

2284 3313 2457 3367 mittat
2479 3312 2777 3368 orationum
2814 3328 3032 3368 suarum
3061 3312 3311 3382 suﬂ‘ragia
3345 3354 3361 3379 ,
3414 3312 3599 3381 quibus
3625 3311 3877 3381 exempla

588 3417 727 3456 nunc
760 3402 908 3471 ignes
942 3416 1085 3469 saepe
1110 3399 1363 3454 ﬂammati
1392 3398 1623 3453 caducas
1652 3397 1945 3453 culminum
1984 3399 2175 3455 cristas
2207 3371 2253 3435 Ο
2287 3406 2601 3461 transmisit.
2624 3405 2689 3460 Et
2710 3406 2832 3476 quia
2860 3406 2953 3460 tibi
2983 3406 3085 3460 soli
3112 3371 3365 3461 concessa
3390 3371 3485 3471 est,
3511 3371 3872 3473 postjavorum
3904 3398 3915 3403 “

588 3493 893 3562 superjecto
941 3490 1245 3545 favillarum
1299 3497 1480 3545 monte
1514 3489 1873 3557 tumulabant;
1904 3505 2044 3546 nunc
2070 3502 2175 3545 stu-

590 3587 760 3655 penda
816 3587 933 3641 foro
977 3584 1171 3640 cubilia
1214 3584 1553 3640 collocabant
1600 3585 1885 3640 audacium
1932 3586 2172 3655 pavenda

589 3678 942 3734 mansuetudo
983 3692 1267 3733 cervorum
1313 3695 1326 3730 :
1375 3693 1496 3732 cum
1552 3688 1605 3732 tu
1632 3672 1774 3733 inter
1803 3678 1902 3732 ista
1933 3676 2173 3732 discessu

590 3774 881 3840 primorum
924 3770 1368 3841 populariumque
1410 3780 1551 3827 statu
1580 3772 1728 3827 urbis
1772 3772 2069 3833 exinanito,
2104 3772 2170 3825 ad

590 3878 727 3916 nova
758 3864 902 3917 celer
934 3873 1176 3918 veterum
1202 3863 1551 3919 Ninivitarum
1594 3866 1840 3933 exempla
1872 3866 2179 3932 decurristi,

597 3970 667 4010 ne
697 3955 893 4010 divina:
922 3956 1276 4011 admonitioni
1308 3968 1393 4012 tua
1426 3973 1640 4027 quoque
1661 3959 1967 4027 desperatio
2000 3960 2185 4013 convi-

592 4051 843 4105 ciaretur.
902 4050 967 4104 Et
1009 4065 1136 4105 vere
1190 4051 1298 4119 jam
1342 4052 1410 4105 de
1448 4051 1560 4106 Deo
1614 4061 1668 4105 tu
1717 4052 1942 4106 minime
1975 4060 2187 4120 poteras

593 4142 793 4210 absque
817 4151 1041 4209 peccato
1078 4150 1200 4211 post
1235 4143 1493 4196 virtutum
1515 4144 1884 4211 experimenta
1908 4144 2181 4202 diffidere.

594 4233 727 4289 Nam
758 4249 878 4289 cum
908 4235 1023 4289 vice
1061 4234 1283 4303 quadam
1315 4235 1503 4289 civitas
1538 4236 1871 4305 conﬂagrare
1911 4240 2185 4307 cmpisset,

668 4360 693 4388 α
734 4350 999 4419 Episcopo
1045 4350 1371 4422 Viennensi,
1421 4350 1486 4404 de
1523 4366 1627 4422 quo
1662 4367 1843 4422 supra.
1891 4355 2180 4412 Mamertus

594 4421 760 4475 etiam
787 4422 983 4475 dicitur
1014 4421 1079 4475 ab
1107 4421 1290 4475 Hilam
1336 4435 1466 4491 papa
1498 4430 1550 4475 et
1580 4421 1801 4491 Lucido,
1829 4426 2006 4487 Avito.
2051 4425 2183 4482 Gre-

597 4492 747 4558 gorio
776 4491 1046 4547 Turon.et
1075 4492 1214 4546 aliis.
1233 4491 1667 4559 QuiMamertum
1700 4496 1960 4561 scribunt,
1979 4513 2007 4551 a
2032 4498 2181 4553 libris

598 4562 826 4634 antiquis
859 4563 1152 4634 discedunt?
1193 4573 1245 4615 et
1295 4578 1322 4615 a
1372 4564 1520 4617 vocis
1562 4566 1788 4634 origine.
1821 4567 1952 4622 Nam
1996 4584 2025 4622 a
2071 4569 2181 4622 Ma-

597 4633 1097 4704 merteiMamertus
1126 4633 1347 4704 dicitur,
1377 4644 1431 4688 et
1458 4651 1486 4688 a
1520 4633 1776 4691 Mamerto
1809 4639 2174 4704 Mamertinus,

599 4703 1121 4779 non_Mamercinu_s.
1167 4701 1301 4779 Cum
1350 4706 1447 4779 hac
1489 4717 1665 4779 autem
1712 4709 1933 4775 epistola
1964 4701 2179 4779 Compa-

2229 3546 2248 3567 ,
2286 3497 2598 3552 memoriam
2625 3537 2640 3561 ,
2684 3496 2764 3551 vel
2808 3495 3172 3553 confessorem
3204 3494 3230 3531 ά
3274 3494 3608 3551 Ambrosium
3635 3492 3871 3548 duorum

2285 3598 2579 3661 martyrum
2633 3598 3001 3659 repertorem,
3052 3590 3103 3642 in
3146 3588 3385 3658 partibus
3442 3588 3588 3643 orbis
3638 3585 3871 3651 occidui,

2283 3684 2532 3754 martyris
2562 3691 2585 3720 ⁸
2616 3681 2853 3738 Ferreoli
2906 3681 3080 3736 solida
3112 3681 3389 3735 translatio
3413 3722 3429 3748 ,
3462 3679 3673 3749 adjecto
3702 3676 3871 3733 nostri

2284 3778 2459 3848 capite
2483 3776 2713 3842 Jnliani,
2747 3775 2889 3845 quod
2929 3774 3085 3830 istinc
3114 3775 3418 3830 turbulento
3448 3773 3721 3844 quondam
3752 3786 3873 3842 per-

2287 3872 2520 3926 secutori
2566 3886 2755 3925 manus
2785 3870 2969 3925 retulit
3006 3880 3227 3925 cruenta
3257 3868 3527 3925 carnificis
3562 3887 3575 3921 :
3605 3882 3714 3922 nou
3743 3867 3877 3934 inju-

2289 3964 2424 4019 rium
2471 3973 2553 4018 est
2575 4005 2590 4030 ,
2622 3962 2762 4033 quod
2792 3977 2889 4033 pro
2925 3962 3364 4033 compensatione
3401 3960 3775 4030 deposcimus,
3818 3966 3879 4011 ut

2293 4058 2445 4110 nobis
2476 4055 2598 4110 inde
2626 4056 2801 4109 veniat
2840 4069 2965 4125 pars
3007 4055 3284 4125 patrocinii
3317 4097 3330 4120 ,
3362 4056 3483 4124 quia
3532 4052 3693 4125 174
3731 4050 3879 4106 vobis

2295 4152 2418 4205 hinc
2444 4150 2599 4205 rediit
2630 4164 2752 4218 pars
2780 4150 3008 4220 patroni.
3043 4149 3246 4206 Memor
3275 4148 3444 4204 nostri
3472 4163 3593 4204 esse
3618 4148 3835 4217 dignare
3858 4184 3878 4211 ,

2292 4245 2507 4300 domine
2531 4258 2683 4314 papa.

2292 4360 2468 4414 Alium
2505 4360 2704 4425 quidem
2752 4359 2990 4412 tubarum
3029 4374 3187 4412 sonus
3225 4366 3273 4412 et
3318 4359 3560 4427 strepitus
3598 4370 3881 4409 armorunv

2290 4432 2449 4484 alium
2489 4429 2725 4499 quaedam
2765 4430 3009 4498 triumphi
3051 4444 3201 4483 scena
3238 4429 3487 4499 deterreat
3527 4444 3546 4481 :
3573 4439 3887 4496 quanquam

2290 4517 2349 4556 ea
2374 4517 2475 4555 vox
2502 4498 2709 4555 ιοιιιεινρ
2740 4501 2937 4554 omissa
2969 4510 3050 4554 est
3082 4500 3135 4553 in
3167 4498 3415 4565 vulgatis.

2362 4570 2385 4608 ά
2420 4572 2494 4626 De
2526 4572 2768 4641 reliquiis
2800 4569 2895 4625 SS.
2924 4570 3166 4625 Gervasii
3216 4578 3271 4624 et
3299 4569 3525 4637 Protasii
3557 4570 3627 4641 ab
3653 4567 3887 4641 Ambro-

2289 4645 2368 4697 sio
2400 4637 2682 4698 Mediolani
2714 4647 2959 4710 repertis,
3011 4641 3326 4695 Ambrosius
3373 4642 3487 4708 ipse
3523 4640 3683 4708 epist.
3732 4637 3793 4692 l5
3821 4649 3887 4710 et

2299 4728 2547 4769 sermone
2576 4713 2638 4767 91
2663 4728 2676 4775 ;
2703 4709 3026 4779 Augustinus
3057 4728 3109 4766 ιχ
3131 4711 3567 4769 Confessionum.
3592 4720 3649 4765 et
3678 4724 3786 4763 xxtt
3810 4709 3890 4763 de

599 4775 765 4853 randa
789 4784 870 4853 est
892 4775 1080 4829 Alcimi
1097 4776 1236 4853 Aviti
1272 4778 1483 4853 homilia
1506 4778 2007 4853 deﬂogationibus,
2032 4775 2183 4851 cujus
2212 4779 2263 4837 D
2288 4783 2545 4850 Civitate;
2571 4775 2860 4853 Gregorius
2878 4783 3082 4837 Turon.
3101 4783 3169 4837 de
3186 4780 3369 4836 Gloria
3388 4789 3707 4853 martyrum,
3727 4779 3817 4835 lib.
3838 4795 3884 4841 I,

600 4848 802 4900 mentio
841 4845 979 4900 facta
1011 4856 1093 4900 est
1123 4846 1188 4900 ad
1213 4847 1370 4915 epist.
1426 4850 1490 4903 14
1514 4891 1526 4912 ,
1563 4848 1656 4903 lib.
1686 4845 1736 4902 v.
1782 4851 1917 4907 Sunt
1946 4845 2187 4908 enim'ut

544 4920 557 4985 _'
599 4926 937 4985 argumento,
967 4917 1045 4971 sic
1074 4926 1180 4970 tota
1215 4921 1533 4973 narrationis
1564 4923 1703 4975 serie
1732 4923 2036 4977 simillimae.

558 4992 563 4999 '
667 4987 697 5027 δ
728 4987 972 5043 Mamerti
1021 4987 1344 5055 Rogationes
1375 5006 1496 5057 quae
1533 4990 1743 5046 Domini
1793 4997 2179 5049 Ascensionem

598 5059 945 5135 antecedunt,
976 5057 1167 5112 imitati
1193 5067 1316 5135 sunt
1340 5075 1445 5115 non
1470 5061 1642 5135 solum
1676 5063 1837 5135 vicini
1858 5066 2041 5135 populi
2064 5065 2182 5120 Gal-

600 5131 702 5197 li:e,
729 5138 789 5184 ut
816 5129 902 5203 hic
935 5131 1081 5183 locus
1096 5129 1397 5203 ostenditet
1416 5134 1699 5186 concilium
1722 5150 1749 5185 v
1768 5129 2174 5203 Aurelianense,

600 5216 782 5273 verum
812 5201 1228 5273 egtiamgcagterze
1276 5201 1543 5273 nationes,
1593 5214 1752 5273 atque
1801 5206 1914 5273 ipsa
1958 5201 2172 5261 tandem

600 5271 789 5337 Roma,
837 5271 1032 5326 Leonis
1057 5270 1124 5324 111
1170 5271 1505 5337 auctoritate,
1557 5284 1611 5326 ut
1655 5270 1851 5329 docent
1899 5278 2171 5333 ritualium

599 5341 863 5417 librorum
878 5352 1145 5417 auctores.
1176 5340 1301 5417 ideo
1328 5341 1564 5417 litaniam
1586 5345 1912 5401 Gallicanam
1939 5348 2171 5417 appella-

600 5420 747 5480 runt,
776 5414 901 5484 quia
931 5414 1047 5482 ejus
1078 5414 1340 5469 institutio
1368 5430 1399 5469 e
1428 5413 1619 5484 Gallia,
1651 5426 1705 5471 et
1735 5413 2175 5473 litanianfinino-

601 5496 739 5557 gem,
786 5494 842 5557 u_t
870 5500 898 5557 a
946 5484 1149 5553 majore
1192 5485 1609 5557 distinguerent,
1667 5504 1784 5557 quae
1812 5505 1883 5544 vtt
1928 5489 2180 5546 calendas

601 5550 733 5608 Maii
751 5550 1074 5611 celebratur.

675 5635 699 5664 °
729 5627 833 5697 71
878 5626 1066 5681 Facies
1113 5630 1386 5684 exterior:
1418 5631 1635 5687 ductum
1676 5647 1705 5685 a
1756 5646 1913 5687 scena
1961 5633 2175 5689 theatri.

598 5690 691 5752 Sic
726 5690 942 5771 see—nam
991 5701 1229 5771 corporis
1277 5701 1409 5755 dixit
1449 5702 1811 5757 'l‘ertnllianus
1857 5705 1921 5758 dc
1970 5704 2177 5771 anima;

598 5777 814 5828 scenam
842 5769 1094 5835 triumphi
1114 5770 1400 5827 Eumenius
1433 5775 1485 5827 in
1510 5778 1825 5843 pancgyrico
1851 5777 1911 5831 de
1939 5777 2141 5831 scholis
2168 5769 2178 5830 ξ

2292 4871 2409 4922 cap.
2444 4858 2531 4911 47.

2364 4920 2386 4963 δ
2419 4925 2660 4981 Ferreoli
2708 4939 2901 4993 corpus
2946 4925 3210 4994 integrum
3260 4937 3380 4978 cum
3427 4921 3606 4989 capite
3650 4920 3879 4994 Iuliani,

2290 4998 2431 5067 quod
2456 4998 2523 5052 ab
2555 4992 3090 5050 Arvernis'Vieunatn
3111 4994 3295 5067 fuerat
3316 4994 3562 5067 allatum,
3597 4992 3895 5067 humiliore

2289 5062 2519 5136 primum
2543 5068 2609 5122 ad
2626 5067 2871 5121 Rhodani
2906 5067 3075 5136 ripam
3110 5065 3326 5120 haesilica
3342 5064 3699 5136 condiderant
3717 5062 3857 5136 Victi

2288 5134 2500 5194 nenses.
2530 5139 2818 5193 Mamertus
2854 5137 2907 5193 in
2937 5134 3251 5206 ampliorem
3283 5134 3569 5190 ecclesiam
3616 5150 3647 5206 a
3678 5148 3738 5206 se
3768 5134 3843 5186 ibi

2290 5210 2411 5265 dem
2440 5218 2801 5265 constructam
2846 5204 3141 5273 transtulit,
3183 5222 3305 5261 cum
3348 5206 3449 5260 hac
3488 5204 3848 5276 inscriptione
3879 5221 3897 5257 :

2404 5323 2592 5372 Heroas
2614 5322 2786 5372 Christi
2810 5323 3032 5384 geminas
3055 5321 3161 5384 haec
3183 5322 3405 5384 continet
3424 5319 3530 5369 aula

2412 5384 2654 5434 Julianum
2676 5382 2853 5447 capite,
2872 5395 3078 5446 corpore
3106 5382 3417 5433 Ferreolum.

2285 5493 2410 5547 Haec
2439 5492 2731 5555 Gregorius
2775 5484 2977 5544 Turnn.
3016 5490 3155 5543 hunc
3199 5505 3414 5560 quoque
3448 5488 3655 5544 Sidonii
3681 5488 3902 5560 ducum

2284 5565 2476 5629 citans,
2522 5564 2591 5617 de
2626 5562 2806 5617 Gloria
2854 5568 3148 5630 martyrum
3181 5556 3273 5614 lib.
3315 5556 3373 5627 ιί,
3423 5575 3543 5630 cap.
3575 5561 3631 5614 2.
3677 5556 3907 5613 Eadem

2287 5645 2583 5705 martyrum
2644 5636 2849 5702 lipsana
2910 5644 3030 5701 post
3066 5632 3459 5705 Saracenicam
3520 5631 3907 5705 direptionem

2284 5699 2591 5760 Wiliéarius
2623 5699 3011 5760 Viennensium
3062 5703 3242 5758 itidem
3294 5704 3607 5772 episcopus,
3645 5699 3910 5772 proprio

2270 5780 2425 5833 intra
2452 5777 2635 5834 urbem
2659 5777 2853 5847 templo
2882 5775 3092 5842 locavit,
3115 5784 3173 5829 ut
3197 5771 3359 5833 refert
3380 5771 3496 5832 Ado
3518 5792 3570 5831 ιιι
3590 5771 3915 5830 Chronico.
