4140 6336
846 310 1177 369 EPISTOLA
1219 310 1276 364 ll.

506 457 750 523 Sidonius
777 453 983 508 domino
1004 466 1149 521 papa
1179 447 1356 503 Greco
1378 447 1611 501 salutem.

353 599 568 659 Oneras,
580 588 1103 648 consummatissime
1119 586 1428 657 pontificum
1440 626 1453 647 ,
1470 579 1853 638 verecundiam

291 708 450 752 meam
482 686 765 745 multifaria
802 682 958 739 laude
989 679 1335 742 cumulando,
1371 680 1415 733 si
1443 676 1567 747 quid
1597 676 1738 747 stylo
1763 690 1858 731 ru-

292 790 504 846 sticante
557 794 930 853 peraravero:
969 788 1126 846 atque
1181 774 1382 853 utinam
1443 780 1594 827 reatu
1651 772 1857 836 c‘areat,

292 879 423 953 quod
446 876 654 947 apicum
685 873 919 943 primore
941 882 1255 939 congressu,
1298 846 1598 937 quanquam
1632 864 1865 917 circum-

294 973 534 1042 scriptus,
583 964 793 1022 veritati
837 959 1147 1043 resultantia
1184 966 1362 1012 tamen
1404 966 1457 1010 et
1492 956 1704 1010 diversa
1735 969 1865 1009 con-

294 1064 462 1122 nexui.
511 1057 828 1130 ignorantia!
872 1053 1134 1124 siquidem
1186 1066 1321 1105 meae
1360 1058 1385 1087 ι
1428 1048 1652 1103 callidus
1692 1047 1866 1101 viator

294 1154 553 1227 imposuit.
589 1151 721 1207 Nam
752 1149 877 1205 dum
916 1147 1090 1203 solum
1123 1144 1436 1200 mercatoris
1466 1141 1755 1213 praetendit
1788 1140 1868 1194 of-

296 1252 481 1313 ficium,
518 1247 722 1301 litteras
749 1257 898 1300 meas
927 1242 993 1296 ad
1034 1241 1275 1296 formatae
1326 1239 1523 1306 vicem,
1572 1238 1780 1293 scilicet
1810 1246 1870 1291 ut

295 1345 472 1406 lector,
507 1338 715 1404 elicuit,
744 1335 837 1391 sed
867 1348 999 1404 quas
1028 1333 1259 1404 aliquam
1279 1331 1571 1402 gratiarum
1594 1329 1866 1385 actionem

292 1435 560 1492 continere
588 1430 878 1486 decuisset.
926 1426 1183 1498 Namque,
1223 1434 1281 1480 ut
1305 1433 1428 1495 post
1456 1426 1719 1494 comperi,
1753 1424 1872 1494 plus

292 1524 695 1584 Massiliensium
723 1520 1054 1592 benignitate
1096 1518 1368 1590 profectus
1399 1527 1483 1573 est
1509 1531 1668 1586 quam
1697 1524 1872 1571 status

292 1620 386 1686 sui,
410 1632 504 1674 seu
542 1631 638 1687 per
660 1629 902 1682 censum,
934 1628 1028 1668 seu
1050 1626 1145 1683 per
1174 1611 1432 1667 familiam
1464 1611 1634 1666 forma
1667 1619 1875 1681 patere-

1509 191 1998 253 EPISTOLKBUS‘!
2038 196 2166 250 LIB.
2216 196 2325 253 VII.

1880 310 1928 369 Α
1959 322 2308 378 aspernanter
2348 314 2652 368 resalutari.
2719 312 2887 385 Agere
2928 330 3045 386 curp
3093 317 3337 387 singulis,
3384 325 3545 387 prout

3432 199 3547 259 566

1962 404 2133 457 astatis
2164 404 2300 459 ratio
2331 407 2693 475 permitteret;
2717 409 3031 478 grandaevos
3047 409 3546 481 obsequiis,aequa3-

1963 509 2061 550 vos
2087 494 2277 551 ofﬁciis
2304 497 2574 568 obligare;
2625 499 2930 569 pudicitiam
2964 515 3072 570 pra:
3101 500 3312 556 caeteris
3341 501 3548 557 sobrie-

1967 599 2236 660 talemque
2262 593 2454 647 sectari
2483 611 2493 647 :
2532 596 2671 665 quod
2697 607 2801 650 tam
2835 596 3158 652 laudandum
3191 597 3242 652 in
3270 596 3551 668 juventute

1966 698 2124 753 quam
2155 700 2356 739 rarum.
2391 688 2754 744 Summatibus
2784 690 3057 762 deinceps,
3103 701 3158 747 et
3200 699 3325 748 tunc
3366 692 3553 747 comiti

1968 776 2190 845 civitati,
2239 794 2344 833 non
2395 780 2570 833 minus
2622 783 2930 852 opportuni,
2980 800 3138 854 quam
3183 784 3554 857 frequentibus

1969 868 2209 925 excubiis
2245 873 2482 941 agnosci,
2539 873 2896 940 innotescere,
2955 877 3396 944 familiarescere;
3449 877 3555 933 sic-

1971 979 2077 1034 qtre
2122 965 2239 1031 ejus
2285 965 2336 1018 in
2388 964 2503 1019 dies
2549 966 2805 1021 sedulitas
2862 969 3125 1037 majorum
3182 969 3557 1026 sodalitatibus

1972 1058 2278 1129 promoveri
2312 1079 2322 1111 :
2359 1060 2538 1115 fovere
2578 1061 2700 1116 boni
2727 1063 2924 1134 quique
2950 1065 3224 1127 certatim,
3268 1067 3407 1122 votis
3436 1080 3558 1121 om—

1974 1164 2091 1218 nes,
2127 1152 2337 1221 plurimi
2361 1153 2620 1217 consiliis,
2654 1153 2844 1222 privati
2868 1154 3042 1219 donis,
3075 1158 3251 1211 cuncti
3282 1157 3560 1213 beneficiis

1974 1247 2257 1319 adjuvare;
2290 1264 2491 1318 perque
2524 1248 2637 1302 haec
2668 1263 2792 1319 spes
2823 1264 3060 1319 opesque
3091 1248 3243 1303 istius
3290 1252 3446 1323 176
3473 1265 3560 1306 ra—

1977 1341 2127 1411 ptim,
2157 1341 2531 1412 saltuatimque
2565 1341 2851 1396 crrmulari.
2881 1340 3041 1396 Forte
3073 1342 3267 1396 accidit
3299 1350 3356 1396 ut
3383 1342 3562 1398 diver-

1975 1434 2120 1488 sorio
2146 1435 2229 1487 cui
2255 1434 2365 1503 ipse
2390 1443 2745 1499 successerat,
2774 1433 3014 1504 qutedam
3038 1434 3232 1489 femina
3254 1450 3359 1489 non
3387 1435 3565 1490 minus

1977 1540 2140 1580 censu
2171 1541 2329 1595 quam
2361 1527 2599 1581 moribus
2631 1526 2821 1582 idonea
2865 1527 3232 1582 vicinaretur:
3269 1526 3421 1597 cujus
3456 1526 3567 1584 filia

1981 1619 2220 1673 infantia:
2265 1618 2373 1688 jam
2423 1617 2749 1687 temporibus
2797 1618 3052 1683 emensis,
3104 1618 3333 1674 necdum
3383 1629 3569 1676 tamen

293 1722 392 1768 tur.
431 1711 568 1777 Qum
600 1718 777 1763 tamen
811 1716 867 1762 ut
894 1714 1041 1777 gesta
1088 1710 1235 1771 sunt,
1291 1705 1335 1760 si
1379 1704 1644 1775 quispiam
1683 1702 1875 1773 dignus
1906 1708 1951 1768 Β
1982 1708 2253 1764 nubilibus
2302 1710 2458 1763 annis
2499 1711 2980 1780 appropinquabat.
3037 1709 3167 1764 Huic
3213 1710 3298 1766 hic
3340 1710 3570 1767 blandus

294 1806 482 1862 relator
518 1804 827 1867 evolveret,
876 1802 1068 1856 ﬁerent
1111 1799 1344 1869 jocunda
1397 1807 1717 1853 memoratu.
1768 1797 1874 1851 Sed

291 1897 542 1969 quoniam
570 1894 768 1961 iubatis
815 1893 950 1961 ipse,
1000 1900 1068 1945 ut
1109 1889 1498 1967 aliquid‘vobis
1529 1905 1556 1942 a
1586 1903 1674 1943 me
1695 1889 1875 1943 lzeturn

291 1992 676 2063 cepiosurnque
724 1988 911 2058 pagina
960 1985 1140 2049 ferat;
1195 1986 1318 2040 date
1359 1986 1589 2048 veniam,
1651 1984 1695 2037 si
1742 1982 1878 2038 hanc

292 2087 453 2155 ipsam
486 2081 759 2137 tabellarii
794 2081 960 2136 nostri
992 2079 1410 2149 hospitalitatem
1435 2078 1657 2133 comicis
1678 2078 1879 2134 salibus

292 2176 731 2249 comparandam,
785 2175 931 2230 salva
982 2183 1282 2229 vestrarum
1339 2173 1547 2227 aurirrm
1591 2172 1879 2227 severitate

294 2273 743 2346 perstringamus;
794 2285 861 2323 ne
904 2267 1143 2324 secundo
1195 2267 1526 2322 insinuatum
1583 2282 1689 2320 non
1738 2280 1879 2320 nunc

294 2367 522 2437 primum
558 2378 719 2419 nosse
743 2361 1037 2418 videamur.
1070 2360 1241 2416 Simul
1268 2370 1322 2415 et
1352 2360 1397 2414 si
1423 2361 1588 2414 moris
1608 2369 1690 2415 est
1721 2374 1878 2428 regu-

294 2460 482 2525 larum,
530 2468 588 2511 ut
617 2472 681 2513 ex
719 2456 940 2510 materia
971 2454 1116 2509 omni
1159 2461 1485 2522 usurpentur
1513 2453 1771 2521 principia
1802 2452 1882 2506 di-

291 2553 464 2621 cendi,
515 2566 615 2607 cur
655 2550 738 2604 hic
767 2564 979 2620 quoque
1005 2546 1361 2617 quodcunque
1390 2544 1521 2600 mihi
1551 2545 1880 2600 sermocina-

297 2654 411 2699 turo
442 2644 671 2698 materia
704 2643 912 2712 longius
959 2648 1229 2708 qureratur
1258 2645 1729 2710 exspectaturque,
1780 2640 1881 2693 nisi

296 2750 348 2794 ut
371 2739 613 2794 sermoni
639 2739 794 2809 175
812 2736 1093 2791 nostro'sit
1121 2736 1233 2804 ipse
1264 2751 1360 2805 pro
1379 2747 1563 2800 causa,
1591 2735 1674 2789 cui
1701 2744 1885 2790 noster

296 2848 475 2888 sermo
505 2833 609 2888 erit
641 2847 737 2901 pro
763 2831 1012 2886 sarcina?
1054 2830 1284 2884 Arverni
1317 2829 1440 2883 huic
1467 2829 1657 2898 patria,
1697 2844 1887 2899 parcn-

295 2938 375 2984 tes
406 2926 676 2982 natalibus
722 2941 827 2979 non
859 2925 1126 2995 srrperbis,
1176 2924 1270 2978 sed
1322 2923 1605 2988 absolutis,
1653 2933 1708 2978 et
1752 2926 1887 2979 sicut

297 3020 429 3075 nihil
462 3020 672 3077 illustre
710 3018 999 3088 jactantes,
1047 3018 1118 3071 ita
1160 3016 1290 3070 nihil
1323 3016 1521 3070 servile
1548 3025 1886 3084 metuentes;

1983 1801 2264 1872 (siquidem
2319 1818 2378 1853 ca
2431 1811 2562 1856 tetas
2611 1802 2910 1871 infantulae,
2945 1812 3003 1857 ut
3048 1803 3221 1857 adhuc
3266 1803 3567 1874 decenter),

1984 1911 2124 1950 nunc
2152 1896 2394 1965 qumdam
2423 1896 2634 1961 frivola,
2658 1912 2799 1952 nunc
2830 1897 2956 1952 ludo
2978 1908 3102 1961 a,rta
3125 1899 3367 1968 virgineo
3388 1907 3571 1955 scruta

1982 1990 2244 2053 donabat;
2299 1990 2492 2060 quibus
2537 1991 2619 2045 isti
2664 2006 2850 2060 parum
2878 1990 3168 2061 grandibus
3194 1990 3372 2047 causis
3404 1991 3573 2061 pluri-

1985 2099 2129 2137 mum
2172 2083 2496 2152 virguncula:
2546 2084 2756 2137 animus
2801 2082 3168 2152 copulabatur.
3220 2083 3359 2139 Anni
3399 2083 3572 2138 obiter

1986 2175 2221 2228 thalamo
2247 2190 2401 2243 pares
2424 2194 2435 2227 :
2456 2174 2581 2245 quid
2607 2192 2788 2230 nroror
2813 2175 3033 2230 multis?
3056 2174 3383 2231 Adolescens
3400 2174 3573 2242 solus,

1986 2268 2185 2331 tenuis,
2222 2268 2556 2337 peregrinus,
2592 2268 2728 2322 filius
2773 2267 3024 2333 familias,
3072 2277 3126 2321 et
3150 2283 3180 2321 e
3221 2268 3389 2337 patria
3421 2276 3575 2337 patre

1987 2376 2092 2415 non
2118 2361 2301 2415 solum'
2326 2376 2430 2414 non
2458 2362 2700 2426 volente,
2748 2376 2934 2415 verum
2973 2359 3131 2415 etiam
3174 2361 3454 2431 ignorante
3487 2360 3577 2416 di-

1987 2455 2236 2523 scedens,
2268 2454 2497 2524 puellam
2544 2470 2648 2508 non
2683 2454 2993 2510 inferiorem
3030 2453 3318 2521 natalibus,
3352 2454 3578 2509 faculta-

1992 2548 2134 2603 tibus
2164 2548 2523 2615 superiorem,
2550 2547 2729 2603 medio
2759 2549 3036 2618 episcopo,
3067 2547 3189 2619 quia
3220 2548 3412 2616 lector,
3436 2546 3579 2603 sola-

1991 2640 2064 2694 tio
2094 2641 2328 2707 comitis,
2373 2644 2495 2712 quia
2533 2644 2724 2708 cliens,
2767 2660 2924 2699 socru
2965 2660 3071 2699 non
3105 2643 3424 2715 inspiciente
3452 2644 3579 2698 sub-

1995 2737 2266 2793 stantiam.
2304 2750 2500 2804 sponsa
2535 2751 2638 2790 non
2672 2736 2989 2805 dispiciente
3020 2728 3328 2806 personam,
3359 2750 3581 2791 uxorem

1994 2830 2145 2895 petit,
2178 2828 2451 2896 impetrat,
2475 2828 2642 2883 ducit.
2675 2826 3103 2885 Conscribnntur
3135 2831 3327 2884 tabula:
3370 2830 3583 2898 nuptia-

1997 2920 2071 2974 les
2105 2939 2117 2975 :
2145 2932 2197 2977 et
2225 2922 2271 2976 si
2304 2938 2404 2991 qua
2440 2922 2558 2976 istic
2591 2923 2920 2993 municipioli
2960 2924 3129 2978 nostri
3177 2923 3582 2993 suburbanitas,

1998 3015 2485 3071 matrimonialibus
2535 3014 2645 3069 illic
2694 3015 2893 3069 inserta
2945 3015 3312 3082 documentis,
3369 3015 3587 3071 mimica

294 3112 535 3167 contenti
566 3126 729 3166 censu
759 3110 992 3175 modico,
1012 3108 1105 3164 sed
1131 3107 1320 3164 eodem
1350 3108 1432 3164 vel
1460 3108 1783 3176 sufficiente,
1809 3114 1891 3166 vel
1922 3099 1965 3161 C
2003 3108 2247 3180 largitate
2280 3108 2554 3163 recitatur.
2580 3108 2802 3164 Peracta
2824 3109 3322 3179 circumscriptione
3351 3109 3586 3179 legitima

297 3206 504 3262 libero:
529 3206 720 3260 militia
752 3205 856 3260 illis
891 3205 942 3258 in
981 3202 1215 3258 clericali
1250 3204 1427 3273 potius
1467 3220 1625 3273 quam
1660 3205 1710 3258 in
1744 3206 1891 3275 pala-

298 3299 414 3354 tino
445 3299 675 3354 decursa
715 3299 994 3353 comitatu.
1026 3297 1183 3352 Pater
1214 3297 1296 3353 isti
1333 3298 1611 3368 granditer
1651 3299 1809 3371 frugi,
1837 3309 1892 3356 et

294 3390 488 3445 liberis
511 3406 698 3458 parum
727 3390 963 3445 liberalis
992 3407 1004 3442 :
1031 3390 1227 3459 quique
1256 3403 1353 3460 per
1377 3390 1594 3444 nimiam
1627 3394 1891 3460 parciore-

293 3480 445 3536 niam
468 3480 652 3548 juveni
682 3479 789 3534 filio
820 3481 939 3550 plus
970 3480 1224 3550 prodesse
1255 3496 1414 3550 quam
1449 3482 1659 3551 placere
1689 3486 1892 3540 malue-

295 3574 390 3627 rit.
417 3572 538 3637 Quo
566 3571 753 3625 relicto
782 3581 908 3625 tunc
940 3587 1072 3640 puer
1098 3572 1196 3626 iste
1238 3588 1331 3625 vos
1360 3573 1510 3641 petiit
1538 3574 1696 3629 nimis
1724 3590 1894 3644 expe-

295 3663 481 3727 ditus;
510 3662 651 3730 quod
678 3670 793 3715 erat
822 3662 1112 3715 maximum
1141 3662 1421 3717 conatibus
1451 3665 1635 3733 primis
1666 3666 1894 3734 imjedi-

295 3764 547 3819 mentum
575 3775 586 3807 :
615 3755 745 3810 nihil
774 3765 857 3811 est
885 3757 1028 3810 enim
1050 3755 1244 3810 viatico
1264 3756 1363 3810 levi
1387 3758 1623 3827 gravius.
1642 3760 1891 3814 Attamen

296 3849 513 3918 primus
544 3848 618 3903 illi
657 3849 708 3903 in
748 3858 923 3904 restra
948 3848 1145 3903 momia
1171 3850 1302 3904 satis
1326 3850 1594 3905 secundus
1617 3852 1887 3908 introitus.

296 3939 323 3982 δ
359 3940 550 3996 Sancti
584 3941 857 3997 Eustachii
884 3940 974 4011 qui
1009 3939 1155 3995 vobis
1179 3940 1431 4010 decessit,
1476 3951 1713 3999 actutum
1745 3944 1921 4000 dir-t0'

296 4036 554 4105 factoque
600 4035 813 4103 gemina
864 4033 1166 4089 benedictio
1217 4044 1298 4088 cst
1346 4053 1355 4086 :
1404 4035 1693 4106 ImSpitimn
1747 4039 1893 4094 brevi

298 4127 612 4199 quaesitum,
637 4127 749 4196 jam
785 4125 1057 4181 Eustachii
1087 4142 1214 4181 cura
1240 4127 1394 4183 facile
1427 4128 1723 4197 inventum,
1758 4134 1897 4187 cele-

299 4222 436 4278 riter
473 4219 699 4285 aditum,
739 4219 972 4275 civiliter
1002 4219 1257 4275 locaturn.
1288 4221 1405 4275 Jam
1437 4223 1666 4291 primum
1699 4226 1891 4281 crebro

300 4328 529 4369 accursu
557 4311 807 4368 excolere
828 4312 1053 4377 vicinos,
1082 4312 1373 4369 identidem
1410 4315 1477 4369 ab
1509 4316 1575 4371 iis
1606 4318 1720 4387 ipse
1751 4320 1891 4377 haud

1996 3212 2049 3254 et
2083 3201 2266 3256 fraude
2307 3202 2555 3265 solemni,
2604 3202 2747 3257 levat
2790 3201 3008 3258 divitem
3052 3202 3332 3271 conjugetu
3384 3216 3586 3271 pauper

1996 3295 2273 3351 adamatus
2309 3313 2321 3350 :
2353 3306 2407 3351 et
2439 3297 2723 3366 diligenter
2757 3313 2876 3365 quae
2916 3298 2982 3352 ad
3021 3312 3264 3352 socerum
3314 3298 3588 3368 pertinue-

1998 3400 2117 3445 rant
2149 3389 2354 3443 rimatis
2387 3383 2819 3459 convasatisque,
2862 3405 2969 3445 non
3011 3404 3174 3460 parvo
3213 3391 3372 3445 etiam
3410 3390 3587 3445 corol—

1996 3486 2128 3538 lario
2176 3484 2480 3538 facilitatem
2530 3483 3010 3553 credulitatemque
3062 3483 3442 3538 muniﬁcentiae
3491 3497 3585 3538 so—

1996 3576 2195 3631 crualis
2223 3591 2507 3645 rnungens,
2557 3578 2791 3643 receptui
2842 3579 2893 3630 in
2947 3578 3171 3644 patriam
3213 3577 3409 3630 cecinit
3449 3591 3590 3644 prte-

1996 3668 2237 3736 stigiator
2276 3667 2523 3720 invictus.
2581 3667 2699 3731 Quo
2746 3667 2987 3734 profecto
3037 3677 3208 3721 mater
3252 3666 3442 3734 puella:
3490 3679 3588 3734 pro

2002 3773 2022 3799 ο
2060 3759 2414 3831 hyperbolicis
2445 3757 2817 3812 instrumentis
2838 3759 2999 3826 coepit
3027 3758 3296 3811 aetiouern
3328 3767 3590 3825 repetun-

1998 3855 2185 3909 darum
2219 3854 2354 3907 velle
2385 3866 2717 3921 proponere;
2770 3864 2821 3904 et
2866 3859 2989 3904 tunc
3028 3852 3245 3905 demum
3282 3849 3349 3904 de
3379 3849 3590 3903 manci-

1998 3949 2207 4018 piorum
2259 3943 2591 4014 sponsalilim
2624 3944 2928 3997 donationis
2960 3944 3113 4015 177
3154 3942 3421 4013 paucitate
3452 3953 3589 3996 ωω-

1997 4058 2135 4101 rere.
2157 4040 2368 4109 quando
2388 4040 2496 4107 janr
2530 4040 2597 4094 de
2621 4048 2873 4106 nepotum
2896 4036 3280 4092 numerositate
3299 4033 3589 4105 gaudebat.

1997 4138 2077 4191 Ad
2127 4136 2263 4189 hanc
2317 4134 2627 4203 placandam
2680 4142 2864 4187 noster
2898 4132 3213 4202 Hippolytus
3244 4137 3585 4200 perrexerat,

1993 4247 2111 4286 cum
2145 4232 2349 4283 litteras
2396 4243 2540 4281 meas
2583 4226 2732 4296 prius
2779 4226 2993 4283 obtulit.
3047 4225 3268 4280 Habetis
3313 4222 3593 4279 historiam

1998 4323 2211 4393 juvenis
2239 4319 2421 4375 eximii
2451 4338 2461 4371 :
2499 4318 2730 4373 fabulam
2762 4315 2787 4355 ἀ
2818 4318 3032 4374 Milesiae
3054 4317 3138 4374 vel
3160 4317 3351 4373 Atticae
3377 4328 3588 4387 parem.

373 4506 399 4535 ε·
428 4501 737 4552 Amantius.
790 4495 863 4566 Ita
902 4507 1052 4566 enim
1083 4504 1236 4548 vocat
1267 4494 1496 4566 cpistola
1529 4496 1559 4548 7
1607 4505 1660 4551 et
1694 4498 1753 4552 ll
1792 4499 1892 4553 hu-
1927 4504 1976 4564 ι)
2005 4500 2162 4555 tionis
2212 4505 2429 4566 propter
2473 4509 2721 4566 nuptias,
2760 4509 2920 4554 quam
2970 4493 3294 4566 hypobolum
3333 4506 3364 4545 a
3390 4489 3597 4566 (ξι-φάε

304 4571 588 4640 jusce;et_
614 4578 775 4640 supra
825 4564 1185 4640 indicavimus
1215 4564 1280 4619 ad
1335 4565 1427 4618 hb.
1494 4581 1544 4640 vt
1574 4608 1589 4631 ,
1628 4568 1701 4640 8.,
1728 4569 1897 4625 Porro

302 4635 408 4694 non
455 4635 802 4701 dissimilem,
850 4645 905 4689 at
953 4637 1226 4690 contrario
1272 4646 1472 4692 eventu
1520 4637 1794 4693 historiam
1831 4643 1899 4695 de

302 4706 619 4767 Andarchio
641 4705 982 4772 Massiliensi,
1027 4708 1115 4777 qui
1150 4706 1268 4762 Ursi
1311 4707 1444 4761 civis
1473 4708 1700 4777 Arverni
1737 4712 1897 4765 filiam

302 4794 536 4843 uxorem
565 4777 758 4832 callida
783 4778 970 4834 fraude
997 4779 1240 4849 appetiit,
1283 4777 1441 4833 habet
1466 4776 1755 4848 Gregorius
1790 4782 1897 4835 Tu-

300 4870 423 4915 που.
458 4850 555 4906 lib.
590 4863 664 4914 Iv,
696 4863 837 4902 xcvr.

375 4923 402 4963 δ
438 4919 831 4985 Massiliensem
862 4917 1171 4973 cathedram
1203 4919 1392 4974 ordine
1433 4928 1686 4973 rexerant
1718 4920 1898 4977 Verre-

307 4996 438 5062 rius,
476 4990 797 5063 Eustathius
838 4998 893 5044 et
932 4986 1149 5043 Grmcus
1177 4989 1437 5063 episcopi.
1488 4989 1733 5063 Decessit
1772 5008 1900 5063 ergo

306 5058 501 5127 Graeco
544 5058 880 5127 Eustathius,
926 5063 1041 5115 sive
1087 5068 1143 5112 ut
1173 5061 1258 5114 alii
1291 5061 1548 5125 scribunt,
1598 5058 1897 5118 Eustasius.

310 5140 393 5191 Sic
422 5134 572 5192 enim
617 5132 810 5203 legitur
848 5134 903 5203 ign
948 5131 1173 5203 epistola
1215 5131 1379 5203 Hilari
1410 5145 1561 5201 papa:
1602 5150 1743 5188 anno
1771 5134 1897 5190 46‘.

311 5204 628 5262 Eustathius
674 5200 811 5272 apud
842 5201 1175 5258 Gennadium
1223 5204 1289 5258 de
1328 5200 1691 5271 Scriptoribus
1722 5209 1899 5262 eccle—

314 5280 549 5333 siasticis
573 5277 623 5329 in
656 5273 862 5329 Huseo.
1072 5291 1088 5307 ο

386 5363 406 5387 ε
438 5349 553 5421 Alii
579 5345 1024 5421 per/ryperbolicis.
1060 5343 1172 5421 Jac.
1206 5345 1476 5421 Cujacius,
1523 5347 1613 5421 vir
1642 5349 1814 5419 magni
1847 5357 1901 5404 et

317 5420 493 5475 exacti
537 5418 755 5487 iudicii,
814 5416 1112 5489 legenduur'
1144 5416 1329 5489 censet
1377 5416 1663 5487 hypobolict
1698 5416 1897 5489 fquorl

316 5491 470 5549 valde
515 5491 829 5561 probarem,
868 5487 912 5540 si
957 5487 1177 5561 alicujus
1225 5487 1427 5557 antiqui
1462 5489 1597 5561 _|_ihri
1644 5487 1899 5561 sull‘ragio

324 5563 603 5617 niteretur.
663 5558 737 5612 De
785 5560 865 5611 his
895 5557 1036 5611 enirn
1081 5568 1160 5612 est
1200 5574 1399 5612 sermo.
1462 5558 1653 5613 Verum
1695 5557 1900 5615 ulroi‘is

328 5633 483 5687 modo
517 5632 681 5699 legas,
728 5628 866 5683 idem
909 5639 989 5682 est
1017 5644 1228 5701 sensus.
1280 5629 1413 5682 Nam
1463 5638 1549 5682 aut
1585 5631 1898 5701 hyprrbolica

332 5702 450 5759 licit
481 5704 832 5759 instrumenta
863 5700 1207 5769 sponsalitiae,
1260 5709 1315 5754 ut
1360 5714 1483 5756 mox
1513 5700 1683 5768 vocat,
1734 5703 1901 5759 dona-

2004 4562 2259 4639 appellari
2308 4562 2503 4639 docent
2544 4566 2679 4633 jurrs
2713 4562 3067 4639 interpretes;
3122 4572 3211 4639 aut
3246 4562 3597 4639 hyperbolica

2006 4631 2093 4694 illa
2128 4638 2314 4693 eadem
2348 4631 2725 4693 instrumenta,
2778 4634 2828 4686 i.r
2862 4631 3072 4700 quibus
3110 4631 3597 4700 Arnantiusgruulta

2007 4710 2228 4780 prmdia,
2264 4722 2367 4780 non
2399 4721 2495 4780 sua
2524 4706 2617 4757 sed
2650 4705 2843 4764 aliena,
2874 4698 3127 4780 hypoboli
3155 4702 3370 4780 nomine
3399 4698 3598 4780 hyper-

2008 4769 2180 4834 bolice
2209 4777 2431 4845 largitus
2462 4774 2635 4827 fuerat
2666 4790 2834 4845 :iane
2866 4769 3003 4825 nunc
3030 4772 3098 4845 ab
3119 4775 3235 4839 ipso
3272 4769 3601 4845 frustrasci-

2009 4851 2133 4904 licet
2183 4840 2622 4917 reposcebantur.
2673 4844 2938 4897 Caeterum
2973 4840 3600 4917 ‘adrnotretsponsalitire

2010 4912 2318 4975 donationis
2354 4919 2577 4979 mentio,
2631 4925 2686 4966 nt
2735 4929 2921 4968 vocem
2973 4914 3107 4967 hanc
3137 4912 3385 4967 Eutrodio
3415 4919 3601 4965 nostro

2012 4992 2357 5047 restituarnus
2383 5006 2395 5040 :
2422 4989 2473 5041 in
2509 4987 2625 5042 \‘ira
2666 4985 2968 5054 Epiphattii,
2999 4985 3153 5053 cujus
3182 4983 3354 5054 oratio
3396 4981 3603 5054 descri-

2009 5062 2151 5118 bitur
2178 5063 2285 5134 72
2436 5051 2844 5134 Gundobaldurn
2865 5051 3097 5134 regem:
3124 5054 3205 5134 S_t't
3224 5094 3239 5119 ,
3270 5051 3440 5124 inquit
3461 5053 3603 5134 ιῄῙίῑιίἐ

2009 5136 2084 5188 tui
2111 5124 2414 5202 sportis-alitur
2449 5131 2679 5199 largitas,
2703 5200 2708 5202 _
2730 5124 2985 5202 ubsgtuti'o
3026 5128 3340 5202 captiuorum
3374 5141 3390 5178 :
3420 5124 3603 5191 offerat

2010 5197 2174 5275 parte:
2206 5222 2312 5258 sum
2345 5197 2547 5275 munus,
2572 5200 2710 5275 quod
2736 5210 2779 5252 et
2802 5197 3042 5275 _Ch_ristus
3069 5197 3305 5275 accipiat.

2084 5274 2109 5312 ἀ
2145 5275 2424 5344 Nunquam
2456 5265 2695 5328 dubitavi
2728 5269 2852 5344 quin
2882 5270 2950 5344 ita
2981 5265 3241 5344 scriptum
3281 5275 3481 5344 esset_a

2011 5347 2197 5411 donio,
2232 5337 2335 5400 non
2371 5344 2586 5407 militiw,
2616 5337 2770 5408 cujus
2804 5341 2915 5411 hoc
2932 5340 3051 5393 loco
3081 5338 3255 5411 aliena
3285 5347 3368 5394 est
3393 5337 3602 5407 signifi-

2011 5409 2193 5473 catio.
2229 5418 2559 5471 Mlesiorum
2609 5428 2736 5468 vero
2781 5409 2991 5475 fabulae,
3033 5409 3306 5465 amatoriae
3335 5420 3510 5475 erant,
3551 5417 3607 5465 et

2003 5492 2302 5545 ἀκόλαστοι.
2328 5489 2505 5555 Quare
2526 5484 2741 5539 Milesia:
2771 5480 3018 5555 dicuntur
3040 5496 3229 5555 omnes
3253 5480 3370 5555 ejus
3389 5479 3607 5555 generis

2003 5570 2056 5616 et
2087 5551 2412 5630 argumenti,
2464 5560 2513 5630 in
2546 5570 2657 5625 quo
2690 5551 2948 5630 cacelluit
2975 5552 3257 5630 Aristides.
3286 5552 3605 5630 Plutarchus

2004 5632 2056 5686 iu
2091 5621 2308 5693 Crasso,
2368 5630 2431 5682 de
2466 5621 2674 5681 Surena
2710 5624 2965 5679 Seleucia:
2998 5621 3359 5690 triumphante
3386 5641 3399 5677 :
3424 5632 3519 5683 Ti,»
3550 5623 3605 5678 δέ

2003 5708 2279 5776 γερουσίαν
2309 5709 2403 5754 τῶν
2430 5698 2701 5754 Σελευκέων
2730 5698 2965 5768 ἀθροίσας
3004 5700 3286 5766 εἰσήνεγκεν
3333 5695 3595 5753 ἀκόλαστα
