4140 6336
552 3279 708 3339 papa.

541 252 647 311 567
1830 249 2069 306 SIDONII
2111 251 2561 310 APOLLINARIS

520 370 715 430 "Simul
740 379 793 426 et
823 356 1295 442 ignoscitepmter
1321 384 1533 442 aequum
1566 369 1909 442 epistolarem
1931 369 2131 426 formu-
2160 375 2209 434 Α
2239 373 2529 444 quidquam
2560 370 2856 444 pontiﬁcali
2892 370 3148 444 deperire
3171 385 3447 446 persona;
3474 376 3617 449 quod
3646 392 3834 437 sacer-

549 464 654 520 lam
679 463 972 534 porrigenti
999 482 1010 516 :
1036 478 1194 534 quam
1219 464 1288 519 ob
1316 464 1419 519 hoc
1445 470 1586 537 stylo
1608 474 1852 522 morante
1880 465 2131 536 produxi,

484 560 490 585 ‘
547 570 608 613 ut
647 573 753 615 non
797 570 1045 630 tanquam
1093 560 1331 631 ignotum
1379 561 1718 632 reciperetis,
1764 576 1922 633 quem
1963 560 2137 617 civem

547 648 825 706 beneflciis
855 650 1183 708 reddidistis.
1229 651 1436 709 Pariter
1465 661 1522 709 et
1549 662 1737 710 natura
1769 663 2136 725 comparatum

548 751 653 810 est,
689 753 745 798 ut
770 744 963 814 quibus
1001 746 1358 817 impendimus
1404 749 1663 819 studium,
1717 761 2034 822 praestemus
2060 754 2140 807 al-

547 836 769 895 lectum.
791 838 898 895 Vos
923 854 1054 896 vero
1072 843 1416 899 Eustachium
1443 846 1749 914 pontiﬁcem
1777 854 1903 901 tunc
1928 861 1993 901 ex
2018 860 2140 902 asse

552 931 715 1000 digno
742 931 959 990 hatrede
987 935 1289 992 decessisse
1315 936 1705 1004 monstrabitis,
1731 938 1776 992 si
1826 946 1885 991 ut
1922 938 2135 1007 propin-

550 1024 670 1093 quis
698 1027 1028 1097 testamenti,
1074 1028 1153 1083 sic
1183 1028 1471 1084 clientibus
1505 1028 1790 1099 patrocinii
1832 1029 2004 1099 legata
2033 1028 2141 1083 sol-

550 1119 705 1176 vatis.
740 1121 898 1178 Ecce
926 1124 1099 1191 parui,
1131 1131 1185 1180 et
1214 1123 1515 1180 obedientis
1563 1123 1794 1179 ofﬁcium
1828 1122 2141 1194 garrulitate

550 1215 840 1287 complevi,
874 1215 998 1273 licet
1028 1218 1299 1289 negotium
1332 1218 1548 1274 indocto
1578 1218 1668 1289 qui
1712 1217 2029 1287 prolixitatis
2060 1217 2140 1273 in-

548 1309 743 1380 jungit,
768 1324 910 1380 :cgre
936 1309 1081 1367 ferre
1108 1326 1217 1367 non
1244 1311 1462 1380 debeat,
1492 1313 1537 1366 si
1566 1326 1674 1367 non
1698 1318 1804 1367 tam
1828 1312 2141 1382 eloquentes

551 1404 811 1475 epistolas
837 1404 1041 1474 recepit
1082 1420 1243 1477 quam
1274 1405 1546 1476 loquaces.
1586 1405 1791 1461 Memor
1821 1406 1989 1461 nostri
2020 1419 2141 1462 esse

551 1494 792 1566 dignare,
820 1495 1039 1554 domine
1071 1511 1229 1567 papa.

1112 1590 1451 1647 EPISTOLA
1492 1591 1580 1646 lll.

714 1685 961 1742 Sidonius
991 1686 1199 1741 domino
1222 1702 1371 1757 papa:
1399 1696 1426 1724 ει
1455 1686 1710 1758 Megethio
1739 1688 1975 1742 salutem.

3725 254 3835 319 568

2243 465 2375 522 dotii
2417 465 2680 537 fastigium
2708 480 2816 522 non
2856 466 3099 537 frangitis
3140 468 3417 537 comitate,
3467 471 3563 526 sed
3595 471 3831 533 ﬂectitis.

2243 558 2443 629 Quibus
2466 558 2662 630 agnitis
2682 559 2760 616 sic
2787 559 3174 627 inardesco,~ut
3200 568 3312 617 tum
3339 577 3426 620 me
3447 562 3547 619 sim
3582 564 3831 622 felicissi-

2244 670 2387 709 mum
2412 653 2769 724 iudicaturus,
2800 668 2922 709 eum
2953 653 3086 709 mihi
3114 668 3296 711 coram
3321 656 3498 727 posito
3528 658 3631 714 sub
3650 658 3831 715 divina

2242 763 2344 819 ope
2372 748 2676 818 cOntigerit,
2702 755 2809 803 tam
2848 762 3097 805 securum
3120 748 3187 805 de
3210 750 3322 806 Deo
3350 766 3450 807 suo
3476 762 3683 823 pectus,
3708 754 3834 812 licet

2244 839 2685 911 prazsumptiosis,
2722 830 2877 912 179
2913 840 3075 897 arctis
3119 850 3298 898 tamen
3329 843 3511 901 fovere
3530 846 3829 916 complexi-

2243 933 2363 988 bus.
2402 934 2645 1003 Accipite
2691 932 3039 989 conﬁtentem
3082 949 3096 987 :
3130 935 3365 1006 suspicio
3410 935 3626 1007 quidem
3672 939 3834 996 nimis

2242 1039 2488 1093 severos,
2518 1034 2572 1081 et
2602 1024 2984 1081 imbecillitatis
3003 1039 3139 1082 mea:
3165 1028 3438 1096 conscius,
3460 1030 3835 1099 mquanimiter

2245 1119 2359 1175 fero
2389 1134 2612 1191 asperos
2650 1119 2819 1174 mihi:
2852 1120 2946 1176 sed
2970 1161 2984 1186 ,
3031 1121 3173 1191 quod
3215 1121 3491 1178 fatendum
3532 1133 3636 1189 est,
3686 1124 3836 1181 hisee

2244 1215 2483 1270 moribus
2514 1213 2727 1270 facilius
2751 1215 3054 1271 humilitate
3081 1216 3465 1285 submittimur,
3497 1233 3657 1289 quam
3689 1219 3839 1275 fami-

2244 1306 2475 1363 liaritate
2500 1307 2789 1363 sociemur.
2843 1308 2897 1362 In
2928 1322 3160 1376 summa,
3194 1309 3395 1367 viderit
3418 1326 3522 1383 qua
3551 1312 3837 1369 conscien-

2246 1400 2331 1454 tiae
2361 1399 2489 1455 dote
2515 1407 2806 1471 turgescat,
2849 1400 2940 1471 qui
2974 1414 3033 1456 se
3058 1398 3431 1457 ambientibus
3446 1402 3680 1473 rigidum
3707 1403 3835 1459 red-

2244 1491 2321 1546 dit
2346 1509 2357 1545 :
2382 1506 2481 1562 ego
2511 1500 2692 1548 tamen
2719 1506 2928 1548 morum
2954 1491 3098 1547 illius
3132 1494 3412 1550 aemulator
3439 1509 3562 1552 esse
3605 1498 3840 1568 praeele-

2243 1586 2435 1654 gerim,
2469 1585 2743 1655 quietiam
2772 1585 2932 1657 longe
2956 1585 3256 1656 positorum
3301 1588 3525 1645 incitare
3562 1588 3615 1645 in
3658 1606 3720 1646 se
3751 1591 3839 1646 af-

2244 1677 2408 1732 fectat
2456 1677 2723 1733 allectum.
2781 1677 2916 1733 lllud
2960 1693 3174 1749 quoque
3222 1679 3355 1735 mihi
3408 1680 3550 1737 inter
3596 1682 3842 1741 maxima

625 1778 721 1835 Diu
751 1779 1085 1847 multumque
1114 1778 1432 1844 deliberavi,
1472 1793 1772 1849 quanquam
1802 1779 1931 1834 mihi
1962 1779 2142 1835 animo
2171 1766 2218 1827 Β
2246 1768 2520 1839 granditer
2547 1768 2696 1825 Cordi
2727 1778 2830 1835 εει.
2863 1770 3004 1841 quod
3040 1770 3375 1841 apostolatus
3402 1774 3568 1829 vestri
3601 1776 3844 1845 patroci-

551 1872 774 1928 aﬂ‘ectus
803 1871 1087 1942 studioque
1118 1872 1336 1941 parendi
1365 1872 1769 1937 sollicitaretur,
1810 1889 1876 1927 an
1910 1871 2145 1928 destina-

554 1980 691 2031 rem,
735 1964 894 2020 sicuti
927 1963 1182 2035 injungis,
1215 1964 1725 2020 contestatiunculas
1760 1979 1890 2033 quas
1922 1965 2037 2034 ipse
2066 1964 2145 2020 di-

549 2057 713 2114 ctavi.
733 2057 876 2115 Vicit
896 2056 963 2113 ad
988 2056 1235 2112 ultimum
1260 2057 1547 2123 sententia,
1572 2072 1691 2127 qua:
1723 2056 1818 2112 tibi
1839 2057 2141 2127 obsequen-

549 2150 679 2207 dum
708 2149 1041 2207 deﬁniebat:
1065 2162 1193 2219 ergo
1225 2149 1393 2219 petita
1425 2149 1719 2204 transmisi.
1750 2150 1815 2203 Et
1836 2150 1962 2218 quid
1983 2149 2145 2204 modo

549 2242 835 2299 dicemus?
885 2241 1176 2313 grandisne
1227 2240 1342 2295 haec
1372 2240 1723 2297 obedientia?
1754 2250 1883 2310 puto
1927 2240 2146 2310 grandis

549 2334 951 2406 est:grandior
997 2335 1327 2406 impudentia
1373 2344 1572 2389 tamen.
1619 2333 1731 2387 Hac
1778 2334 1921 2389 enim
1971 2332 2146 2388 fronte

546 2442 851 2505 possemus,
876 2429 1185 2492 ﬂuminibus
1219 2431 1377 2508 ηε
1401 2442 1588 2505 aquas,
1617 2426 1769 2488 silvis
1806 2427 1951 2503 ligna
1975 2436 2144 2488 trans-

549 2525 765 2582 mittere
815 2544 826 2579 :
882 2526 983 2581 hac
1026 2528 1170 2583 enim
1235 2527 1541 2583 temeritate
1577 2526 1821 2596 Apellem
1871 2527 2141 2597 peniculo,

548 2620 694 2678 cmlo
736 2620 1015 2690 Phidiam,
1066 2621 1263 2678 malleo
1311 2620 1645 2693 Polycletum
1710 2634 2139 2674 muneraremur.

550 2714 716 2770 Dabis
746 2730 874 2787 ergo
906 2715 1118 2771 veniam
1147 2716 1577 2787 praesumptioni,
1628 2728 1762 2784 papa
1802 2721 2007 2779 sancte,
2058 2713 2141 2767 fa-

547 2806 745 2875 cunde,
778 2807 1124 2874 venerabilis,
1157 2824 1276 2877 quae
1307 2807 1625 2863 doctissimo
1652 2806 1891 2861 examini
1921 2813 2013 2860 tuo
2043 2820 2140 2860 na-

549 2898 708 2954 turali
740 2900 1060 2969 garrulitate
1100 2901 1416 2956 deblaterat.
1456 2900 1628 2955 Habet
1662 2899 1997 2954 consuetudo
2042 2915 2141 2953 no-

548 3001 659 3049 stra
687 3009 786 3063 pro
816 2994 943 3062 ritu,
977 3002 1037 3049 ut
1067 3003 1121 3051 et
1150 2995 1196 3049 si
1225 3010 1393 3065 pauca
1423 2994 1553 3064 edit,
1594 2994 1759 3049 multa
1794 2994 2100 3049 conscribat
2125 3012 2137 3048 :

548 3086 715 3142 veluti
740 3097 823 3143 est
851 3088 1073 3144 canibus
1110 3088 1374 3157 innatum,
1415 3098 1471 3143 ut
1501 3096 1555 3143 et
1584 3089 1627 3143 si
1662 3103 1768 3142 non
1809 3087 2024 3153 latrant,
2056 3096 2136 3142 ta-

2247 1865 2393 1918 nium
2416 1865 2692 1933 copiosum
2717 1866 3019 1950 verissimis
3043 1865 3277 1923 dominis
3300 1867 3495 1925 animae
3515 1885 3671 1936 mete,
3696 1871 3846 1928 Sim-

2246 1956 2408 2027 plicio
2432 1956 2819 2027 etApollinari,
2854 1958 3142 2014 intermina
3174 1960 3563 2018 intercessione
3586 1964 3847 2022 conferre

2251 2064 2347 2104 vos
2375 2049 2635 2119 comperi.
2667 2049 2726 2106 Si
2753 2065 2941 2107 verum
2972 2060 3075 2117 est,
3102 2066 3233 2123 rogo
3278 2060 3339 2108 ut
3383 2068 3490 2108 non
3528 2054 3848 2114 habeatve-

2248 2150 2355 2195 stra
2385 2142 2578 2197 caritas
2600 2143 2759 2198 ﬁnem
2783 2160 2798 2199 :
2833 2144 2878 2199 si
2912 2143 3103 2199 falsum
3132 2152 3238 2214 est,
3270 2155 3393 2213 peto
3421 2155 3475 2201 ut
3496 2161 3602 2202 non
3623 2147 3851 2207 diﬂ'erat

2250 2234 2448 2292 habere
2498 2237 2840 2307 principium.
2897 2238 3165 2295 Prmterea
3228 2239 3548 2296 commendo
3590 2243 3846 2311 gerulum

2250 2328 2567 2395 litterarum,
2613 2330 2698 2385 cui
2736 2330 2882 2398 istic,
2930 2330 2981 2386 id
3012 2340 3116 2399 est,
3166 2332 3220 2387 in
3254 2331 3569 2389 Vasionensi
3613 2337 3842 2406 oppido,

2248 2421 2498 2496 quiddam
2525 2423 2862 2479 necessitatis
2900 2432 3146 2479 exortum
3175 2427 3352 2481 sanari
3382 2435 3575 2483 vestrae
3603 2431 3847 2485 auctori-

2242 2520 2367 2575 tatis
2400 2517 2711 2578 reverenliat
2757 2518 2996 2594 pondere
3026 2528 3222 2596 potest.
3276 2521 3478 2579 Memor
3515 2526 3683 2582 nostri
3715 2540 3844 2583 esse

2246 2611 2487 2683 dignare,
2518 2613 2735 2670 domine
2766 2630 2923 2686 papa.

2810 2709 3143 2767 EPISTOL‘A
3182 2711 3246 2767 V.

2417 2799 2664 2855 Sidonius
2694 2801 2902 2856 domino
2934 2818 3082 2871 papa:
3103 2800 3131 2841 ἶ)
3152 2804 3384 2875 Agroecio
3412 2804 3652 2863 salutem.

2316 2891 2576 2947 Bituricas
2621 2893 2839 2950 decreto
2889 2894 3082 2951 civium
3135 2897 3333 2966 petitus
3383 2896 3621 2955 adveni:
3671 2888 3841 2960 causa

2244 2983 2345 3040 fuit
2370 2987 2703 3043 evocationis
2735 2990 2971 3045 titubans
2997 2991 3257 3046 Ecclesiae
3283 3000 3486 3059 status;
3519 3008 3640 3065 quae
3660 3009 3840 3067 nuper

2243 3094 2454 3134 summo
2477 3081 2692 3137 viduata
2716 3084 2987 3153 pontifice,
3011 3086 3286 3156 utriusque
3315 3087 3661 3155 professionis
3685 3090 3840 3147 ordi-

550 3192 677 3233 men
707 3177 957 3235 bimam,
1003 3181 1208 3236 Memor
1245 3181 1415 3235 ηοειιιί
1463 3195 1584 3236 esse
1624 3181 1875 3249 dignare,
1924 3181 2141 3237 domine
2169 3159 2215 3222 C
2248 3173 2404 3228 nibus
2426 3176 2693 3231 ambiendi
2717 3178 3291 3249 sacerdotiiquoddam
3311 3180 3593 3237 classicum
3617 3183 3834 3239 cecinit.

1113 3362 1445 3419 EPISTOLA
1490 3364 1574 3418 tv.
1748 3437 1757 3443 ὁ

760 3456 1009 3511 Sidonius
1035 3458 1240 3511 domino
1271 3475 1418 3530 papae
1450 3456 1667 3511 Fonteio
1696 3458 1932 3535 salutem.

624 3551 901 3607 Insinuare
928 3565 1275 3621 quoscunque
1316 3552 1427 3621 jam
1462 3566 1651 3620 paveo,
1700 3552 1819 3621 quia
1871 3565 2144 3607 commen—

553 3645 695 3700 datis
726 3660 823 3700 nos
852 3645 1044 3700 damus
1090 3645 1274 3707 verba,
1328 3661 1423 3700 vos
1453 3662 1675 3702 munera
1706 3664 1720 3702 :
1752 3656 2003 3717 tanquam
2036 3663 2140 3703 non

553 3736 928 3807 principalitas
957 3737 1028 3791 sit
1052 3738 1320 3793 censenda
1354 3738 1621 3803 beneﬁcii,
1653 3740 1794 3809 quod
1832 3755 1860 3792 a
1892 3756 1977 3793 me
2020 3755 2144 3809 pee-

552 3837 738 3885 catore
768 3829 1022 3899 digressis
1068 3841 1267 3885 sanctae
1314 3831 1708 3887 communionis
1753 3834 1929 3902 portio
1979 3840 2139 3900 patet.

556 3922 740 3978 Testis
779 3924 969 3977 horum
996 3932 1078 3977 est
1114 3923 1383 3978 Vindicius
1426 3933 1631 3989 noster,
1664 3925 1753 3995 qui
1798 3925 2013 3991 segnius
2045 3926 2141 3979 do-

533 4030 701 4071 .mum
718 4030 816 4086 pro
840 4016 1219 4071 muniﬁcentia:
1234 4024 1429 4071 vestrae
1449 4016 1591 4071 fasce
1610 4017 1900 4082 remeavit;
1931 4026 2164 4087 quoquo

536 4106 659 4163 ,loci
713 4115 796 4161 est
849 4114 1161 4161 constanter
1206 4109 1500 4170 afﬁrmans,
1563 4123 1682 4161 cum
1729 4108 1848 4162 sitis
1892 4108 2147 4175 opinione

556 4201 757 4269 magni,
803 4200 973 4268 gradu
1010 4200 1250 4265 maximi,
1296 4216 1402 4255 non
1449 4210 1624 4255 tamen
1648 4215 1768 4256 esse
1800 4216 1894 4255 vos
1919 4202 2147 4270 amplius

530 4289 838 4361 dignitate,
870 4307 1028 4360 quam
1052 4292 1362 4362 dignatione
1389 4292 1707 4348 laudandos.
1737 4293 1997 4348 Prmdicat
2025 4310 2148 4348 san-

554 4389 693 4449 ctas,
723 4381 943 4437 melleas
972 4392 1026 4438 et
1050 4383 1291 4450 ﬂoridas,
1335 4400 1452 4454 quae
1490 4384 1788 4455 procedunt
1830 4386 1896 4440 de
1944 4396 2145 4457 tempe-

555 4482 671 4531 rata
718 4477 1120 4535 communione.
1177 4477 1494 4538 blanditias;
1552 4494 1649 4535 nec
1702 4490 1879 4536 tamen
1925 4496 1993 4536 ex
2046 4482 2148 4538 hoe

2249 3267 2451 3323 Fremit
2496 3270 2724 3339 p0pulus
2767 3286 2865 3341 per
2906 3272 3080 3327 studia
3124 3272 3367 3329 divisus:
3410 3275 3559 3345 pauci
3598 3276 3831 3344 alteros,

2248 3360 2403 3419 multi
2444 3376 2564 3433 sese
2605 3379 2710 3417 non
2751 3365 2985 3420 offerunt
3016 3367 3172 3436 180
3197 3367 3401 3431 solum,
3446 3367 3532 3423 sed
3565 3366 3830 3423 inferunt.

2247 3452 2303 3509 Si
2325 3455 2526 3524 aliquid
2547 3471 2640 3525 pro
2657 3456 2800 3512 virili
2826 3459 3071 3527 portione
3088 3459 3382 3514 secundum
3401 3460 3561 3516 Deum
3577 3460 3828 3516 consulas

2248 3548 2654 3618 veritatemque,
2682 3552 2860 3605 omnia
2890 3552 3172 3607 incurrunt
3212 3554 3375 3620 levia,
3410 3554 3584 3620 varia,
3613 3554 3793 3611 fucata
3818 3572 3834 3610 :

2248 3650 2301 3696 et
2330 3641 2454 3712 quid
2483 3642 2696 3699 dicam?
2721 3644 2834 3697 sola
2866 3654 2949 3699 est
2978 3645 3090 3699 illic
3117 3645 3348 3715 simplex
3378 3646 3730 3716 impudentia.
3766 3647 3841 3703 Et

2248 3738 2347 3791 nisi
2378 3752 2463 3792 me
2490 3738 2753 3792 immerito
2786 3739 2937 3807 queri
2979 3738 3322 3809 judicaretis,
3352 3740 3533 3795 dicere
3558 3740 3838 3810 auderem,

2248 3837 2354 3883 tam
2393 3830 2681 3899 prmcipitis
2707 3830 2869 3884 animi
2906 3845 3025 3887 esse
3055 3833 3340 3903 plerosque
3369 3842 3585 3904 tamque
3621 3833 3835 3903 pericu-

2250 3920 2381 3986 losi,
2412 3930 2469 3975 ut
2497 3930 2896 3977 sacrosanctam
2928 3923 3111 3979 sedem
3138 3923 3559 3994 dignitatemque
3586 3924 3844 3980 affectare

2251 4015 2424 4084 pretio
2451 4015 2628 4069 oblato
2652 4029 2757 4070 non
2786 4014 3176 4074 reformident;
3207 4026 3261 4071 et
3288 4033 3399 4072 rem
3422 4017 3532 4087 jam
3562 4017 3764 4073 dudum
3790 4019 3843 4074 in

2251 4108 2541 4165 nundinam
2574 4110 2711 4164 mitti
2743 4111 3154 4181 auctionemque
3186 4113 3442 4182 potuisse,
3477 4112 3520 4167 si
3547 4127 3712 4183 quam
3744 4126 3845 4182 pa-

2251 4212 2397 4255 ratus
2427 4202 2696 4256 invenitur
2725 4213 2958 4274 emptor,
2992 4204 3237 4259 venditor
3266 4213 3374 4259 tam
3404 4204 3726 4275 desperatus
3757 4205 3845 4260 in-

2249 4294 2542 4350 veniretur.
2598 4295 2826 4351 Proinde
2868 4311 3052 4365 quaeso
3083 4306 3141 4351 ttt
3170 4297 3330 4352 ofﬁcii
3374 4297 3480 4352 mei
3523 4296 3845 4363 novitatem,

2252 4387 2545 4457 pudorem,
2591 4389 3001 4455 necessitatem,
3049 4389 3424 4459 spectatissimi
3465 4388 3729 4443 adventus
3770 4387 3847 4442 tui

2254 4495 2411 4535 ornes
2442 4482 2815 4546 contubernio,
2837 4483 3029 4539 tuteris
3052 4483 3273 4537 auxilio.
3307 4483 3416 4540 Nec
3442 4490 3514 4546 te.
3538 4496 3848 4554 quanquam

553 4642 727 4715 βιϐλὶᾳ
752 4650 849 4715 τῷν
874 4640 1184 4715 ’Δριστείδου
1208 4641 1543 4715 Μᾲησξᾳκῶν.
1593 4634 1832 4715 Meminit
1872 4641 2139 4715 uincia-

2245 4640 2385 4715 rieas
2413 4646 2635 4694 venerat
2662 4638 3344 4715 Sidonius,_a_get_postea
3392 4636 3618 4715 epistola
3650 4637 3705 4691 9.
3762 4637 3843 4695 Ex

554 4712 750 4789 pusio
783 4712 998 4789 dialogo
1036 4714 1121 4789 cui
1162 4714 1346 4789 titulus
1375 4712 1618 4789 Ἐρῳτες.
1653 4712 1816 4789 _llinc_
1836 4722 1888 4765 et
1909 4713 2139 4789 Milesiae

551 4783 771 4855 Punicae
793 4784 1001 4853 Apuleii
1028 4783 1185 4839 dictat
1205 4800 1235 4838 a
1263 4783 1465 4839 Severo
1491 4786 1619 4853 imp.
1651 4784 1705 4839 in
1733 4783 1980 4851 epistola,
2016 4785 2137 4855 quia

553 4854 879 4909 Milesiarum
925 4856 1083 4925 genio
1126 4856 1341 4922 scriptm
1367 4856 1434 4909 ab
1463 4866 1681 4910 auctore
1711 4856 1897 4909 Poeno.
1956 4856 2029 4909 De
2058 4856 2138 4909 his

556 4936 609 4998 et
637 4925 992 4998 Hieronymus
1038 4927 1281 4998 apologia
1316 4929 1338 4980 l
1382 4927 1434 4981 in
1477 4927 1729 4981 Rufinum
1773 4943 1787 4980 :
1838 4927 1997 4990 Quasi
2040 4943 2140 4981 non

557 4997 870 5051 cirratorum
888 4997 1372 5051 turba'Milcsiorum
1387 4998 1438 5051 in
1452 4997 1627 5051 schola
1640 4999 1877 5067 ﬁgmenta
1890 4999 2136 5052 decantet.

626 5076 653 5104 ἰ
682 5068 951 5138 Episcopo
983 5068 1286 5122 Bellicensi.
1334 5069 1655 5122 Numeratur
1688 5070 1827 5124 inter
1858 5071 2139 5139 episcopos

554 5139 640 5209 qui
672 5141 878 5208 synodo
907 5140 1209 5195 Arelatensi
1244 5139 1621 5193 interfuerunt.

624 5208 652 5247 δ
680 5210 950 5275 Senoniae,
984 5213 1082 5265 hoc
1115 5220 1194 5264 est
1223 5210 1508 5280 provincia:
1536 5221 1739 5280 quartae
1767 5210 2137 5279 Lugdunensis

552 5285 1007 5352 metrOpolitano:
1057 5282 1209 5352 cujus
1256 5281 1395 5335 inter
1439 5293 1653 5336 sanctos
1701 5283 1966 5336 antistites
2008 5297 2136 5337 suos

553 5350 749 5405 festum
782 5354 921 5407 diem
964 5350 1135 5420 agunt
1166 5353 1509 5409 Senonenses
1553 5353 1727 5406 idibus
1752 5352 1942 5408 Juniis.
1994 5353 2135 5408 Cave

551 5435 674 5494 cum
700 5423 948 5492 Agroecio
978 5428 1147 5480 altero
1179 5424 1493 5479 confundas.
1539 5423 1703 5493 Cujus
1737 5439 1931 5479 nomen
1961 5424 2012 5477 in
2046 5440 2135 5494 sy-

446 5550 449 5553 _
550 5492 695 5566 nodo
722 5494 1010 5566 Agathensi
1054 5496 1267 5566 legitur,
1315 5508 1368 5552 et
1408 5495 1474 5549 ad
1522 5492 1680 5565 quem
1722 5498 1917 5564 scripta
1960 5492 2134 5551 exstat

553 5561 779 5637 epistola
822 5568 1010 5634 synodi
1050 5561 1570 5637 Ca'rpentoratensis.
1623 5568 1719 5623 Hic
1764 5561 1906 5623 enim
1959 5568 2127 5621 multo

551 5634 855 5711 posterior,_
879 5644 933 5690 et
973 5634 1200 5711 alterius
1222 5640 1364 5694 sedis
1395 5639 1494 5695 fuit
1520 5641 1826 5711 episcopus,
1861 5637 2123 5707 Antipoli-

553 5705 1012 5779 tana_a_nimirum,
1057 5710 1110 5762 in
1142 5710 1354 5775 Alpium
1395 5705 1783 5767 maritimarum
1826 5705 2116 5779 provincia.

551 5775 631 5835 De
656 5775 1003 5837 Bituricensis
1030 5780 1263 5852 episcOpi
1294 5783 1554 5839 electione
1588 5783 1739 5854 cujus
1775 5775 1945 5853 gratia
1971 5780 2120 5837 Bitu-

2251 4712 2350 4766 hac
2377 4719 2555 4765 autem
2587 4720 2641 4764 ct
2667 4718 2878 4772 octava,
2909 4710 2973 4764 ad
3004 4709 3372 4779 Euphronium
3393 4750 3408 4774 ,
3441 4724 3561 4778 quae
3602 4708 3652 4761 in
3704 4724 3846 4764 non-

2249 4783 2407 4837 nullis
2432 4782 2829 4850 exemplaribus
2852 4782 2976 4837 huic
2995 4778 3235 4851 proxime
3263 4779 3620 4848 subjungitur,
3652 4778 3845 4836 obser-

2250 4869 2375 4910 vare
2399 4864 2499 4919 cst,
2526 4854 2688 4907 moris
2712 4853 2837 4906 olim
2865 4852 3027 4907 fuisse
3057 4854 3107 4906 in
3135 4851 3522 4907 constituendis
3544 4852 3844 4918 episcopis.

2249 4935 2306 4980 ttt
2349 4926 2391 4978 si
2440 4926 2651 4994 quando
2697 4925 3104 4993 provincialium
3149 4926 3521 4994 episc0porum
3569 4921 3848 4994 legitimus

2248 4993 2506 5052 numerus
2537 4996 2821 5061 deﬁceret,
2866 5011 2931 5050 ex
2964 4996 3203 5049 ﬁnitimis
3247 4993 3539 5063 provinciis
3572 4993 3705 5047 alios
3735 4994 3844 5048 ad-

2248 5076 2521 5123 vocarent.
2574 5070 2718 5134 Quos
2767 5068 2980 5136 quidem
3022 5068 3121 5122 etsi
3166 5081 3421 5121 numerus
3484 5064 3681 5133 alioqui
3727 5079 3844 5121 non

2246 5140 2488 5203 deesset,
2536 5154 2630 5203 pro
2659 5138 2882 5191 arbitrio
2914 5148 3088 5193 tamen
3119 5136 3520 5207 provincialium
3552 5137 3846 5205 episcOpo—

2243 5227 2361 5264 rum
2410 5210 2667 5264 adhibere
2712 5224 2778 5263 ex
2822 5209 3010 5278 synodi
3041 5206 3268 5263 Nicaeum
3308 5206 3839 5270 decretis'licuisse.

2240 5282 2397 5336 docet
2423 5281 2647 5349 epistola
2678 5280 2866 5350 synodi
2898 5278 3523 5350 Constantinopolitanae,
3555 5291 3714 5347 quam
3748 5293 3843 5331 re-

2240 5354 2370 5407 citat
2410 5348 2782 5425 Tlteodorctns
2830 5351 2920 5405 lib.
2950 5369 3002 5421 v,
3034 5367 3170 5425 cap.
3199 5348 3269 5405 33
3315 5354 3446 5425 Περξ-
3472 5348 3525 5425 ὸξέ
3565 5357 3667 5425 τῷν
3702 5351 3842 5425 πιςτά

2237 5427 2387 5500 μέρος
2426 5426 2473 5477 ἐν
2502 5432 2615 5483 ταῖς
2651 5423 2929 5507 ἐκκλησίξιις
2956 5419 3168 5507 fatuis;
3195 5426 3249 5478 ’ξε
3267 5463 3282 5487 ,
3420 5419 3563 5507 ἴσθεέ
3616 5421 3837 5507 ϐωμὸς,

2237 5494 2539 5571 ὲεὲρὰτηκε,
2585 5499 2668 5550 καὶ
2702 5503 2801 5549 τῶν
2838 5494 2993 5567 ἁγίων
3031 5496 3077 5549 ἐν
3218 5496 3395 5581 ξὲικαίᾳ
3424 5494 3659 5579 amri-Spain
3685 5494 3832 5581 af",

2235 5565 2341 5623 καθ’
2380 5570 2596 5625 ἑκάστην
2636 5565 2897 5643 ἐπαρχίαύ
2934 5570 3054 5626 τοὺς
3088 5565 3180 5627 τῆξ
3220 5565 3504 5653 ἐπαρχίας,
3552 5565 3639 5616 καὶ
3675 5565 3830 5651 since

2234 5642 2410 5695 ἐκεῖνοι
2457 5634 2747 5713 βούλωνταί
2926 5640 3099 5697 αὐτοῖς
3143 5640 3265 5698 τοὺς
3309 5634 3549 5710 ὁμὸρθυς,
3596 5634 3724 5708 πρὸς
3764 5634 3837 5689 1έῦ

2233 5710 2487 5787 συμφέροῖυ
2516 5712 2777 5768 ποιεῖσθαι
2804 5710 2895 5769 τὰς
2926 5713 3261 5783 χειροτονίας.
