4140 6336
342 283 445 343 569

1590 277 2074 341 EPISTULABUM
2111 281 2240 342 LIB.
2284 284 2397 346 VII.

3515 292 3624 357 570

340 414 369 442 ι
396 397 646 459 Senonim
694 395 866 489 caput.
897 408 991 463 es,
1043 402 1183 452 mter
1206 394 1341 465 inec
1385 394 1545 451 dubia
1588 396 2386 471 subtraxerisAspiritualium
2452 371 2881 489 testimoniorum
2943 422 3203 468 mucrone
3263 410 3615 482 confoderis;

341 492 727 551 intentionibus
748 476 1024 545 medendis
1043 489 1432 559 Aquitanorum
1456 505 1471 545 :
1497 488 1619 560 quia
1643 489 1924 547 minimum

341 588 509 645 refert
531 584 673 657 quod
696 584 850 640 nobis
875 588 958 638 est
986 581 1039 638 in
1068 582 1400 639 habitatione
1423 582 1593 639 divisa
1622 585 1927 653 provincia,

337 683 555 755 quando
595 681 649 737 in
687 678 947 749 religione
980 688 1140 732 causa
1178 675 1543 747 eonjuugitur.
1596 676 1691 732 His
1720 677 1930 733 accedit

336 775 481 850 quod
511 774 578 832 de
606 771 827 829 urbibus
847 770 875 810 ι’
899 769 1227 841 Aquitanica:
1252 770 1439 845 prima:
1464 769 1639 825 solum
1670 769 1931 841 oppidum

338 873 642 927 Arvernum
667 865 924 923 Romanis
947 862 1213 934 reliquum
1237 863 1477 934 partibus
1498 863 1639 919 bella
1664 863 1925 921 fecerunt.

336 965 677 1037 Quapropter
724 964 777 1018 in
823 960 1199 1018 constituendo
1239 959 1473 1030 praelatae
1512 959 1746 1015 civitatis
1785 960 1929 1015 anti-

236 1070 239 1073 ‘
337 1061 484 1126 stite,
530 1056 938 1130 provincialium
979 1055 1307 1125 collegarum
1351 1052 1635 1109 deﬁcimur
1683 1067 1928 1120 numero,

341 1157 443 1213 nisi
488 1153 1022 1225 metmpolitanol‘um
1062 1150 1370 1205 reﬁciamur
1410 1162 1658 1203 assensu.
1710 1147 1789 1203 De
1817 1162 1942 1229 ea».

341 1260 478 1319 tero,
522 1246 663 1319 quod
692 1245 759 1301 ad
791 1242 1010 1300 honoris
1041 1242 1204 1298 vestri
1237 1249 1450 1312 spectat
1495 1240 1925 1311 praarogativam,

320 1343 522 1398 mullus
566 1355 597 1395 a
641 1354 729 1395 me
758 1336 1015 1393 hactenus
1063 1334 1388 1398 nominatus,
1425 1332 1607 1387 nullus
1633 1330 1926 1399 adhibitus,

339 1434 523 1490 nullus
544 1431 748 1488 electus
769 1437 879 1486 est:
902 1426 1082 1483 omnia
1106 1440 1347 1482 censura:
1377 1434 1480 1480 tuae
1505 1424 1675 1495 salva,
1702 1424 1927 1491 illibata,

332 1528 511 1584 solida
541 1532 843 1581 servantur.
886 1512 1116 1577 Tantum
1154 1520 1256 1575 hoc
1295 1532 1504 1573 mecum
1532 1517 1690 1585 duco,
1721 1525 1929 1573 vestras

320 1619 567 1691 pavitare
617 1629 908 1687 personas,
957 1618 1271 1684 exspectare
1315 1610 1653 1676 voluntates,
1706 1610 1928 1666 laudare

334 1714 670 1771 sententias:
715 1720 769 1767 et
815 1718 936 1767 eum
983 1706 1036 1763 in
1082 1702 1259 1763 locum
1305 1714 1611 1777 statumque
1658 1704 1926 1774 pontiﬁcis

2029 503 2237 548 servata
2269 503 2589 553 cancrorum
2620 507 2726 555 tam
2756 502 3058 558 reverentia
3091 518 3249 574 quam
3282 519 3413 575 pace
3443 508 3617 576 ponti-

2030 583 2223 654 ﬁcum;
2260 600 2367 641 non
2398 586 2589 657 injuria
2620 591 2712 645 tibi
2743 592 2937 660 deﬂeo,
2969 595 3198 663 qualiter
3226 597 3616 656 ecclesiasticas

2030 679 2210 734 caulas
2241 680 2393 736 istius
2423 681 2565 737 aeris
2593 683 2748 754 lupus
2776 686 2866 756 qui
2897 688 3134 756 peccatis
3164 690 3499 760 pereuntium
3530 706 3616 747 sa-

2029 774 2245 843 ginatur
2270 773 2594 841 animarum,
2623 776 2960 834 clandestino
2986 796 3167 838 morsu
3196 784 3425 840 necdum
3460 787 3615 859 182

2032 863 2288 922 intellecti
2330 868 2507 923 dentis
2549 870 2786 925 arrodat.
2840 872 3077 944 Namque
3122 875 3293 932 hostis
3338 879 3611 951 antiquus,

2030 973 2136 1029 quo
2177 957 2382 1015 facilius
2423 960 2643 1018 insultet
2679 962 3172 1023 balatibus-ovium
3212 969 3615 1042 destitutarum,

2031 1055 2181 1125 prius
2210 1055 2617 1112 dormitantium
2658 1057 2845 1128 incipit
2875 1062 3173 1119 cervicibus
3215 1064 3495 1123 imminere
3524 1083 3617 1138 pa-

2030 1158 2254 1205 storum.
2289 1150 2470 1220 Neque
2499 1167 2599 1223 ego
2630 1151 2700 1206 ita
2733 1152 2839 1208 mei
2867 1155 3166 1212 meminens
3211 1172 3318 1213 non
3362 1174 3511 1229 sum,
3558 1169 3616 1217 ut

2032 1258 2363 1314 nequaquam
2396 1259 2483 1299 me
2513 1246 2651 1299 hunc
2692 1259 2814 1301 esse
2863 1247 3208 1314 reminiscar;
3257 1265 3414 1318 quem
3446 1253 3616 1323 longis

2029 1336 2205 1393 adhuc
2242 1338 2506 1394 abluenda
2553 1324 2763 1395 ﬂetibus
2802 1342 3131 1397 conscientia
3176 1353 3417 1412 premat;
3462 1344 3616 1415 cujus

2031 1440 2268 1487 stercora
2298 1440 2499 1498 tamen,
2532 1424 2632 1487 sub
2659 1448 2759 1503 ope
2779 1433 3000 1500 Christi,
3024 1434 3349 1505 quandoque
3373 1436 3617 1506 mysticis

2030 1525 2331 1580 orationum
2372 1535 2582 1580 tuarum
2616 1527 2805 1581 rastris
2835 1528 3286 1584 eruderabuntur.
3336 1527 3443 1584 Sed
3486 1543 3618 1600 quo-

2030 1621 2171 1675 niam
2194 1620 2555 1687 supereminet
2582 1620 2771 1689 privati
2795 1630 2977 1677 reatus
2999 1622 3375 1677 verecundiam
3404 1621 3617 1692 publica

2029 1712 2194 1779 salus,
2246 1727 2349 1765 non
2398 1714 2643 1779 verebor,
2690 1712 2789 1767 etsi
2830 1722 3015 1783 carpat
3050 1714 3223 1769 zelum
3273 1714 3327 1770 in
3375 1729 3462 1771 me
3492 1714 3618 1771 ﬁdei

336 1808 565 1881 quisque
589 1804 876 1871 sufﬁcitur,
909 1804 967 1857 ul
993 1806 1024 1856 I
1053 1800 1207 1856 vobis
1235 1808 1587 1870 prM‘ePlum.
1616 1801 1770 1871 181
1792 1813 1822 1852 a
1845 1812 1930 1853 me
1960 1793 2007 1855 B
2035 1807 2252 1861 sinister
2282 1808 2565 1876 interpres,
2600 1806 2699 1861 sub
2726 1806 2976 1862 vanitatis
3013 1806 3208 1862 invidia
3237 1823 3454 1864 causam
3485 1824 3615 1879 pro-

336 1900 596 1974 procedat
641 1898 977 1968 obsequium.
1037 1895 1145 1951 Sed
1192 1897 1235 1949 si
1283 1895 1448 1966 (quod
1482 1905 1661 1949 tamen
1691 1894 1923 1948 arbitror

335 1997 559 2054 minime
587 1993 722 2065 fore)
746 1992 994 2064 precibus
1022 1992 1154 2046 meis
1180 1989 1320 2061 apud
1344 2004 1440 2045 vos
1464 1989 1807 2045 malesuadus
1832 1990 1928 2044 ob-

331 2092 533 2148 stiterit
552 2090 841 2159 interpres,
860 2085 1104 2158 poteritis
1125 2085 1466 2156 praesentiam
1491 2092 1721 2140 vestram
1745 2083 1926 2153 potius

330 2199 595 2243 excusare
621 2197 778 2253 quam
805 2179 1015 2251 culpam
1042 2192 1055 2232 :
1098 2180 1238 2233 sicut
1263 2192 1293 2232 e
1318 2177 1560 2239 diverso,
1606 2178 1649 2230 si
1691 2176 1887 2231 venitis
1907 2218 1920 2240 ,

328 2278 621 2336 ostenditis
644 2276 768 2348 quia
795 2270 1053 2330 terminus
1083 2273 1314 2342 potuerit
1340 2272 1464 2343 poni
1492 2280 1685 2327 vestra:
1707 2271 1924 2341 quidem

308 2366 563 2444 regioni,
584 2374 689 2425 sed
716 2384 822 2423 nou
852 2365 1084 2438 potuerit
1108 2366 1339 2421 caritati.
1377 2363 1579 2419 Memor
1606 2364 1772 2418 nostri
1802 2378 1923 2420 esse

322 2466 575 2542 dignare,
606 2464 821 2519 domine
847 2476 1004 2533 papa.
1055 2540 1075 2542 _

892 2540 1231 2612 EPISTULA
1271 2550 1361 2609 Vl.

526 2652 770 2709 Sidonius
801 2650 1008 2704 domino
1038 2664 1187 2719 papa:
1214 2657 1236 2685 ι
1260 2643 1456 2700 Basilio
1485 2643 1702 2698 salutem

398 2750 539 2806 Sunt
575 2745 762 2810 nobis,
805 2755 1031 2798 munere
1067 2739 1191 2807 Dei,
1239 2752 1377 2794 novo
1423 2747 1728 2792 nostrorum
1780 2744 1918 2790 tem-

319 2859 519 2919 porum
565 2838 834 2909 exemplo,
883 2830 1240 2891 amicitiarum
1288 2840 1467 2887 vetera
1512 2829 1674 2899 jura:
1720 2827 1922 2899 diuque

306 2947 415 2997 est
441 2934 582 3007 quod
614 2932 845 2989 invicem
876 2924 1148 2998 diligimus
1176 2940 1245 2981 ex
1274 2938 1446 2994 aequo.
1500 2921 1674 2977 Porro
1715 2930 1918 2986 autem,

315 3031 473 3107 quod
501 3031 567 3085 ad
593 3040 935 3083 communem
965 3018 1346 3078 conscientiam
1377 3018 1633 3089 pertinet,
1656 3026 1709 3071 tu
1735 3024 1915 3086 patro-

312 3140 470 3185 nus:
500 3136 804 3195 qnanquam
844 3120 949 3175 hoc
988 3118 1160 3186 ipsum
1205 3112 1612 3185 praesumptiose
1656 3124 1913 3180 arrogan-

311 3179 753 3289 tcrqueuloquar.
804 3213 1045 3285 Namque
1074 3210 1329 3282 iniquitas
1363 3222 1482 3264 mea
1522 3216 1666 3262 tanta
1701 3214 1813 3272 est,
1859 3213 1916 3260 ut
1942 3179 1989 3243 δ

309 3311 534 3373 mederi
580 3312 649 3368 de
693 3311 940 3381 lapsuum
969 3294 1085 3379 ejus
1123 3304 1437 3362 assiduitate
1474 3303 1562 3357 vix
1604 3302 1763 3357 etiam
1810 3310 1915 3355 tuae

305 3404 731 3478 supplicationis
778 3402 1015 3459 efﬁcacia
1064 3409 1243 3471 queat.
1299 3398 1463 3471 Igitur
1504 3397 1625 3468 quia
1674 3395 1807 3451 mihi
1855 3409 1914 3450 es

302 3513 435 3561 tam
464 3497 764 3571 patrocinio
788 3510 947 3567 quam
981 3492 1269 3550 dilectione
1298 3492 1380 3548 bis
1410 3491 1679 3555 dominus,
1714 3489 1916 3559 pariter

284 3604 381 3660 ἐξ
408 3591 551 3663 quod
582 3588 800 3644 memini
830 3586 1017 3656 probe,
1052 3600 1158 3655 quo
1202 3584 1408 3654 polleas
1436 3583 1581 3652 iigne
1628 3596 1911 3648 sensuum,

303 3690 474 3743 fonte
519 3682 854 3736 verborum:
906 3668 997 3748 qui
1042 3676 1267 3731 viderim
1320 3672 1692 3729 Modaharium
1743 3673 1913 3727 civem

302 3776 583 3844 Gothum,
616 3774 827 3829 Arianae
855 3771 1127 3828 interesses
1149 3769 1326 3840 jacula
1356 3768 1691 3831 vibrantem,
1726 3781 1834 3838 quo
1862 3775 1918 3822 tu

401 4021 425 4050 ι
455 4008 753 4067 Provinciat
785 4012 989 4076 quartas
1025 3994 1431 4074 Lugdunensis,
1480 4009 1537 4055 ut
1578 3999 1920 4056 observatum

220 4112 231 4115 -
307 4092 414 4143 est
442 4082 508 4137 ad
534 4080 694 4151 epist.
721 4077 1037 4151 i8,‘lib._t_v.

401 4152 428 4193 δ
451 4152 520 4209 Ut
541 4141 634 4207 lib.
659 4166 733 4217 tv,
754 4148 913 4219 epist.
938 4146 1443 4219 l8,ALugdunenscm
1464 4144 1759 4219 secundum.
1786 4141 1919 4196 Pro-

305 4226 519 4283 vincia:
548 4215 855 4289 olim,’cu'm
886 4215 1159 4288 simplices
1183 4225 1396 4289 essent,
1430 4215 1701 4289 pleneque
1734 4222 1917 4281 postea

262 4304 265 4307 '
309 4298 631 4371 principum
658 4286 790 4347 nutu
814 4292 870 4371 in
895 4286 1073 4371 plures
1095 4287 1261 4371 dividi
1291 4294 1594 4371 coeperunt.
1642 4286 1776 4340 Hinc
1800 4294 1916 4371 oIrta

308 4356 750 4439 Eoguoininamt
779 4356 911 4439 alite
929 4361 1117 4430 primm
1142 4356 1468 4425 dicerentur,
1496 4358 1613 4412 alia:
1630 4356 1912 4439 secundae,

310 4429 533 4505 tertiae,
583 4429 753 4507 et’ita
796 4429 1049 4507 deinceps
1093 4446 1190 4502 pro
1233 4444 1456 4507 numero
1494 4429 1911 4507 provinciarum.
1941 4444 1997 4507 ι)

313 4500 631 4581 Aquitaniae
673 4506 833 4575 igitur
853 4500 1251 4581 dumfue’runt.
1304 4503 1515 4581 iirimp,
1560 4500 1720 4581 cujus
1754 4510 1916 4568 caput

314 4572 629 4650 Biiuriges;
671 4572 925 4650 secunda,
956 4575 1107 4650 cujus
1134 4582 1295 4650 caput
1325 4572 1649 4650 Burdegala.
1688 4572 1916 4641 Semper

313 4644 530 4711 autem'
563 4650 669 4721 73
698 4648 882 4703 divisis
923 4646 1216 4721 provinciis
1250 4661 1394 4721 pars
1428 4644 1514 4698 illa
1571 4644 1758 4721 prima:
1816 4658 1912 4697 uo-

316 4739 457 4781 men
485 4715 733 4781 obtinuit.
762 4724 847 4774 cui
878 4715 1190 4786 metropolis
1216 4716 1424 4785 obtigit,
1453 4715 1761 4786 quasitotius
1788 4728 1908 4782 pro-

313 4794 520 4852 vincia:
549 4799 671 4865 ante
698 4790 1017 4865 divisionem
1041 4785 1210 4865 caput
1252 4797 1366 4865 erat
1396 4804 1409 4865 ξ
1452 4794 1512 4839 ut
1550 4785 1915 4865 Narbonensis

319 4867 502 4941 prima
532 4864 671 4941 dicta
701 4869 807 4929 est,
830 4862 884 4941 in
912 4874 1014 4941 qua
1041 4855 1833 4941 Narbonbugdunensislrima
1863 4855 1915 4909 in

318 4926 436 5009 {ius
466 4926 803 5009 Lugdunum,
851 4926 1135 5009 Aquitania
1177 4928 1353 5009 prima
1395 4927 1594 5009 inqua
1624 4926 1911 5009 gituriges.

317 4995 461 5067 inde
498 4995 582 5063 est
621 4995 1345 5076 primarum'provinciarum
1377 4995 1777 5076 metropolitani
1807 4998 1945 5076 p_ri-,

318 5088 504 5138 mates
530 5068 685 5134 erant
726 5068 1051 5145 reliquarum
1080 5070 1331 5145 ejusdem.
1354 5068 1585 5124 nominis
1613 5068 1914 5145 provincia-

318 5167 473 5210 rum.
506 5149 659 5207 Sicut
687 5148 830 5202 enim
849 5138 1556 5215 Lugdunensisepiscopus,
1578 5147 1633 5215 ut
1657 5138 1823 5215 liquet
1846 5152 1913 5193 ex

322 5222 575 5293 Gregorii
602 5210 1032 5293 _Vll_eptst._'55
1079 5210 1412 5293 et_56,.;lib_.
1451 5210 1790 5293 vr._Primas
1834 5218 1918 5265 est

321 5281 557 5364 quafuor
601 5281 1076 5364 Lugdunensium:
1126 5286 1205 5364 sic
1242 5284 1590 5364 Bituricensis
1635 5281 1914 5364 utriusque

321 5354 651 5436 Aquitaniae.
684 5354 871 5436 'Atque
897 5360 967 5414 ita
1002 5358 1166 5436 ferme
1194 5357 1246 5410 in
1273 5356 1392 5436 aliis
1418 5354 1714 5436 provinciis
1735 5393 1749 5416 ,
1791 5367 1912 5434 cum

321 5426 410 5495 ρι’
427 5451 533 5492 una
562 5436 743 5505 plures
774 5426 1001 5505 fiebant,
1050 5429 1192 5505 idem
1222 5442 1340 5505 mos
1370 5426 1500 5505 fuit,
1548 5434 1607 5479 ut
1634 5426 1684 5478 in
1713 5439 1774 5479 ea
1807 5426 1915 5505 pri-

268 5538 275 5545 -
316 5523 445 5565 ruas
464 5495 609 5563 esset
627 5520 746 5577 quas
765 5503 936 5576 prima
959 5495 1014 5558 et
1033 5498 1403 5571 antiquissima
1424 5498 1563 5553 inter
1587 5495 1914 5565 metropoles

324 5589 1060 5734 Exiiiiqusrtrm.Sentiarum
1080 5686 1121 5734 ,ι
1144 5652 1210 5734 ut
1229 5655 1373 5708 reor,
1415 5639 1725 5734 episeopo;-
1735 5637 1914 5734 “itit:

327 5708 808 5794 conjiciam__facit,
852 5719 996 5794 quod
1020 5708 1142 5794 sub
1180 5716 1342 5794 ﬁnem
1380 5708 1912 5794 epistolzeABasiiium

327 5781 463 5854 urbe
504 5790 743 5852 medium
784 5781 904 5849 esse
942 5790 1087 5848 dicat
1130 5789 1271 5845 inter
1308 5781 1586 5842 Leontium
1624 5781 1908 5838 Arelaten-

2030 1900 2159 1957 dere
2181 1901 2442 1956 veritatis.
2469 1896 2494 1936 δ
2520 1900 2741 1967 Evarix,
2766 1916 2861 1956 rex
2880 1900 3197 1968 Gothorum,
3223 1902 3365 1973 quod
3388 1902 3610 1959 limitem

2029 1994 2179 2065 regni
2222 1994 2335 2061 sui,
2394 2005 2550 2065 rupto
2599 1995 2971 2067 dissolutoque
3003 1994 3206 2051 foedere
3232 1997 3482 2067 antiquo,
3526 1998 3613 2053 vel

2028 2096 2231 2143 tutatur
2258 2103 2532 2143 armorum
2557 2088 2699 2159 jure,
2736 2089 2819 2143 vel
2853 2098 3149 2159 promovet,
3179 2104 3279 2145 nec
3311 2091 3466 2147 nobis
3493 2106 3619 2162 pec-

2026 2182 2296 2236 catoribus
2320 2181 2404 2235 hic
2429 2197 2703 2251 accusare,
2727 2198 2824 2239 nec
2845 2182 2997 2237 vobis
3021 2184 3222 2238 sanctis
3244 2182 3330 2239 hic
3351 2184 3620 2242 discutere

2026 2275 2351 2347 permissum
2380 2283 2484 2330 est.
2531 2276 2667 2340 Quin
2716 2274 2891 2345 potius
2924 2276 2971 2329 si
2999 2276 3265 2345 requiras,
3296 2276 3501 2332 ordinis
3532 2291 3620 2333 res

2024 2377 2137 2434 est,
2187 2376 2243 2421 ut
2286 2375 2341 2422 et
2388 2365 2537 2421 dives
2581 2366 2665 2420 hic
2712 2381 2945 2435 purpura
2993 2367 3261 2436 byssoque
3294 2368 3521 2432 veletur,
3566 2377 3621 2425 ct

2024 2460 2257 2515 Lazarus
2288 2458 2374 2514 hic
2404 2458 2675 2514 ulceribus
2705 2467 2759 2513 et
2791 2468 3105 2529 paupertate
3130 2458 3373 2515 feriatur.
3404 2459 3621 2517 Ordinis

2023 2570 2111 2611 res
2140 2563 2243 2622 est,
2278 2562 2334 2608 ut
2362 2554 2488 2608 dum
2519 2553 2572 2607 in
2599 2554 2700 2608 hac
2730 2554 3017 2623 allegorica
3046 2569 3325 2609 versamur
3356 2541 3617 2627 Aig'ypto,

2022 2649 2232 2705 Pharao
2280 2649 2493 2705 incedat
2538 2663 2657 2703 cum
2706 2649 3033 2716 diademate,
3083 2650 3322 2705 lsraelita
3369 2665 3490 2706 cum
3521 2667 3619 2707 co-

2022 2742 2205 2812 phino.
2263 2740 2479 2795 Ordinis
2535 2732 2790 2803 restest,
2842 2750 2900 2794 ut
2948 2740 3073 2795 dum
3129 2742 3181 2795 in
3230 2741 3331 2797 hac
3380 2742 3619 2813 ﬁguratae

2024 2835 2313 2906 Babylonis
2359 2835 2580 2889 fornace
2629 2833 3007 2903 decoquimur,
3066 2848 3164 2889 nos
3214 2848 3334 2889 cum
3385 2834 3617 2891 Jercmia

2027 2929 2363 2998 Spiritualem
2391 2925 2686 2981 Jerusalem
2717 2926 3025 2996 suspiriosis
3054 2927 3371 2996 plangamus
3401 2927 3618 2982 ululati-

2022 3023 2142 3089 bus,
2193 3030 2246 3076 ct
2290 3023 2460 3076 Assur
2512 3020 2650 3073 fastu
2681 3020 2828 3090 regio
2871 3031 3061 3074 tonans
3091 3028 3399 3075 sanctorum
3429 3030 3615 3076 sancta

2024 3117 2315 3187 proculcet.
2341 3115 2546 3183 Quibus
2566 3122 2889 3186 praeSentum
2910 3129 3009 3183 ego
3026 3116 3430 3187 futurarumque
3447 3116 3619 3173 beati-

2022 3210 2266 3265 tudinum
2292 3209 2747 3263 vicissitudinibus
2776 3209 3051 3277 inspectis,
3081 3209 3384 3264 communia
3410 3208 3618 3280 patien-

2027 3304 2131 3367 tius
2160 3302 2497 3357 incommoda
2527 3301 2664 3357 fero.
2714 3301 2975 3367 Primum,
3004 3302 3147 3371 quod
3178 3302 3306 3357 mihi
3349 3317 3467 3373 qua:
3504 3318 3619 3358 me-

2026 3411 2149 3451 rear
2175 3394 2601 3465 introspicienti,
2633 3409 2966 3465 qumcunque
2994 3395 3217 3451 adversa
3249 3398 3613 3467 provenerint,

2023 3491 2223 3546 leviora
2256 3490 2680 3559 reputabuntur;
2724 3490 2848 3545 dein
2876 3490 3039 3563 183
3068 3490 3209 3561 quod
3238 3501 3445 3547 certum
3477 3493 3612 3558 scio,

2027 3584 2316 3638 maximum
2349 3597 2468 3637 esse
2518 3582 2815 3637 remedium
2865 3584 3134 3639 interioris
3166 3584 3421 3649 hominis,
3470 3585 3515 3639 si
3561 3584 3615 3639 in

2028 3677 2130 3731 hac
2158 3691 2280 3730 area
2315 3677 2497 3730 mundi
2527 3675 2691 3730 variis
2733 3676 3043 3746 passionum
3081 3675 3310 3746 ﬂagellis
3338 3677 3617 3731 trituretur

2026 3768 2284 3824 exterior.
2333 3766 2440 3823 Sed
2470 3766 2612 3837 quod
2645 3766 2920 3823 fatendum
2952 3776 3068 3838 est,
3099 3757 3615 3840 praelatutn~'regeru

2026 4012 2162 4067 sem,
2189 3998 2443 4054 Faustum
2474 3999 2749 4065 liciorum,
2776 4007 2831 4055 et
2859 4000 3103 4055 Graecum
3137 4001 3384 4057 Massilia:
3408 4002 3617 4071 episco-

2027 4085 2162 4140 pos:
2197 4072 2339 4126 inter
2371 4071 2467 4124 has
2496 4080 2674 4126 autem
2707 4073 2868 4127 urbes
2900 4072 3076 4128 medio
3117 4088 3282 4143 prope
3315 4073 3488 4143 spatio
3514 4076 3616 4132 sita

2026 4153 2106 4196 est
2139 4142 2456 4208 metropolis
2478 4144 2829 4212 Aqucnsium.
2868 4144 3045 4197 Basilii
3078 4142 3255 4199 autem
3288 4142 3465 4214 hujus,
3493 4155 3617 4202 tunc

2023 4214 2199 4285 adhuc
2241 4214 2570 4283 presbyteri,
2619 4216 2852 4283 prudens
2894 4216 3174 4270 consilium
3210 4216 3513 4285 factumque
3558 4217 3611 4272 iu

2022 4283 2212 4410 ll‘tlrrltere
2240 4285 2425 4340 Hilarii
2453 4287 2690 4357 episcopi
2715 4287 3047 4343 Arelatensis
3074 4298 3257 4344 narrat
3283 4283 3470 4345 auctor
3493 4290 3615 4345 vita:

2077 4374 2086 4409 Ι
2117 4373 2235 4410 31⁸11.

2077 4373 2235 4411 llill'll.

2093 4426 2118 4463 ἀ
2144 4428 2391 4503 Ειιιςιρηε,
2421 4428 2513 4503 qui
2544 4430 2885 4503 etAEortcus,
2932 4432 3025 4487 lib.
3056 4447 3180 4497 Vill,
3226 4433 3382 4503 epist.
3416 4432 3469 4486 9.
3524 4431 3614 4488 Sic

2023 4498 2291 4555 Deudorix
2321 4502 2462 4568 apud
2492 4501 2809 4557 Strabonem
2855 4512 2909 4559 et
2937 4503 3237 4558 Theudoris
3261 4498 3335 4558 'ae
3364 4503 3615 4557 Theodo-

2022 4571 2184 4637 ricus,
2233 4572 2448 4626 unicum
2486 4579 2572 4625 est
2603 4589 2818 4628 nomen.
2872 4574 3041 4638 liuius
3068 4588 3198 4628 vero
3228 4573 3528 4630 Euricianm
3560 4575 3611 4628 in

2019 4643 2315 4697 catholicos
2340 4643 2749 4708 persecutionis,
2769 4644 3083 4711 Sidoniique
3106 4644 3347 4711 epistola:
3367 4643 3613 4698 meminit

2019 4712 2538 4784 GregoriugTuron.
2582 4714 2771 4784 lib.tt,
2807 4728 2925 4783 cap.
2964 4714 3033 4767 273'
3067 4732 3081 4769 :
3130 4713 3368 4784 Sidonii,
3412 4714 3605 4784 inquit,

2020 4781 2245 4845 tempore
2289 4781 2481 4836 Evarix
2527 4800 2616 4836 rex
2657 4781 2975 4848 Gothorum,
3024 4785 3271 4839 excedens
3317 4781 3611 4853 Hispanum

2021 4853 2262 4917 limitem,
2315 4870 2514 4926 gravent
2565 4855 2617 4906 in
2667 4853 2851 4909 Galliis
2901 4871 3050 4926 super
3076 4855 3396 4911 Christianos
3434 4856 3611 4909 intulit

2019 4926 2441 4995 persecutionem.
2476 4924 2765 4996 Truncabat
2798 4924 2988 4992 passim
3020 4927 3338 4996 pert'ersitati
3370 4942 3478 4982 sua:
3507 4943 3609 4980 non

2021 4994 2411 5070 Consentientes,
2445 4994 2654 5070 clericos
2683 4997 2968 5051 carceribus
2998 4994 3292 5070 subigebat;
3322 4998 3611 5070 sacerdotes

2019 5082 2133 5120 vero
2163 5067 2292 5121 alio;
2322 5067 2473 5120 dabat
2504 5067 2705 5132 exsilio,
2742 5069 2873 5122 alios
2905 5070 3082 5138 gladio
3114 5067 3421 5123 irucidabat.
3468 5067 3609 5123 Nam

2019 5146 2069 5210 et
2110 5139 2246 5208 ipsos
2294 5155 2557 5210 sacrorum
2602 5141 2909 5210 templorum
2958 5143 3129 5196 aditus
3177 5141 3339 5206 spinis
3378 5140 3609 5208 jusscrat

2020 5209 2249 5281 obserari
2270 5208 2457 5281 scilicet
2490 5220 2543 5263 ul
2572 5208 2758 5265 raritas
2786 5213 3105 5280 ingrediendi
3134 5211 3434 5265 oblivionem
3466 5214 3607 5281 face-

2018 5293 2092 5353 ret
2130 5280 2273 5353 ﬁdei.
2327 5279 2555 5336 Maxime
2591 5292 2709 5337 tunc
2739 5279 3249 5353 Nouempopulanae,
3296 5279 3610 5353 geminamus

2020 5352 2314 5425 Qquitania?
2338 5354 2492 5425 urbes
2530 5354 2593 5407 ab
2634 5355 2728 5408 hac
2770 5352 3061 5425 tempestate
3101 5352 3425 5425 depopulata:
3462 5362 3605 5409 sunt.

2022 5420 2480 5509 Exstatquenlto‘die
2502 5425 2684 5509 Tetnpro
2707 5426 2810 5509 .Itac
2839 5420 2994 5509 causa
3031 5420 3385 5509 nd__Bdsiiiym
3400 5425 3608 5509 .episca:

2018 5511 2139 5565 pum
2169 5494 2350 5548 nobilis
2381 5495 2589 5549 Sidonii
2619 5498 2779 5565 ipsius
2809 5495 3046 5564 epistola.
3097 5496 3223 5551 Ητεο
3251 5496 3363 5561 ille,
3399 5494 3606 5552 Sidonii

2021 5567 2228 5639 haerens
2248 5566 2510 5639 vestigiis.
2543 5566 2673 5622 Nam
2702 5569 2752 5622 in
2776 5567 3195 5639 Novempopnlis
3215 5578 3340 5622 sunt
3366 5568 3604 5633 Elusani,

2019 5637 2267 5710 Vasates,
2314 5637 2614 5704 Convenae,
2661 5637 3004 5695 Auscenses:
3058 5637 3246 5710 reliqui
3299 5640 3350 5694 in
3399 5639 3606 5693 duabus

2016 5709 2335 5783 Aquitaniis.
2368 5710 2495 5783 “Sed
2539 5710 2679 5778 apud
2709 5710 3021 5782 Gregorium
3071 5709 3329 5769 mendose
3374 5711 3603 5783 legitur:

2018 5782 2330 5849 gentiumque
2354 5778 2645 5836 Germania:
