4140 6336
524 243 621 311 απ
1576 240 1579 243 ⁷
1791 234 1985 292 SIDON
1991 234 2028 289 ΙΙ
2070 230 2517 290 APOLLINABIS
3700 230 3815 292 572

530 358 1179 430 Gothorum-quanquam
1209 364 1279 412 Sit
1300 354 1370 412 ob
1390 353 1581 411 virium
1614 359 1801 407 merita
1830 350 2106 419 terribilis,
2140 353 2189 417 Α
2220 349 2567 406 ecclesiarum
2597 348 2972 404 conventicula
3001 357 3300 405 rarescunt.
3329 347 3467 418 Quid
3492 363 3639 406 enim
3669 349 3811 407 fide-

532 466 640 508 non
667 459 776 506 tam
805 449 1059 505 Romanis
1082 442 1352 504 moenibus
1373 460 1532 516 quam
1561 443 1769 515 legibus
1793 440 2115 498 Christianis

533 543 903 601 insidiaturum
926 553 1169 611 pavesco.
1204 539 1456 606 Tantum,
1482 547 1540 593 ut
1562 538 1760 605 lerunt,
1782 535 1884 603 ori,
1912 542 2116 589 tantum

496 700 499 703 ν
536 635 738 709 pectori
783 647 882 691 suo
908 632 1158 690 catholici
1199 631 1399 688 mentio
1431 629 1663 686 nominis
1693 636 1840 690 acet,
1894 634 1953 680 ut
1999 639 2113 679 am-

520 729 705 800 bigas,
735 725 1035 796 ampliusne
1079 738 1191 780 suae
1234 724 1430 795 gentis,
1471 739 1538 778 an
1589 738 1702 778 suae
1748 730 1912 776 sectae
1942 725 2120 774 teneat

537 818 915 890 principatum.
965 816 1047 872 Ad
1090 816 1223 884 hoc,
1272 817 1437 872 armis
1480 825 1697 887 potens,
1743 828 1867 870 acer
1891 812 2116 879 animis,

535 911 713 967 alacer
758 909 950 980 annis,
1001 911 1143 966 hunc
1188 910 1363 965 solum
1414 909 1610 979 patitur
1656 922 1928 972 errorem,
1979 905 2120 975 quod

536 1015 688 1077 putat
714 1004 817 1060 sibi
857 1013 1177 1061 tractatuum
1207 1004 1662 1073 consiliorumque
1691 1015 1996 1057 successum
2027 1001 2123 1055 tri-

540 1098 630 1155 bui
661 1113 758 1170 pro
800 1099 1059 1169 religione
1100 1098 1355 1169 legitima,
1399 1112 1557 1168 quem
1607 1096 1779 1167 potius
1821 1095 2123 1165 assequitur

539 1206 638 1262 pro
695 1191 946 1246 felicitate
1004 1200 1236 1246 terrena.
1301 1189 1525 1259 Propter
1573 1188 1715 1258 quod
1769 1186 1959 1242 discite
2014 1186 2122 1240 cito

486 1346 493 1352 ,
537 1282 789 1340 catholici
839 1291 1013 1338 status
1042 1282 1398 1338 valetudinem
1445 1281 1732 1347 occultam,
1784 1290 1841 1335 ut
1885 1286 2123 1349 apertam

539 1374 804 1431 festinetis
857 1374 1118 1431 adhibere
1163 1375 1503 1433 medicinam.
1554 1373 1879 1442 Burdegala,
1933 1372 2124 1428 Petro-

544 1468 713 1535 corii,
765 1466 997 1534 Ruteni,
1047 1467 1393 1532 Lemovices,
1448 1464 1780 1533 Gabalitani,
1814 1474 1840 1502 λ
1871 1464 2124 1529 Elusani,

548 1561 791 1630 Vasates,
810 1559 839 1600 δ
856 1561 1141 1628 Convenae,
1170 1563 1497 1625 Auscenses,
1522 1559 1799 1629 multoque
1820 1560 1927 1631 jam
1958 1558 2128 1628 major

545 1669 801 1711 numerus
847 1655 1148 1724 civitatum,
1200 1655 1423 1709 summis
1472 1654 1838 1710 sacerdotibus
1889 1655 2126 1723 ipsorum

2218 443 2359 499 libus
2387 442 2563 496 solatii
2599 448 2879 510 superest,
2928 440 3145 511 quando
3187 440 3453 496 clericalis
3494 456 3605 497 non
3649 442 3814 498 modo

2218 534 2531 604 disciplina,
2574 547 2760 589 verum
2800 532 2963 587 etiam
3010 533 3271 587 memoria
3314 532 3497 603 periti
3547 533 3813 603 Equidem

2216 644 2338 685 cum
2386 628 2613 684 clericus
2663 626 2887 697 quisque
2936 626 3279 697 defungitur,
3331 628 3380 683 si
3429 628 3817 687 benedictione

2220 721 2471 777 succidua
2517 735 2626 775 non
2675 719 2903 790 accipiat
2944 720 3218 791 dignitatis
3268 720 3577 789 limredem,
3625 723 3681 777 in
3723 722 3817 777 illa

2222 814 2446 871 ecclesia
2484 812 2844 868 sacerdotium
2884 813 3134 880 moritur,
3167 828 3275 869 non
3313 815 3588 869 sacerdos.
3638 813 3818 883 Atque

2224 909 2297 962 ita
2327 906 2452 977 quid
2482 907 2595 977 spei
2626 916 2835 962 restare
2866 907 3185 977 pronunties
3204 948 3221 973 ,
3265 907 3352 962 ubi
3394 907 3521 964 facit
3549 908 3817 964 terminus

2210 1000 2459 1057 hominis
2488 999 2650 1056 finem
2689 999 3008 1070 religionis?
3057 1000 3233 1056 Altius
3275 1000 3521 1069 insp'cite
3560 1000 3819 1071 spiritua-

2194 1172 2202 1184 ἢ
2227 1098 2356 1152 lium
2384 1096 2579 1152 damna
2607 1095 3001 1161 membrorum;
3031 1096 3272 1167 profecto
3299 1095 3608 1167 intelligetis
3627 1095 3820 1167 quanti

2226 1190 2600 1261 subripiuntur
2642 1190 2915 1262 episc0pi,
2970 1199 3241 1247 tantorum
3289 1192 3442 1248 vobis
3491 1192 3816 1261 populorum

2230 1285 2389 1341 fidem
2422 1285 2879 1354 periclitaturam.
2921 1285 3097 1341 Taceo
3123 1295 3334 1341 vestros
3356 1284 3383 1323 ἀ
3404 1286 3637 1341 Crocum
3674 1285 3821 1342 Sim-

2232 1380 2555 1451 pliciumque
2606 1381 2879 1449 collegas,
2936 1388 3073 1449 qu‘os
3122 1378 3394 1435 cathedris
3447 1379 3551 1434 sibi
3606 1378 3820 1434 traditis

2230 1475 2558 1539 eliminatos,
2608 1475 2797 1529 similis
2845 1474 3019 1529 exsilii
3062 1476 3264 1531 cruciat
3310 1460 3467 1544 poena
3509 1475 3815 1530 dissimilis.

2231 1569 2471 1639 Namque
2500 1582 2637 1623 unus
2668 1568 2906 1638 ipsorum
2939 1583 2997 1624 se
3027 1568 3173 1624 dolet
3203 1583 3311 1622 non
3339 1568 3550 1637 videre,
3593 1583 3700 1639 quo
3736 1582 3823 1623 re-

2234 1662 2396 1717 deat:
2428 1663 2564 1717 alter
2592 1677 2650 1717 se
2678 1661 2819 1716 dolet
2843 1660 3049 1725 videre,
3073 1677 3179 1730 quo
3208 1676 3313 1715 non
3344 1661 3502 1715 redit.
3534 1660 3615 1715 Tu
3642 1674 3826 1715 sacra-

548 1757 722 1805 ῐηοΐιθ
745 1749 1024 1816 “uncam:
1052 1759 1074 1786 °
1099 1762 1197 1803 nec
1225 1748 1347 1802 υῙΙίε
1377 1747 1629 1818 deinceps
1658 1747 1924 1817 episcopis
1953 1746 2007 1801 in
2032 1745 2126 1802 de-
2159 1743 2206 1806 B
2235 1755 2563 1811 tissimorum
2598 1753 2912 1824 pontificum
2943 1753 3178 1819 Leontii,
3212 1752 3414 1817 Fausti,
3438 1750 3634 1816 Graeci,
3665 1751 3824 1817 urbe,

548 1850 854 1903 tunctorum
885 1841 1062 1897 ollicia
1088 1841 1325 1897 suffectis
1346 1840 1467 1911 (per
1492 1854 1629 1911 quos
1657 1840 1839 1910 utique
1865 1840 2130 1894 minorum

555 1932 802 1991 ordinum
827 1933 1119 1989 ministeria
1144 1932 1620 2002 subrogabantur),
1650 1933 1812 1987 latum
1839 1930 2135 1999 spiritualis

556 2030 726 2085 ruinae
751 2029 975 2086 limitem
1007 2029 1187 2084 traxit.
1218 2029 1386 2096 Quam
1420 2027 1528 2083 fere
1558 2034 1769 2082 constat
1798 2028 1875 2082 sic
1902 2040 1996 2095 per
2024 2026 2134 2079 sin-

553 2124 705 2199 gulos
744 2124 860 2180 dies
901 2124 1224 2180 morientum
1258 2133 1467 2193 patrum
1500 2122 1761 2192 proficere
1790 2119 2036 2185 defectu,
2081 2128 2139 2175 ut

550 2235 661 2276 non
699 2219 874 2275 solum
912 2218 1181 2290 quoslibet
1225 2217 1510 2288 haereticos
1550 2224 1905 2286 praesentum,
1950 2229 2134 2269 verum

552 2313 713 2368 etiam
745 2312 1132 2367 haeresiarchas
1174 2311 1412 2380 priorum
1452 2319 1753 2381 temporum
1797 2310 2029 2378 potuerit
2058 2310 2134 2363 in~

555 2405 822 2461 flectere:
873 2405 943 2459 ita
990 2405 1220 2475 populos
1264 2418 1487 2465 excessu
1537 2404 1850 2474 pontificum
1898 2404 2136 2471 orbatos,

557 2496 728 2554 tristis
775 2494 1045 2552 intercisa:
1092 2494 1218 2553 lidei
1245 2496 1569 2567 {deSperatio
1615 2498 1830 2566 premit.
1883 2496 2036 2551 Nulla
2085 2498 2140 2551 ιιι

553 2588 810 2646 desolatis
851 2603 977 2643 cura
1019 2587 1346 2645 dioecesibus
1395 2588 1789 2660 parochiisquc.
1842 2589 2039 2646 Videas
2087 2591 2139 2646 in

556 2682 812 2743 Ecclesiis
838 2691 931 2738 aut
960 2690 1140 2753 putres
1169 2684 1463 2740 culminum
1495 2684 1694 2754 lapsus,
1725 2692 1816 2739 aut
1845 2685 2002 2757 184
2024 2686 2140 2740 val-

556 2793 743 2835 varum
772 2779 1077 2835 eardinibus
1117 2779 1350 2845 avulsis,
1397 2780 1738 2836 basilicarum
1768 2780 1945 2835 aditus
1976 2780 2141 2852 hispi-

557 2872 747 2931 dorum
796 2875 1036 2946 veprium
1088 2873 1368 2930 fruticibus
1420 2875 1749 2932 obstructos.
1808 2874 1958 2945 Ipsa,
2008 2877 2142 2946 proli

556 2966 749 3023 dolor!
794 2968 977 3024 videas
1019 2977 1288 3033 armenta,
1336 2984 1442 3023 non
1493 2968 1653 3024 modo
1700 2969 2143 3039 semipatentibus

556 3062 735 3134 jacere
783 3063 1103 3130 vestibulis,
1164 3063 1259 3119 sed
1306 3064 1464 3120 etiam
1520 3062 1767 3127 herbosa,
1797 3064 2139 3119 viridantium

559 3155 805 3211 altarium
848 3156 1011 3209 latera
1052 3154 1288 3225 depasci.
1341 3155 1448 3211 Sed
1490 3155 1597 3223 jam
1646 3171 1746 3211 nec
1789 3171 1882 3225 per
1912 3157 2143 3212 rusticas

563 3246 738 3302 solum
780 3246 1013 3303 solitudo
1054 3246 1375 3303 parochias:
1411 3247 1523 3315 ipsa
1575 3248 1794 3317 insuper
1822 3248 2143 3305 urbanarum

635 3454 663 3483 δι
688 3444 841 3501 Nulla
864 3454 948 3518 est
971 3444 1163 3518 injuria
1192 3445 1333 3516 quod
1360 3446 1621 3502 Elusanos
1645 3456 1921 3518 praeponat
1942 3449 2150 3505 caeteris

562 3516 1091 3590 Novempopulanis.~
1118 3515 1249 3579 Fuit
1276 3518 1417 3571 enini
1440 3532 1602 3590 ,_cum
1641 3515 1801 3574 Elusa
1837 3522 2151 3590 metropolis

562 3596 707 3661 esset
743 3588 908 3661 totius
945 3588 1267 3659 provincia),
1315 3599 1370 3644 et
1399 3588 1497 3643 sub
1523 3605 1582 3644 ea
1616 3605 1735 3644 cum
1769 3591 1988 3661 reliquis
2015 3588 2149 3646 civi-

563 3667 644 3714 tas
666 3659 1007 3724 Ausciorum,
1041 3676 1161 3729 qua}
1201 3675 1342 3714 nunc
1376 3662 1684 3729 metropolis
1722 3681 1733 3715 ;
1786 3673 1841 3717 ut
1885 3659 2151 3717 iestantur

563 3744 670 3803 non
709 3730 871 3785 modo
899 3741 1110 3803 veteres
1138 3731 1353 3786 Notitiae
1386 3733 1780 3800 provinciarum
1802 3776 1815 3798 ,
1863 3736 1911 3787 in
1956 3735 2149 3803 quibus

564 3800 1050 3872 Novempopulanie
1092 3803 1337 3857 civitates
1384 3805 1485 3856 hoc
1531 3805 1687 3857 modo
1719 3800 2143 3859 deseribu’ntur:

569 3870 870 3941 Metropolis
912 3876 1087 3927 civitas
1119 3873 1409 3927 Elusatium
1430 3920 1443 3940 ,
1492 3876 1669 3929 civitas
1702 3877 2015 3943 Aquensium
2038 3919 2049 3940 ,
2097 3888 2145 3930 et

563 3952 684 4012 post
712 3944 842 3999 alias
870 3952 1160 4013 postrema,
1194 3946 1371 3999 (i'itas
1399 3947 1700 3999 Ausciorusn
1718 3964 1735 4011 ;
1776 3963 1959 4001 verum
1990 3950 2147 4001 etiam

563 4014 984 4087 subscriptiones
1035 4018 1375 4084 antiquarum
1431 4017 1782 4087 synodorum.
1858 4019 2147 4087 Agatheusi

565 4085 764 4155 etenim
790 4086 1019 4140 concilio
1050 4085 1487 4155 subscripserunt
1516 4087 1704 4141 Clarus
1737 4085 1927 4142 Elusa;
1947 4099 2149 4143 metro-

639 4154 831 4210 litanus
861 4165 915 4210 et
930 4156 1193 4227 _Nicetius
1221 4154 1539 4212 Altsciorum
1568 4159 1918 4227 gepiscopus;
1982 4164 2150 4215 Aure-

590 4223 795 4280 ianensi
860 4225 968 4298 74.
1012 4228 1184 4295 primo
1231 4227 1519 4295 Leontius,
1569 4223 1678 4283 non
1726 4223 2042 4295 Tolosanze,
2097 4240 2153 4286 ut

611 4310 856 4365 erperam
887 4312 1141 4351 excusum
1173 4309 1274 4362 est,
1307 4299 1397 4351 sed
1434 4298 1677 4351 Elosanae
1706 4302 2017 4365 metroliolis
2040 4342 2054 4362 ,
2099 4311 2154 4356 et

621 4366 809 4444 ice_ti_tis
830 4367 968 4444 idem
989 4369 1301 4444 Ausciorum
1324 4368 1899 4444 episco‘pnsaketnensi
1923 4373 2152 4444 denique

570 4436 713 4507 apud
738 4436 1096 4493 Flodoardum
1130 4438 1221 4493 lib.
1250 4455 1305 4502 ll,
1337 4436 1453 4507 cap.
1484 4436 1537 4505 5⁷,
1568 4440 1936 4507 subscripsere
1966 4436 2149 4498 itidem

571 4507 812 4564 Senocus
855 4508 1201 4564 Elosanensis
1247 4520 1302 4565 ct
1346 4510 1642 4566 Audericus
1686 4512 2015 4568 Auscensis:
2062 4531 2152 4569 eo—

570 4578 1090 4654 demqueexemplo
1138 4582 1189 4634 in
1239 4582 1378 4647 aliis,
1413 4583 1645 4651 quandin
1695 4586 2009 4654 metropolis
2056 4586 2154 4640 fuit

572 4650 755 4726 Elusa.
804 4650 954 4705 Nntic
985 4652 1147 4726 enim,
1182 4670 1300 4723 quae
1332 4650 1512 4726 rerum
1546 4655 1725 4709 vices!
1756 4650 1884 4710 sine
1902 4658 2153 4726 episcopo

569 4721 623 4776 in
649 4723 822 4777 vicum
858 4736 993 4791 pene
1020 4721 1235 4779 redacta
1262 4734 1362 4779 est.
1418 4724 1614 4779 Eusam
1660 4726 1726 4781 ab
1767 4721 1990 4792 incolis,
2037 4721 2149 4785 sive

569 4793 763 4866 [losum
818 4793 956 4859 dici,
1016 4803 1160 4850 recte
1208 4796 1389 4850 docuit
1440 4797 1676 4866 Scaliger
1715 4797 1780 4852 ad
1824 4801 2145 4853 Ausonium.

571 4862 769 4920 Errant
799 4880 946 4930 vero,
986 4875 1041 4919 et
1078 4867 1359 4921 Ammiano
1392 4862 1698 4923 Marcellino
1727 4884 1964 4926 errorem
1997 4872 2150 4924 affin-

568 4944 732 5005 gunt,
779 4937 891 5006 qui_
913 4936 966 4990 in
1011 4935 1093 4990 his
1123 4938 1239 5006 ejus
1266 4938 1445 4992 verbis
1466 4939 1575 4994 'lib.
1611 4956 1699 5004 xv,
1730 4938 1795 4993 In
1826 4941 2151 4997 Narbonensi

564 5004 713 5081 elusa
741 5004 813 5061 est
833 5004 1181 5081 ﬂarbonact
1219 5006 1413 5081 Tolosa
1434 5053 1448 5076 ,
1495 5025 1597 5078 pro.
1620 5011 1766 5066 clusa
1798 5013 2014 5067 Elttsam
2045 5013 2148 5081 legi

571 5076 776 5149 volunt.
832 5076 997 5149 Elusa
1035 5078 1178 5133 enim
1218 5078 1268 5132 in
1307 5076 1729 5149 Novempopulis
1771 5092 1887 5149 est,
1942 5099 2048 5137 non
2096 5076 2149 5138 in

570 5147 925 5221 Narbonensi.
958 5148 1067 5204 Nec
1094 5149 1272 5221 minus
1295 5147 1551 5221 falluntur
1577 5147 1666 5221 qui
1698 5147 1983 5208 Elusonem
2015 5155 2149 5209 Pau—

572 5220 663 5275 lini
704 5221 867 5291 epist.
897 5220 961 5291 6‘,
1009 5221 1122 5275 sive
1161 5220 1501 5289 Elttsionem,
1553 5220 1609 5276 ut
1653 5233 1735 5277 est
1778 5225 1828 5277 in
1872 5223 2151 5280 itinerario

577 5290 991 5362 Burdegaleilsi,
1044 5291 1285 5347 eamdem
1332 5307 1453 5347 cum
1504 5293 1664 5349 Elusa
1715 5294 1918 5349 faciunt
1959 5314 1972 5348 :
2027 5312 2147 5350 cum

576 5362 761 5416 Elusio
804 5363 942 5417 inter
986 5363 1238 5418 Tolosam
1281 5373 1336 5419 et
1376 5363 1677 5420 Narbonem
1733 5367 1833 5420 sita
1891 5366 2049 5421 fuerit
2098 5371 2149 5421 in

574 5430 928 5507 Narbonensi,
972 5435 1136 5490 Elusa
1172 5436 1313 5490 inter
1338 5437 1565 5491 Auscios
1601 5446 1657 5491 et
1694 5436 2068 5507 Burdegalam,
2099 5438 2150 5492 iu

484 5576 487 5579 Α
574 5500 1068 5579 Novempopulana,
1097 5517 1153 5560 ut
1181 5507 1381 5563 dictum
1404 5516 1505 5564 est.
1537 5509 1618 5563 Ad
1644 5524 1762 5563 eam
1790 5500 2003 5578 quoque
2032 5500 2155 5578 per-

576 5574 709 5650 tinet
736 5576 1191 5650 ve_tus_inscriptio
1226 5579 1507 5649 Nemausi,
1555 5597 1675 5650 quin
1712 5574 1951 5636 continet
1980 5574 2151 5649 epita-

577 5645 762 5717 phium
791 5646 853 5699 L.
882 5645 1100 5702 Taurini
1127 5652 1327 5705 Aurelii
1357 5645 1811 5708 civis'El'usensis.
2014 5645 2028 5649 ’
2126 5708 2129 5709 ν

647 5714 677 5755 δ
698 5715 799 5782 Qui
842 5732 983 5772 nunc
1009 5718 1411 5791 Comingenses.
1445 5720 1878 5781 Narbonensibus
1918 5723 2154 5779 uroximi

2235 1848 2464 1912 ordine,
2512 1847 2737 1902 caritate
2790 1846 3001 1902 medius
3054 1846 3350 1901 inveniris:
3403 1860 3500 1914 per
3544 1858 3641 1897 vos
3686 1844 3828 1898 mala

2236 1941 2500 1998 findet-um
2548 1948 2811 2006 currunt,
2870 1954 2967 2008 per
3009 1953 3104 1994 vos
3143 1941 3293 2008 regni
3340 1938 3622 2007 utriusque
3676 1944 3831 2004 pacta

2237 2037 2681 2106 conditionesque
2721 2044 3025 2107 portantur.
3081 2035 3236 2104 Agite
3274 2042 3538 2103 quatenus
3588 2030 3706 2085 haec
3762 2029 3838 2085 sit

2238 2130 2509 2198 amicitia,
2559 2127 2848 2183 concordia
2899 2126 3242 2197 principalis,
3298 2134 3354 2181 ut
3401 2123 3693 2194 episcopali
3744 2137 3840 2177 οιις

2240 2223 2517 2279 dinatione
2566 2221 2856 2291 permissa,
2898 2220 3126 2290 populos
3166 2218 3457 2274 Galliarum
3501 2231 3638 2287 quos
3677 2215 3842 2270 limes

2241 2314 2482 2372 Gothicae
2545 2315 2709 2369 sortis
2768 2313 3076 2377 incluserit,
3120 2321 3398 2368 teneamus
3441 2326 3509 2367 ex
3550 2297 3841 2372 fidefetsi

2245 2425 2350 2465 non
2383 2418 2625 2463 tenemus
2656 2423 2719 2462 ex
2752 2406 2971 2462 foedere.
3006 2406 3209 2461 Memor
3236 2404 3408 2461 nostri
3438 2417 3561 2461 esse
3589 2402 3840 2473 dignare,

2245 2501 2459 2559 domine
2487 2515 2641 2571 papa.
3654 2482 3665 2489 ’

2676 2594 2832 2666 135
2872 2590 3205 2649 EPISTOLA
3264 2589 3369 2646 vn.

2439 2688 2686 2744 Sidonius
2716 2687 2927 2741 domino
2958 2702 3105 2759 papa:
3135 2696 3158 2723 ο
3200 2684 3379 2740 erco
3403 2682 3640 2737 salutem.

2320 2783 2458 2838 Ecce
2489 2782 2683 2837 iterum
2729 2780 3013 2836 Amantius
3056 2777 3399 2849 nugigerulus
3431 2785 3619 2831 noster
3650 2772 3842 2829 Massi<

2250 2875 2374 2929 liam
2407 2888 2560 2929 suam
2591 2874 2807 2943 repetit,
2858 2871 3081 2942 aliquid,
3116 2879 3174 2926 ut
3211 2871 3373 2926 moris
3400 2876 3507 2935 est,
3535 2868 3605 2924 de
3646 2881 3841 2922 manu-

2251 2968 2352 3023 biis
2383 2968 2617 3024 civitatis
2661 2968 2881 3022 domum
2938 2973 3331 3036 reportaturus,
3380 2963 3425 3018 si
3472 2971 3652 3018 tamen
3695 2968 3843 3017 cata-

2251 3063 2369 3132 plus
2426 3062 2669 3118 arriserit
2714 3080 2725 3116 :
2776 3076 2868 3130 per
2934 3075 3092 3132 quem
3148 3058 3464 3129 joculariter
3512 3058 3660 3127 plura
3710 3070 3840 3126 gar-

2172 3133 2217 3197 Ο
2251 3156 2412 3213 rirem
2442 3195 2455 3218 ,
2513 3154 2559 3210 si
2609 3156 2806 3223 pariter
2880 3168 3015 3210 unus
3070 3152 3320 3221 idemque
3375 3151 3576 3206 valeret
3625 3147 3843 3203 animus

2254 3266 2515 3309 exercere
2559 3251 2679 3306 lteta
2716 3261 2771 3307 et
2817 3249 2989 3307 tristia
3033 3249 3321 3305 sustinere.
3356 3244 3623 3318 Siquidem
3666 3238 3845 3299 nostri

2255 3451 2322 3506 ad
2357 3451 2533 3508 fontes
2557 3452 2864 3509 Garumnae.
2899 3453 3099 3508 Horum
3128 3452 3255 3507 olim
3286 3450 3468 3506 civitas
3494 3448 3837 3516 Lugdunum,

2258 3523 2575 3596 Λούγδουνον
2615 3524 3074 3596 Κονουειιῶνῃόίϐιδ
3128 3522 3378 3596 Straboni
3428 3532 3482 3576 et
3511 3519 3842 3596 _l’tolenlao.

2256 3597 2323 3649 At
2345 3592 2781 3665 Comingensinm
2806 3594 2965 3650 hodie
2992 3603 3151 3664 caput
3179 3603 3234 3649 et
3259 3594 3415 3665 sedes
3439 3592 3838 3665 episcoporum,

2254 3669 2440 3720 civitas
2492 3662 2562 3721 Sf
2584 3666 2858 3720 Bertrandi
2901 3684 2913 3717 :
2967 3662 3125 3733 quam
3174 3667 3341 3735 ipsam
3376 3662 3691 3731 Lugdunum
3724 3677 3848 3735 esse

2257 3739 2543 3805 persuadet
2571 3740 2729 3803 situs,
2759 3738 2826 3791 ab
2854 3751 2919 3790 eo
2952 3737 3079 3790 nihil
3108 3734 3458 3805 discrepans,
3502 3748 3659 3803 quem
3692 3734 3848 3805 urbis

2255 3802 2575 3863 Conveniens
2596 3802 2851 3863 describit
2870 3807 3160 3876 Gregorius
3176 3802 3377 3860 Turun.
3399 3805 3489 3859 lib.
3511 3802 3601 3869 vti,
3617 3819 3735 3871 cap.
3752 3802 3847 3857 54.

2258 3881 2432 3934 Posita
2479 3880 2620 3934 enim
2656 3888 2738 3934 est
2789 3881 2838 3932 in
2890 3880 3042 3933 colle.
3103 3878 3417 3945 Lugdunum
3447 3886 3628 3931 autem
3658 3885 3846 3929 vetere

2254 3948 2525 4006 Gallorum
2581 3952 2755 4019 lingua
2806 3958 2887 4004 est
2934 3948 3122 4005 Clarus
3156 3951 3327 4004 Mons.
3381 3947 3584 4019 Ethici
3626 3945 3846 4019 quidem

2259 4022 2615 4087 ltincrarium,
2660 4017 2781 4076 cum
2815 4021 2881 4076 ab
2911 4022 3075 4089 Aquis
3101 4020 3422 4075 Tarbellicis
3447 4017 3719 4089 Tolosam_
3743 4018 3851 4071 iter

2255 4095 2492 4161 assignat
2522 4108 2614 4160 per
2646 4087 2993 4161 Lugdunum;
3043 4092 3171 4148 item
3203 4106 3323 4146 cum
3354 4090 3672 4161 abAgenno
3701 4087 3848 4161 Lug-

2252 4159 2457 4218 dunum
2483 4159 2646 4217 millia
2672 4159 2921 4232 passuum
2947 4172 3219 4230 numerat;
3237 4164 3308 4218 65
3329 4162 3396 4217 de
3416 4160 3677 4230 Lugduno
3705 4159 3851 4215 Con-

2258 4250 2515 4289 venarum
2546 4236 2715 4304 accipi
2745 4235 2924 4290 debet.

2329 4317 2350 4344 ο
2402 4306 2513 4360 lloc
2570 4301 2743 4375 ipsum
2800 4306 2852 4360 in
2912 4305 3289 4374 persecutione
3342 4302 3633 4375 Vandalica
3683 4301 3855 4375 deﬂet

2258 4375 2439 4433 Victor
2487 4373 2796 4442 Uticensis,
2845 4373 2926 4431 de
2959 4377 3229 4446 episcOpis
3277 4389 3441 4445 agens
3492 4374 3544 4427 in
3594 4373 3852 4446 exsilium

2256 4449 2421 4513 pulsis
2452 4448 2520 4503 ab
2551 4449 2822 4504 Hunerico
2847 4466 2861 4502 :
2898 4448 3118 4515 Quibus,
3150 4444 3342 4516 inquit,
3375 4447 3426 4499 in
3454 4446 3635 4499 exsilio
3662 4444 3851 4513 positis

2257 4520 2379 4572 dum
2417 4520 2584 4573 obitus
2621 4519 2930 4578 obvenisset.
2982 4534 3084 4572 non
3134 4518 3314 4572 licebat
3357 4517 3411 4570 in
3456 4532 3631 4570 eorum
3668 4516 3855 4569 civita-

2257 4590 2388 4643 tibus
2433 4591 2564 4646 alios
2610 4592 2871 4645 ordinare.
2926 4589 3209 4659 Episcopis
3247 4604 3376 4659 ergo
3416 4590 3590 4643 morte
3620 4585 3854 4659 sublatis

2256 4675 2377 4715 cum
2424 4662 2510 4716 alii
2552 4678 2659 4719 non
2699 4656 3141 4731 subrogarentur;
3196 4656 3470 4731 per'quos
3521 4656 3850 4731 ρτθβδγιετὲ.

2178 4753 2232 4813 D
2257 4732 2516 4813 diacones
2544 4734 2838 4803 caeterique
2865 4728 3184 4813 inferiorum
3194 4728 3462 4813 Iordinum
3493 4728 3856 4813 clericidesi-

2253 4812 2569 4872 gnarentur,
2598 4800 2860 4861 summam
2898 4807 2949 4857 in
2978 4802 3237 4859 Ecclesiis
3266 4800 3513 4858 omnibus
3542 4800 3857 4857 vastitatem

2257 4877 2407 4940 sequi
2440 4890 2662 4933 necesse
2694 4885 2829 4930 erat.

2328 4943 2354 4983 ά
2379 4945 2550 5003 Croco
2588 4948 2842 5016 episcopo
2882 4947 3021 5003 inter
3056 4944 3191 5000 alios
3217 4944 3472 5016 inscripta
3504 4952 3588 5016 est
3618 4940 3855 5016 epistola

2258 5016 2442 5073 Lucidi
2496 5012 2816 5088 presbyteri.
2868 5018 2946 5073 Ex
2983 5031 3089 5087 quo
3130 5016 3297 5085 liquet
3321 5012 3482 5088 illum
3528 5012 3851 5088 interfuisse

2257 5088 2463 5155 synodo
2491 5082 2811 5145 Arelatensi.
2863 5082 3159 5159 Episcopus
3186 5082 3288 5142 l'uit
3318 5085 3732 5151 Nemausensis;
3780 5082 3856 5138 de

2260 5159 2535 5226 Simplicio
2561 5169 2760 5228 autem,
2793 5175 2897 5223 non
2923 5160 3111 5229 liquet.

2332 5238 2355 5266 θ
2384 5231 2647 5300 Episcopo
2675 5227 3024 5299 Maissiliensi,
3054 5231 3121 5285 de
3152 5244 3259 5299 quo
3296 5245 3479 5298 supra.
3531 5227 3747 5295 Scripta
3786 5239 3857 5280 eo

2262 5309 2505 5366 tempore
2531 5317 2637 5372 quo
2680 5318 2745 5357 ex
2778 5302 2998 5372 findere
3050 5303 3194 5371 pacis
3241 5317 3272 5356 a
3314 5300 3520 5372 Nepote
3552 5300 3695 5354 initae
3725 5312 3855 5352 cum

2256 5372 2473 5439 Eurico,
2506 5371 2736 5429 Arverni
2761 5371 2951 5429 Gothis
2988 5391 3017 5428 a
3054 5373 3247 5442 quibus
3276 5374 3329 5428 vi
3365 5371 3482 5442 capi
3515 5385 3622 5425 non
3657 5377 3859 5442 potue-

2208 5461 2217 5475 υ
2258 5453 2380 5499 rant
2400 5486 2414 5510 ,
2458 5444 2579 5501 dedi
2623 5444 2759 5513 jussi
2804 5454 2927 5500 sunt
2958 5454 3015 5501 ut
3046 5440 3247 5499 dictum
3278 5452 3362 5500 est
3388 5440 3455 5498 ad
3482 5441 3768 5513 epistolam
3797 5440 3856 5503 ι,

2263 5516 2356 5569 lib.
2388 5531 2465 5569 ιιι.
2517 5511 2806 5587 Propterea
2836 5516 3090 5571 Sidonius
3136 5531 3261 5587 non
3291 5511 3559 5570 immerito
3600 5511 3857 5587 queritur

2260 5584 2925 5712 Arvjrnorum'meliorem
2948 5586 3113 5645 fuisse
3133 5586 3235 5643 sub
3253 5586 3398 5645 bello
3418 5600 3576 5656 quam
3597 5584 3700 5640 sub
3722 5594 3860 5653 paco

2261 5673 2362 5712 COD
2406 5668 2643 5712 ttionem.

2261 5668 2397 5713 cond
2406 5668 2643 5715 itionem.
