4140 6336
444 265 549 322 373

1672 264 2149 323 EPISTOLARUM
2189 266 2316 323 LIB.
2362 269 2466 326 VH.

3614 284 3722 345 ὄπ

380 382 392 393 ’
443 380 531 437 hic
563 396 702 439 nunc
739 390 823 439 est
859 382 1088 440 infelicis
1121 383 1299 455 anguli
1341 356 1542 448 status;
1585 382 1756 453 cujus,
1786 388 1846 436 ut
1891 381 2028 435 fama
2063 382 2111 443 Α
2138 382 2377 455 Namque.
2405 387 2508 443 alia
2536 390 2685 461 regio
2709 390 2902 448 tradita
2940 394 3217 452 servitium
3246 407 3447 467 sperat,
3481 400 3717 460 Arverna

440 474 761 541 confirmat,
807 476 998 531 melior
1050 473 1145 531 fuit
1194 475 1293 531 sub
1349 475 1490 531 bello
1538 490 1695 546 quam
1751 474 1850 529 sub
1894 487 2028 543 pace

441 567 701 626 conditio.
763 567 922 624 Facta
967 577 1049 625 est
1092 570 1327 625 servitus
1372 578 1552 624 nostra
1600 568 1827 638 pretium
1873 579 2023 622 secu-

444 664 618 720 ritatis
674 663 882 719 aliena.
940 667 1306 720 Arvernorum
1346 705 1362 730 ,
1426 662 1558 733 proh
1607 662 1794 717 dolor!
1858 660 2028 717 servi-

441 765 568 812 tus:
599 757 712 827 qui,
747 755 792 811 si
825 756 1000 826 prisca
1033 754 1446 827 replicarentur,
1485 755 1754 812 audebant
1778 768 1836 809 se
1858 769 2027 824 quon-

438 850 563 903 dam
598 848 789 904 fratres
829 848 984 904 Latio
1021 849 1220 917 dicere,
1257 860 1310 906 et
1352 850 1610 920 sanguine
1635 849 1703 903 ab
1743 850 1906 904 lliaco
1939 861 2028 917 po-

438 943 595 1013 pulos
617 952 952 1015 computare.
983 945 1040 1000 Si
1068 946 1302 1000 recentia
1332 944 1789 1009 memorabuntur,
1826 944 1859 997 ii
1900 951 2025 998 sunt

436 1035 527 1106 qui
550 1036 752 1092 viribus
780 1038 1008 1108 propriis
1036 1037 1266 1092 hostium
1313 1036 1642 1107 publicorum
1677 1049 1822 1091 arma
1848 1049 2024 1090 remo-

437 1130 542 1187 rati
568 1140 734 1187 sunt:
768 1133 852 1186 cui
895 1146 1039 1202 saepe
1081 1131 1278 1202 pupulo
1303 1130 1509 1186 Gothus
1553 1145 1658 1184 non
1700 1130 1797 1183 fuit
1841 1128 2024 1183 clauso

437 1225 579 1282 intra
603 1225 799 1281 muenia
831 1224 1126 1291 formidini,
1157 1239 1278 1279 cum
1325 1223 1565 1279 vicissim
1598 1223 1712 1293 ipse
1740 1221 1895 1277 fieret
1925 1236 2021 1290 op-

434 1318 827 1390 pugnatoribus
859 1317 1047 1388 positis
1078 1318 1214 1372 intra
1244 1326 1419 1373 castra
1447 1318 1661 1373 terrori.
1691 1316 1751 1370 Hi
1780 1327 1904 1370 sunt
1929 1313 2019 1383 qui

431 1410 536 1467 sibi
590 1410 854 1465 adversus
907 1406 1202 1465 vicinorum
1261 1408 1431 1464 aciem
1480 1417 1586 1463 tam
1661 1408 1823 1463 duces
1872 1408 2021 1463 fuere

433 1517 594 1573 quam
626 1502 848 1558 milites.
883 1503 957 1558 De
999 1518 1225 1573 quorum
1264 1511 1440 1557 tamen
1467 1510 1613 1557 sorte
1640 1501 2016 1569 certaminum,

432 1597 478 1651 si
510 1595 638 1668 quid
668 1610 983 1675 prosperum
1005 1596 1190 1662 cessit,
1224 1610 1321 1651 vos
1361 1595 1593 1650 secunda
1641 1594 1813 1649 solata
1860 1602 2014 1660 sunt;

431 1691 478 1746 si
529 1689 656 1759 quid
708 1692 1084 1758 contrarium,
1141 1690 1262 1744 illos
1310 1689 1534 1744 adversa
1596 1688 1886 1758 fregerunt.
1942 1688 2018 1742 llli

2133 478 2473 547 supplicium.
2525 481 2668 539 Sane
2708 484 2752 540 si
2799 485 3054 543 medicari
3104 491 3302 546 nostris
3329 491 3483 564 187
3515 490 3717 550 ultimis

2135 584 2238 624 non
2270 571 2480 637 valetis,
2508 573 2693 630 saltem
2726 575 2827 633 hoc
2858 578 3057 638 efﬁcite
3085 596 3242 653 prece
3271 582 3472 648 sedula,
3517 594 3571 638 ut
3601 598 3717 641 san-

2130 662 2246 733 guis
2270 662 2410 719 vivat
2439 680 2665 733 quorum
2692 677 2776 724 est
2808 672 3063 727 moritura
3095 673 3318 730 libertas
3360 691 3372 729 :
3408 685 3594 746 parate
3616 691 3715 731 ex-

2130 758 2336 815 sulibus
2377 768 2598 825 terram,
2644 763 2921 831 capiendis
2969 765 3415 835 redemptionem,
3462 768 3714 824 viaticum

2132 852 2563 921 peregrinaturis.
2595 853 2650 909 Si
2696 869 2880 910 murus
2908 860 3117 923 Lnoster
3162 861 3405 929 aperitur
3450 860 3713 924 hostibus,

2131 960 2235 1001 non
2266 945 2336 1001 sit
2364 946 2579 1002 clausus
2605 954 2785 1003 vester
2809 948 3133 1018 hospitibus.
3163 949 3366 1009 Memor
3398 954 3566 1010 nostri
3594 968 3717 1011 esse

2129 1037 2368 1109 dignare,
2399 1037 2616 1095 domine
2647 1053 2807 1108 papa.

2676 1130 3004 1188 EPISTOLA
3064 1132 3199 1189 Vlll.

2266 1223 2515 1279 Sidonius
2541 1225 2745 1279 domino
2776 1240 2926 1296 papa:
2950 1235 2972 1264 ο
3000 1222 3304 1296 Euphronio
3326 1229 3562 1284 salutem.

2196 1316 2636 1387 Quandoquidem
2663 1332 2749 1371 me
2791 1317 3054 1373 clericalis
3085 1317 3244 1374 officii
3286 1320 3493 1377 vincula
3527 1322 3712 1395 ligant,

2126 1406 2490 1462 felicissimum
2537 1409 2921 1464 mediocritatis
2975 1426 3106 1466 meae
3155 1419 3354 1466 statum
3404 1416 3715 1484 pronuntiav

2128 1520 2261 1571 rem,
2294 1502 2337 1557 si
2372 1503 2523 1558 nobis
2566 1503 2896 1559 haberentur
2923 1502 2951 1541 ἀ
2982 1521 3140 1575 quam
3197 1506 3470 1562 territoria
3519 1509 3715 1577 vicina,

2127 1607 2231 1651 tam
2277 1595 2495 1652 moenia.
2550 1595 2625 1652 De
2671 1596 2906 1652 minimis
2938 1596 3197 1675 videlicet.
3236 1599 3400 1655 rebus
3457 1615 3716 1657 coronam

2124 1697 2270 1744 tuam
2319 1689 2673 1756 maximisque
2722 1691 3060 1745 consulerem
3097 1691 3397 1763 :fleretque
3444 1694 3715 1751 actionum

428 1798 619 1842 amore
641 1784 948 1856 reipublicae
976 1793 1003 1823 ι
1032 1784 1376 1850 Seronatum,
1419 1783 1661 1839 barbaris
1709 1782 2014 1855 provincias
2051 1778 2093 1837 Β
2121 1796 2359 1837 mearum
2383 1781 2533 1852 quasi
2564 1781 2865 1852 cujuspiam
2897 1781 3044 1838 lluvii
3088 1783 3480 1854 placidissimus
3526 1801 3718 1843 cursus

428 1877 807 1947 propinantem
862 1893 969 1932 non
1026 1878 1255 1932 timuere
1316 1877 1519 1947 legibus
1564 1874 1811 1940 tradere;
1862 1890 2020 1945 quem

427 1970 734 2026 convictum
761 1971 1016 2041 deinceps
1045 1970 1363 2041 reSpublica
1386 1970 1471 2023 vix
1506 1968 1847 2038 prmsumpsit
1878 1968 2021 2024 occi-

428 2061 581 2119 dere.
624 2062 859 2119 lloccine
906 2072 1218 2118 meruerunt
1263 2061 1468 2130 inepia.
1525 2061 1757 2125 flamma,
1791 2060 2016 2126 ferrum,

428 2158 756 2228 pestilentia,
782 2159 1007 2229 pingues
1037 2156 1278 2212 caedibus
1323 2155 1504 2226 gladii,
1553 2155 1710 2226 186
1755 2164 1810 2209 et
1855 2154 2023 2209 macri

423 2251 646 2323 jejuniis
692 2252 1074 2322 proeliatores?
1125 2250 1350 2320 Propter
1397 2247 1552 2317 hujus
1595 2257 1771 2302 tamen
1806 2246 2020 2319 inclyta:

423 2345 575 2415 pacis
600 2345 1082 2415 exspectationem,
1111 2343 1325 2398 avulsas
1377 2341 1671 2396 muralibus
1702 2340 1852 2395 rimis
1900 2339 2021 2395 hcr-

428 2436 528 2493 bas
560 2437 612 2492 in
648 2437 822 2492 cibum
856 2438 1155 2502 traximus;
1183 2437 1381 2493 crebro
1411 2451 1507 2507 per
1536 2434 1893 2505 ignorantiam
1928 2449 2020 2490 ve-

428 2528 641 2584 nenatis
660 2529 994 2599 graminibus
1033 2529 1241 2595 infecti,
1263 2543 1382 2598 qua:
1412 2526 1718 2582 indiscretis
1740 2525 1885 2581 foliis
1906 2541 2020 2581 suc-

427 2619 615 2690 cisque
636 2620 942 2685 viridantia,
975 2634 1119 2690 saepe
1158 2634 1349 2675 manus
1378 2619 1516 2674 fame
1566 2617 1822 2674 concolor
1869 2617 2014 2688 legit.

425 2711 533 2769 Pro
564 2712 629 2768 iis
656 2719 737 2767 tot
765 2714 1032 2783 tantisque
1071 2712 1369 2767 devotionis
1410 2712 1798 2782 experimentis
1849 2713 2018 2767 nostri

427 2806 711 2877 (quantum
760 2805 944 2875 audio)
997 2804 1134 2860 facta
1186 2805 1395 2875 jactura
1446 2813 1529 2858 est
1580 2823 1591 2857 :
1644 2804 1843 2873 pudeat
1896 2818 2015 2868 vos,

422 2915 734 2970 precamur,
764 2899 925 2972 hujus
956 2899 1175 2956 foederis
1202 2915 1301 2955 nec
1330 2900 1476 2955 utilis
1521 2914 1620 2955 nec
1665 2901 1868 2955 decori.
1916 2899 2019 2955 Per

424 3007 524 3049 vos
573 2992 869 3064 legationes
916 3001 1116 3048 meant.
1176 2992 1344 3047 Vobis
1394 2992 1659 3062 primum,
1712 3007 2015 3061 quanquam

422 3086 666 3158 principe
690 3086 932 3154 absente,
964 3101 1071 3142 non
1102 3087 1273 3142 solum
1307 3095 1533 3141 tractata
1564 3097 1899 3156 reserantur,
1926 3101 2019 3141 ve-

2129 1885 2289 1947 atque
2320 1875 2640 1941 inoffensus,
2669 1878 2714 1931 si
2737 1892 2768 1932 e
2799 1885 3025 1932 tractatu
3049 1885 3142 1933 tuo
3192 1879 3355 1934 veluti
3402 1896 3432 1935 e
3477 1880 3718 1938 saluber-

2127 1968 2266 2023 rimo
2295 1968 2443 2023 lonte
2467 1976 2729 2024 manaret.
2760 1967 2951 2024 Procul
2983 1969 3146 2025 dubio
3167 1979 3292 2025 tunc
3319 1971 3406 2028 ille
3436 1986 3541 2028 non
3571 1980 3718 2030 esset

2127 2073 2220 2118 aut
2248 2079 2535 2134 spumosus
2563 2079 2658 2135 per
2693 2064 3031 2134 jactantiant,
3066 2076 3155 2120 aut
3188 2066 3432 2124 turbidus
3472 2084 3568 2138 per
3622 2076 3718 2124 Su-

2128 2156 2391 2227 perbiam,
2419 2166 2508 2211 aut
2529 2172 2779 2212 caenosus
2809 2173 2903 2227 per
2930 2156 3338 2225 conscientiam,
3367 2170 3453 2214 aut
3478 2175 3718 2232 praeceps

2127 2266 2221 2321 per
2245 2250 2608 2320 juventutem.
2656 2249 2795 2316 Quin
2849 2250 3022 2319 potius
3072 2250 3125 2305 in
3176 2251 3271 2306 illo
3320 2252 3621 2323 squalidum
3670 2254 3718 2312 Ii

2125 2341 2250 2412 quid
2282 2357 2344 2397 ac
2390 2350 2544 2413 putre
2589 2343 2859 2409 sorderet,
2910 2351 3077 2397 totum
3120 2343 3171 2398 id
3218 2343 3453 2400 admixta
3504 2345 3715 2403 consilii

2126 2434 2202 2490 tui
2235 2450 2369 2490 vena
2397 2435 2645 2490 dilueret.
2670 2434 2776 2490 Sed
2808 2435 2948 2504 quod
2982 2433 3349 2504 hujuscemodi
3378 2439 3516 2493 vctis
3544 2437 3717 2508 spatia

2123 2536 2250 2583 sunt
2274 2528 2428 2598 longa
2458 2530 2600 2584 inter
2619 2528 2789 2598 posita
2823 2528 3265 2598 praepedimento,
3291 2530 3479 2586 sedulo
3502 2546 3713 2601 precor,

2123 2632 2180 2675 ut
2224 2622 2594 2676 consulentem
2651 2621 2718 2677 dc
2773 2619 3026 2690 scrupulo
3074 2621 3301 2677 incursu:
3353 2621 3717 2691 ambiguitatis

2123 2714 2411 2783 expedias:
2447 2725 2500 2768 et
2527 2712 2652 2784 quia
2691 2722 2716 2749 θ
2765 2712 3099 2783 Simplicium
3147 2711 3493 2782 spectabilem
3542 2713 3718 2774 virum

2124 2808 2435 2877 episcopum
2490 2807 2592 2862 sibi
2657 2805 2860 2876 llagitat
2918 2806 3147 2877 populus
3198 2805 3400 2861 Biturix
3451 2806 3711 2874 ordinari,

2123 2904 2248 2974 quid
2296 2918 2458 2973 super
2502 2910 2651 2957 tanto
2691 2900 2918 2956 debeam
2968 2899 3180 2971 negotio
3224 2899 3401 2955 facere
3430 2900 3710 2957 decernas.

2125 2997 2294 3067 Hujus
2325 3011 2383 3052 es
2415 3010 2646 3064 namque
2678 2994 2760 3048 vel
2798 3007 2928 3064 erga
2960 3006 3046 3047 me
3087 2991 3433 3062 dignationis,
3458 2993 3538 3047 vel
3587 3006 3713 3062 erga

2125 3090 2361 3161 reliquos
2397 3090 2556 3162 138
2584 3087 2937 3152 auctoritatis,
2964 3085 3082 3140 utsi
3116 3084 3240 3154 quid
3266 3083 3380 3140 fieri
3416 3086 3561 3140 voles
3591 3084 3713 3158 (vo!

425 3194 545 3234 rum
571 3179 733 3235 etiam
784 3178 1061 3235 tractanda
1108 3179 1538 3234 committuntur.
1587 3177 1877 3234 Veniabilis
1921 3181 2012 3250 sit,
2042 3170 2087 3232 C
2124 3184 2201 3240 les
2231 3192 2406 3238 autem
2451 3180 2709 3252 quidquid
2756 3179 3122 3251 aequissimum
3164 3180 3291 3247 est),
3326 3193 3432 3234 non
3484 3177 3714 3236 suadere

422 3286 754 3342 quaesumus,
806 3272 947 3343 apud
981 3286 1137 3327 aures
1185 3280 1392 3327 vestras
1438 3271 1679 3326 veritatis
1726 3271 2007 3341 asperitas,

418 3364 574 3434 cujus
603 3364 831 3420 convicii
874 3363 1128 3420 invidiam
1159 3364 1315 3419 dolor
1342 3364 1517 3434 eripit.
1556 3365 1751 3419 Parum
1780 3364 1832 3419 in
1856 3381 2008 3422 COlll-

416 3474 585 3515 mune
603 3459 929 3515 consulitis:
974 3468 1028 3515 et
1075 3474 1196 3513 cum
1246 3459 1301 3513 in
1352 3460 1637 3514 concilium
1684 3458 2008 3524 convenitis,

420 3565 531 3606 non
560 3560 667 3604 tam
700 3565 845 3605 cura:
890 3561 972 3606 est
1019 3552 1249 3621 publicis
1291 3551 1491 3607 mederi
1526 3552 1800 3621 periculis,
1850 3568 2008 3623 quam

422 3644 648 3713 privatis
678 3644 895 3699 studere
918 3644 1182 3698 fortunis:
1212 3645 1353 3713 quod
1401 3646 1582 3713 utique
1627 3659 1771 3711 smpe
1817 3643 2013 3713 diuque

418 3737 704 3803 facientes,
732 3737 839 3807 jam
873 3735 899 3775 δ
928 3752 1034 3792 non
1063 3736 1222 3807 primi
1272 3737 1799 3806 comprovincialium
1845 3737 2012 3804 coepi-

418 3829 524 3887 stis
554 3843 696 3896 esse,
724 3828 821 3886 sed
843 3824 1047 3884 ultimi.
1073 3832 1141 3883 At
1168 3843 1447 3898 quousque
1484 3828 1600 3882 ista:
1628 3837 1882 3898 poterunt
1916 3828 2013 3881 du—

417 3937 543 3982 rare
562 3922 884 3994 praestigiae?
913 3921 1029 3977 Non
1057 3921 1200 3978 enim
1230 3921 1429 3977 diutius
1453 3920 1553 3991 ipsi
1589 3920 1818 3991 majores
1845 3920 2012 3975 nostri

386 4062 391 4065 Α
416 4018 525 4076 hoc
553 4018 770 4073 nomine
795 4017 1189 4087 gloriabuntur,
1226 4017 1315 4088 qui
1359 4016 1593 4071 minores
1620 4016 1878 4085 incipiunt
1907 4029 2010 4070 non

417 4113 639 4170 habere.
669 4112 1005 4183 Quapropter
1027 4112 1107 4167 vel
1146 4112 1393 4177 consilio,
1441 4126 1546 4180 quo
1592 4112 1845 4180 potestis,
1900 4120 2012 4164 sta-

418 4216 533 4263 tum
560 4207 861 4263 concordire
892 4215 997 4260 tam
1027 4207 1198 4278 turpis
1229 4205 1469 4261 incidite.
1505 4204 1689 4259 Adhuc
1715 4205 1757 4258 si
1791 4217 2013 4260 necesse

415 4310 502 4358 est
522 4298 779 4365 obsideri,
810 4298 988 4353 adhuc
1017 4314 1274 4368 pugnare,
1305 4297 1480 4351 adhuc
1509 4296 1717 4351 esurire
1754 4296 2007 4352 delectat.

414 4396 476 4450 Si
507 4407 638 4448 vero
666 4389 949 4459 tradimur,
979 4391 1069 4461 qui
1097 4406 1203 4445 non
1232 4390 1500 4460 potuimus
1531 4389 1733 4443 viribus
1754 4389 2006 4453 obtineri,

414 4491 689 4546 invenisse
719 4505 816 4545 vos
840 4496 1042 4543 certum
1072 4494 1173 4550 est,
1205 4482 1330 4553 quid
1368 4481 1656 4537 barbarum
1709 4482 2010 4537 suaderetis

2117 3287 2225 3331 tam
2263 3274 2481 3339 debeas,
2510 3288 2669 3344 quam
2694 3272 2905 3343 jubere.
2958 3271 3032 3327 De
3071 3286 3177 3342 quo
3206 3279 3385 3325 tamen
3434 3270 3715 3341 Simplicio

2115 3370 2308 3425 scitote
2335 3369 2543 3423 narrari
2573 3367 2799 3437 plurima
2828 3366 2988 3431 bona,
3014 3375 3175 3435 atque
3202 3380 3261 3419 ea
3285 3364 3502 3434 quidem
3531 3381 3561 3420 a
3592 3366 3713 3435 plus

2114 3464 2265 3519 rimis
2291 3462 2466 3517 bonis.
2500 3462 2630 3529 Quae
2661 3460 2967 3515 testimonia
3018 3457 3150 3513 mihi
3194 3458 3364 3527 prima
3395 3458 3569 3513 fronte
3599 3458 3710 3513 col-

2116 3556 2280 3627 loquii
2303 3571 2408 3610 non
2437 3556 2567 3609 satis
2594 3564 2770 3625 grata,
2800 3553 2923 3621 quia
2955 3552 3086 3607 satis
3110 3552 3366 3621 gratiosa,
3393 3549 3713 3619 judicaban-

2115 3660 2221 3705 tur.
2267 3654 2333 3704 At
2364 3658 2642 3717 postluam
2697 3646 2921 3701 aemulos
2965 3648 3082 3713 ejus
3132 3645 3264 3698 nihil
3324 3645 3431 3699 vidi
3478 3644 3709 3714 amplius

2116 3758 2277 3813 quam
2328 3741 2511 3805 silere,
2553 3751 2714 3808 atque
2759 3722 2853 3792 eos
2899 3734 3129 3791 maiim'e
3171 3739 3260 3809 qui
3314 3735 3474 3790 fidem
3527 3737 3711 3792 fovent

2117 3837 2469 3899 Arianorum;
2495 3847 2668 3902 neque
2691 3830 2967 3901 quippiam
2996 3827 3291 3891 nominato,
3325 3826 3452 3881 licet
3481 3825 3706 3881 necdum

2119 3942 2315 3987 nostra:
2349 3929 2719 4001 professionis,
2754 3926 2997 3983 illicitum
3028 3924 3226 3994 opponi
3261 3941 3271 3977 :
3322 3924 3559 3980 animum
3609 3924 3706 3980 ad-

2117 4022 2252 4081 verli
2279 4014 2680 4079 exactissimum
2711 4020 2882 4074 virum
2914 4033 3070 4088 posse
3098 4017 3331 4079 censeri,
3380 4017 3445 4070 de
3475 4032 3581 4085 quo
3626 4017 3708 4072 ci-

2118 4118 2194 4172 vis
2222 4116 2393 4171 malus
2424 4112 2589 4184 loqui,
2616 4111 2790 4166 borius
2833 4119 3011 4164 tacere
3055 4108 3163 4163 non
3204 4117 3402 4177 posset.
3456 4107 3560 4162 Sed
3610 4122 3708 4162 cur

2115 4225 2214 4279 ego
2236 4209 2337 4265 ista
2370 4206 2483 4261 haec
2514 4205 2729 4274 ineptus
2773 4201 2968 4272 adjeci,
3022 4211 3275 4272 tanquam
3306 4200 3490 4255 darem
3525 4199 3707 4256 consi-

2116 4305 2244 4360 lium
2308 4300 2398 4371 qui
2449 4297 2714 4369 poposci?
2770 4295 2908 4365 Quin
2956 4293 3135 4364 potius
3183 4294 3361 4349 omnia
3409 4309 3475 4348 ex
3523 4301 3707 4349 vestro

2116 4405 2265 4459 nutu,
2299 4391 2542 4456 arbitrio,
2572 4389 2872 4460 litterisque
2894 4386 3283 4458 disponentur;
3304 4385 3705 4453 sacerdotibus,
3754 4458 3759 4463 ἡ

2114 4486 2459 4560 popularibus
2487 4481 2995 4538 manifestabuntur.
3026 4479 3210 4551 Neque
3238 4480 3381 4533 enim
3413 4478 3484 4533 ita
3512 4477 3707 4548 desipi-

413 4582 617 4654 ignavi.
647 4583 754 4640 Sed
779 4597 875 4639 cur
901 4577 1077 4636 dolori
1126 4576 1293 4632 nimio
1336 4575 1486 4631 frena
1531 4576 1807 4630 laxamus?
1864 4575 2002 4643 Quin
2030 4560 2085 4621 Ῐ)
2111 4595 2227 4636 mus
2258 4580 2308 4633 in
2344 4586 2541 4638 totum,
2594 4585 2651 4628 ttt
2679 4572 3007 4628 evocandum
3048 4581 3101 4627 te
3146 4571 3399 4642 primum,
3449 4571 3491 4625 si
3525 4570 3707 4625 venire

415 4678 597 4748 potius
629 4676 884 4747 ignoscite
912 4673 1147 4740 afflictis,
1200 4686 1297 4727 nec
1326 4671 1582 4740 imputate
1626 4670 1999 4725 maerentibus.

491 4793 646 4867 75"
690 4792 769 4848 De
805 4806 911 4862 quo
955 4789 1049 4844 lib.
1100 4803 1167 4856 ll,
1217 4786 1372 4856 epist.
1414 4800 1468 4848 ι,
1510 4791 1566 4839 et
1610 4783 1703 4838 lib.
1752 4800 1804 4847 ν,
1846 4785 2007 4853 epist.

413 4880 570 4921 XXIII.

494 4933 936 5005 l’Episcoporum
991 4929 1284 5005 provincia;
1347 4925 1730 5005 Arelatensisn
1781 4924 2011 5005 Massilia

415 5007 551 5063 olim
581 4995 901 5077 provincia:_
926 4995 1099 5077 fuerat
1135 4997 1504 5077 Viennensis:
1535 5006 1608 5077 at_
1636 4995 1846 5077 Sidonii
1894 5012 2011 5077 aevo

414 5068 718 5134 Arelatensi
764 5074 1175 5130 attribuebatur.
1223 5069 1340 5125 Jatn
1386 5068 1532 5125 enim
1588 5068 1783 5123 Leonis
1830 5068 2009 5136 magni

378 5159 383 5205 ζ
417 5151 643 5205 decreto
683 5147 852 5201 divisa
895 5147 947 5199 in
974 5145 1106 5199 duas
1139 5142 1314 5198 fuerat
1348 5139 1618 5210 provincia
1654 5139 2006 5210 Viennensis;

376 5217 383 5222 ’
416 5224 492 5277 ita
521 5228 579 5276 ut
622 5233 742 5289 pars
768 5216 991 5289 Vienna:
1020 5216 1238 5271 cederet
1272 5209 1590 5289 metropoli,
1615 5224 1738 5289 pars
1765 5209 2005 5289 Arelato.

418 5292 565 5348 Inter
617 5282 945 5345 Arelatensis
987 5297 1164 5342 autem
1212 5283 1498 5355 provincia:
1545 5282 1787 5337 civitates
1838 5283 2005 5353 prjma

416 5371 538 5420 erat
566 5361 798 5418 Massilia
829 5377 844 5425 ;
878 5371 988 5413 tum
1030 5357 1254 5421 Aveniu,
1298 5355 1546 5418 Arausio,
1592 5355 2005 5422 Carpentorate,

419 5435 584 5490 Vasio
632 5443 684 5487 et
731 5432 869 5484 alim.
934 5430 1097 5485 Primi
1144 5442 1271 5497 ergo
1318 5425 2007 5497 comprovincialiumepi-

418 5506 570 5576 scopi
599 5502 1101 5576 rblassiliens‘esLAt
1146 5495 1309 5561 nunc,
1353 5496 1737 5576 ait_‘Sidnniu_s,
1785 5495 2006 5564 reliquis

422 5567 537 5634 fere
563 5572 872 5631 civitatibus
898 5572 950 5626 in
980 5570 1276 5627 Gothorum
1306 5568 1387 5623 vel
1436 5567 1867 5636 Burgundionum
1909 5581 2000 5634 po-

421 5659 673 5706 testatem
702 5644 954 5711 redactis,
974 5641 1086 5711 jam
1112 5655 1219 5696 non
1249 5639 1404 5709 primi
1431 5638 1483 5692 in
1506 5652 1566 5690 ea
1595 5636 1862 5707 provincia
1894 5652 2003 5693 ete-

422 5728 616 5792 perant
640 5730 782 5781 esse,
810 5715 905 5792 sed
936 5714 1127 5792 ultimi2
1420 5782 1433 5792 _
1729 5787 1738 5792 Δ
1836 5779 1847 5791 '

499 5802 520 5832 ι
551 5780 1019 5859 Augustodunensi
1044 5786 1295 5856 episc0po
1330 5802 1343 5837 :
1370 5782 1437 5837 ad
1474 5796 1632 5853 quem
1661 5787 1745 5837 est
1767 5780 1922 5850 epist.
1944 5780 2004 5849 2,

2108 4669 2367 4742 possibile
2397 4675 2517 4728 est;
2546 4663 2741 4719 deinde
2768 4664 2813 4717 si
2840 4661 2967 4731 quid
3008 4677 3184 4726 secus,
3231 4670 3379 4715 certe
3421 4662 3706 4716 consulen-

2116 4785 2210 4840 lib.
2240 4798 2311 4846 tv,
2342 4778 2482 4835 etde
2510 4792 2615 4845 quo
2640 4775 2869 4846 epistola
2893 4776 3077 4830 ultima
3112 4776 3203 4829 lib.
3240 4791 3311 4829 tx.
3335 4772 3541 4846 Colitur
3564 4772 3707 4846 i_nter

2119 4843 2334 4911 sanctos
2367 4867 2419 4905 Ill
2452 4843 2619 4902 nonas
2650 4843 2895 4914 Augusti.
2928 4846 3261 4910 Subscripsit
3300 4844 3543 4915 epistola:
3564 4843 3707 4898 Fau-

2116 4925 2186 4982 sti
2216 4932 2270 4978 et
2297 4920 2505 4993 synodo
2531 4917 2857 4993 Arelatensi.
2888 4918 3023 4993 Ante
3052 4917 3426 4993 episc0patu‘m‘
3444 4929 3569 4968 vero
3612 4915 3705 4970 ba-

2117 4986 2413 5053 silicam'S.
2443 4988 2818 5061 Sym‘phoiiani
2846 4992 2897 5043 in
2923 4989 3053 5061 urbe
3092 5003 3186 5042 sua
3217 4986 3479 5061 condidit,
3507 4995 3561 5061 ιιι
3606 5000 3705 5040 au-

2118 5078 2231 5123 ctor
2262 5074 2345 5120 est
2367 5056 2654 5131 Gregorius
2679 5058 2880 5114 Turon.
2920 5059 3013 5113 lib.
3062 5073 3117 5123 u,
3149 5073 3290 5131 cap._
3317 5059 3403 5113 15.
3438 5056 3609 5125 llujus
3652 5065 3706 5112 et

2120 5139 2251 5207 Lupi
2278 5127 2853 5207 TricasJinihabemus
2875 5131 3176 5207 epistolam,
3208 5127 3360 5207 cujus
3399 5137 3521 5207 ante
3553 5142 3705 5181 men-

2126 5198 2369 5265 tio'facta
2396 5214 2502 5264 est.
2554 5202 2620 5258 de
2649 5202 2874 5271 bigamis
2909 5198 3123 5257 clericis
3166 5211 3221 5255 et
3262 5198 3327 5255 iis
3362 5198 3482 5271 qui
3509 5213 3706 5253 uxores

2114 5282 2415 5343 duxerunt;
2470 5269 3109 5330 alteram—desideramus
3144 5286 3302 5343 quam
3356 5269 3522 5343 ldatio
3570 5277 3707 5325 teste

2112 5352 2180 5409 ad
2203 5340 2561 5421 Agrippinum
2579 5346 2830 5421 comitem
2860 5343 3170 5421 scripserat,
3201 5341 3267 5397 de
3302 5340 3555 5412 prodigiis
3582 5355 3703 5411 qute

2124 5425 2176 5478 in
2208 5415 2384 5477 Gallia
2410 5420 2510 5475 sub
2541 5418 2720 5472 Attilae
2749 5415 3036 5470 adventum
3065 5415 3172 5469 visa
3206 5421 3348 5469 sunt.

2184 5493 2211 5531 ἀ
2241 5492 2463 5549 Arverni
2502 5489 2707 5546 Aiduos
2738 5487 3073 5551 contingunt.
3116 5486 3299 5554 Itaque
3324 5484 3463 5540 inter
3501 5484 3704 5539 utrius-

2118 5581 2221 5635 que
2268 5562 2837 5635 populigdimcescsct
2879 5557 3143 5635 territoria
3176 5555 3305 5635 nihil
3338 5555 3699 5635 interjectum,

2114 5627 2182 5693 Ᾱι
2222 5627 2360 5692 inter
2400 5633 2558 5688 urbes
2591 5635 2734 5702 ipsas
2772 5630 2929 5699 longa
2978 5628 3183 5684 dierum
3224 5627 3427 5699 aliquot
3464 5627 3676 5695 interpo

2119 5711 2219 5765 sita
2250 5707 2441 5765 Spatia.

2199 5724 2220 5816 Ξ
2250 5724 2455 5849 εῧξὲδὸ
2482 5775 2537 5832 in
2563 5776 2844 5841 concione,
2874 5780 2995 5845 post
3022 5772 3305 5844 epistolam
3336 5776 3672 5841 sequentem.

2146 6021 2185 6041 κ
