4140 6336
516 309 621 368 575

1769 294 2015 355 SlDONll
2054 294 2395 356 APOLLINA
2404 297 2508 383 BIS

2628 250 2665 259 ’⁸

3710 308 3826 369 576.

518 428 644 483 dum
698 419 1129 487 decerneremus,
1196 416 1306 475 nisi
1346 416 1403 473 in
1456 415 1707 473 omnibus
1767 394 2099 470 obsecuturi.
2128 418 2183 477 Α
2208 413 2423 471 tacendi
2449 400 2763 485 patientiam
2784 429 2947 487 quam
2969 418 3224 491 loquendi
3249 428 3583 480 monstrasse
3608 422 3810 482 doctri-

518 521 721 581 Memor
749 516 918 574 nostri
941 528 1061 571 esse
1091 513 1334 584 dignare,
1356 511 1573 568 domine
1603 524 1754 581 papa.

1062 604 1400 663 EPISTOLA
1450 605 1543 663 1X.

660 703 911 760 Sidonius
932 703 1138 758 domino
1168 719 1315 775 papa:
1354 711 1379 739 ἰ
1413 700 1671 772 Perpetuo
1712 701 1952 757 salutem.

588 796 864 852 Desiderio
893 795 1253 866 spiritualium
1282 796 1575 852 lectionum
1612 809 1835 865 quarum
1865 795 1960 849 tibi
1994 802 2102 848 tam

515 908 609 965 per
636 890 975 947 authenticos
1016 905 1177 962 quam
1222 905 1319 962 per
1366 890 1734 961 disputatores
1780 888 2103 943 bibliotheca

516 983 644 1041 ﬁdei
693 982 974 1038 catholica:
1029 981 1405 1052 perfamiliaris
1463 992 1583 1048 est,
1635 980 1795 1036 etiam
1847 980 1936 1034 illa
1984 972 2135 1050 qua?

514 1078 747 1134 maxime
775 1085 985 1132 tuarum
1019 1075 1226 1131 scilicet
1250 1076 1460 1130 aurium
1506 1076 1725 1130 minime
1769 1073 1930 1144 digna
1980 1082 2105 1127 sunt

519 1185 785 1242 occupare
810 1182 1116 1234 censuram,
1165 1182 1389 1224 noscere
1421 1169 1578 1240 189
1624 1166 1793 1237 cupis.
1830 1165 2104 1235 Siquidem

513 1262 767 1334 injungis,
803 1271 860 1315 ut
884 1262 1183 1317 orationem
1208 1274 1369 1331 quam
1403 1259 1594 1315 videor
1624 1260 1690 1314 ad
1715 1259 1925 1330 plebem
1956 1258 2105 1312 Bitu-

500 1355 646 1423 rigis
665 1354 717 1409 in
747 1353 971 1409 ecclesia
1000 1354 1413 1419 sermocinatus,
1451 1352 1545 1406 tibi
1569 1352 1796 1422 dirigam
1842 1367 1857 1407 :
1889 1352 2103 1406 cuinon

514 1445 783 1507 rhetorica
817 1447 1053 1518 partitio,
1086 1461 1193 1501 non
1248 1446 1499 1501 oratoriae
1546 1446 1727 1512 ruinae,
1780 1461 1886 1501 non
1927 1461 2107 1517 gram-

514 1542 794 1598 maticales
840 1541 1025 1611 ﬁgura:
1052 1581 1065 1604 ,
1115 1549 1499 1610 congruentem
1542 1531 1812 1617 decorem,
1870 1539 2109 1609 discipli-

518 1648 751 1703 namque
776 1627 1271 1703 suppeditaverunt.
1302 1630 1484 1701 Neque
1512 1632 1654 1686 enim
1680 1632 1809 1697 illic,
1838 1641 1895 1686 ut
1920 1641 2107 1688 exacte

514 1726 892 1799 perorantibus
941 1728 1209 1793 mos‘est,
1256 1734 1348 1779 aut
1397 1725 1630 1796 pondera
1677 1725 1965 1792 historica,
2012 1735 2106 1781 aut

2210 521 2335 561 nam
2369 524 2381 559 :
2414 516 2468 563 et
2497 507 2575 564 sic
2619 508 2941 579 incipientes
2969 525 3214 583 quosque
3241 512 3383 571 inter
3421 515 3809 587 disputantium

2209 608 2685 657 consectaneorum
2734 603 3021 661 cathedras
3067 616 3275 663 mutum
3300 610 3620 668 sustinuisse
3647 614 3808 684 quin-

2209 694 2528 763 quennium;
2583 702 2641 748 ut
2676 696 2838 751 etiam
2880 698 3143 755 celeriora
3173 703 3552 774 quorumpiam
3592 705 3803 776 ingenia

2210 800 2319 842 non
2350 786 2537 842 liceret
2562 796 2686 843 ante
2715 787 2920 844 laudari
2968 805 3128 860 quam
3175 792 3395 851 deceret
3433 797 3674 866 agnosci.
3732 798 3804 852 fta

2208 879 2391 950 ﬁebat,
2415 887 2474 935 ut
2499 880 2716 937 eosdem
2742 893 2863 953 post
2892 883 3108 956 longam
3134 887 3550 946 taciturnitatem
3575 890 3807 955 locutos,

2209 973 2437 1043 quisque
2477 974 2664 1031 audire
2706 964 2967 1045 eruperat,
3000 994 3105 1035 non
3148 988 3355 1036 taceret
3402 997 3417 1036 :
3466 982 3590 1054 quia
3636 983 3812 1039 donec

2209 1065 2490 1121 scientiam
2517 1076 2707 1124 natura
2734 1068 3079 1139 combiberit,
3138 1087 3244 1127 non
3292 1073 3467 1144 major
3510 1082 3596 1132 est
3640 1074 3812 1146 gloria

2210 1157 2419 1215 dixisse
2458 1161 2600 1229 quod
2645 1163 2882 1229 noveris,
2930 1179 3087 1234 quam
3132 1164 3348 1224 siluisse
3392 1168 3534 1239 quod
3574 1171 3808 1226 nescias.

2208 1255 2278 1305 At
2308 1266 2450 1307 nunc
2480 1253 2908 1310 mediocritatem
2937 1271 3111 1314 meam
3152 1268 3336 1315 manet
3370 1260 3546 1332 longe
3592 1262 3811 1319 diversa

2210 1344 2445 1399 conditio
2476 1358 2497 1396 :‘
2523 1345 2607 1399 cui
2637 1360 2734 1415 per
2777 1348 3102 1417 suspiriosas
3150 1352 3435 1422 voragines
3482 1362 3538 1409 et
3584 1348 3812 1425 ﬂagitio-

2208 1452 2326 1492 rum
2370 1438 2644 1494 volutabra
2673 1440 2974 1510 gradienti,
3016 1443 3369 1512 professionis
3415 1444 3640 1516 hujusce
3678 1464 3811 1519 pon-

2208 1529 2310 1586 dus
2348 1530 2640 1600 impactum
2665 1542 2766 1588 cst.
2813 1532 2881 1587 Et
2909 1533 3223 1605 priusquam
3255 1536 3350 1591 ulli
3397 1536 3661 1595 bonorum
3688 1541 3809 1598 red-

2209 1624 2331 1676 dam
2362 1622 2616 1679 discentis
2647 1625 2991 1695 obsequium,
3024 1644 3191 1698 cogor
3236 1629 3433 1686 debere
3475 1634 3690 1689 caeteris
3713 1634 3809 1690 do-

2211 1715 2380 1770 centis
2410 1714 2664 1771 ofﬁcium.
2694 1717 2960 1787 Adjicitur
2983 1718 3109 1775 huic
3137 1721 3551 1791 impossibilitati
3600 1726 3807 1795 pondus

513 1819 722 1891 poetica
749 1818 1046 1884 schemata,
1088 1818 1416 1873 scintillasve
1438 1820 1924 1874 controversalium
1957 1820 2102 1874 clau-
2134 1808 2177 1868 Β
2211 1809 2463 1879 pudoris;
2510 1810 2651 1879 (ιυοά
2684 1810 2817 1866 mihi
2873 1812 3215 1881 peculiariter
3268 1815 3473 1887 paginae
3520 1818 3806 1876 decretalis

515 1913 751 1967 sularum
782 1911 935 1965 hbuit
965 1912 1157 1980 aptari.
1187 1910 1317 1967 Nam
1347 1926 1468 1966 cum
1499 1927 1584 1967 me
1618 1912 1847 1980 partium
1879 1912 2101 1968 seditio-

515 2020 634 2071 nes,
679 2005 890 2070 studia,
930 2003 1260 2071 varietates,
1312 2006 1362 2059 in
1410 2006 1622 2061 diversa
1666 2014 1973 2076 raptarent;
2025 2008 2105 2063 sic

515 2098 750 2154 dictandi
779 2096 909 2153 mihi
931 2098 1210 2153 materiam
1225 2098 1543 2169 suggerebat
1565 2099 1776 2167 injuria,
1796 2100 1938 2170 quod
1965 2108 2103 2156 tem-

513 2205 612 2262 pus
640 2190 920 2261 occupatio
949 2189 1314 2245 subtrahebat.
1362 2190 1570 2245 Etenim
1600 2199 1743 2244 tanta
1777 2192 1928 2247 turba
1958 2207 2105 2247 com-

514 2283 821 2355 petitorum,
848 2292 906 2338 ut
935 2280 1207 2337 cathedrae
1233 2280 1389 2335 unius
1419 2284 1890 2339 numerosissimos
1922 2285 2106 2339 candi-

514 2378 667 2434 datos
710 2392 808 2433 nec
834 2377 940 2433 duo
986 2377 1229 2444 recipere
1277 2391 1492 2435 scamna
1534 2378 1849 2446 potuissent.
1903 2380 2104 2435 Omnes

514 2471 795 2543 placebant
824 2471 1161 2537 sibi,omncs
1204 2472 1455 2527 omnibus
1499 2471 1876 2541 displicebant.
1925 2473 2107 2545 Neque

518 2566 660 2622 enim
710 2566 1068 2621 valuissemus
1114 2565 1315 2635 aliquid
1360 2565 1415 2619 in
1461 2579 1745 2620 commune
1794 2568 2102 2634 consulere,

523 2658 627 2725 nisi
652 2657 838 2728 judicii
868 2659 949 2713 sui
983 2658 1182 2713 faciens
1212 2656 1364 2728 plebs
1389 2657 1551 2712 lenita
1589 2657 1874 2726 jacturam,
1927 2673 2107 2721 sacer:-

515 2750 689 2807 dotali
711 2766 770 2808 se
802 2751 976 2821 potius
1000 2751 1204 2822 judicio
1245 2751 1568 2807 subdidisset
1599 2768 1612 2804 :
1669 2753 2103 2824 presbyterorum

515 2859 645 2901 sane
669 2846 851 2915 paucis
891 2844 1182 2914 angulatim
1212 2842 1239 2882 ι)
1273 2843 1757 2914 fringultientibus;
1806 2860 1967 2915 porro
2008 2860 2106 2899 au-

515 2946 623 2993 tem
654 2936 828 3007 palam
860 2951 925 2990 ne
951 2936 1356 2991 mussitantibus
1386 2935 1603 3006 quidem
1630 2952 1643 2999 ;
1699 2935 1820 3006 quia
1867 2936 2107 3007 plerique

515 3046 623 3088 non
654 3031 831 3086 minus
861 3045 1014 3085 suum
1038 3045 1195 3099 quam
1224 3030 1457 3100 reliquos
1496 3029 1715 3084 ordines
1755 3030 2106 3101 pertimesce—

512 3123 662 3180 bant.
696 3122 859 3194 lgitur
889 3122 1015 3176 dum
1062 3122 1270 3191 publice
1321 3130 1460 3176 totos
1509 3121 1703 3191 singuli
1754 3129 1972 3188 cavent,
2021 3120 2103 3175 fa-

2208 1903 2409 1967 oblatu,
2446 1913 2466 1941 ο
2496 1904 2765 1974 pontiﬁcis
2790 1904 3022 1975 eligendi
3054 1907 3351 1964 mandastis
3379 1909 3682 1979 arbitrium,
3708 1926 3802 1968 co-

2208 2015 2321 2054 ram
2349 2009 2692 2055 sacrosancto
2722 2006 2778 2053 ct
2817 1999 3129 2069 pontiﬁcatu
3168 2000 3402 2057 maximo
3430 2001 3455 2042 ἀ
3490 2003 3805 2075 dignissimo

2209 2107 2343 2163 papa
2380 2110 2390 2144 :
2424 2091 2513 2162 qui
2541 2106 2662 2146 cum
2686 2091 2759 2145 sit
2806 2090 2918 2147 sua:
2968 2093 3261 2161 provinciae
3304 2103 3484 2163 caput,
3527 2096 3601 2151 sit
3643 2097 3804 2154 etiam

2209 2187 2342 2243 mihi
2395 2186 2759 2252 institutione,
2822 2186 3110 2253 facundia,
3162 2188 3484 2258 privilegio,
3540 2200 3802 2263 tempore,

2211 2290 2369 2336 actate
2402 2280 2740 2349 praestantior
2774 2296 2786 2331 :
2832 2293 2933 2349 ego
2976 2279 3168 2349 deque,
3222 2295 3515 2352 coramque
3543 2293 3805 2355 metrope

2211 2374 2375 2427 litano
2407 2371 2569 2427 verba
2601 2370 2862 2436 facturus,
2902 2378 2958 2425 et
2999 2370 3362 2440 provincialis,
3393 2381 3447 2428 et
3472 2374 3678 2443 junior,
3712 2390 3805 2446 pa-

2210 2466 2477 2523 ritcrfero
2519 2464 2754 2534 imperiti
2803 2464 3207 2532 verecundiam,
3258 2467 3504 2534 procacis
3529 2468 3802 2543 invidiam.

2210 2561 2315 2618 Sed
2337 2559 2586 2630 quoniam
2616 2566 2796 2613 vestro
2820 2556 2901 2612 sic
2932 2556 3145 2613 libitum
3172 2560 3364 2625 errori,
3414 2569 3472 2614 ut
3513 2560 3629 2631 ipse
3678 2578 3802 2633 pru-

2211 2656 2390 2712 dentia
2415 2668 2627 2721 carens,
2654 2652 2971 2723 prudentem
2998 2652 3175 2722 vobis,
3220 2654 3272 2708 in
3319 2654 3583 2726 cujusque
3624 2672 3802 2727 perso~

2212 2764 2335 2803 nam
2369 2749 2520 2820 191
2546 2747 2684 2802 bona
2712 2745 2877 2801 multa
2910 2757 3274 2813 concurrant,
3326 2748 3428 2804 sub
3468 2764 3571 2821 cpe
3610 2751 3803 2822 Christi

2212 2845 2525 2914 episc0pum
2553 2841 2880 2911 exquiram:
2932 2841 3194 2897 noveritis
3244 2840 3554 2919 hujusmodi
3584 2859 3804 2902 assensu

2210 2937 2437 2993 multum
2471 2950 2555 2991 me
2588 2935 2830 3000 honoris,
2865 2935 2986 3004 plus
3013 2936 3195 3009 oneris
3241 2935 3510 3007 excipere.
3567 2938 3806 2995 Primoro

2211 3033 2350 3099 loco,
2380 3030 2636 3102 grandem
2669 3028 2895 3099 publica:
2918 3028 3190 3098 opinionis
3209 3028 3476 3085 sarcinam
3507 3031 3803 3101 penditote,

2211 3123 2354 3194 quod
2380 3120 2689 3192 injunxistis
2731 3120 3008 3189 incipienti
3037 3128 3407 3176 consummata
3436 3121 3637 3191 judicia
3669 3142 3682 3177 :
3729 3131 3807 3180 at-

515 3223 661 3271 ctum
693 3226 774 3271 est
802 3226 861 3269 ut
890 3229 1079 3270 omnes
1121 3230 1228 3269 non
1271 3221 1621 3284 aspernanter
1669 3213 1937 3279 audirent,
1968 3214 2110 3284 quod
2136 3201 2184 3265 C
2215 3235 2319 3290 que
2359 3218 2425 3271 ab
2457 3217 2559 3273 hoc
2608 3226 2814 3271 rectum
2852 3215 3064 3272 concilii
3100 3216 3369 3272 tramitem
3401 3217 3700 3287 postulatis,
3750 3218 3805 3274 in

514 3309 770 3379 deinceps
800 3308 1096 3363 ambienter
1118 3316 1450 3378 expeterent.
1477 3307 1657 3376 Itaque
1685 3307 1931 3375 paginam
1953 3322 2108 3364 sume

515 3401 743 3461 subditis
774 3401 1133 3455 voluminibus
1165 3401 1470 3469 adjunctam
1508 3419 1519 3451 :
1551 3415 1709 3470 quam
1737 3400 1945 3455 duabus
1970 3400 2105 3471 vigi-

515 3494 600 3555 liis
648 3494 804 3549 unius
857 3495 1032 3549 noctis
1082 3494 1301 3560 mstivm,
1351 3492 1565 3548 Christo
1618 3501 1774 3558 teste,
1828 3492 2102 3560 dictatam,

514 3588 802 3659 plurimum
834 3602 1043 3654 vereor,
1079 3603 1145 3642 ne
1170 3587 1268 3656 ipsi
1299 3586 1528 3655 amplius
1578 3586 1793 3642 lectioni
1836 3603 1953 3657 qum
2002 3588 2102 3644 hoc

514 3679 580 3736 de
607 3695 667 3736 se
695 3680 906 3749 probat,
951 3695 1108 3749 quam
1146 3679 1274 3734 mihi
1306 3679 1515 3736 credas.
1543 3679 1745 3734 Memor
1774 3680 1943 3736 nostri
1981 3694 2102 3738 esse

514 3769 751 3845 dignare,
784 3770 999 3827 domiu’e
1032 3785 1188 3841 papa.

584 3877 597 3944 ζ
669 3925 679 3934 _
1166 3853 1408 3919 'cos'cm.
1536 3932 1539 3935 γ

589 3953 745 4024 190
773 3951 957 4009 Refert
978 3952 1198 4007 historia
1219 3952 1516 4019 saecularis,
1542 3954 1892 4021 dilectissimi,
1920 3972 2105 4025 quem-

513 4042 634 4100 dam
686 4043 1126 4114 philosoohorum
1167 4044 1448 4114 discipulis
1492 4045 1902 4102 advenientibus
1950 4052 2104 4119 prius

584 4218 610 4248 ι
641 4209 913 4264 Turonum
959 4220 1212 4277 episcopo
1236 4248 1251 4273 ,
1302 4207 1472 4261 tertia:
1503 4206 1872 4276 Lugdunenms
1903 4218 2097 4265 metro-

440 4346 445 4352 η
512 4280 751 4352 politano
778 4296 792 4333 :
822 4280 975 4352 cujus
1028 4278 1322 4352 provincim
1348 4277 1555 4352 duabus
1594 4280 1813 4352 syngodis
1860 4281 2090 4348 praefuit,

512 4348 781 4408 Veneﬁca:
826 4348 1229 4405 et'l’uronensi.
1283 4348 1417 4403 Huic
1458 4364 1586 4418 ergo
1628 4348 1791 4406 mittit
1837 4352 2094 4407 Sidonius

512 4422 823 4493 concionem
852 4436 1011 4493 quam
1039 4419 1105 4493 ad
1134 4419 1347 4493 plebem
1391 4419 1679 4493 Bituricam
1733 4422 1786 4477 in
1833 4423 2093 4493 Simplicii

512 4493 750 4566 episcopi
776 4490 1038 4566 electione
1082 4491 1360 4566 habuerat.
1399 4490 1475 4566 lle
1502 4491 1765 4566 Perpetuo
1796 4504 1847 4547 et
1876 4490 2093 4549 basilica

510 4561 573 4622 S'.
596 4564 805 4621 Martini
828 4562 896 4635 ab
919 4578 984 4635 eo
1007 4571 1231 4630 structa,
1254 4562 1362 4635 jam
1386 4561 1584 4635 dictum
1613 4574 1694 4618 est
1715 4563 1807 4619 lib.
1838 4582 1907 4633 iv,
1932 4566 2089 4635 epist.

2218 3326 2323 3381 quo
2355 3308 2591 3365 recolitis
2617 3308 2791 3364 adhuc
2823 3323 2993 3379 nuper
3012 3319 3270 3364 erratum.
3314 3308 3479 3379 igitur
3505 3312 3622 3381 quia
3651 3311 3803 3367 vobis

2223 3406 2274 3458 id
2306 3404 2403 3458 fuit
2426 3403 2599 3470 cordi,
2634 3402 2884 3468 obsecro,
2916 3412 2974 3457 ut
3027 3402 3214 3473 quales
3262 3418 3360 3458 nos
3415 3404 3515 3460 ﬁde
3556 3404 3790 3473 creditis,

2214 3498 2346 3553 tales
2373 3496 2755 3551 intercessione
2787 3496 3020 3561 faciatis;
3041 3504 3200 3567 atque
3223 3496 3513 3568 dignemini
3536 3498 3797 3555 humilita-

2212 3598 2318 3645 tem
2344 3598 2578 3643 nostram
2602 3587 2933 3644 orationibus
2955 3590 3128 3658 potius
3147 3590 3201 3643 in
3224 3590 3418 3646 cmlum
3441 3590 3583 3647 ferre
3606 3602 3630 3630 υ
3646 3608 3803 3663 quam
3826 3642 3829 3643 ν

2214 3681 2504 3753 plausibus.
2538 3680 2773 3735 Primum
2803 3688 2980 3736 tamen
3012 3695 3169 3737 nosse
3195 3695 3290 3737 vos
3326 3697 3421 3753 par
3449 3693 3549 3750 est,
3582 3684 3635 3739 in
3674 3700 3805 3756 quas

2218 3791 2303 3830 me
2331 3772 2704 3844 obloquiorum
2747 3773 2964 3845 scyllas,
2992 3783 3045 3829 et
3076 3775 3129 3828 in
3158 3790 3293 3847 quos
3339 3775 3663 3848 linguarum,
3713 3778 3806 3841 sed

2214 3868 2570 3922 humanarum
2617 3867 2840 3921 latratus
2889 3867 3244 3937 quorumdam
3291 3884 3389 3926 vos
3426 3871 3692 3931 infamare
3718 3889 3805 3931 co-

2215 3968 2434 4016 nantum
2467 3959 2621 4014 turbo
2650 3958 2959 4029 conjecerit.
2993 3960 3087 4015 Est
3117 3961 3261 4016 enim
3309 3960 3424 4018 hate
3452 3965 3700 4035 quaedam
3728 3966 3805 4023 vis

2216 4052 2372 4108 malis
2399 4050 2658 4117 moribus,
2693 4059 2749 4106 ut
2779 4045 3139 4109 innocentiam
3180 4054 3537 4113 multitudinis
3566 4058 3806 4117 devenu-

2200 4212 2467 4266 instituto.
2505 4210 2611 4266 Sed
2641 4209 3055 4280 provincialibus
3079 4210 3147 4265 ab
3179 4210 3375 4265 Eurico
3401 4212 3648 4279 sublatis,
3672 4215 3805 4272 vici-

2199 4299 2386 4357 narum
2442 4281 2840 4353 provinciarum
2892 4281 3152 4357 evocandi
3197 4282 3409 4337 fuerunt
3444 4285 3679 4357 episcopi
3711 4305 3724 4339 :
3754 4297 3805 4344 et

2199 4352 2453 4425 populus,
2477 4368 2598 4408 cum
2623 4368 2652 4407 e
2676 4367 2868 4421 magno
2895 4352 3299 4409 candidatorum
3327 4352 3552 4411 numero
3574 4352 3804 4414 incertus

2200 4437 2345 4498 esset
2367 4432 2855 4498 quemgexpeteret,
2888 4425 3167 4498 communi
3185 4425 3403 4481 decreto
3434 4427 3683 4498 suffragia
3710 4445 3802 4485 sua

2197 4496 2251 4551 in
2275 4498 2429 4552 unius
2455 4495 2679 4553 Sidonii
2704 4497 3061 4566 Arvernorum
3086 4496 3320 4566 episcopi
3350 4497 3572 4554 arbitrio
3602 4495 3666 4555 et
3706 4515 3804 4555 vo-

2202 4566 2728 4642 luntate‘constituit.
2766 4565 3016 4622 Sidonius
3043 4565 3372 4638 Simp'icium
3395 4568 3568 4624 virum
3602 4582 3805 4642 specta-

510 4639 603 4694 18.
636 4634 872 4707 Meminit
897 4634 1139 4707 ejusdem
1168 4629 1290 4707 cum
1322 4634 1478 4707 laude
1506 4635 1709 4704 aliquot
1746 4635 1877 4690 locis
1897 4629 2094 4692 'Pauli-
2120 4629 2172 4689 D
2197 4639 2358 4694 bilem
2392 4639 2607 4707 delegit.
2642 4664 2643 4667 η

510 4723 613 4767 nus
638 4708 731 4763 lib.
755 4721 806 4761 vt
833 4704 901 4761 de
943 4705 1061 4761 Vita
1105 4705 1161 4761 S.
1194 4705 1426 4772 Martini,
1460 4716 1513 4761 et
1543 4707 1592 4759 in
1621 4707 1865 4763 versibus
1893 4709 1959 4763 de
2001 4709 2104 4766 Ne-

585 4780 717 4834 tulo.

585 4795 717 4834 tuto.

510 4795 609 4889 pob
640 4850 919 4905 Passerum
954 4863 1104 4903 more
1131 4849 1507 4918 garrientibus.
1551 4849 1681 4903 Nam
1711 4865 1988 4920 passerum
2020 4860 2103 4909 est

513 4922 816 4992 fringultire
863 4934 960 4992 _s_eu
1009 4920 1305 4992 fringutire.
1383 4920 1531 4975 Unde
1578 4920 1831 4976 Sidonius
1886 4923 1978 4977 lib.
2024 4940 2097 4991 Ix,

511 4990 674 5063 epist.
706 4993 742 5049 2
783 5010 798 5047 :
852 4990 1249 5061 (“ringultientes
1297 5008 1562 5059 passerum
1606 5009 1841 5046 susurros
1885 4990 2103 5063 proprie

511 5064 691 5129 dixit;
742 5072 796 5118 ct
844 5076 1122 5134 passerum
1170 5078 1341 5134 genus
1402 5071 1483 5116 est
1533 5063 1818 5133 fringillus.
1871 5066 2099 5134 Glosszn,

510 5138 685 5198 σπίνος
707 5136 732 5191 ὁ
756 5131 1339 5209 στρουθός,[ι’ἱηςιὲζιιιιέξἶ
1420 5203 1432 5209 _
1590 5207 1599 5209 _
1645 5131 1659 5197 ξ

586 5217 608 5244 ο
641 5211 768 5274 Qum
794 5203 862 5261 de
895 5205 1072 5275 populi
1104 5203 1373 5273 suffragiis
1418 5203 1470 5259 iu
1520 5206 1783 5275 episcopis
1836 5206 2099 5276 eligendis

512 5278 578 5333 ad
602 5276 881 5345 epistolam
915 5276 1155 5330 ultimam
1180 5276 1271 5329 lih.
1307 5292 1357 5328 tv
1389 5282 1713 5340 notavimus,
1745 5277 1929 5331 eadem
1954 5280 2098 5332 vale-

514 5349 643 5403 bant
664 5349 715 5401 in
744 5347 957 5402 creandi
986 5348 1379 5418 metropolitani
1411 5347 1642 5402 comitiis
1676 5365 1688 5400 :
1722 5347 1913 5418 quibus
1936 5349 2098 5403 nimi-

514 5433 632 5473 rum
656 5426 884 5489 praeerat
913 5417 1005 5489 qui
1042 5418 1405 5489 praerogativa,
1434 5419 1654 5488 collegis
1684 5417 2095 5489 provincialibus

514 5489 766 5544 anteibat.
801 5488 909 5543 Leo
936 5487 1153 5558 Magnus
1182 5487 1246 5542 ad
1275 5487 1613 5559 Anasmsium
1637 5492 1792 5556 epist.
1824 5488 1892 5543 82
1923 5506 1935 5541 :
1986 5490 2098 5544 Με-

514 5562 845 5630 lropolitauo,
880 5558 1073 5628 inquit,
1103 5561 1365 5631 defuncto,
1390 5558 1731 5632 provinciales
1759 5561 1985 5630 episwpi
2026 5563 2095 5615 ad

514 5632 761 5687 civitatem
790 5632 1234 5703 metropolitanam
1277 5635 1542 5687 convenire
1578 5632 1839 5697 debebunt,
1889 5642 1942 5685 ut
1987 5649 2096 5686 om-

513 5703 671 5775 nium,
708 5704 816 5775 76
865 5704 1165 5775 clericorum
1217 5712 1367 5773 atque
1414 5706 1643 5775 omnium
1690 5704 1875 5758 civium
1916 5707 2095 5759 volun-

516 5782 619 5831 tate
642 5774 893 5840 discussa,
924 5789 986 5828 ea:
1015 5774 1315 5844 presbyteris
1333 5777 1442 5844 ejus
1468 5774 1725 5843 Ecclesur,
1751 5775 1827 5830 vel
1849 5776 2094 5831 diaconus

516 5847 737 5920 optimus
781 5849 1017 5921 eligatur.
1069 5846 1342 5906 Fecissem
1379 5861 1508 5917 ergo
1538 5848 1799 5917 Bituriges
1820 5862 1880 5904 ex
1914 5857 2091 5907 vetere

2284 4708 2307 4746 ἀ
2343 4710 2591 4779 Agroecio
2634 4708 2965 4777 Senonensi,
3007 4724 3165 4778 quem
3210 4711 3367 4779 epist.
3411 4711 3475 4777 5,
3524 4712 3799 4773 invitarat.

2212 4781 2404 4836 Cmam
2438 4781 2537 4835 hoc
2565 4794 2692 4848 ergo
2718 4780 3131 4849 metropolitano
3157 4781 3318 4837 verba
3344 4782 3580 4839 facturus
3601 4794 3719 4840 erat
3737 4786 3801 4841 de

2212 4849 2981 4925 metropolitaniABituricensis
3017 4852 3304 4920 electione,
3350 4852 3464 4923 ipse
3506 4856 3803 4925 provincia-

2211 4924 2280 4978 lis
2300 4933 2525 4997 tantum
2553 4923 2839 4997 episcopus
2872 4938 2887 4976 :
2919 4938 3219 4997 quanquam
3272 4926 3410 4997 inter
3442 4923 3801 4997 comprovin-

2212 4996 2373 5049 ciales
2397 4995 2693 5066 Aquitaniae
2725 4993 2909 5066 prima:
2953 4995 3233 5065 episcopos
3282 4993 3596 5066 principem'
3631 4999 3802 5054 locum

2214 5067 2422 5120 obtinet
2451 5065 2735 5135 episcopus
2761 5064 3149 5126 Arvernorum,

2282 5147 2305 5174 θ
2332 5137 2655 5206 Deprecatur
2676 5136 2894 5209 inanem,
2916 5137 3179 5209 plausum,
3196 5138 3286 5207 qui
3315 5138 3566 5209 frequens
3587 5140 3717 5195 olim
3741 5141 3805 5196 ab

2210 5209 2515 5261 auditorum
2545 5221 2741 5261 corona
2781 5207 3008 5262 excitari
3047 5208 3277 5274 solebat,
3328 5207 3486 5264 etiam
3539 5212 3593 5264 in
3641 5212 3805 5266 sacris

2209 5277 2581 5357 concionibus.
2614 5278 2693 5357 fta
2721 5285 2773 5357 et
2804 5276 3220 5357 Chrysostomus
3248 5280 3583 5357 :svdpw'zsmu
3625 5298 3713 5338 xi:
3746 5284 3804 5338 τί

2207 5373 2295 5423 μοι
2315 5358 2413 5404 τῶν
2444 5344 2838 5423 κρότων-*ὄφελος
2862 5344 3060 5406 τᾶύτων
3079 5367 3094 5417 ;
3116 5421 3127 5423 Δ
3145 5354 3195 5407 τί
3243 5351 3297 5409 δὲ
3324 5344 3424 5409 τῶν
3454 5355 3697 5419 ἐπαίνων,
3721 5358 3801 5409 καὶ

2208 5418 2311 5499 iam
2338 5418 2599 5499 θορᾷᾂωνξ
2624 5418 2826 5499 factum;
2856 5422 2987 5493 ἐμοὶ,
3010 5421 3189 5499 ςόλδιὰ
3210 5432 3318 5499 ’τῷν
3340 5422 3501 5499 ἔργων
3531 5418 3799 5499 ὑμᾶςίέπι·
3832 5438 3850 5499 ξ

2207 5491 2368 5567 δεῖξαι
2479 5477 2722 5567 λεγέμεγα
2742 5477 3127 5567 πᾶνῖξιςίριιὶέ
3150 5477 3275 5549 mliti
3306 5477 3501 5567 [ﬁt‘ttgltls
3830 5477 3846 5567 ξ

2205 5565 2417 5619 istorum
2440 5565 2464 5617 Ρ
2486 5563 2573 5618 aut
2598 5563 2715 5635 quis
2744 5563 2959 5636 laudum
2986 5576 3032 5618 et
3052 5563 3355 5635 strepituum
3370 5568 3394 5621 ?
3410 5563 3548 5621 Laus
3570 5584 3683 5622 mea
3703 5575 3793 5636 est,

2205 5643 2259 5709 ut
2288 5653 2345 5690 ea
2374 5652 2488 5709 quae
2516 5636 2781 5704 dicuntur,
2814 5635 2961 5709 rebus
2990 5636 3239 5707 {actisque
3268 5639 3391 5709 ipsis
3439 5653 3613 5693 omnes
3654 5635 3795 5693 exiti?-

2205 5707 2382 5781 beatis.
2408 5707 2576 5776 Quem
2608 5722 2816 5781 rnorem
2848 5706 3105 5781 Bernardi
3136 5706 3297 5781 etiam
3321 5709 3651 5779 temporibus
3677 5722 3793 5781 per-

2202 5778 2424 5836 durasse
2462 5779 2733 5837 nonnullae
2752 5777 2869 5850 ejus
2894 5778 3131 5837 homiliac
3150 5777 3439 5838 declarant.
