4140 6336
341 322 433 375 577
1120 274 1121 283 Ν
1544 311 2022 369 Εριετοιιιιιυιι
2064 310 2190 368 un.
2239 308 2338 369 vn.
3502 314 3607 375 678

339 442 471 489 stent
496 429 695 487 scelera
726 440 1013 499 paucorum
1041 442 1052 481 :
1085 442 1208 486 cum
1233 437 1410 486 tamen
1440 444 1472 485 e
1506 416 1723 486 diverso
1747 429 1915 485 bono-
1942 432 1998 495 Α
2022 428 2318 483 multorum
2349 434 2539 483 notare
2567 441 2862 498 personas:
2906 426 3007 485 hoc
3029 426 3205 485 solum
3234 433 3437 495 astruo,
3464 429 3607 501 quod

282 555 299 587 ε
337 540 446 580 rum
478 523 667 577 raritas
696 520 892 592 ﬂagitia
923 522 1213 578 multorum
1245 532 1479 594 nequeat
1516 537 1778 579 excusare
1807 522 1914 577 vir-
2018 538 2143 579 cum
2187 520 2393 577 nullum
2434 522 2704 591 proferam
2751 523 3098 594 nuncupatim
3124 563 3141 591 ,
3192 522 3284 580 ille
3323 524 3609 582 confitetur

289 598 295 609 ’
338 618 528 675 tntibus
572 598 999 671 communicatis.
1081 613 1137 672 Si
1201 616 1508 687 quempiam
1566 616 1915 671 nominavero
2020 617 2293 684 repulsam
2341 612 2432 683 qui
2474 615 2752 683 profitetur
2792 614 3073 673 offensam.
3104 613 3249 673 Sane
3293 615 3346 672 id
3383 615 3607 673 liberius

335 709 733 775 monachorum,
757 706 999 779 quamvis
1034 707 1182 763 illum
1212 707 1415 776 Paulis,
1450 708 1719 770 Antoniis,
1771 705 1915 761 Hila-
2022 706 2144 762 dico
2187 705 2256 762 de
2293 704 2630 762 multitudine
2666 706 3129 765 circumstantium
3170 708 3370 766 multos
3397 710 3607 782 episco-

336 801 587 868 rionibus,
618 799 862 855 Macariis
892 798 1298 870 conferendum,
1351 808 1572 857 sectatm
1612 799 1913 855 anachore-
2023 802 2172 874 pales
2202 817 2352 868 esse,
2397 801 2489 857 sed
2532 810 2674 857 totos
2704 802 2986 875 episcopos
3024 818 3145 861 esse
3188 820 3294 861 non
3334 818 3526 875 posse;
3556 811 3611 860 et

334 909 449 950 reos
471 892 819 964 przerogativa
846 893 1155 959 comitetur,
1188 907 1349 949 aures
1377 892 1520 948 illico
1545 906 1695 948 meas
1729 891 1917 946 incon-
2024 909 2143 951 cum
2199 894 2393 963 singuli
2448 894 2781 950 diversorum
2841 896 3223 952 charismatum
3280 898 3612 969 proprietate

333 986 435 1040 dito
460 983 688 1040 tumultu
716 984 1171 1055 circumstrepitas
1199 984 1513 1055 ignobilium
1562 983 1913 1055 pumilionum
2024 989 2323 1060 pmiantur,
2354 987 2604 1044 sufficere
2641 1003 2831 1044 omnes
2874 988 3010 1055 sibi,
3038 989 3286 1046 omnibus
3316 991 3609 1047 neminem.

333 1092 566 1132 murmur
592 1078 877 1133 everberat
904 1077 1343 1149 conquerentium
1400 1096 1412 1132 :
1464 1077 1561 1133 llic
1611 1079 1703 1148 qui
1744 1077 1917 1133 nomi-
2024 1080 2084 1137 Si
2112 1080 2398 1135 militarem
2420 1078 2605 1135 dixero
2633 1079 2772 1135 forte
2797 1095 3116 1150 personam,
3147 1082 3389 1151 protinus
3412 1082 3466 1138 in
3496 1082 3613 1138 haec

287 1178 305 1190 '
332 1181 505 1234 natur,
552 1171 834 1241 inquiunt,
887 1186 992 1226 non
1032 1172 1293 1242 episcopi,
1346 1170 1441 1227 sed
1492 1170 1684 1241 potius,
1709 1171 1919 1228 abbatis
2023 1173 2184 1229 verba
2218 1173 2561 1243 consurgitur
2596 1189 2612 1227 :
2657 1172 2914 1229 Sidonius
2956 1172 3023 1228 ad
3052 1172 3363 1229 clericatum
3393 1173 3517 1245 quia
3544 1173 3613 1229 de

331 1263 558 1332 complet
586 1262 859 1328 officium;
908 1272 963 1318 et
1004 1263 1339 1319 intercedere
1368 1264 1539 1332 magis
1569 1278 1666 1333 pro
1715 1264 1920 1319 anima.
2023 1266 2267 1323 saeculari
2298 1265 2633 1337 professione
2656 1267 2943 1323 translatus
2962 1266 3319 1333 est,ideosibi
3339 1281 3649 1326 assumere-

329 1357 424 1412 hus
450 1356 592 1427 apud
623 1357 923 1423 cmlestem,
958 1373 1119 1428 quam
1152 1372 1250 1428 pro
1278 1357 1598 1428 corporibus
1629 1356 1769 1429 apud
1814 1366 1920 1413 ter-
2026 1360 2498 1432 metropolitanum
2531 1359 2600 1416 de
2627 1360 2881 1432 religiosa
2910 1360 3327 1433 congregatione
3364 1360 3616 1417 dissimu-

328 1465 511 1507 ΐθηυιιι
541 1451 773 1519 indicem
818 1460 1015 1521 Ροῐεεῑ·
1048 1450 1156 1507 Sed
1202 1451 1319 1520 (Ιυίε
1366 1466 1471 1506 ιιοη
1515 1449 1915 1515 exacerbescat.
2025 1455 2145 1510 lat:
2191 1453 2456 1510 natalibus
2489 1462 2695 1526 turget,
2728 1454 3045 1525 dignitatum
3075 1454 3355 1525 fastigatur
3396 1453 3617 1522 insigni-

326 1558 443 1599 cum
495 1542 680 1597 videat
729 1543 993 1599 sordidari
1044 1545 1300 1599 virtutum
1351 1543 1717 1600 sinceritatem
1764 1544 1919 1614 192
2025 1546 2150 1615 bus,
2175 1548 2471 1603 contemnit
2507 1562 2767 1617 pauperes
2794 1546 3017 1603 Christi.
3046 1546 3379 1617 Quapropter
3407 1546 3617 1615 impra-

326 1634 699 1692 criminatione
716 1637 1006 1692 vitiorum?
1030 1638 1087 1693 Si
1111 1637 1365 1708 eligimus
1394 1637 1676 1703 humilem,
1700 1648 1922 1691 vocatur
2027 1641 2322 1696 sentiarum
2351 1641 2579 1709 solvam,
2625 1655 2782 1711 quam
2811 1655 2919 1695 non
2946 1649 3052 1695 tam
3083 1640 3343 1695 honorum
3369 1637 3618 1696 cltaritati

325 1728 675 1798 abjectus;si
700 1730 1025 1800 proferimus
1051 1731 1624 1799 erectum,superbire
1650 1739 1920 1785 censetur.
2027 1747 2188 1801 quam
2238 1732 2622 1788 maledicorum
2678 1730 2973 1801 suspicioni
3028 1730 3200 1789 debeo
3246 1728 3426 1788 ﬁdem.
3480 1731 3620 1786 Vivit

324 1820 382 1879 Si
410 1823 593 1877 minus
611 1821 940 1892 institutum,
970 1836 1189 1895 propter
1218 1826 1544 1895 imperitiam
1572 1825 1811 1881 creditur
1852 1826 1921 1879 ir-
1950 1828 2003 1892 Β
2028 1822 2265 1893 Spiritus
2288 1834 2506 1879 sanctus
2528 1865 2543 1890 ,
2577 1824 2917 1894 omnipotens
2944 1825 3085 1880 Deus
3117 1834 3318 1889 noster,
3347 1822 3441 1894 qui
3474 1822 3619 1879 Petri

324 1915 611 1981 ridendus;
644 1916 688 1971 si
718 1916 1058 1987 aliquatenus
1098 1918 1337 1981 doctum,
1374 1927 1595 1987 propter
1641 1915 1920 1971 scientiam
2028 1931 2161 1971 voce
2190 1916 2465 1972 damnavit
2492 1915 2544 1972 in
2576 1916 2798 1973 Simone
2825 1932 3005 1988 mago,
3043 1931 3143 1974 cur
3171 1917 3479 1987 Opinaretur
3498 1930 3621 1987 gra-

323 2008 588 2063 clamatur
641 2008 877 2064 inflatus.
932 2008 987 2065 Si
1033 2024 1282 2064 severum
1309 2050 1323 2074 ,
1369 2017 1625 2077 tanquam
1687 2008 1923 2063 crudelis
2032 2010 2159 2066 tiam
2207 2010 2596 2066 benedictionis
2643 2012 2815 2081 pretio
2866 2025 2986 2067 sese
3032 2026 3193 2082 posse
3225 2011 3491 2076 mercari;
3534 2024 3622 2067 me

324 2101 610 2169 horretur;
639 2103 685 2158 si
717 2101 1104 2173 indulgentem,
1138 2100 1396 2159 facilitate
1418 2104 1687 2173 culpatur.
1712 2103 1767 2157 Si
1795 2102 1924 2157 sim-
2032 2103 2086 2158 in
2128 2114 2195 2159 'eo
2223 2119 2381 2174 quem
2414 2104 2566 2160 vobis
2610 2114 2972 2174 opportunum
2997 2106 3218 2169 censui,
3251 2120 3352 2161 nec
3382 2104 3623 2175 pecunite

324 2195 546 2267 plicem,
578 2195 875 2266 despicitur
902 2206 961 2252 ut
988 2197 1178 2253 brutus
1207 2214 1222 2263 ;
1266 2197 1311 2253 si
1359 2212 1559 2262 acrem,
1614 2198 1816 2251 vitatur
1869 2206 1926 2252 ut
2032 2198 2213 2253 favere
2242 2213 2340 2253 nec
2357 2199 2572 2268 gratia};
2596 2197 2690 2254 sed
2718 2207 2858 2253 statu
2888 2198 3020 2254 satis
3043 2213 3312 2269 superque
3339 2196 3619 2263 trutinato,

323 2290 576 2346 callidus.
626 2290 683 2347 Si
723 2290 1037 2361 diligentem
1068 2332 1082 2354 ,
1125 2290 1534 2361 superstitiosus
1579 2290 1920 2353 decernitur;
2034 2304 2299 2359 personm,
2337 2291 2614 2359 temporis,
2648 2291 2959 2360 provincim,
2983 2292 3245 2361 civitatis,
3268 2291 3443 2346 virum
3471 2289 3625 2360 cujus

322 2382 366 2439 si
390 2382 684 2438 remissum
713 2382 987 2453 negligens
1014 2382 1304 2452 judicatur.
1357 2383 1416 2437 Si
1462 2382 1923 2451 solertem,cupi-
2034 2380 2088 2436 in
2143 2379 2299 2451 194
2348 2382 2803 2452 consequentibus
2855 2384 3047 2451 raptim
3104 2383 3211 2438 vita
3259 2381 3624 2453 replicabitur,

322 2476 459 2544 dus;
517 2476 565 2531 si
612 2476 884 2548 quietum,
935 2478 1311 2547 pronuntiatur
1354 2477 1594 2547 ignavus.
1641 2477 1696 2531 Si
1742 2477 1924 2531 abste-
2035 2473 2592 2541 competentissimum
2637 2474 2954 2530 credidisse.
2990 2474 3357 2533 llBenedictus
3400 2473 3625 2544 Simpli-

324 2570 489 2625 mium
548 2569 936 2639 producimus,
983 2584 1179 2625 avarus
1226 2569 1516 2639 accipitur;
1566 2568 1613 2624 si
1670 2584 1792 2624 eum
1835 2568 1925 2638 qui
2036 2567 2176 2630 cius,
2208 2567 2464 2622 hactenus
2493 2568 2691 2634 vestri,
2721 2567 2938 2637 jamque
2967 2567 3034 2623 ab
3075 2566 3202 2623 hinc
3241 2569 3408 2624 nostri
3444 2565 3628 2637 (modo

324 2659 646 2730 prandendo
678 2670 881 2730 pascat,
913 2660 1195 2716 edacitatis
1228 2661 1505 2731 impetitur
1541 2678 1556 2715 :
1604 2660 1650 2715 si
1678 2676 1802 2716 eum
1833 2661 1927 2730 qui
2039 2675 2140 2730 per
2168 2676 2261 2715 vos
2304 2662 2441 2716 Deus
2476 2664 2699 2730 annuat)
2742 2661 3020 2717 habendus
3063 2661 3267 2717 ordinis
3303 2675 3519 2727 comes,
3556 2661 3629 2717 ita

324 2752 602 2823 pascendo
624 2751 855 2824 jejunet,
889 2753 1143 2809 vanitatis
1171 2753 1434 2823 arguitur.
1468 2753 1803 2809 Libertatem
1829 2769 1927 2823 pro
2041 2752 2255 2822 utrique
2287 2754 2420 2821 parti
2448 2752 2531 2806 vel
2562 2761 2704 2817 actu,
2738 2752 2821 2807 vel
2864 2750 3195 2821 professione
3232 2752 3541 2822 respondet,
3573 2757 3631 2805 ut

324 2845 679 2918 inprobitate
716 2846 1108 2913 condemnant;
1140 2846 1519 2903 verecundiam
1563 2862 1661 2917 pro
1709 2847 1929 2903 rustici-
2042 2855 2100 2901 et
2125 2847 2430 2916 reSpublica
2455 2846 2508 2901 in
2530 2862 2595 2900 eo
2617 2846 2756 2916 quod
2781 2846 3096 2914 admiretur,
3120 2857 3173 2901 et
3197 2845 3437 2900 Ecclesia
3465 2843 3632 2914 possit

326 2949 440 2999 tate
486 2940 811 3006 fastidiunt;
856 2940 1059 3011 rigidos
1100 2940 1169 2997 ab
1214 2940 1527 2997 austeritate
1575 2954 1683 2995 non
1730 2939 1934 2996 habent
2043 2937 2286 2995 invenire
2317 2940 2456 3010 quod
2480 2939 2684 3010 diligat.
2716 2939 2771 2994 Si
2804 2938 3068 2994 natalibus
3095 2938 3358 2993 servanda
3385 2950 3633 2993 reveren-

326 3049 517 3103 caros;
549 3034 734 3091 blandi
763 3033 905 3105 apud
928 3049 1021 3091 eos
1044 3035 1425 3091 communione
1456 3034 1740 3113 vilescunt.
1786 3035 1865 3090 Ac
1886 3035 1932 3089 si
2046 3031 2121 3086 tia
2148 3040 2248 3098 est,
2280 3033 2401 3102 quia
2430 3042 2484 3087 et
2514 3034 2613 3086 hos
2640 3047 2747 3087 non
2780 3030 3110 3087 omittendus
3131 3030 3456 3100 evangelista
3481 3045 3635 3087 mon-

326 3128 473 3199 apud
502 3144 597 3185 eos
629 3128 885 3184 utrolibet
912 3142 1113 3199 genere
1142 3129 1397 3194 vivatur,
1445 3142 1660 3198 semper
1709 3128 1797 3183 hic
1854 3136 1936 3183 ta-
1993 3170 2009 3187 .,
2047 3126 2242 3183 stravit
2298 3126 2443 3197 (nam
2492 3126 2662 3183 Lucas
2691 3127 3048 3183 laudationem
3072 3124 3297 3181 Joannis
3330 3137 3632 3195 aggressus,

326 3233 458 3277 men
516 3221 777 3276 bonarum
830 3220 1061 3292 partium
1107 3234 1289 3277 mores
1338 3220 1699 3292 pungentibus
1738 3219 2011 3292 linguisC
2045 3223 2553 3293 przestantissimum
2601 3210 2964 3292 computavit,
3011 3221 3153 3293 quod
3201 3220 3521 3277 sacerdotali
3568 3220 3637 3277 de

335 3313 727 3372 maledicorum
768 3315 936 3372 veluti
962 3315 1274 3386 bicipitibus
1305 3316 1484 3371 hamis
1512 3316 1931 3372 inuncabuntur.
2004 3376 2011 3393 τ
2044 3317 2215 3387 stirpe
2249 3316 2533 3384 veniebat,
2584 3324 2639 3372 et
2683 3316 3015 3371 nobilitatem
3052 3316 3177 3369 vita:
3224 3313 3633 3385 praedicaturus,

325 3405 479 3464 Inter
506 3407 621 3465 haec
650 3410 1119 3466 monasterialibus
1161 3409 1470 3480 disciplinis
1492 3426 1645 3480 :egre
1666 3409 1932 3476 subditur,
1995 3408 2196 3489 fprius
2239 3420 2415 3466 tamen
2463 3408 2655 3465 extulit
2708 3408 2921 3465 familiae
2968 3407 3335 3480 dignitatem);
3390 3413 3639 3476 parentes

324 3502 416 3558 vel
450 3503 788 3571 popularium
817 3505 1195 3571 cervicositas,
1225 3505 1311 3560 vel
1341 3504 1563 3560 licentia
1585 3505 1928 3562 clericorum.
1994 3534 2009 3571 t,
2044 3506 2249 3575 ipsius,
2284 3516 2377 3561 aut
2406 3504 2708 3573 cathedris,
2749 3513 2842 3559 aut
2870 3502 3222 3558 tribunalibus
3250 3500 3638 3571 praesederunt.

326 3592 393 3649 Si
422 3593 683 3650 clericum
714 3595 931 3663 dixero,
963 3605 1253 3665 sequentes
1292 3596 1638 3663 aemulantur,
1672 3598 1934 3668 derogant
2045 3598 2275 3653 lllustris
2321 3599 2373 3652 in
2406 3606 2636 3667 utraque
2663 3596 3077 3652 conversatione
3108 3594 3375 3664 prosapia,
3407 3601 3500 3647 aut
3527 3591 3641 3661 epi-

325 3684 738 3743 antecedeutes.
767 3686 902 3742 Nam
951 3688 1025 3741 ita
1070 3701 1143 3743 ex
1195 3687 1259 3741 iis
1304 3689 1481 3757 pauci,
1513 3689 1657 3760 quod
1704 3691 1938 3758 reliquo-
2045 3692 2231 3761 scopis
2254 3692 2457 3757 floruit,
2480 3701 2574 3745 aut
2594 3691 2859 3760 praefectis
2889 3707 2902 3745 :
2928 3690 3001 3745 ita
3031 3703 3244 3759 semper
3272 3688 3496 3758 hujusce
3522 3701 3640 3741 ma-

325 3796 457 3839 rum
491 3796 621 3853 paee
649 3782 720 3839 sit
746 3781 973 3849 dictum,
1004 3782 1174 3839 solam
1208 3781 1496 3838 clericatus
1525 3784 1937 3840 diuturnitatem
2044 3784 2279 3856 joribus,
2300 3793 2393 3839 aut
2421 3783 2843 3850 humanum,aut
2870 3782 3109 3839 divinum
3139 3781 3342 3838 dictare
3365 3780 3453 3851 jus
3480 3793 3644 3836 ausus

322 3887 433 3945 pro
475 3873 678 3930 meritis
728 3881 1010 3931 autumant
1052 3873 1424 3931 calculandam
1453 3892 1468 3940 ;
1499 3883 1557 3929 ut
1585 3891 1685 3930 nos
1715 3877 1768 3930 in
1797 3877 1939 3932 anti—
2048 3879 2178 3945 fuit;
2213 3880 2258 3934 si
2304 3894 2435 3935 vero
2482 3892 2766 3949 personam
2808 3893 2957 3934 suam
3008 3885 3240 3949 tractatu
3273 3875 3646 3933 consiliosiore

324 3968 460 4024 stite
491 3969 888 4036 consecrando,
920 3984 1027 4026 non
1057 3968 1345 4025 utilitatem
1386 3969 1556 4026 velint
1585 3970 1807 4042 eligere,
1841 3974 1937 4028 sed
2051 3988 2368 4045 pensemus,
2418 3975 2719 4030 invenimus
2746 3974 2891 4030 illam
2921 3982 3108 4031 tenere
3148 3973 3269 4030 istic
3292 3972 3320 4013 ιι
3351 3973 3492 4030 inter
3515 3988 3642 4043 spe-

325 4071 550 4119 aetatem
585 4080 601 4118 :
654 4073 907 4135 tanquam
951 4064 1045 4119 diu
1089 4064 1268 4134 potius
1306 4079 1466 4135 quam
1526 4065 1666 4122 bene
1710 4068 1934 4133 vivere,
2048 4066 2280 4124 ctabiles
2304 4066 2571 4139 principes
2593 4069 2788 4124 locum.
2814 4066 3116 4124 Seddicitis
3144 4067 3288 4124 viros
3316 4066 3638 4149 Eucherium

326 4154 530 4212 debeat
553 4157 722 4227 accipi
743 4156 812 4212 ad
833 4171 1105 4214 summum
1122 4156 1482 4213 sacerdotium
1500 4157 1932 4231 adipiscendum,
2051 4172 2112 4219 et
2160 4161 2515 4220 Pannicbium
2563 4163 2799 4220 illustres
2848 4164 3033 4221 haberi
3076 4164 3385 4237 superiores
3429 4181 3445 4219 :
3500 4163 3644 4233 quod

328 4261 431 4318 pro
461 4247 706 4303 omnium
726 4248 1023 4319 gratiarum
1046 4248 1328 4320 privilegio
1352 4249 1506 4322 193
1529 4250 1934 4323 decoramento,
2046 4256 2311 4314 hactenus
2337 4272 2433 4314 eos
2454 4267 2571 4313 esto
2592 4266 2838 4329 putatos:
2873 4257 2966 4314 sed
3000 4266 3319 4329 praesentem
3340 4258 3451 4329 jam
3483 4256 3646 4314 modo

328 4341 790 4399 lenocinamento.
813 4342 883 4398 Et
904 4336 979 4397 ita
992 4343 1257 4414 quispiam
1278 4344 1329 4399 in
1348 4346 1932 4421 ministrandosegnes,
2046 4349 2117 4404 ad
2149 4365 2368 4423 causam
2399 4351 2477 4406 illi
2510 4366 2574 4405 ex
2604 4365 2811 4407 canone
2842 4365 2948 4407 non
2974 4351 3343 4423 requiruntur,
3364 4365 3454 4422 qut
3487 4349 3646 4406 ambo

327 4433 386 4490 in
415 4434 762 4506 obloquendo
799 4436 1030 4503 celeres,
1055 4436 1112 4491 in
1144 4438 1459 4495 tractatibus
1487 4441 1680 4511 otiosi,
1708 4442 1761 4498 in
1793 4444 1936 4500 sedi-
2047 4440 2115 4498 ad
2166 4454 2188 4481 ο
2232 4441 2499 4499 secundas
2527 4444 2742 4513 nuptias
2774 4443 3121 4499 transierunt.
3155 4443 3213 4501 Si
3261 4457 3430 4500 annos
3476 4443 3647 4514 ipsius

327 4527 573 4584 tionibus
595 4527 869 4597 occupati,
901 4528 954 4583 in
994 4527 1219 4586 caritate
1248 4529 1471 4597 infirmi,
1510 4532 1562 4586 in
1590 4534 1819 4592 factione
1844 4551 1937 4592 ro-
1980 4605 1989 4606 7
2048 4545 2426 4606 computemus
2460 4553 2476 4602 ;
2505 4534 2666 4590 habet
2691 4534 2987 4591 efficaciam
3014 4536 3082 4591 de
3111 4535 3415 4604 juventute,
3444 4534 3513 4590 de
3555 4548 3645 4590 se-

326 4621 471 4679 busti
503 4664 519 4688 ,
573 4626 626 4678 in
677 4623 1077 4679 remulationum
1114 4625 1529 4680 conservatione
1579 4627 1802 4684 stabiles
1825 4670 1839 4695 ,
1875 4631 1936 4687 in
1968 4605 2027 4669 θ
2050 4605 2268 4687 nectute
2311 4628 2615 4685 consilium.
2642 4629 2700 4685 Si
2738 4627 2945 4683 litteras
2989 4628 3070 4684 vel
3101 4628 3370 4696 ingenium
3394 4625 3646 4684 confera-

326 4715 728 4772 sententiarum
769 4714 1073 4772 assertione
1123 4726 1373 4773 nutantes
1398 4762 1415 4787 ,
1460 4719 1703 4775 nituntur
1740 4735 1938 4791 regere
2052 4737 2195 4788 mus,
2213 4729 2389 4777 certat
2410 4728 2600 4774 natura
2621 4719 2901 4774 doctrinae.
2928 4717 3647 4789 Sihumanitasrequirenda

327 4806 655 4875 Ecclesiam,
687 4822 823 4878 quos
855 4808 966 4878 jam
992 4808 1108 4877 regi
1134 4823 1361 4865 necesse
1387 4819 1473 4865 est
1510 4825 1607 4881 per
1633 4824 1934 4870 senectam.
2053 4826 2167 4893 est,
2209 4815 2354 4881 civi,
2404 4812 2604 4868 clerico
2627 4852 2644 4878 ,
2690 4812 2974 4883 peregrino
2995 4852 3010 4878 ,
3043 4810 3265 4867 minimo
3304 4811 3649 4883 maximoque

326 4899 431 4958 Sed
474 4915 579 4957 nec
624 4899 827 4956 diutius
870 4899 1045 4970 placet
1074 4909 1296 4972 propter
1337 4915 1632 4973 paucorum
1673 4906 1933 4982 ambitus,
2055 4911 2220 4968 etiam
2266 4920 2427 4979 supra
2475 4903 2851 4961 sufficientiam
2902 4904 3144 4975 otIertur,
3178 4914 3233 4963 et
3266 4920 3421 4963 suum
3452 4905 3650 4977 saepius

1972 5032 2008 5049 ’κ’

403 5049 441 5127 -_
456 5038 578 5127 Non
604 5047 1011 5127 esteo‘g‘nomen
1043 5039 1143 5127 hoc
1171 5042 1289 5123 loco
1316 5041 1651 5127 benedictus,
1694 5057 1793 5127 sed
1820 5032 2008 5123 cpi-ﬁ
2056 5032 2551 5127 Gregorio'Turon.
2576 5047 2960 5106 Confessorum
2992 5048 3083 5119 86,
3116 5059 3170 5107 et
3204 5049 3298 5106 lib.
3332 5065 3388 5107 ιιι
3418 5048 3646 5123 Histor.,

333 5110 548 5192 tinctum
616 5124 723 5192 quo
767 5111 1103 5192 Qhristianos
1153 5115 1297 5168 viros
1346 5114 1598 5192 plerique
1640 5110 1936 5192 ornabant,
2058 5126 2149 5182 16.

332 5182 597 5266 Paulinus
622 5182 845 5266 epistola
878 5184 911 5266 tl
940 5183 1006 5237 ad
1033 5183 1292 5266 Severum
1315 5202 1330 5266 ξ
1350 5182 1515 5266 anu;
1538 5188 1740 5266 libellus
1770 5210 1833 5248 ea:
1852 5196 1940 5253 his:
2132 5196 2159 5236 δ
2202 5195 2480 5265 Principes
2523 5193 2837 5264 municipii,
2886 5194 3228 5266 principales.
3280 5193 3647 5253 Glossarium:

330 5264 401 5307 εει
424 5269 558 5323 quos
578 5253 646 5307 σά
668 5252 1004 5339 θεῃεᾴὶᾳωιη.
1026 5255 1080 5307 id
1103 5254 1551 5339 eIIOCItristiannm
1580 5262 1783 5339 vii-un},
1800 5252 1940 5323 ami—
2055 5269 2330 5339 Princeps,
2362 5252 2767 5338 πίρωτοπολίτηξ.
2792 5252 2911 5321 tam
2936 5252 3099 5339 supra
3121 5265 3458 5339 Simplicium
3474 5266 3649 5324 virum

331 5322 449 5410 cunt
494 5339 664 5410 ineunt
693 5322 1064 5410 Endelech‘i‘um
1094 5325 1361 5410 scripsisse
1394 5329 1587 5410 videor:
1618 5322 1943 5410 Eudelcchii.
2055 5322 2413 5410 spectabilem
2433 5339 2597 5406 dixit,
2644 5322 2802 5410 epist.
2834 5340 2887 5393 8.
2942 5322 3022 5393 Ad
3058 5322 3379 5395 Eucherium
3419 5352 3547 5396 vero
3594 5322 3651 5397 et

330 5397 479 5481 enim
512 5396 729 5481 nomina
743 5396 1436 5481 AerantASanCtus‘Severtts
1462 5399 1842 5481 Endelechius,
1874 5422 1943 5466 uc
2056 5396 2425 5481 Pannychium
2455 5396 2792 5477 scripsit'lib.
2829 5425 2885 5464 ιιι
2909 5418 2963 5464 et
2983 5410 3075 5464 lib.
3111 5425 3162 5465 v.
3610 5396 3635 5427 7‘

332 5468 461 5554 alibi
494 5467 877 5554 observatum.
908 5465 999 5554 Sic
1020 5468 1351 5554 ‘benedictus
1383 5470 1663 5554 P_ascas_i_us
1704 5465 1941 5554 Paulino
2057 5465 2077 5468 ⁷
2101 5465 2156 5521 νο
2182 5465 2386 5553 ιξίειιιιιί
2415 5465 2827 5554 θιιιηιίθρὶεορρὶ
2853 5495 2977 5554 esse
3004 5495 3100 5550 per
3128 5495 3364 5539 canones
3394 5496 3500 5538 non
3526 5496 3653 5554 pos-

333 5539 512 5624 e_idem
561 5537 615 5624 ιε
656 5538 883 5624 epistola
922 5538 986 5624 a_d
1020 5537 1373 5624 victricium,
1418 5542 1734 5624 benedictus
1775 5550 1942 5624 Eleu-
2058 5537 2326 5621 suntfac
2353 5567 2422 5608 ne
2451 5537 2638 5624 clerici
2663 5537 2879 5621 quidem
2912 5537 3074 5609 ulli'us
3103 5537 3652 5624 gradus,ercan'one

336 5607 901 5697 therusng'fertulliano
930 5611 998 5665 de
1024 5609 1545 5697 .Ifrglscr.ipli0§ib06
1568 5619 1943 5697 ,_benedictus>
2060 5607 2236 5696 primo
2267 5607 2458 5697 svnodi
2487 5607 2813 5697 Valentinus,
2835 5632 2888 5678 et
2919 5607 3041 5697 aliis
3052 5607 3326 5697 prssi'niE'
3345 5607 3647 5697 quanquam

337 5696 489 5768 papa
515 5678 817 5768 Cyprianus
855 5682 913 5768 in
952 5681 1177 5768 epistola
1216 5678 1602 5768 cieri-homini
1632 5691 1696 5744 ad
1727 5678 1940 5768 clerum:
2056 5678 2637 5768 variirant‘idninferioris
2664 5678 2862 5764 gradus
2888 5678 3649 5768 omnibus;'Bioui‘dnéis‘a;

334 5752 835 5829 (iartltaginiensem
850 5795 895 5829 ,_
898 5752 1215 5829 benedictus
1237 5755 1491 5829 Paulinus
1517 5757 1712 5817 Fausto
1735 5762 1975 5829 Reien-x,
2060 5752 2301 5827 locorum
2332 5782 2451 5825 mos
2471 5766 2587 5822 fuit.

338 5823 385 5883 si
416 5862 437 5885 .
485 5822 800 5883 benedictus
853 5825 1132 5885 Tetradius
1197 5835 1251 5883 et
1307 5827 1623 5888 benedictus
1684 5835 1940 5905 Agricola

1992 5936 2015 5982 ι
