4140 6336
514 290 618 361 579
1775 287 2017 352 SIDONII
2059 290 2509 353 APOLLINARIS
3686 297 3789 357 580

514 434 705 491 panem
744 419 831 474 ille
860 418 1032 489 potius
1078 415 1167 486 qui
1210 430 1313 469 non
1344 421 1460 470 erat
1506 412 1811 469 redditurus
1858 412 2094 483 agnovit.
2128 418 2177 476 Α
2206 428 2345 481 rum,
2374 422 2463 468 aut
2510 414 2756 468 altarium
2802 412 3084 469 cathedras
3110 428 3232 471 cum
3279 418 3358 470 sui
3399 415 3605 472 ordinis
3635 416 3789 474 laude

513 512 568 570 8i
619 515 903 569 necessitas
942 508 1093 582 195
1141 509 1461 579 arripienle
1506 508 1788 579 legationis
1831 506 2098 570 incubuit,

517 616 621 661 non
661 604 749 659 ille
784 604 949 658 semel
993 597 1089 670 pro
1145 600 1243 656 hac
1292 603 1507 657 civitate
1545 601 1695 657 stetit
1730 608 1852 655 ante
1893 597 2103 669 pellitos

510 709 686 767 reges,
730 694 968 748 velante
1001 693 1268 762 principes
1311 703 1648 762 purpuratos.
1691 692 1748 748 Si
1796 690 2099 761 ambigitur,

510 801 618 858 quo
666 786 921 855 magistro
970 784 1288 840 rudimentis
1346 785 1468 840 fidei
1510 784 1671 840 fuerit
1729 783 2003 850 imbutus,
2046 791 2103 837 ut

408 908 415 911 -
512 876 925 949 proverbialiter
974 876 1181 946 loquar,
1235 876 1380 932 domi
1427 877 1610 932 habuit
1660 876 1803 932 unde
1849 876 2099 931 disceret.

511 966 790 1023 Postremo
824 968 926 1023 iste
956 975 1039 1022 est
1069 967 1180 1031 ille,
1211 968 1493 1034 carissimi,
1526 968 1610 1022 cui
1658 967 1709 1022 in
1743 965 1979 1021 tenebris
2015 979 2103 1021 er-

511 1059 869 1131 gastularibus
914 1060 1240 1128 constituto,
1284 1059 1650 1129 multipliciter
1688 1060 1934 1115 obserata
1982 1059 2103 1113 bar-

511 1154 683 1212 barici
719 1154 955 1210 carceris
1003 1153 1257 1209 divinitus
1292 1155 1522 1208 claustra
1561 1161 1864 1223 patuertmt.
1906 1152 2098 1217 Istum,

510 1259 569 1307 ut
596 1250 918 1316 audivimus,
954 1258 979 1285 οι
1009 1258 1117 1304 tam
1163 1263 1350 1304 socero
1379 1262 1539 1317 quam
1589 1258 1739 1317 patre
1769 1246 2099 1316 postpositis,

512 1342 581 1399 ad
620 1342 979 1399 sacerdotium
1020 1342 1144 1397 duci
1198 1347 1448 1410 oportere
1500 1338 1944 1395 vociferabimini.
1987 1338 2102 1406 Quo

512 1435 727 1506 quidem
781 1444 1023 1505 tempore
1070 1434 1354 1503 plurimum
1408 1431 1577 1487 laudis
1634 1433 1851 1486 domum
1898 1430 2100 1496 retulit,

464 1566 467 1567 ν
514 1532 727 1605 quando
774 1531 1028 1587 honorari
1080 1539 1357 1600 parentum
1406 1529 1593 1584 tnaluit
1637 1527 1893 1595 dignitate
1942 1540 2099 1597 quam

480 1662 483 1665 ν
512 1623 924 1703 ρτορτίίιεΡεηθ
964 1623 1282 1677 transieram
1328 1621 1470 1690 quod
1512 1619 1775 1690 praeteriri
1809 1634 1915 1673 non
1944 1632 2104 1688 opor-

514 1694 870 1772 tuerat..Sub
902 1713 1082 1785 Moyse
1126 1713 1429 1785 quondam,
1474 1713 1613 1768 sicut
1660 1711 2101 1782 psalmographus

2210 514 2513 563 tenuerunt.
2553 507 2692 561 Sane
2720 507 2842 576 quia
2873 522 3097 576 persona
3139 517 3397 563 matronae
3427 511 3786 566 verecundam

2206 607 2260 655 et
2305 601 2625 654 succinctam
2681 599 2762 654 sui
2812 598 2976 669 exigit
3035 600 3357 656 mentionem
3387 642 3400 666 ,
3476 612 3789 658 constanter

2206 692 2556 760 astruxerim,
2604 693 2929 761 respondere
2974 692 3115 747 illam
3173 692 3422 749 feminam
3472 697 3788 752 sacerdotiis

2205 782 2480 854 utriusque
2523 783 2758 848 familiae,
2787 787 2870 840 vel
2919 784 3005 839 ubi
3051 783 3272 841 educata
3328 788 3520 855 crevit,
3571 790 3659 844 vel
3697 792 3785 845 ubi

2205 874 2373 931 electa
2398 876 2660 945 migravit.
2693 875 2855 930 Filios
2884 876 3041 932 ambo
3072 876 3206 931 bene
3233 887 3286 931 et
3319 878 3607 948 prudenter
3640 880 3789 935 insti-

2206 975 2394 1033 tuunt;
2441 967 2634 1037 quibus
2665 977 3005 1037 comparatus
3049 977 3196 1036 pater
3221 968 3344 1024 inde
3369 967 3575 1025 felicior
3606 970 3789 1041 incipit

2203 1079 2341 1129 esse,
2387 1064 2537 1139 197
2567 1065 2689 1135 quia
2722 1064 2973 1119 vincitur.
3008 1064 3071 1118 Et
3100 1064 3223 1134 quia
3252 1066 3573 1120 sententiam
3617 1067 3789 1135 parvi-
3827 1110 3839 1133 ,

2204 1157 2330 1213 tatis
2380 1172 2512 1211 mea:
2546 1158 2597 1211 in
2637 1156 2735 1212 hac
2772 1157 3037 1212 electione
3080 1156 3360 1211 valituram
3412 1171 3530 1211 esse
3569 1158 3790 1227 jurastis

2205 1249 2493 1321 (siquidem
2524 1266 2628 1305 non
2672 1258 2754 1306 est
2793 1249 3018 1305 validius
3041 1250 3221 1305 dicere
3243 1261 3598 1318 sacramenta,
3631 1266 3789 1321 quam

2205 1344 2490 1416 scribere),
2518 1344 2570 1399 In
2600 1344 2815 1399 nomine
2837 1343 3032 1409 Patris,
3063 1352 3116 1397 et
3144 1343 3284 1408 Filii,
3322 1354 3374 1398 et
3405 1343 3638 1415 Spiritus
3660 1359 3789 1399 san-

2207 1434 2299 1497 cti.
2331 1435 2639 1506 Simplicius
2666 1446 2769 1502 est,
2800 1451 2957 1505 quem
2988 1435 3274 1505 provincia:
3300 1444 3497 1491 nostra:
3523 1446 3789 1506 metrotio-

2205 1525 2427 1583 Iitanum
2450 1571 2462 1591 ,
2500 1528 2731 1584 civitatis
2763 1538 2957 1583 vestra:
2990 1542 3257 1582 summum
3305 1528 3641 1583 sacerdotem
3674 1528 3788 1584 lieri

2204 1618 2404 1675 debere
2436 1621 2743 1689 pronuntio.
2776 1619 2881 1674 Vos
2907 1628 3082 1673 autem
3114 1619 3180 1673 de
3219 1620 3338 1674 viro
3381 1618 3449 1675 de
3473 1634 3580 1690 quo
3610 1619 3785 1690 loqui-

2205 1726 2345 1779 mur,
2365 1714 2615 1784 si_‘novam
2638 1713 2958 1768 sententiam
2978 1728 3149 1768 meam
3168 1712 3475 1785 sequimini,
3481 1713 3785 1788 secundum

514 1807 610 1875 ait,
644 1807 694 1861 in
733 1805 920 1861 diebus
951 1803 1206 1875 antiquis,
1246 1815 1301 1859 ut
1330 1804 1654 1861 tabernaculi
1684 1804 1901 1860 fmderis
1931 1803 2101 1858 forma
2130 1794 2179 1857 Β
2207 1816 2435 1862 vestram
2465 1816 2699 1863 veterem
2727 1814 3061 1864 consonate:

510 1906 881 1969 consurgeret,
911 1906 1053 1953 totus
1080 1898 1242 1953 Israel
1265 1897 1316 1951 in
1339 1912 1524 1952 eremo
1546 1906 1669 1953 ante
1691 1896 1979 1952 Beseleelis
2002 1885 2101 1965 pe?

510 1989 629 2057 des,
661 1989 889 2045 oblatitii
928 1989 1231 2060 symbolum
1260 1988 1599 2044 coacervavit
1634 1987 1910 2057 impendii.
1945 1986 2100 2042 Salo-

510 2094 638 2139 mon
670 2084 941 2153 deinceps,
972 2092 1029 2138 ut
1053 2082 1309 2153 templum
1338 2081 1629 2137 aedificaret
1655 2080 1706 2134 in
1728 2080 1981 2151 Solymis,
2006 2094 2099 2134 so-

511 2176 648 2232 lidas
670 2176 851 2247 populi
873 2180 1015 2231 vires
1049 2177 1098 2231 in
1120 2190 1285 2245 opere
1311 2174 1586 2229 concussit
1612 2188 1626 2228 :
1650 2173 1896 2243 quamvis
1928 2171 2097 2226 Palmo

509 2270 777 2325 Stinorum
811 2269 1049 2339 captivas
1096 2283 1227 2337 Opes
1253 2309 1268 2331 ,
1318 2276 1373 2321 et
1410 2265 1881 2333 circumiectorum
1914 2277 2098 2333 regum

511 2362 819 2419 tributarias
846 2360 1168 2423 functiones,
1193 2359 1443 2415 australis
1477 2360 1675 2428 regina:
1700 2357 1931 2413 Sabaitis
1972 2373 2101 2427 gaza

511 2452 888 2509 cumulaverit.
918 2452 1017 2508 Ilic
1046 2452 1198 2508 vobis
1229 2450 1511 2506 ecclesiam
1538 2451 1771 2520 juvenis,
1804 2450 1977 2518 miles,
2025 2461 2101 2505 te-

508 2548 633 2603 nuis
656 2591 670 2617 ,
720 2547 891 2612 solus,
924 2546 1099 2601 adhuc
1130 2546 1273 2600 filius
1317 2544 1573 2610 familias,
1606 2555 1661 2599 et
1696 2545 1802 2613 jam
1831 2553 1984 2614 pater
2012 2560 2105 2599 ex-

510 2641 728 2695 struxit.
758 2639 867 2695 Nec
913 2640 1059 2694 illum
1110 2655 1138 2691 a
1184 2637 1455 2708 praposita
1496 2636 1779 2692 devotione
1828 2635 2103 2705 suspendit

511 2732 598 2789 vel
637 2732 896 2787 tenacitas
945 2747 1172 2797 senum,
1217 2734 1300 2786 vel
1354 2731 1577 2786 intuitus
1622 2731 2008 2801 parvulorum:
2051 2740 2105 2785 et

512 2830 692 2883 tamen
741 2827 839 2881 fuit
882 2825 909 2865 δ
954 2842 1163 2882 morum
1213 2826 1417 2881 factura
1460 2842 1580 2896 quae
1621 2835 1843 2881 taceret.
1880 2825 1972 2879 Vir
2026 2837 2105 2880 est

510 2934 763 2996 namque,
799 2924 852 2979 ni
887 2924 1061 2991 fallor,
1090 2924 1254 2979 totius
1290 2923 1662 2994 popularitatis
1701 2922 1907 2979 alienus
1937 2940 1950 2977 :
1979 2938 2104 2994 gra-

506 3018 639 3073 tiam
667 3034 772 3073 non
814 3027 991 3087 captat
1020 3018 1258 3073 omnium
1280 3059 1293 3083 ,
1327 3018 1421 3072 sed
1465 3017 1768 3083 bonorum;
1826 3033 1929 3072 non
1964 3018 2102 3073 indi-

510 3119 687 3165 screta
718 3110 1078 3164 familiaritate
1109 3110 1374 3179 vilescens
1400 3150 1413 3174 ,
1449 3109 1541 3164 sed
1571 3108 1878 3163 examinata
1908 3109 2102 3165 sodali-

2784 1901 3116 1958 EPISTOLA
3154 1901 3222 1959 Χ.

2418 1997 2666 2053 Sidonius
2704 2012 2853 2067 papa:
2889 2006 2909 2033 ο
2942 1995 3181 2063 Auspicio
3207 2011 3298 2050 suo
3326 1994 3562 2050 salutem.

2272 2091 2329 2145 Si
2367 2091 2501 2144 ratio
2551 2097 2852 2158 temporum
2896 2075 3283 2158 regionumque
3329 2094 3639 2157 pateretur,
3681 2102 3783 2144 non

2206 2194 2299 2251 per
2338 2181 2449 2236 sola
2489 2180 2665 2237 officia
2701 2180 2984 2234 verborum
3023 2179 3286 2235 amicitias
3318 2180 3483 2235 semel
3511 2180 3671 2236 initas
3695 2195 3785 2235 ex-

2205 2273 2382 2329 colere
2421 2287 2688 2328 curarem.
2725 2271 2830 2328 Sed
2866 2271 3119 2341 quoniam
3158 2270 3409 2327 fraternae
3443 2271 3639 2351 quietis
3668 2281 3785 2327 voto

2204 2364 2333 2419 satis
2377 2364 2639 2433 obstrepit
2686 2364 3109 2442 conflictantium
3163 2365 3396 2435 procella
3452 2380 3782 2435 regnorum;

2206 2458 2381 2513 saltim
2411 2456 2550 2513 inter
2579 2457 2841 2513 discretos
2872 2466 3258 2528 separatosque
3286 2456 3532 2514 litterarii
3562 2473 3786 2513 consue-

2207 2548 2338 2605 tudo
2366 2550 2635 2605 sermonis
2662 2549 2784 2620 jure
2812 2549 3150 2614 retinebitur,
3178 2564 3297 2619 quac
3323 2550 3433 2619 jam
3464 2549 3673 2620 pridem
3704 2566 3789 2605 ca-

2206 2641 2378 2697 ritatis
2404 2640 2625 2696 obtentu
2649 2641 2840 2703 merito
2867 2640 3080 2696 inducta
3101 2640 3373 2696 veteribus
3403 2641 3591 2696 annuit
3614 2655 3786 2697 exem-

2207 2735 2329 2806 plis.
2372 2737 2630 2805 Superest
2670 2744 2725 2789 ttt
2769 2733 3002 2788 sollicito
3054 2732 3357 2788 veneratori
3407 2732 3619 2803 culpam
3665 2742 3787 2786 rata:

2207 2825 2539 2885 occursionis
2578 2824 2853 2895 indulgeas
2888 2843 2901 2880 :
2945 2840 3062 2895 quae
3093 2825 3376 2895 quominus
3406 2824 3626 2881 assidue
3653 2838 3787 2880 con-

2208 2930 2423 2990 spectus
2442 2919 2515 2975 tui
2538 2925 2881 2974 sacrosancta
2903 2917 3357 2987 euntemplatione
3380 2898 3634 2985 potiatur,
3652 2931 3789 2971 nunc

2209 3013 2501 3084 periculum
2530 3012 2597 3068 de
2635 3009 2826 3066 vicinis
2859 3009 3026 3074 timet,
3060 3023 3200 3064 nunc
3226 3007 3483 3063 invidiam
3509 3008 3577 3064 de
3605 3016 3787 3079 patro-
3850 3022 3851 3025 ‘

2212 3105 2315 3163 nis.
2340 3106 2443 3162 Sed
2492 3105 2559 3160 de
2593 3104 2677 3160 his
2712 3106 2810 3159 ista
2849 3103 2963 3158 haec
3009 3103 3167 3158 etiam
3200 3102 3365 3157 multa
3397 3111 3541 3155 sunt.
3576 3100 3787 3158 Interim

510 3208 621 3258 tate
650 3202 947 3271 pretiosus;
992 3211 1047 3257 et
1081 3203 1236 3274 19B
1260 3203 1401 3256 bono
1423 3202 1597 3256 viratu
1622 3203 1830 3255 tumulis
1856 3204 1967 3257 suis
1991 3219 2099 3256 ma-
2132 3182 2177 3246 Ο
2206 3196 2421 3252 Petrum
2444 3240 2458 3265 ,
2490 3195 2824 3250 tribunitium
2869 3193 3040 3249 virum
3064 3237 3079 3263 ,
3110 3192 3425 3263 portitorem
3471 3193 3637 3249 nostri
3676 3207 3787 3248 ser-

512 3298 594 3367 gis
624 3297 880 3366 prodesse
906 3298 1129 3365 cupiens
1157 3310 1317 3365 quam
1348 3296 1558 3364 placere
1584 3313 1597 3359 ;
1631 3298 1835 3349 severis
1867 3296 2101 3364 patribus

512 3387 927 3458 eontparandus,
954 3389 1043 3457 qui
1067 3387 1323 3456 iuvenum
1348 3387 1577 3441 filiorum
1607 3403 1712 3440 non
1734 3397 1840 3441 tam
1868 3389 2104 3457 cogitant

516 3486 641 3535 vota
673 3495 831 3550 quam
858 3479 1160 3534 commoda.
1198 3480 1250 3533 ln
1282 3478 1525 3534 adversis
1551 3491 1827 3543 constans,
1856 3483 1905 3533 in
1930 3480 2102 3537 dubiis

514 3572 749 3637 fldus,in
795 3573 1067 3643 prosperis
1116 3572 1412 3639 modestus,
1448 3573 1498 3626 in
1546 3572 1726 3626 habitu
1755 3573 2003 3643 simplex,
2048 3574 2101 3629 in

511 3679 763 3721 sermone
791 3667 981 3731 comis,
1013 3666 1066 3720 in
1097 3666 1449 3721 contubernio
1480 3666 1721 3736 aequalis,
1773 3648 1824 3721 in
1878 3668 2103 3723 consilio

510 3758 850 3827 prmcellens.
905 3758 1182 3813 Amicitias
1242 3759 1490 3827 probatas
1519 3760 1681 3814 enixe
1723 3761 1943 3830 expetit,
1977 3777 2104 3816 con-

510 3858 718 3907 stanter
748 3852 978 3918 retinet,
1022 3853 1336 3920 perenniter
1387 3859 1585 3906 servat.
1628 3852 1936 3907 Inimicitias
1969 3853 2105 3908 indi-

513 3950 629 3998 ctas
660 3942 886 3998 honeste
905 3953 1141 4008 exercet,
1178 3943 1328 3997 tarde
1358 3944 1548 4005 credit,
1576 3945 1823 3999 celeriter
1848 3945 2099 4015 deponit:

515 4037 748 4090 maxime
779 4036 1129 4101 ambiendus,
1168 4036 1290 4105 quia
1344 4034 1563 4089 minime
1611 4036 1926 4091 ambitiosus
1952 4078 1965 4102 ,
1998 4052 2105 4092 non

514 4126 698 4182 Studet
727 4129 1001 4193 suscipere
1024 4127 1406 4190 sacerdotium,
1430 4127 1524 4180 sed
1555 4130 1771 4181 mereri.
1794 4128 1945 4182 Dicet
1969 4129 2102 4182 mihi

512 4216 709 4287 aliquis
748 4233 763 4273 :
809 4216 960 4271 Unde
999 4217 1093 4272 tibi
1138 4217 1203 4271 de
1247 4217 1339 4271 illo
1373 4229 1478 4272 tam
1518 4220 1622 4273 cito
1650 4228 1794 4274 tanta
1834 4233 2105 4291 comperta

516 4310 679 4364 sunt?
704 4309 799 4363 Cui
828 4308 1148 4377 respondeo,
1177 4308 1333 4364 Prius
1365 4310 1629 4381 Bituriges
1662 4327 1917 4367 noveram
1946 4329 2103 4380 quam

516 4400 803 4471 Biturigas.
823 4401 1013 4455 Multos
1036 4402 1089 4456 in
1107 4401 1318 4467 itinere,
1334 4402 1529 4458 multos
1548 4404 1598 4458 in
1615 4405 1948 4474 commilitio,
1971 4407 2105 4460 mul-

520 4500 603 4548 tos
643 4494 693 4547 in
748 4502 1052 4559 contractu,
1082 4493 1281 4549 multos
1312 4496 1364 4549 in
1391 4504 1643 4563 tractatu,
1675 4501 1871 4553 multos
1898 4502 1947 4553 in
1983 4516 2098 4568 sua,

2207 3291 2381 3346 monis
2411 3290 2645 3355 insinuo,
2680 3290 2770 3359 qui
2796 3289 2847 3343 id
2874 3289 3047 3359 ipsum
3078 3287 3265 3343 sedulo
3294 3289 3565 3357 exposcit;
3592 3286 3784 3355 quique

2206 3383 2336 3455 quid
2369 3382 2567 3452 negotii
2590 3380 2726 3437 ferat
2755 3373 3124 3452 praesentaneo
3155 3379 3580 3449 compendiosius
3610 3384 3776 3446 potest

2208 3478 2456 3533 intimare
2485 3483 2784 3531 memoratu
2820 3492 2831 3528 :
2888 3477 2975 3530 cui
3006 3487 3218 3543 precor,
3258 3473 3399 3542 quod
3436 3470 3490 3525 in
3528 3468 3676 3524 vobis
3702 3475 3780 3523 est

2207 3572 2342 3643 opis,
2366 3569 2558 3626 intuitu
2577 3568 2783 3639 pagina:
2802 3567 2958 3639 198
2976 3567 3257 3636 praesentis
3274 3564 3521 3630 accedat;
3546 3570 3785 3616 manente

2208 3675 2455 3737 respectu
2510 3663 2857 3719 nihilominus
2905 3659 3208 3731 aequitatis,
3258 3665 3442 3713 contra
3495 3670 3655 3726 quam
3695 3667 3787 3708 nec

2207 3762 2377 3830 magis
2436 3756 2777 3813 familiarium
2834 3768 3023 3809 causas
3079 3750 3456 3808 commendare
3510 3746 3784 3823 consuevi.

2209 3857 2414 3914 Memor
2438 3854 2611 3910 nostri
2643 3866 2765 3907 esse
2792 3851 3036 3920 dignare,
3060 3848 3274 3902 domine
3297 3860 3449 3916 papa.

2772 3940 3103 3999 EPISTULA
3143 3939 3230 3994 XI.

2425 4040 2669 4095 Sidonius
2697 4038 2906 4091 domino
2948 4050 3096 4105 papae
3129 4032 3308 4087 erco
3338 4032 3574 4085 salutem.

2282 4132 2499 4188 Invideo
2530 4129 2773 4185 felicitati
2803 4124 3258 4184 consuetudinarii
3298 4122 3600 4193 portitoris,
3630 4137 3658 4174 a
3691 4136 3784 4190 quo

2210 4227 2434 4296 contigit
2462 4226 2657 4296 saepius
2687 4239 2783 4278 vos
2814 4222 3006 4277 videri.
3038 4219 3145 4275 Sed
3176 4218 3299 4289 quid
3326 4216 3394 4272 de
3443 4215 3692 4269 Amantio
3720 4213 3768 4267 lo

2209 4334 2369 4390 quar,
2415 4334 2535 4373 cum
2578 4318 2721 4387 ipsas
2746 4329 2960 4385 quoque
2995 4314 3202 4368 litteras
3231 4324 3374 4365 meas
3406 4309 3649 4372 :emulcr,
3678 4319 3786 4376 qua

2210 4411 2566 4468 sacrosanctis
2601 4408 2988 4464 reserabuntur
3016 4404 3219 4474 digitis,
3254 4399 3607 4471 inspicientur
3633 4403 3784 4453 obtu-

2184 4556 2188 4561 .
2212 4508 2385 4565 tibus?
2403 4507 2466 4561 Et
2483 4520 2581 4577 ego
2604 4505 2720 4558 istic
2738 4505 2877 4557 inter
2900 4501 3184 4557 semiustas
3200 4496 3339 4552 muri
3369 4494 3568 4565 fragilis
3584 4494 3788 4549 clausus

514 4587 713 4644 multos
755 4588 808 4642 iu
842 4597 1022 4643 nostra
1070 4590 1499 4659 peregrinatione
1548 4593 1939 4661 cognoscimus.
1983 4594 2101 4648 Plu-

2212 4575 2667 4675 angustiaspbelli
2699 4606 2906 4652 terrore
2935 4594 3167 4664 contigui
3194 4633 3207 4658 ,
3243 4589 3509 4655 desiderio
3538 4588 3605 4644 de
3646 4587 3790 4642 vobis

516 4684 651 4737 rima
678 4682 882 4737 notitia:
911 4682 1103 4737 dantur
1128 4691 1184 4737 et
1203 4697 1270 4737 ex
1298 4683 1552 4752 opinione
1576 4686 1894 4756 compendia
1921 4699 1934 4741 :
1978 4686 2101 4757 quia

518 4788 626 4829 non
655 4784 759 4829 tam
792 4787 984 4843 parvos
1011 4775 1271 4830 terminos
1302 4777 1480 4845 posuit
1506 4776 1662 4831 fama:
1698 4789 1904 4843 natura.
1938 4797 2100 4851 quam

518 4867 723 4937 patriae.
754 4866 1013 4934 Quocirca
1042 4868 1087 4922 si
1119 4867 1329 4924 urbium
1368 4877 1539 4924 status
1568 4885 1675 4924 non
1696 4878 1802 4926 tam
1827 4888 2099 4928 murorum

518 4959 742 5028 ambitu,
767 4976 923 5029 quam
949 4960 1142 5014 civium
1163 4961 1405 5017 claritate
1433 4964 1693 5019 taxandus
1711 4975 1794 5021 est
1817 4984 1830 5033 ;
1858 4982 1963 5023 non
1991 4985 2102 5025 mo-

514 5051 590 5109 du
611 5051 841 5121 primum
878 5053 967 5123 qui
998 5053 1208 5118 essetis,
1234 5053 1328 5109 sed
1362 5055 1449 5110 ubi
1481 5058 1674 5113 essetis
1702 5065 1915 5130 agnovi.
1954 5061 2103 5119 Uxor

518 5143 595 5203 illi
626 5144 694 5201 de
726 5143 1083 5200 Palladiorum
1111 5145 1279 5215 stirpe
1316 5145 1613 5215 descendit,
1641 5151 1730 5219 qui
1765 5162 1858 5206 aut
1898 5154 2102 5210 littera-

577 5302 753 5385 sIIinnc
791 5312 932 5385 patet
956 5302 1263 5385 Palladium
1296 5313 1353 5385 et
1382 5306 1487 5378 ’17
1517 5307 1825 5385 Eulodium,
1867 5316 1954 5383 qui
1989 5332 2109 5385 pro-

520 5373 651 5428 ximi
669 5373 876 5455 fuerant
888 5373 1684 5455 episcopiBituricencés,‘hune
1701 5373 1904 5455 patrem
1916 5431 1928 5455 ,
1944 5373 2096 5443 illum

512 5458 777 5527 iacerem.
803 5445 1068 5527 Simplicii
1081 5517 1090 5527 _
1116 5448 1299 5527 fuisse.
1340 5449 1562 5527 Palladii
1592 5445 1720 5527 ergo
1763 5454 1865 5508 lilia
1894 5445 1928 5520 ,’
1964 5473 2098 5514 uxor

838 5515 1008 5571 Infra:
1050 5517 1191 5572 Uxor
1216 5519 1297 5573 illi
1330 5521 1395 5575 de
1424 5514 1783 5577 Palladiorum
1819 5514 1976 5598 stirpe
2009 5531 2100 5584 de-

519 5594 720 5642 uendit
729 5624 743 5639 .

576 5655 623 5695 ’δ
648 5655 724 5737 Ita
756 5656 915 5737 fuerit
942 5660 1180 5737 moribus
1203 5665 1551 5737 compositus,
1580 5676 1639 5721 ut
1667 5668 1947 5723 ecclesiam
1977 5688 2007 5725 a
2039 5688 2097 5727 se

524 5728 831 5807 conditam,
873 5728 1082 5807 laudem
1110 5728 1557 5807 vitans,'si‘lent_io
1599 5751 1888 5807 premeret.
1920 5742 2099 5797 Utitur

524 5800 709 5858 eadem
742 5815 871 5856 voce
897 5800 1141 5857 Ruricius
1159 5806 1315 5873 epist.
1342 5804 1435 5860 με
1466 5800 1669 5879 Equum
1693 5809 1899 5881 qualem
1915 5813 2105 5883 junco

2210 4711 2331 4753 meo
2360 4706 2697 4764 nequaquam
2723 4688 3034 4745 satisfacere
3068 4686 3367 4757 permittor.
3392 4685 3566 4753 Atque
3589 4680 3788 4735 utinam

2209 4790 2327 4844 haec
2373 4795 2518 4842 esset
2564 4786 2822 4839 Arverna:
2864 4783 3032 4835 forma
3084 4778 3168 4833 vel
3208 4791 3369 4832 causa
3419 4775 3698 4845 regionis,
3736 4780 3788 4826 ut

2207 4881 2383 4937 minus
2431 4876 2769 4933 excusabiles
2819 4885 3223 4929 excusaremur.
3257 4867 3362 4924 Sed
3400 4867 3543 4937 quod
3578 4875 3662 4922 est
3699 4864 3789 4920 du-

2206 4977 2336 5039 rius,
2368 4987 2466 5044 per
2494 4969 2769 5039 iniustitia:
2800 4975 2998 5022 nostra:
3039 4963 3232 5021 merita
3262 4960 3561 5026 conficitur,
3594 4970 3652 5015 ut
3696 4975 3784 5015 ex-

2206 5066 2410 5123 cusatio
2456 5063 2609 5119 nobis
2651 5062 2793 5129 justa
2820 5074 2928 5112 non
2979 5057 3136 5112 desit.
3170 5052 3433 5122 Quocirca
3474 5052 3790 5107 salutatione

2209 5162 2449 5234 praefata,
2472 5158 2612 5241 sicut
2634 5170 2751 5211 mos
2781 5153 2954 5225 poscit
2978 5149 3164 5216 ofﬁcii,
3190 5160 3515 5220 magnopere
3534 5146 3790 5217 deposco,

2215 5336 2300 5375 ras
2316 5317 2582 5383 destinavi,
2595 5314 2982 5369 mansuetudine
2997 5312 3277 5381 placidum,
3295 5309 3531 5365 membris
3546 5309 3788 5383 validum,

2205 5393 2408 5460 firmum
2431 5381 2630 5453 robore,
2657 5387 2822 5457 forma
2844 5392 3191 5458 prrestaulem,
3210 5386 3415 5454 [actura
3435 5381 3786 5452 compositum,

2206 5463 2391 5517 animis
2422 5469 2768 5529 temperatum.

2281 5544 2303 5571 ε
2334 5526 2571 5587 TullenSi
2604 5530 2900 5585 Leucorum
2940 5527 3215 5597 episcopo.
3248 5526 3459 5597 Scripta
3501 5539 3611 5595 quo
3662 5531 3785 5597 t_etu-

2210 5619 2339 5671 pore
2385 5602 2543 5657 Gothi
2583 5616 2703 5656 cum
2734 5593 2990 5671 Romanis
3021 5593 3218 5655 bellum
3248 5593 3547 5671 gerebant,
3578 5603 3635 5653 et
3665 5593 3777 5671 Bur-

2174 5702 2177 5705 ι
2206 5663 2504 5744 gundiunes
2525 5673 2812 5739 Arvernis,
2844 5682 2901 5727 ut
2930 5670 3131 5728 dictum
3154 5663 3276 5738 est;
3290 5668 3493 5726 auxilio
3519 5672 3680 5724 erant
3703 5663 3781 5718 adv

2206 5760 2397 5802 versus
2419 5744 2652 5802 Gothos.
