4140 6336
301 367 392 429 δε,
1502 354 1984 418 EPISTOLARUM
2024 356 2153 418 LIB.
2200 360 2308 418 vn.

3452 362 3559 429 582

300 494 354 542 ut
388 478 589 537 interim
619 475 908 535 remittatis
954 473 1287 532 occursionis
1315 470 1554 531 debitum
1586 473 1670 530 vel
1700 473 1862 529 verba
1888 483 1941 543 Α
1970 476 2276 533 beratorem
2318 478 2433 533 sola
2486 486 2536 536 te
2588 477 3001 553 dispositionum
3054 478 3366 541 salubritate
3411 483 3552 545 tole-

297 570 527 632 solventi.
545 570 674 627 Nam
702 569 747 626 si
776 568 1116 626 commeandi
1149 569 1370 625 libertas
1398 580 1529 637 pace
1552 575 1859 635 revocetur,

298 665 416 723 illud
442 664 602 735 magis
629 663 879 731 verebor,
905 677 972 719 ne
992 661 1277 717 assiduitas
1307 660 1608 731 praesentia:
1630 674 1764 715 mea:
1794 662 1864 715 sit

297 763 458 835 potius
489 760 663 815 futura
702 757 936 818 fastidio.
972 757 1173 815 Memor
1219 758 1389 813 nostri
1443 770 1565 814 esse
1613 755 1859 827 dignare,

294 855 493 912 domine
518 868 675 926 papa.

742 945 897 1018 199
920 944 1251 1002 EPISTULA
1279 944 1395 1000 xu.

629 1039 875 1096 Sidonius
917 1050 943 1078 ι
988 1037 1232 1094 Ferreolo
1268 1040 1505 1093 salutem.

354 1136 406 1193 Si
436 1133 680 1190 amicitiae
699 1141 897 1188 nostra:
925 1132 1099 1202 potius
1125 1131 1527 1201 affinitatisque,
1558 1144 1716 1200 quam
1741 1143 1860 1200 per-

288 1244 422 1287 sonae
467 1236 568 1282 tua:
606 1235 844 1295 tempus,
892 1224 1135 1279 ordinem
1160 1264 1172 1288 ,
1210 1232 1408 1279 statum
1454 1221 1813 1292 cogitaremus
1844 1238 1857 1285 ;

284 1324 392 1394 jure
416 1320 564 1377 vobis
598 1320 653 1375 in
683 1320 783 1374 hoc
813 1334 977 1390 opere
1000 1362 1013 1385 ,
1045 1316 1571 1389 quantulumcunque
1601 1324 1715 1384 est,
1748 1315 1858 1385 pri-

284 1429 377 1471 ma:
413 1412 687 1467 titulorum
718 1411 976 1476 rubricm,
1005 1410 1176 1481 prima
1208 1424 1514 1465 sermonum
1546 1408 1722 1463 ofﬁcia
1760 1408 1859 1463 de-

284 1503 747 1562 dicarentur.lsset
776 1519 870 1573 per
892 1502 1068 1557 avitas
1093 1502 1184 1557 tibi
1209 1502 1378 1573 stylus
1405 1513 1585 1558 noster
1612 1502 1857 1567 curules;

282 1599 517 1673 patricias
566 1596 917 1652 nihilominus
980 1594 1172 1650 infulas
1234 1605 1697 1659 enumeraturus;
1754 1611 1859 1648 non

283 1694 523 1749 tacuisset
549 1690 579 1729 δ
619 1691 855 1761 triplices
885 1689 1231 1761 praefecturas
1251 1731 1266 1755 ,
1296 1700 1351 1746 et
1391 1690 1615 1763 Syagrio
1644 1700 1733 1746 tuo
1765 1707 1860 1760 pro

200 1794 205 1803 '
284 1784 430 1841 toties
469 1784 696 1840 mutatis
741 1782 1079 1853 praeconibus
1126 1784 1390 1852 prteconia
1446 1798 1550 1837 non
1591 1797 1857 1853 negasset.

1970 584 2117 625 rssse
2147 589 2158 624 :
2192 579 2515 642 propterque
2540 574 2879 644 prudentiam
2909 584 3110 633 tantam
3139 578 3555 650 providentiam-

1968 674 2092 730 que,
2112 676 2325 715 currum
2358 671 2506 715 tuum
2541 665 2895 733 provinciales
2919 683 3040 725 cum
3074 671 3355 741 plausuum
3382 674 3554 730 maxi-

1966 770 2057 810 mo
2088 765 2308 811 accentu
2350 758 2658 827 spontaneis
2686 762 2891 818 subisse
2921 765 3220 822 cervicibus
3255 786 3268 831 ς
3314 768 3433 845 quia
3475 770 3555 827 sic

1968 847 2205 903 habenas
2237 846 2528 904 Galliarum
2558 851 2857 920 moderare,
2891 856 3049 927 200
3076 867 3132 913 ut
3155 872 3435 929 possessor
3460 875 3554 917 ex-

1967 938 2192 996 haustus
2212 942 2494 997 tributario
2520 943 2647 1014 jugo
2674 945 3023 1004 relevaretur.
3046 951 3393 1010 l’rretermisit
3419 964 3441 993 ε
3470 970 3555 1010 re-

1966 1048 2085 1104 gem
2108 1031 2317 1089 Gothim
2336 1033 2749 1100 ferocissimum,
2767 1037 3021 1095 inflexum
3039 1041 3199 1098 affatu
3225 1054 3314 1102 tuo
3336 1047 3549 1117 melleo,

1966 1125 2139 1197 gravi,
2177 1137 2386 1197 arguto,
2422 1127 2676 1184 inusitato
2705 1144 2719 1183 :
2750 1142 2803 1185 et
2846 1126 2871 1166 ἀ
2904 1132 2971 1186 ab
3001 1133 3396 1193 Arelatensium
3430 1155 3551 1210 por-

1967 1220 2034 1273 tis
2060 1260 2073 1283 ,
2110 1234 2268 1289 quem
2317 1220 2501 1275 Aetius
2540 1236 2642 1274 non
2682 1222 2944 1291 potuisset
2992 1227 3205 1293 prmlio,
3242 1239 3290 1282 te
3332 1229 3551 1298 prandio

1967 1313 2279 1367 rentovisse.
2334 1310 2456 1365 lla‘c
2494 1314 2671 1366 omnia
2728 1316 3113 1385 prmtertnisit,
3163 1333 3383 1389 sperans
3423 1339 3551 1378 (³οη-
3624 1380 3635 1386 ,

1966 1401 2247 1471 gruentius
2282 1412 2427 1457 tuum
2463 1402 2611 1459 salve
2644 1415 2665 1441 ε
2701 1406 3032 1475 pontificum,
3061 1425 3217 1479 quam
3248 1423 3552 1471 senatorum

1961 1494 2071 1565 jam
2121 1496 2428 1552 nominibus
2471 1498 2687 1568 adiungi
2720 1518 2731 1551 :
2777 1492 3092 1573 censuitque
3129 1504 3323 1574 iustius
3357 1508 3469 1563 fleri
3508 1511 3552 1563 si

1967 1588 2107 1643 inter
2131 1590 2395 1656 perfectos
2425 1590 2659 1657 Christi,
2688 1607 2844 1661 quam
2881 1595 2925 1647 si
2968 1593 3109 1650 inter
3138 1597 3420 1666 praefectos
3452 1598 3554 1655 Va-

1965 1683 2240 1739 lentiniani
2270 1686 2677 1741 constituerere.
2731 1686 2913 1757 Neque
2960 1697 3010 1743 te
3060 1689 3429 1751 sacerdotibus
3458 1709 3553 1765 po-

1966 1776 2070 1831 tius
2096 1777 2390 1832 admixtum
2422 1777 2551 1833 vitio
2582 1787 2753 1833 vertat
2784 1779 3047 1850 malignus
3074 1781 3338 1853 interpres
3364 1800 3378 1850 ;
3432 1800 3553 1841 nam

280 1875 480 1933 Patrem
518 1874 649 1930 inde
675 1884 999 1945 patruosque
1042 1873 1262 1929 minime
1291 1873 1527 1929 silendos
1560 1875 1854 1942 percurris-
1888 1878 1936 1941 Β
1965 1871 2181 1941 grandis
2211 1871 2459 1925 ordinum
2495 1871 2794 1943 ignorantia
2840 1880 2987 1928 tenet
3038 1874 3161 1930 hinc
3210 1876 3409 1947 aliquid
3458 1878 3554 1935 de-

280 1977 390 2023 set:
428 1977 481 2023 et
519 1966 823 2037 quamlibet
862 1974 1045 2037 posset
1090 1967 1499 2037 triumphalibus
1534 1966 1748 2022 adoreis
1780 1966 1860 2020 fa.

280 2060 430 2115 miliae
462 2069 563 2114 tua:
591 2057 904 2128 defatigari;
935 2074 1043 2113 non
1071 2067 1247 2115 tamen
1277 2068 1498 2114 eatenus
1526 2060 1859 2130 explicandis

279 2153 615 2223 antiquorum
648 2150 1020 2206 stemmatibus
1062 2151 1447 2219 exinaniretur,
1481 2160 1538 2205 ut
1568 2151 1634 2205 ob
1663 2151 1762 2206 hoc
1792 2153 1855 2206 ad

278 2244 589 2300 narrandam
649 2244 872 2315 gloriam
924 2258 1067 2299 tuam
1126 2245 1279 2300 fieret
1327 2245 1613 2300 obtusior:
1672 2246 1758 2315 qui
1813 2247 1857 2301 si

275 2339 425 2396 etiam
445 2340 496 2394 in
519 2337 825 2394 scribendis
850 2338 1110 2407 majorum
1132 2347 1343 2392 tuorum
1362 2338 1647 2393 virtutibus
1672 2340 1859 2394 fuisset

275 2430 545 2487 hebetatus
572 2472 588 2496 ,
622 2432 725 2485 tuis
748 2429 925 2485 denuo
953 2428 1162 2485 meritis
1188 2432 1603 2486 acuminaretur.
1640 2431 1744 2488 Sed
1768 2448 1855 2487 sa-

273 2522 580 2579 lutationem
616 2523 707 2577 tibi
733 2521 968 2577 debitam
1007 2520 1390 2592 destinaturus,
1425 2539 1528 2579 non
1570 2524 1697 2595 quid
1726 2526 1853 2582 fuis-

271 2630 373 2685 ses,
409 2615 499 2672 sed
540 2614 670 2686 quid
721 2616 898 2685 potius
938 2630 1080 2670 nunc
1109 2629 1254 2670 esses
1302 2616 1684 2672 consideravit.
1712 2617 1849 2673 Pras-

270 2711 493 2765 termisit
522 2708 723 2766 Gallias
757 2707 850 2763 tibi
874 2707 1275 2763 administratas
1298 2718 1440 2776 tunc,
1467 2726 1586 2766 cum
1623 2713 1852 2768 maxime

270 2803 563 2861 incolumes
586 2811 765 2858 erant.
795 2785 1144 2858 Prmlermisit
1172 2802 1389 2857 Attilam
1425 2803 1592 2858 Rheni
1619 2803 1847 2870 hostem,

268 2894 679 2954 Thorismodum
708 2895 951 2955 Rhodani
982 2895 1269 2960 hospitem,
1296 2897 1510 2953 Aetium
1555 2898 1758 2968 Ligeris
1791 2900 1852 2955 li-

268 3088 269 3093 “
331 3108 357 3138 ι
385 3097 713 3154 Tonantium
747 3092 1094 3159 Ferreolum,
1125 3092 1335 3166 Syagrii
1385 3097 1619 3152 consulis
1647 3114 1710 3154 ex
1749 3099 1853 3155 filia

1965 1975 2271 2032 rogaturos:
2304 1963 2427 2035 quip
2457 1964 2624 2017 secuti
2656 1978 2777 2019 cum
2807 1964 3021 2033 epulum
3049 1966 3308 2023 festivitas
3341 1967 3552 2038 publica

1963 2057 2109 2123 facit,
2145 2061 2288 2127 prior
2316 2068 2398 2112 est
2449 2061 2499 2111 in
2524 2060 2692 2128 prima
2722 2075 2906 2115 mensa
2938 2061 3162 2114 conviva
3186 2105 3198 2126 ,
3254 2070 3555 2132 postremus

1962 2151 2012 2205 ei
2040 2151 2128 2220 qui
2159 2150 2361 2220 primus
2394 2148 2553 2205 fuerit
2584 2151 2635 2204 in
2666 2151 2929 2206 secunda:
2955 2152 3031 2206 sic.
3058 2151 3259 2223 absque
3280 2154 3554 2210 cenflicta-

1962 2244 2108 2299 tione
2168 2244 2511 2314 praestantior
2562 2242 2858 2298 secundum
2913 2246 3177 2299 bonorum
3230 2249 3552 2303 sententiam

1962 2345 2300 2405 computatur
2324 2335 2588 2392 honorato
2612 2336 2864 2404 maxime,
2884 2336 3063 2392 minus
3082 2337 3383 2409 religiosus.
3402 2339 3550 2396 Vale.

1962 2428 2065 2485 Ora
2099 2443 2196 2500 pro
2224 2426 2400 2483 nobis.

2503 2518 2835 2575 EPISTULA
2882 2518 3015 2575 XIII.

2305 2612 2555 2668 Sidonius
2586 2612 2822 2680 Sulpicio
2852 2628 2946 2667 suo
2975 2613 3191 2668 salutent

2042 2708 2060 2747 ί
2093 2707 2361 2764 llimerius
2404 2708 2664 2774 antistes,
2699 2706 2837 2761 filius
2883 2716 3037 2773 tuus,
3079 2716 3236 2763 notus
3277 2708 3406 2764 mihi
3453 2708 3521 2766 ha

1962 2814 2150 2863 etenus
2178 2819 2365 2875 parum
2398 2802 2565 2871 vultu,
2595 2802 2723 2856 satis
2756 2801 3036 2871 opinione,
3073 2818 3193 2871 qua:
3240 2804 3453 2874 quidem
3496 2805 3548 2861 in

1966 2900 2159 2957 bonam
2215 2904 2420 2952 nartem
2473 2894 2876 2965 porrigebatur,
2926 2895 3242 2967 Lugdunum
3294 2913 3466 2969 nuper
3519 2912 3549 2954 a

1965 3106 2071 3169 est,
2107 3106 2168 3171 u_t_
2188 3096 2418 3171 P_rospe_t‘
2460 3095 2512 3149 in
2556 3092 2832 3171 Ghronico
2877 3093 3053 3171 docet,
3086 3090 3391 3171 Theodosio
3414 3094 3548 3171 Aug.

263 3178 512 3241 nepotem
534 3213 549 3238 ,
580 3166 889 3241 praefectum
920 3164 1181 3241 praetorio
1207 3165 1497 3241 Galliarum
1540 3169 1703 3226 fuisse
1725 3217 1737 3237 ,
1774 3172 1852 3227 in-
1881 3171 1929 3239 C
1961 3184 1996 3225 tt
2035 3164 2089 3224 et
2124 3167 2504 3241 Valentiniano
2548 3165 3042 3241 (st.__consulibus
3069 3210 3103 3241 ,_
3137 3165 3237 3222 hoc
3284 3176 3364 3222 est
3413 3164 3552 3224 anno

260 3238 424 3311 telligi
457 3241 612 3294 licuit
639 3254 721 3311 ex,
737 3239 896 3307 epist.
926 3240 978 3306 7,
1013 3238 1107 3292 lib.
1140 3253 1174 3291 I.
1211 3239 1288 3292 Ex
1321 3239 1421 3294 hac
1447 3256 1576 3295 vero
1596 3241 1855 3299 ducemur

258 3328 322 3369 eo
353 3310 675 3382 magistratu
701 3310 942 3382 functum
971 3324 1091 3365 esse
1114 3319 1235 3382 post
1264 3325 1464 3382 annum
1494 3313 1691 3368 Christi
1717 3315 1846 3382 £50,

256 3380 651 3456 fortassepost
686 3380 889 3456 Sidonii
921 3390 1143 3447 patrem.
1186 3381 1243 3435 In
1273 3381 1386 3437 haec
1422 3384 1572 3456 enim
1609 3380 1849 3456 tempora

253 3471 341 3512 res
381 3454 569 3509 Attila:
614 3453 948 3515 inciderunt,
1003 3468 1233 3523 quocum
1275 3468 1373 3523 pro
1417 3455 1671 3510 Romanis
1724 3453 1851 3512 con-

250 3527 450 3583 Iixere
487 3525 695 3587 Aetius,
723 3538 882 3591 quem
910 3524 979 3576 oh
1023 3524 1274 3577 liberatos
1305 3525 1587 3581 obsidione
1609 3527 1853 3584 Aurelia-

251 3612 357 3654 nos
401 3595 615 3660 Ligeris
647 3594 991 3648 liberatorem
1034 3603 1209 3658 vocat,
1240 3605 1294 3649 ct
1323 3595 1712 3652 Thorismodus
1743 3600 1850 3654 Go-

246 3669 402 3733 thus,
436 3664 763 3733 Theudorici
794 3665 933 3732 regis
958 3663 1150 3733 inacie
1181 3666 1305 3719 (είνεὶ
1339 3666 1497 3719 filius.

314 3735 344 3775 ι)
379 3732 603 3806 Afranii
644 3732 1264 3806 Syagriiprazfeeturam
1308 3748 1697 3793 commemorat
1730 3740 1855 3794 Am-

233 3806 457 3868 brosius
490 3804 563 3861 in
599 3803 828 3877 concilio
854 3803 1205 3874 Aquileiensi.
1239 3804 1313 3877 De
1343 3808 1565 3877 Syagrio
1598 3812 1738 3863 enim
1768 3826 1856 3866 ae-

234 3882 346 3952 eipi
371 3878 608 3952 debent,
627 3879 714 3931 illa
744 3876 872 3952 ejus»
885 3878 1051 3931 verba
1067 3876 1436 3952 deepiscopis
1459 3880 1852 3937 Orientalibus:

245 3946 483 4023 Denique
543 3950 708 4023 etiam,
738 3950 1008 4023 paeleum
1053 3946 1469 4023 Italiwglitt‘eras
1515 3952 1691 4023 dedit,
1728 3956 1854 4008 utsi

245 4020 436 4083 uellent
485 4020 795 4083 convenire,
842 4022 893 4072 in
945 4027 1188 4089 potestate
1236 4021 1497 4075 haberent.
1540 4021 1776 4078 Meminit
1804 4036 1857 4080 ct

253 4097 583 4153 Ammianus
626 4091 961 4145 Marcellinus
1001 4090 1093 4145 lib.
1129 4106 1314 4146 xxvm.
1351 4095 1421 4148 At
1458 4092 1710 4148 Sidonius
1756 4098 1852 4150 tri-

255 4170 455 4240 plicem
479 4172 661 4240 vocat,
687 4165 814 4240 quia
832 4161 1176 4240 tribus‘annis
1199 4177 1316 4240 eam
1344 4164 1695 4240 continuavit,
1712 4182 1853 4222 anno

256 4234 515 4296 videlicet
542 4236 668 4299 380,
700 4242 757 4289 ut
785 4235 980 4288 docent
1003 4234 1147 4303 leges
1171 4235 1374 4289 codicis
1403 4235 1758 4292 Theodosiani
1788 4240 1850 4293 ad

259 4311 549 4383 Syagrium
582 4308 644 4383 ζ’..
662 4307 720 4361 Ρ.
752 4305 916 4383 Italia:
942 4304 1041 4383 lib;
1059 4320 1154 4383 Vl-l,
1178 4305 1288 4383 l8;-
1306 4316 1358 4360 et
1388 4306 1583 4383 “lugu,
1613 4307 1850 4364 50.1‘um

259 4376 397 4438 anno
428 4379 560 4443 58l,
594 4378 685 4432 lib.
717 4392 827 4446 Vill,
861 4376 893 4431 5
925 4383 980 4431 et
1010 4376 1063 4430 7.
1092 4377 1247 4449 Anno
1274 4376 1399 4430 item
1426 4378 1550 4441 382,
1582 4393 1689 4449 quo
1711 4395 1852 4436 anno

257 4455 447 4509 consul
493 4452 657 4505 etiam
712 4450 834 4513 fuit,
871 4448 961 4503 lib.
1010 4463 1084 4514 χι,
1124 4448 1226 4513 l6;
1279 4459 1335 4503 et
1366 4449 1456 4503 lib.
1490 4448 1684 4511 sint.
1716 4454 1853 4507 Ante

259 4527 642 4596 pricfecturam
679 4536 805 4596 vero
830 4560 845 4586 ,
888 4518 1140 4596 magister
1171 4520 1471 4596 officiorum
1512 4520 1689 4596 fuerat
1710 4538 1852 4596 anno

256 4590 384 4654 372.
420 4595 505 4650 Διὶ
537 4593 818 4663 Syagrium
842 4590 1096 4663 eumdem
1129 4591 1435 4659 complures
1464 4603 1587 4646 sunt
1610 4593 1853 4661 cpistola:

258 4658 701 4740 Symmachijlib.
734 4678 788 4717 1:
824 4658 1046 4740 Ausonii
1081 4658 1293 4731 quoque
1320 4658 1658 4740 epigramma
1676 4669 1854 4740 operis

260 4734 413 4795 initio
440 4738 749 4809 praefixum,
767 4734 913 4809 quod
936 4746 1201 4809 summam
1229 4735 1505 4803 utriusque
1534 4734 1852 4790 beneVolen-

260 4814 386 4867 tiam
415 4803 471 4865 e't
507 4807 961 4864 necessitudinem
991 4803 1251 4858 declarat.

330 4894 352 4921 ε
385 4878 833 4943 Thorismodum,
860 4877 949 4947 qui
988 4889 1209 4947 regnum
1241 4875 1746 4947 adeptusgllomanis
1777 4878 1856 4932 in-

260 4952 446 5011 festior
484 4965 611 5008 esse
647 4949 808 5017 coepit
842 4944 1075 5016 feaque
1103 4944 1170 5000 de
1199 4960 1359 5000 causa
1391 4962 1420 5000 a
1462 4945 1715 5002 fratribus
1746 4950 1856 5003 suis

262 5028 586 5097 quiipacem
619 5022 905 5097 optabant,
956 5025 1181 5097 necatus
1227 5029 1334 5072 est.
1382 5019 1857 5097 l'rosper_anctior

261 5087 313 5152 in
352 5087 633 5151 Chronico
658 5087 927 5147 'Uriuoss
974 5087 1036 5142 V.
1080 5088 1143 5144 Ο.
1185 5103 1437 5144 consone.
1478 5091 1631 5157 Apud
1663 5089 1856 5145 Gothos

261 5169 397 5223 intra
435 5166 647 5235 Gallias
671 5164 1025 5235 consistentes,
1054 5161 1199 5235 inter
1239 5162 1375 5231 ﬁlios
1400 5159 1656 5235 Theodori
1701 5164 1853 5233 regis,

261 5256 482 5308 quorum
527 5234 891 5291 Thorismodus
922 5234 1176 5286 maximus
1207 5234 1492 5308 natu_patri
1523 5245 1854 5308 successerat,

265 5304 373 5366 orta
400 5310 657 5364 dissensio
686 5316 757 5359 est
782 5322 797 5369 ;
824 5314 869 5357 et
900 5319 1013 5357 cum
1043 5318 1133 5358 rex
1160 5321 1218 5357 ea
1245 5304 1510 5359 moliretur
1530 5321 1642 5375 qua:
1673 5316 1718 5360 et
1753 5305 1857 5360 Ro-

262 5396 428 5437 ltana:
458 5381 578 5449 paci
605 5390 653 5433 et
672 5376 904 5431 Gothica:
929 5376 1320 5449 adversarentur
1345 5378 1522 5446 quieti,
1546 5394 1577 5429 (ι
1601 5380 1855 5447 germanis

262 5469 389 5521 suis,
429 5447 576 5524 quod
606 5447 1657 5524 noxiis_disp_ositionibus_irrevocabiliter
1694 5452 1856 5503 insta-

265 5516 385 5592 ret,
409 5516 613 5579 occisus
645 5531 738 5575 est.
770 5516 1111 5592 Thorismodi
1138 5516 1465 5592 exdemalii
1492 5535 1706 5590 quoque
1733 5536 1857 5575 nar-

266 5588 405 5662 rant,
429 5596 599 5649 caedis
621 5606 835 5647 causam
870 5591 957 5645 hic
983 5604 1121 5662 unus
1150 5588 1405 5662 prodidit.

337 5665 365 5703 ἀ
392 5659 775 5721 Arelatensem
819 5662 1007 5717 urbem
1054 5660 1235 5725 Gothi,
1272 5659 1581 5732 priusquam
1624 5675 1688 5717 ea
1720 5664 1860 5732 poti-

266 5749 478 5804 rentur.
544 5752 649 5790 non
701 5734 867 5790 semel
915 5732 1109 5804 frustra
1153 5740 1444 5804 tentarunt.
1500 5733 1628 5787 Nam
1686 5734 1857 5803 tripli-

267 5802 388 5880 gem
419 5809 534 5880 78
563 5809 876 5862 observasse
921 5803 1107 5858 videor
1147 5802 1514 5880 obsidionem.
1558 5802 1793 5880 Primam
1827 5821 1855 5859 a

264 5868 616 5938 Ὦκυῦὲἵιοο
664 5888 857 5947 magno
894 5888 1039 5945 rege,
1069 5875 1160 5945 qui
1198 5874 1341 5931 Aetii
1372 5876 1570 5931 virtute
1612 5878 1857 5947 repulsus

1960 3239 2316 3305 Christiﬂb',
2347 3237 2517 3292 multo
2542 3246 2668 3310 ante
2699 3236 2937 3310 Ferreoli
2967 3239 3341 3307 prmfecturam
3367 3257 3382 3293 :
3428 3256 3552 3310 pro-

1959 3311 2171 3392 indeii]
2202 3312 2344 3392 hunc
2370 3309 2788 3392 locnmpbsidio
2821 3309 3068 3392 illa-non"
3074 3311 3320 3392 pertinet.
3358 3309 3538 3392 Altera

1960 3384 2058 3439 fuit
2089 3381 2456 3455 Thgorismodi,
2480 3381 2634 3455 gujus
2660 3380 2745 3455 hic
2774 3381 3018 3455 meminit
3039 3378 3312 3448 Sidonius,
3344 3378 3551 3455 depulsi

1994 3453 2180 3511 ericuli
2208 3452 2439 3535 _laudem
2488 3450 2746 3535 Ferreolo
2791 3452 3077 3507 tribuens:
3121 3468 3278 3535 quem
3313 3450 3551 3535 allh'pltts

1997 3537 2168 3581 nstem
2191 3523 2550 3579 demulcendu
2569 3523 2826 3592 potuisse,
2842 3537 3001 3592 quam
3021 3523 3184 3578 armis
3214 3530 3550 3593 prmstiturus

1958 3608 2073 3653 erat
2100 3597 2310 3661 Aetius,
2336 3597 2378 3650 si
2408 3594 2683 3649 adfuisset.
2713 3595 2802 3649 Sic
2822 3596 2964 3649 enim
2994 3595 3059 3648 ad
3090 3597 3428 3664 superiorem
3460 3598 3553 3651 ob-

1959 3666 2225 3723 sidionem
2299 3665 2502 3719 alludit.
2566 3665 2802 3719 Tertiam
2856 3677 3244 3720 commemorat
3302 3666 3553 3722 Paulinus

1961 3737 2053 3792 lib.
2082 3753 2132 3791 vt
2153 3737 2219 3791 de
2243 3736 2361 3791 Vita
2387 3736 2442 3789 S.
2469 3734 2698 3798 Martini,
2720 3749 2945 3789 narrans
2973 3735 3242 3805 )Egidium
3275 3738 3551 3805 comitem,

1960 3809 2026 3863 ab
2077 3809 2255 3862 hostili
2306 3808 2544 3861 exercitu
2594 3806 2877 3873 vallatum,
2922 3806 3056 3859 facta
3116 3809 3421 3877 eruptione,
3458 3809 3553 3864 lto-

1958 3888 2098 3935 stem
2141 3881 2391 3949 fugasse,
2454 3891 2559 3932 non
2620 3878 2737 3931 sine
2788 3877 2998 3932 caelesti
3045 3892 3146 3946 ope
3204 3878 3259 3932 S.
3315 3879 3552 3936 Martini.

1960 3952 2235 4022 Arelatum
2266 3951 2366 4004 etsi
2412 3964 2520 4003 non
2571 3949 2833 4014 nominat,
2866 3957 3051 4017 aperte
3086 3958 3261 4004 tamen
3302 3949 3553 4022 designat

1962 4022 2043 4078 bis
2071 4021 2249 4077 verbis
2276 4039 2289 4075 :

2082 4112 2221 4161 Haud
2243 4113 2337 4162 alio
2363 4113 2655 4174 penitusque
2681 4112 2783 4173 ipso
2807 4122 2973 4159 rerum
2997 4111 3331 4174 ordiuevenit

2082 4175 2308 4233 Nuntius,
2332 4173 2460 4236 illam
2480 4173 2652 4223 urbem
2679 4179 2811 4223 tanta
2833 4174 3092 4222 obsidione
3121 4173 3345 4236 solutam,

2083 4237 2397 4301 Pracipitem
2424 4235 2707 4301 Rhodanum
2732 4236 2866 4285 molli
2886 4249 2996 4297 qua:
3024 4244 3169 4297 ponte
3195 4235 3355 4301 subeg
3378 4246 3415 4301 ι,

2080 4299 2137 4350 Et
2158 4298 2321 4361 iunxit
2344 4300 2566 4362 geminas
2599 4304 2823 4347 conuexo
2846 4301 3040 4346 tramite
3065 4300 3210 4360 ripas.

1957 4382 2104 4440 Ilanc
2138 4399 2298 4454 porro
2336 4384 2400 4437 atl
2429 4382 2749 4438 Theoderici
2776 4382 3005 4451 junioris
3036 4392 3273 4451 tempora
3315 4385 3549 4441 referen-

1956 4456 2077 4509 dam
2110 4466 2255 4526 pttln,
2300 4464 2422 4522 post
2468 4463 2696 4509 mortem
2741 4455 2915 4517 Aviti,
2950 4455 3258 4525 priusquam
3302 4456 3392 4511 ille
3428 4472 3551 4511 cum

1878 4561 1933 4620 Β
1959 4525 2248 4620 Maioriano
2282 4527 2463 4620 lustius.
2500 4536 2824 4620 ren'ovlaret.‘
2847 4526 2976 4578 Nam
3019 4525 3257 4620 {Egidius
3300 4528 3553 4595 magister

1959 4598 2163 4659 militia:
2198 4610 2324 4651 tunc
2354 4608 2470 4651 erat
2493 4642 2507 4663 ,
2541 4599 2604 4650 ad
2652 4596 2827 4651 Eurici
2860 4611 2986 4650 vero
3022 4605 3258 4664 tempora
3291 4612 3395 4650 non
3436 4613 3552 4666 per~

1959 4671 2134 4734 venit,
2163 4683 2192 4721 a
2224 4682 2333 4737 quo
2379 4669 2591 4721 tandem
2638 4678 2949 4729 occupatam
2988 4681 3108 4718 cum
3157 4665 3384 4718 Massilia
3415 4665 3553 4722 Are-

1961 4738 2121 4793 latem
2155 4742 2396 4791 scribunt
2424 4738 2656 4791 Isidorus
2680 4747 2733 4790 et
2761 4737 3079 4789 .lnrnandes.

2037 4820 2060 4847 ε
2094 4809 2209 4863 Non
2259 4809 2399 4878 quod
2452 4807 2686 4876 pontifex
2730 4805 3044 4878 jamfactus
3080 4815 3221 4878 esset
3250 4805 3557 4878 Ferreolus,

1962 4880 2054 4935 sed
2092 4880 2215 4950 quia
2268 4875 2534 4950 episcopis
2580 4879 2726 4931 illum
2775 4876 3027 4950 Sidonius
3073 4875 3422 4941 admiscebat,
3463 4875 3553 4950 qui

1963 4948 2245 5020 epistolam
2286 4950 2349 5003 all
2393 4948 2566 5016 ipsum
2599 4950 2814 5020 missam
2849 4951 2910 5003 iis
2946 4948 3243 5020 insereret,
3284 4962 3402 5019 quae
3442 4948 3553 5005 tuto

1962 5018 2064 5077 hoc
2093 5022 2227 5077 libro
2253 5021 2317 5075 ad
2350 5022 2634 5091 episcopos
2658 5019 2870 5088 scriptae
2899 5030 3038 5075 sunt.
3066 5018 3362 5091 Episcopus
3395 5028 3545 5076 certe

1962 5093 2325 5159 Arelatensis,
2369 5094 2507 5163 quod
2553 5093 2668 5146 viro
2709 5091 2869 5146 docto
2904 5093 3072 5145 visum
3114 5099 3224 5159 cst,
3262 5091 3549 5147 Ferreolus

1962 5178 2082 5221 esse
2128 5181 2233 5220 non
2264 5167 2459 5234 potuit,
2500 5178 2621 5219 cum
2655 5163 2899 5226 Leontio,
2928 5163 3149 5234 quighoe
3194 5174 3434 5234 tempore
3470 5179 3554 5219 se-

1962 5236 2144 5302 debat,
2178 5230 2495 5291 successerit
2524 5235 2575 5290 in
2617 5249 2678 5291 ea
2710 5230 2961 5290 cathedra
2992 5230 3240 5301 A‘Jonius,
3274 5230 3327 5290 ei
3356 5230 3554 5290 Ennio

1961 5307 2245 5363 Caesarius.

2038 5379 2056 5418 ί
2091 5380 2310 5449 Sulpicii
2350 5379 2415 5433 ad
2444 5393 2600 5449 quem
2635 5380 2831 5449 scripta
2861 5386 2943 5431 est
2983 5378 3244 5448 epistola,
3277 5376 3418 5433 illius
3458 5376 3551 5433 Hi-

1962 5453 2115 5508 me‘rii
2169 5466 2352 5521 nepos.
2397 5454 2436 5505 A
2485 5452 2544 5506 S.
2608 5450 2756 5519 Lupo
2812 5449 3108 5521 institutum
3149 5459 3202 5505 et
3246 5459 3550 5521 promotum

1962 5533 2209 5579 constat:
2243 5520 2396 5592 cujus
2437 5533 2616 5576 autem
2650 5521 2750 5576 loci
2795 5520 3017 5592 antistes
3045 5520 3550 5592 fuerit,ineertum.

1962 5594 2093 5649 Nam
2122 5594 2261 5664 quod
2308 5590 2448 5648 Illlllc
2476 5593 2723 5648 eumdem
2753 5591 2992 5664 nonnulli
3037 5590 3236 5664 faciunt
3274 5608 3396 5648 cum
3440 5592 3545 5650 Ca-

1962 5662 2192 5721 m’eliano
2229 5667 2284 5720 S.
2316 5665 2447 5734 Lupi
2477 5678 2811 5735 successore,
2844 5662 3061 5735 probari
3106 5663 3260 5718 nobis
3296 5680 3403 5720 non
3450 5680 3518 5735 po

1964 5746 2101 5802 test,
2149 5746 2202 5791 et
2266 5736 2445 5790 multis
2502 5734 2673 5790 modis
2718 5734 3001 5790 refellitur.
3054 5735 3315 5790 Abbatem
3369 5734 3548 5804 potius

1962 5809 2124 5862 fuisse
2161 5807 2405 5876 suspicor
2433 5822 2590 5877 quam
2626 5807 2958 5877 episcopum.
2992 5807 3272 5862 Antitistes
3296 5810 3440 5863 enim
3470 5807 3550 5877 εἰς

1962 5878 2124 5935 donio
2148 5874 2309 5935 etiam
2335 5874 2556 5934 abbates
2583 5874 2857 5944 dicuntur,
2886 5884 2948 5933 nt
2973 5877 3248 5934 Abraham
3276 5877 3436 5947 epist.
3464 5874 3552 5930 ΓΙ.
