  <div class='ocr_page' id='page_1' title='image "/cluster/home/n/w/nwhite01/storage/ocr_20150623/58/hvd.32044015706401/297.png"; bbox 0 0 4140 6336; ppageno 0'>
   <div class='ocr_carea' id='block_1_1' title="bbox 1068 266 1347 313">
    <p class='ocr_par' dir='ltr' id='par_1_1' title="bbox 1068 266 1347 313">
     <span class='ocr_line' id='line_1_1' title="bbox 1068 266 1347 313; baseline -0.007 -8"><span class='ocrx_word' id='word_1_1' title='bbox 1068 266 1133 313; x_wconf 47' lang='grc' dir='ltr'><strong>ἀις</strong></span> <span class='ocrx_word' id='word_1_2' title='bbox 1162 272 1197 309; x_wconf 51' lang='grc' dir='ltr'><em>Ἃ</em></span> <span class='ocrx_word' id='word_1_3' title='bbox 1212 292 1213 295; x_wconf 59' lang='grc' dir='ltr'><strong>η</strong></span> <span class='ocrx_word' id='word_1_4' title='bbox 1280 278 1327 308; x_wconf 68' lang='lat'><strong>‘-’.°.</strong></span> <span class='ocrx_word' id='word_1_5' title='bbox 1342 300 1347 303; x_wconf 36' lang='grc' dir='ltr'><strong>ν</strong></span> 
     </span>
    </p>
   </div>
   <div class='ocr_carea' id='block_1_2' title="bbox 579 300 3870 400">
    <p class='ocr_par' dir='ltr' id='par_1_2' title="bbox 579 300 3870 400">
     <span class='ocr_line' id='line_1_2' title="bbox 579 300 3870 400; baseline -0.011 -2"><span class='ocrx_word' id='word_1_6' title='bbox 579 342 682 400; x_wconf 79' lang='lat' dir='ltr'><strong>sas</strong></span> <span class='ocrx_word' id='word_1_7' title='bbox 1088 300 1121 313; x_wconf 58' lang='grc'><strong>”’</strong></span> <span class='ocrx_word' id='word_1_8' title='bbox 1852 319 2092 379; x_wconf 73' lang='lat' dir='ltr'><strong>smonu</strong></span> <span class='ocrx_word' id='word_1_9' title='bbox 2128 315 2580 376; x_wconf 83' lang='lat' dir='ltr'><strong>APOLLINARIS</strong></span> <span class='ocrx_word' id='word_1_10' title='bbox 3761 306 3870 363; x_wconf 73' lang='lat' dir='ltr'><strong>sas</strong></span> 
     </span>
    </p>
   </div>
   <div class='ocr_carea' id='block_1_3' title="bbox 579 418 3872 513">
    <p class='ocr_par' dir='ltr' id='par_1_3' title="bbox 579 418 3872 513">
     <span class='ocr_line' id='line_1_3' title="bbox 579 418 3872 513; baseline -0.012 -2"><span class='ocrx_word' id='word_1_11' title='bbox 579 449 919 511; x_wconf 80' lang='lat' dir='ltr'><strong>Tricassibus</strong></span> <span class='ocrx_word' id='word_1_12' title='bbox 951 444 1132 503; x_wconf 98' lang='lat' dir='ltr'><strong>venit:</strong></span> <span class='ocrx_word' id='word_1_13' title='bbox 1165 455 1272 513; x_wconf 89' lang='lat' dir='ltr'><strong>quo</strong></span> <span class='ocrx_word' id='word_1_14' title='bbox 1301 439 1407 497; x_wconf 88' lang='lat' dir='ltr'><strong>loci</strong></span> <span class='ocrx_word' id='word_1_15' title='bbox 1435 436 1571 494; x_wconf 90' lang='lat' dir='ltr'><strong>mihi</strong></span> <span class='ocrx_word' id='word_1_16' title='bbox 1612 434 1805 505; x_wconf 91' lang='lat' dir='ltr'><strong>raptim</strong></span> <span class='ocrx_word' id='word_1_17' title='bbox 1837 448 1899 488; x_wconf 94' lang='lat' dir='ltr'><strong>ac</strong></span> <span class='ocrx_word' id='word_1_18' title='bbox 1935 431 2172 488; x_wconf 73' lang='lat' dir='ltr'><strong>breviter</strong></span> <span class='ocrx_word' id='word_1_19' title='bbox 2200 434 2255 495; x_wconf 74' lang='grc' dir='ltr'><strong>Α</strong></span> <span class='ocrx_word' id='word_1_20' title='bbox 2280 427 2547 484; x_wconf 75' lang='lat' dir='ltr'><strong>duntaxat</strong></span> <span class='ocrx_word' id='word_1_21' title='bbox 2610 423 2975 482; x_wconf 88' lang='lat' dir='ltr'><strong>institutorum</strong></span> <span class='ocrx_word' id='word_1_22' title='bbox 3042 428 3224 477; x_wconf 88' lang='lat' dir='ltr'><strong>tantus</strong></span> <span class='ocrx_word' id='word_1_23' title='bbox 3278 418 3551 492; x_wconf 74' lang='lat' dir='ltr'><strong>colligitur</strong></span> <span class='ocrx_word' id='word_1_24' title='bbox 3610 418 3872 487; x_wconf 82' lang='lat' dir='ltr'><strong>affectus,</strong></span> 
     </span>
    </p>
   </div>
   <div class='ocr_carea' id='block_1_4' title="bbox 579 526 2165 618">
    <p class='ocr_par' dir='ltr' id='par_1_4' title="bbox 579 526 2165 618">
     <span class='ocr_line' id='line_1_4' title="bbox 579 526 2165 618; baseline -0.016 -13"><span class='ocrx_word' id='word_1_25' title='bbox 579 551 873 618; x_wconf 87' lang='lat' dir='ltr'><strong>inspectus,</strong></span> <span class='ocrx_word' id='word_1_26' title='bbox 908 548 1152 597; x_wconf 89' lang='lat' dir='ltr'><strong>sanctum</strong></span> <span class='ocrx_word' id='word_1_27' title='bbox 1176 535 1493 608; x_wconf 77' lang='lat' dir='ltr'><strong>episcopum</strong></span> <span class='ocrx_word' id='word_1_28' title='bbox 1536 533 1742 601; x_wconf 88' lang='lat' dir='ltr'>Lupum</span> <span class='ocrx_word' id='word_1_29' title='bbox 1764 570 1779 595; x_wconf 93' lang='lat'><strong>,</strong></span> <span class='ocrx_word' id='word_1_30' title='bbox 1814 528 1970 583; x_wconf 92' lang='lat' dir='ltr'><strong>facile</strong></span> <span class='ocrx_word' id='word_1_31' title='bbox 2011 526 2165 597; x_wconf 89' lang='lat' dir='ltr'><strong>prin-</strong></span> 
     </span>
    </p>
   </div>
   <div class='ocr_carea' id='block_1_5' title="bbox 576 622 2168 711">
    <p class='ocr_par' dir='ltr' id='par_1_5' title="bbox 576 622 2168 711">
     <span class='ocr_line' id='line_1_5' title="bbox 576 622 2168 711; baseline -0.014 -14"><span class='ocrx_word' id='word_1_32' title='bbox 576 646 747 711; x_wconf 83' lang='lat' dir='ltr'><strong>cipem</strong></span> <span class='ocrx_word' id='word_1_33' title='bbox 779 636 1092 709; x_wconf 78' lang='lat' dir='ltr'><strong>pentiflcum</strong></span> <span class='ocrx_word' id='word_1_34' title='bbox 1121 631 1520 688; x_wconf 88' lang='lat' dir='ltr'><strong>Gallicanorum</strong></span> <span class='ocrx_word' id='word_1_35' title='bbox 1542 667 1556 695; x_wconf 93' lang='lat'><strong>,</strong></span> <span class='ocrx_word' id='word_1_36' title='bbox 1589 642 1700 682; x_wconf 84' lang='lat' dir='ltr'><strong>suac</strong></span> <span class='ocrx_word' id='word_1_37' title='bbox 1735 636 1839 679; x_wconf 91' lang='lat' dir='ltr'><strong>tam</strong></span> <span class='ocrx_word' id='word_1_38' title='bbox 1874 622 2168 695; x_wconf 87' lang='lat' dir='ltr'><strong>professio-</strong></span> 
     </span>
    </p>
   </div>
   <div class='ocr_carea' id='block_1_6' title="bbox 576 722 2166 801">
    <p class='ocr_par' dir='ltr' id='par_1_6' title="bbox 576 722 2166 801">
     <span class='ocr_line' id='line_1_6' title="bbox 576 722 2166 801; baseline -0.013 -14"><span class='ocrx_word' id='word_1_39' title='bbox 576 734 661 787; x_wconf 90' lang='lat' dir='ltr'><strong>nis</strong></span> <span class='ocrx_word' id='word_1_40' title='bbox 709 731 1023 801; x_wconf 87' lang='lat' dir='ltr'><strong>magistrum</strong></span> <span class='ocrx_word' id='word_1_41' title='bbox 1071 740 1230 796; x_wconf 90' lang='lat' dir='ltr'><strong>quam</strong></span> <span class='ocrx_word' id='word_1_42' title='bbox 1280 722 1554 794; x_wconf 77' lang='lat' dir='ltr'><strong>dignitatis</strong></span> <span class='ocrx_word' id='word_1_43' title='bbox 1600 728 1908 782; x_wconf 89' lang='lat' dir='ltr'><strong>auctorem,</strong></span> <span class='ocrx_word' id='word_1_44' title='bbox 1959 728 2166 770; x_wconf 91' lang='lat' dir='ltr'><strong>morum</strong></span> 
     </span>
    </p>
   </div>
   <div class='ocr_carea' id='block_1_7' title="bbox 575 806 2169 881">
    <p class='ocr_par' dir='ltr' id='par_1_7' title="bbox 575 806 2169 881">
     <span class='ocr_line' id='line_1_7' title="bbox 575 806 2169 881; baseline -0.013 0"><span class='ocrx_word' id='word_1_45' title='bbox 575 824 731 881; x_wconf 89' lang='lat' dir='ltr'><strong>nobis</strong></span> <span class='ocrx_word' id='word_1_46' title='bbox 761 821 1057 877; x_wconf 87' lang='lat' dir='ltr'><strong>imitatione</strong></span> <span class='ocrx_word' id='word_1_47' title='bbox 1082 817 1337 874; x_wconf 86' lang='lat' dir='ltr'><strong>restituit.</strong></span> <span class='ocrx_word' id='word_1_48' title='bbox 1366 815 1510 871; x_wconf 86' lang='lat' dir='ltr'><strong>Deus</strong></span> <span class='ocrx_word' id='word_1_49' title='bbox 1541 813 1713 868; x_wconf 80' lang='lat' dir='ltr'><strong>bone!</strong></span> <span class='ocrx_word' id='word_1_50' title='bbox 1748 824 1867 881; x_wconf 74' lang='lat' dir='ltr'><strong>qua:</strong></span> <span class='ocrx_word' id='word_1_51' title='bbox 1896 806 2015 863; x_wconf 89' lang='lat' dir='ltr'><strong>viro</strong></span> <span class='ocrx_word' id='word_1_52' title='bbox 2043 821 2169 861; x_wconf 88' lang='lat' dir='ltr'><strong>ceu-</strong></span> 
     </span>
    </p>
   </div>
   <div class='ocr_carea' id='block_1_8' title="bbox 574 904 2163 982">
    <p class='ocr_par' dir='ltr' id='par_1_8' title="bbox 574 904 2163 982">
     <span class='ocr_line' id='line_1_8' title="bbox 574 904 2163 982; baseline -0.009 -8"><span class='ocrx_word' id='word_1_53' title='bbox 574 934 699 975; x_wconf 84' lang='lat' dir='ltr'><strong>sura</strong></span> <span class='ocrx_word' id='word_1_54' title='bbox 743 932 864 972; x_wconf 85' lang='lat' dir='ltr'><strong>cum</strong></span> <span class='ocrx_word' id='word_1_55' title='bbox 900 923 1209 979; x_wconf 80' lang='lat' dir='ltr'><strong>venustate,</strong></span> <span class='ocrx_word' id='word_1_56' title='bbox 1259 913 1303 968; x_wconf 88' lang='lat' dir='ltr'><strong>si</strong></span> <span class='ocrx_word' id='word_1_57' title='bbox 1342 911 1467 982; x_wconf 88' lang='lat' dir='ltr'><strong>quid</strong></span> <span class='ocrx_word' id='word_1_58' title='bbox 1508 911 1665 981; x_wconf 77' lang='lat'><strong>201</strong></span> <span class='ocrx_word' id='word_1_59' title='bbox 1698 907 1964 963; x_wconf 72' lang='lat' dir='ltr'><strong>deliberet</strong></span> <span class='ocrx_word' id='word_1_60' title='bbox 2005 904 2163 967; x_wconf 88' lang='lat' dir='ltr'><strong>forte,</strong></span> 
     </span>
    </p>
   </div>
   <div class='ocr_carea' id='block_1_9' title="bbox 576 998 2164 1072">
    <p class='ocr_par' dir='ltr' id='par_1_9' title="bbox 576 998 2164 1072">
     <span class='ocr_line' id='line_1_9' title="bbox 576 998 2164 1072; baseline -0.011 -6"><span class='ocrx_word' id='word_1_61' title='bbox 576 1013 659 1067; x_wconf 88' lang='lat' dir='ltr'><strong>vel</strong></span> <span class='ocrx_word' id='word_1_62' title='bbox 706 1010 965 1067; x_wconf 77' lang='lat' dir='ltr'><strong>suadeat?</strong></span> <span class='ocrx_word' id='word_1_63' title='bbox 1005 1007 1258 1063; x_wconf 83' lang='lat' dir='ltr'><strong>Abundat</strong></span> <span class='ocrx_word' id='word_1_64' title='bbox 1305 1003 1470 1060; x_wconf 91' lang='lat' dir='ltr'><strong>animi</strong></span> <span class='ocrx_word' id='word_1_65' title='bbox 1511 1002 1626 1058; x_wconf 91' lang='lat' dir='ltr'><strong>sale</strong></span> <span class='ocrx_word' id='word_1_66' title='bbox 1674 1016 1792 1072; x_wconf 82' lang='lat' dir='ltr'><strong>cum</strong></span> <span class='ocrx_word' id='word_1_67' title='bbox 1836 998 2164 1060; x_wconf 76' lang='lat' dir='ltr'><strong>consulitur,</strong></span> 
     </span>
    </p>
   </div>
   <div class='ocr_carea' id='block_1_10' title="bbox 575 1090 2164 1159">
    <p class='ocr_par' dir='ltr' id='par_1_10' title="bbox 575 1090 2164 1159">
     <span class='ocr_line' id='line_1_10' title="bbox 575 1090 2164 1159; baseline -0.011 0"><span class='ocrx_word' id='word_1_68' title='bbox 575 1103 734 1159; x_wconf 88' lang='lat' dir='ltr'><strong>melle</strong></span> <span class='ocrx_word' id='word_1_69' title='bbox 765 1118 886 1157; x_wconf 89' lang='lat' dir='ltr'><strong>cum</strong></span> <span class='ocrx_word' id='word_1_70' title='bbox 921 1101 1171 1157; x_wconf 87' lang='lat' dir='ltr'><strong>consulit.</strong></span> <span class='ocrx_word' id='word_1_71' title='bbox 1198 1098 1417 1155; x_wconf 88' lang='lat' dir='ltr'><strong>Summa</strong></span> <span class='ocrx_word' id='word_1_72' title='bbox 1453 1093 1658 1151; x_wconf 83' lang='lat' dir='ltr'><strong>homini</strong></span> <span class='ocrx_word' id='word_1_73' title='bbox 1697 1109 1824 1148; x_wconf 86' lang='lat' dir='ltr'><strong>cura</strong></span> <span class='ocrx_word' id='word_1_74' title='bbox 1852 1091 1919 1146; x_wconf 87' lang='lat' dir='ltr'><strong>de</strong></span> <span class='ocrx_word' id='word_1_75' title='bbox 1951 1090 2164 1154; x_wconf 84' lang='lat' dir='ltr'><strong>litteris,</strong></span> 
     </span>
    </p>
   </div>
   <div class='ocr_carea' id='block_1_11' title="bbox 578 1186 2169 1262">
    <p class='ocr_par' dir='ltr' id='par_1_11' title="bbox 578 1186 2169 1262">
     <span class='ocr_line' id='line_1_11' title="bbox 578 1186 2169 1262; baseline -0.008 -12"><span class='ocrx_word' id='word_1_76' title='bbox 578 1196 672 1251; x_wconf 88' lang='lat' dir='ltr'><strong>sed</strong></span> <span class='ocrx_word' id='word_1_77' title='bbox 700 1195 931 1249; x_wconf 79' lang='lat' dir='ltr'><strong>maxime</strong></span> <span class='ocrx_word' id='word_1_78' title='bbox 964 1190 1249 1262; x_wconf 81' lang='lat' dir='ltr'><strong>religiosis,</strong></span> <span class='ocrx_word' id='word_1_79' title='bbox 1280 1192 1333 1245; x_wconf 94' lang='lat' dir='ltr'><strong>in</strong></span> <span class='ocrx_word' id='word_1_80' title='bbox 1365 1190 1558 1260; x_wconf 89' lang='lat' dir='ltr'><strong>quibus</strong></span> <span class='ocrx_word' id='word_1_81' title='bbox 1586 1202 1707 1243; x_wconf 92' lang='lat' dir='ltr'><strong>eum</strong></span> <span class='ocrx_word' id='word_1_82' title='bbox 1739 1186 1908 1256; x_wconf 87' lang='lat' dir='ltr'><strong>magis</strong></span> <span class='ocrx_word' id='word_1_83' title='bbox 1940 1192 2169 1254; x_wconf 86' lang='lat' dir='ltr'><strong>occupat</strong></span> 
     </span>
    </p>
   </div>
   <div class='ocr_carea' id='block_1_12' title="bbox 578 1276 2167 1359">
    <p class='ocr_par' dir='ltr' id='par_1_12' title="bbox 578 1276 2167 1359">
     <span class='ocr_line' id='line_1_12' title="bbox 578 1276 2167 1359; baseline -0.009 -14"><span class='ocrx_word' id='word_1_84' title='bbox 578 1288 811 1345; x_wconf 86' lang='lat' dir='ltr'><strong>medulla</strong></span> <span class='ocrx_word' id='word_1_85' title='bbox 866 1301 1160 1352; x_wconf 83' lang='lat' dir='ltr'><strong>sensuum,</strong></span> <span class='ocrx_word' id='word_1_86' title='bbox 1215 1298 1376 1353; x_wconf 87' lang='lat' dir='ltr'><strong>quam</strong></span> <span class='ocrx_word' id='word_1_87' title='bbox 1422 1297 1612 1353; x_wconf 88' lang='lat' dir='ltr'><strong>spuma</strong></span> <span class='ocrx_word' id='word_1_88' title='bbox 1664 1279 1976 1359; x_wconf 85' lang='lat' dir='ltr'><strong>verborum.</strong></span> <span class='ocrx_word' id='word_1_89' title='bbox 2035 1276 2167 1331; x_wconf 83' lang='lat' dir='ltr'><strong>&#39;l‘ota</strong></span> 
     </span>
    </p>
   </div>
   <div class='ocr_carea' id='block_1_13' title="bbox 478 1366 2166 1443">
    <p class='ocr_par' dir='ltr' id='par_1_13' title="bbox 478 1366 2166 1443">
     <span class='ocr_line' id='line_1_13' title="bbox 478 1366 2166 1443; baseline -0.009 -5"><span class='ocrx_word' id='word_1_90' title='bbox 478 1380 487 1385; x_wconf 69' lang='grc'><em>’</em></span> <span class='ocrx_word' id='word_1_91' title='bbox 577 1383 657 1438; x_wconf 88' lang='lat' dir='ltr'><strong>illi</strong></span> <span class='ocrx_word' id='word_1_92' title='bbox 687 1382 956 1436; x_wconf 89' lang='lat' dir='ltr'><strong>actionum</strong></span> <span class='ocrx_word' id='word_1_93' title='bbox 979 1392 1196 1434; x_wconf 89' lang='lat' dir='ltr'><strong>suarum</strong></span> <span class='ocrx_word' id='word_1_94' title='bbox 1223 1374 1471 1443; x_wconf 85' lang='lat' dir='ltr'><strong>intentio,</strong></span> <span class='ocrx_word' id='word_1_95' title='bbox 1505 1372 1776 1439; x_wconf 88' lang='lat' dir='ltr'><strong>celeritas,</strong></span> <span class='ocrx_word' id='word_1_96' title='bbox 1810 1384 1981 1437; x_wconf 91' lang='lat' dir='ltr'><strong>mora,</strong></span> <span class='ocrx_word' id='word_1_97' title='bbox 2011 1366 2166 1423; x_wconf 86' lang='lat' dir='ltr'><strong>Chri-</strong></span> 
     </span>
    </p>
   </div>
   <div class='ocr_carea' id='block_1_14' title="bbox 577 1464 2167 1544">
    <p class='ocr_par' dir='ltr' id='par_1_14' title="bbox 577 1464 2167 1544">
     <span class='ocr_line' id='line_1_14' title="bbox 577 1464 2167 1544; baseline -0.01 -13"><span class='ocrx_word' id='word_1_98' title='bbox 577 1484 694 1531; x_wconf 84' lang='lat' dir='ltr'><strong>stus</strong></span> <span class='ocrx_word' id='word_1_99' title='bbox 733 1484 845 1540; x_wconf 88' lang='lat' dir='ltr'><strong>est;</strong></span> <span class='ocrx_word' id='word_1_100' title='bbox 886 1473 1137 1544; x_wconf 88' lang='lat' dir='ltr'><strong>quodque</strong></span> <span class='ocrx_word' id='word_1_101' title='bbox 1167 1470 1363 1525; x_wconf 90' lang='lat' dir='ltr'><strong>mirere</strong></span> <span class='ocrx_word' id='word_1_102' title='bbox 1397 1468 1484 1524; x_wconf 89' lang='lat' dir='ltr'><strong>vel</strong></span> <span class='ocrx_word' id='word_1_103' title='bbox 1526 1466 1733 1533; x_wconf 85' lang='lat' dir='ltr'><strong>laudes,</strong></span> <span class='ocrx_word' id='word_1_104' title='bbox 1768 1464 1898 1519; x_wconf 86' lang='lat' dir='ltr'><strong>nihil</strong></span> <span class='ocrx_word' id='word_1_105' title='bbox 1939 1464 2167 1519; x_wconf 90' lang='lat' dir='ltr'><strong>otiosum</strong></span> 
     </span>
    </p>
   </div>
   <div class='ocr_carea' id='block_1_15' title="bbox 577 1553 2169 1635">
    <p class='ocr_par' dir='ltr' id='par_1_15' title="bbox 577 1553 2169 1635">
     <span class='ocr_line' id='line_1_15' title="bbox 577 1553 2169 1635; baseline -0.009 -12"><span class='ocrx_word' id='word_1_106' title='bbox 577 1566 739 1635; x_wconf 89' lang='lat' dir='ltr'><strong>facit,</strong></span> <span class='ocrx_word' id='word_1_107' title='bbox 780 1581 901 1621; x_wconf 91' lang='lat' dir='ltr'><strong>cum</strong></span> <span class='ocrx_word' id='word_1_108' title='bbox 947 1563 1079 1619; x_wconf 91' lang='lat' dir='ltr'><strong>nihil</strong></span> <span class='ocrx_word' id='word_1_109' title='bbox 1117 1562 1273 1617; x_wconf 88' lang='lat' dir='ltr'><strong>faciat</strong></span> <span class='ocrx_word' id='word_1_110' title='bbox 1314 1576 1421 1615; x_wconf 90' lang='lat' dir='ltr'><strong>non</strong></span> <span class='ocrx_word' id='word_1_111' title='bbox 1459 1560 1720 1630; x_wconf 87' lang='lat' dir='ltr'><strong>quietum.</strong></span> <span class='ocrx_word' id='word_1_112' title='bbox 1754 1555 1979 1626; x_wconf 84' lang='lat' dir='ltr'><strong>Jejuniis</strong></span> <span class='ocrx_word' id='word_1_113' title='bbox 2021 1553 2169 1609; x_wconf 86' lang='lat' dir='ltr'><strong>dele-</strong></span> 
     </span>
    </p>
   </div>
   <div class='ocr_carea' id='block_1_16' title="bbox 577 1649 2169 1724">
    <p class='ocr_par' dir='ltr' id='par_1_16' title="bbox 577 1649 2169 1724">
     <span class='ocr_line' id='line_1_16' title="bbox 577 1649 2169 1724; baseline -0.008 -12"><span class='ocrx_word' id='word_1_114' title='bbox 577 1666 785 1723; x_wconf 89' lang='lat' dir='ltr'><strong>ctatur,</strong></span> <span class='ocrx_word' id='word_1_115' title='bbox 833 1655 1078 1712; x_wconf 91' lang='lat' dir='ltr'><strong>edulibus</strong></span> <span class='ocrx_word' id='word_1_116' title='bbox 1128 1653 1461 1724; x_wconf 87' lang='lat' dir='ltr'><strong>acquiescit;</strong></span> <span class='ocrx_word' id='word_1_117' title='bbox 1494 1651 1598 1705; x_wconf 91' lang='lat' dir='ltr'><strong>illis</strong></span> <span class='ocrx_word' id='word_1_118' title='bbox 1646 1649 1888 1705; x_wconf 83' lang='lat' dir='ltr'><strong>adhaeret</strong></span> <span class='ocrx_word' id='word_1_119' title='bbox 1949 1657 2169 1717; x_wconf 87' lang='lat' dir='ltr'><strong>propter</strong></span> 
     </span>
    </p>
   </div>
   <div class='ocr_carea' id='block_1_17' title="bbox 580 1741 2165 1815">
    <p class='ocr_par' dir='ltr' id='par_1_17' title="bbox 580 1741 2165 1815">
     <span class='ocr_line' id='line_1_17' title="bbox 580 1741 2165 1815; baseline -0.008 -9"><span class='ocrx_word' id='word_1_120' title='bbox 580 1752 1027 1808; x_wconf 85' lang='lat' dir='ltr'><strong>consuetudinem</strong></span> <span class='ocrx_word' id='word_1_121' title='bbox 1054 1750 1249 1812; x_wconf 90' lang='lat' dir='ltr'><strong>crucis,</strong></span> <span class='ocrx_word' id='word_1_122' title='bbox 1279 1748 1397 1802; x_wconf 89' lang='lat' dir='ltr'><strong>istis</strong></span> <span class='ocrx_word' id='word_1_123' title='bbox 1426 1746 1661 1801; x_wconf 87' lang='lat' dir='ltr'><strong>flectitur</strong></span> <span class='ocrx_word' id='word_1_124' title='bbox 1694 1752 1911 1815; x_wconf 84' lang='lat' dir='ltr'><strong>prepter</strong></span> <span class='ocrx_word' id='word_1_125' title='bbox 1938 1741 2165 1813; x_wconf 80' lang='lat' dir='ltr'><strong>gratiam</strong></span> 
     </span>
    </p>
   </div>
   <div class='ocr_carea' id='block_1_18' title="bbox 2270 512 3877 592">
    <p class='ocr_par' dir='ltr' id='par_1_18' title="bbox 2270 512 3877 592">
     <span class='ocr_line' id='line_1_18' title="bbox 2270 512 3877 592; baseline -0.004 -17"><span class='ocrx_word' id='word_1_126' title='bbox 2270 530 2505 592; x_wconf 89' lang='lat' dir='ltr'><strong>quantus</strong></span> <span class='ocrx_word' id='word_1_127' title='bbox 2532 534 2634 575; x_wconf 90' lang='lat' dir='ltr'><strong>nec</strong></span> <span class='ocrx_word' id='word_1_128' title='bbox 2665 526 3042 588; x_wconf 63' lang='lat' dir='ltr'><strong>prccsentanea</strong></span> <span class='ocrx_word' id='word_1_129' title='bbox 3064 513 3350 572; x_wconf 86' lang='lat' dir='ltr'><strong>sedulitate</strong></span> <span class='ocrx_word' id='word_1_130' title='bbox 3375 513 3680 569; x_wconf 83' lang='lat' dir='ltr'><strong>conficitur.</strong></span> <span class='ocrx_word' id='word_1_131' title='bbox 3704 512 3877 583; x_wconf 76' lang='lat' dir='ltr'><strong>Igitur</strong></span> 
     </span>
    </p>
   </div>
   <div class='ocr_carea' id='block_1_19' title="bbox 2269 605 3875 677">
    <p class='ocr_par' dir='ltr' id='par_1_19' title="bbox 2269 605 3875 677">
     <span class='ocr_line' id='line_1_19' title="bbox 2269 605 3875 677; baseline -0.003 -11"><span class='ocrx_word' id='word_1_132' title='bbox 2269 611 2316 667; x_wconf 87' lang='lat' dir='ltr'><strong>si</strong></span> <span class='ocrx_word' id='word_1_133' title='bbox 2361 612 2431 666; x_wconf 91' lang='lat' dir='ltr'><strong>ita</strong></span> <span class='ocrx_word' id='word_1_134' title='bbox 2463 620 2577 677; x_wconf 91' lang='lat' dir='ltr'><strong>est,</strong></span> <span class='ocrx_word' id='word_1_135' title='bbox 2618 610 2880 666; x_wconf 88' lang='lat' dir='ltr'><strong>desistant</strong></span> <span class='ocrx_word' id='word_1_136' title='bbox 2909 606 3227 664; x_wconf 89' lang='lat' dir='ltr'><strong>calumniari</strong></span> <span class='ocrx_word' id='word_1_137' title='bbox 3266 607 3568 663; x_wconf 90' lang='lat' dir='ltr'><strong>communis</strong></span> <span class='ocrx_word' id='word_1_138' title='bbox 3609 605 3875 662; x_wconf 69' lang='lat' dir='ltr'><strong>absentia:</strong></span> 
     </span>
    </p>
   </div>
   <div class='ocr_carea' id='block_1_20' title="bbox 2274 701 3903 795">
    <p class='ocr_par' dir='ltr' id='par_1_20' title="bbox 2274 701 3903 795">
     <span class='ocr_line' id='line_1_20' title="bbox 2274 701 3903 795; baseline -0.003 -36"><span class='ocrx_word' id='word_1_139' title='bbox 2274 704 2687 773; x_wconf 88' lang='lat' dir='ltr'><strong>necessitatem,</strong></span> <span class='ocrx_word' id='word_1_140' title='bbox 2738 703 2899 776; x_wconf 77' lang='lat'><strong>203</strong></span> <span class='ocrx_word' id='word_1_141' title='bbox 2952 701 3197 758; x_wconf 90' lang='lat' dir='ltr'><strong>vultuum</strong></span> <span class='ocrx_word' id='word_1_142' title='bbox 3247 715 3405 773; x_wconf 90' lang='lat' dir='ltr'><strong>mage</strong></span> <span class='ocrx_word' id='word_1_143' title='bbox 3448 714 3609 773; x_wconf 89' lang='lat' dir='ltr'><strong>quam</strong></span> <span class='ocrx_word' id='word_1_144' title='bbox 3658 714 3903 795; x_wconf 48' lang='lat' dir='ltr'><strong>morum.</strong></span> 
     </span>
    </p>
   </div>
   <div class='ocr_carea' id='block_1_21' title="bbox 2271 793 3878 866">
    <p class='ocr_par' dir='ltr' id='par_1_21' title="bbox 2271 793 3878 866">
     <span class='ocr_line' id='line_1_21' title="bbox 2271 793 3878 866; baseline -0.002 -15"><span class='ocrx_word' id='word_1_145' title='bbox 2271 796 2675 866; x_wconf 74' lang='lat' dir='ltr'><strong>praedicatores.</strong></span> <span class='ocrx_word' id='word_1_146' title='bbox 2712 795 2973 865; x_wconf 85' lang='lat' dir='ltr'><strong>Equidem</strong></span> <span class='ocrx_word' id='word_1_147' title='bbox 3000 796 3046 851; x_wconf 89' lang='lat' dir='ltr'><strong>si</strong></span> <span class='ocrx_word' id='word_1_148' title='bbox 3078 797 3306 850; x_wconf 87' lang='lat' dir='ltr'><strong>humana</strong></span> <span class='ocrx_word' id='word_1_149' title='bbox 3340 793 3641 851; x_wconf 87' lang='lat' dir='ltr'><strong>substantia</strong></span> <span class='ocrx_word' id='word_1_150' title='bbox 3669 794 3878 850; x_wconf 87' lang='lat' dir='ltr'><strong>rectius</strong></span> 
     </span>
    </p>
   </div>
   <div class='ocr_carea' id='block_1_22' title="bbox 2273 869 3907 959">
    <p class='ocr_par' dir='ltr' id='par_1_22' title="bbox 2273 869 3907 959">
     <span class='ocr_line' id='line_1_22' title="bbox 2273 869 3907 959; baseline -0.001 -17"><span class='ocrx_word' id='word_1_151' title='bbox 2273 890 2417 944; x_wconf 89' lang='lat' dir='ltr'><strong>mole</strong></span> <span class='ocrx_word' id='word_1_152' title='bbox 2446 904 2603 959; x_wconf 87' lang='lat' dir='ltr'><strong>quam</strong></span> <span class='ocrx_word' id='word_1_153' title='bbox 2648 899 2829 945; x_wconf 88' lang='lat' dir='ltr'><strong>mente</strong></span> <span class='ocrx_word' id='word_1_154' title='bbox 2875 888 3144 945; x_wconf 83' lang='lat' dir='ltr'><strong>censenda</strong></span> <span class='ocrx_word' id='word_1_155' title='bbox 3186 898 3306 958; x_wconf 88' lang='lat' dir='ltr'><strong>est,</strong></span> <span class='ocrx_word' id='word_1_156' title='bbox 3351 887 3639 959; x_wconf 89' lang='lat' dir='ltr'><strong>plurimum</strong></span> <span class='ocrx_word' id='word_1_157' title='bbox 3682 869 3907 959; x_wconf 17' lang='lat' dir='ltr'><strong>ignoro,</strong></span> 
     </span>
    </p>
   </div>
   <div class='ocr_carea' id='block_1_23' title="bbox 2274 979 3880 1051">
    <p class='ocr_par' dir='ltr' id='par_1_23' title="bbox 2274 979 3880 1051">
     <span class='ocr_line' id='line_1_23' title="bbox 2274 979 3880 1051; baseline 0.002 -18"><span class='ocrx_word' id='word_1_158' title='bbox 2274 981 2401 1051; x_wconf 86' lang='lat' dir='ltr'><strong>quid</strong></span> <span class='ocrx_word' id='word_1_159' title='bbox 2454 982 2747 1036; x_wconf 82' lang='lat' dir='ltr'><strong>secundum</strong></span> <span class='ocrx_word' id='word_1_160' title='bbox 2800 982 3223 1050; x_wconf 85' lang='lat' dir='ltr'><strong>corpulentiam,</strong></span> <span class='ocrx_word' id='word_1_161' title='bbox 3271 996 3367 1051; x_wconf 90' lang='lat' dir='ltr'><strong>per</strong></span> <span class='ocrx_word' id='word_1_162' title='bbox 3408 980 3581 1051; x_wconf 89' lang='lat' dir='ltr'><strong>spatia</strong></span> <span class='ocrx_word' id='word_1_163' title='bbox 3626 979 3880 1051; x_wconf 73' lang='lat' dir='ltr'><strong>quamvis</strong></span> 
     </span>
    </p>
   </div>
   <div class='ocr_carea' id='block_1_24' title="bbox 2279 1074 3882 1148">
    <p class='ocr_par' dir='ltr' id='par_1_24' title="bbox 2279 1074 3882 1148">
     <span class='ocr_line' id='line_1_24' title="bbox 2279 1074 3882 1148; baseline 0 -15"><span class='ocrx_word' id='word_1_164' title='bbox 2279 1089 2548 1148; x_wconf 82' lang='lat' dir='ltr'><strong>porrecta,</strong></span> <span class='ocrx_word' id='word_1_165' title='bbox 2605 1079 2844 1147; x_wconf 82' lang='lat' dir='ltr'><strong>finalem,</strong></span> <span class='ocrx_word' id='word_1_166' title='bbox 2879 1079 2931 1133; x_wconf 93' lang='lat' dir='ltr'><strong>in</strong></span> <span class='ocrx_word' id='word_1_167' title='bbox 2982 1078 3200 1134; x_wconf 81' lang='lat' dir='ltr'><strong>homine</strong></span> <span class='ocrx_word' id='word_1_168' title='bbox 3247 1079 3538 1144; x_wconf 87' lang='lat' dir='ltr'><strong>miremur,</strong></span> <span class='ocrx_word' id='word_1_169' title='bbox 3582 1092 3690 1148; x_wconf 92' lang='lat' dir='ltr'><strong>quo</strong></span> <span class='ocrx_word' id='word_1_170' title='bbox 3739 1074 3882 1133; x_wconf 84' lang='lat' dir='ltr'><strong>nihil</strong></span> 
     </span>
    </p>
   </div>
   <div class='ocr_carea' id='block_1_25' title="bbox 2275 1169 3881 1242">
    <p class='ocr_par' dir='ltr' id='par_1_25' title="bbox 2275 1169 3881 1242">
     <span class='ocr_line' id='line_1_25' title="bbox 2275 1169 3881 1242; baseline -0.002 -13"><span class='ocrx_word' id='word_1_171' title='bbox 2275 1188 2429 1241; x_wconf 71' lang='lat' dir='ltr'><strong>aeque</strong></span> <span class='ocrx_word' id='word_1_172' title='bbox 2460 1174 2716 1229; x_wconf 89' lang='lat' dir='ltr'><strong>miserum</strong></span> <span class='ocrx_word' id='word_1_173' title='bbox 2742 1172 3166 1242; x_wconf 90' lang='lat' dir='ltr'><strong>destitutumque</strong></span> <span class='ocrx_word' id='word_1_174' title='bbox 3194 1170 3451 1228; x_wconf 83' lang='lat' dir='ltr'><strong>nascendi</strong></span> <span class='ocrx_word' id='word_1_175' title='bbox 3480 1169 3721 1227; x_wconf 90' lang='lat' dir='ltr'><strong>conditio</strong></span> <span class='ocrx_word' id='word_1_176' title='bbox 3748 1183 3881 1242; x_wconf 89' lang='lat' dir='ltr'><strong>pro-</strong></span> 
     </span>
    </p>
   </div>
   <div class='ocr_carea' id='block_1_26' title="bbox 2271 1247 3921 1341">
    <p class='ocr_par' dir='ltr' id='par_1_26' title="bbox 2271 1247 3921 1341">
     <span class='ocr_line' id='line_1_26' title="bbox 2271 1247 3921 1341; baseline -0.002 -17"><span class='ocrx_word' id='word_1_177' title='bbox 2271 1269 2467 1341; x_wconf 70' lang='lat' dir='ltr'><strong>duxit:</strong></span> <span class='ocrx_word' id='word_1_178' title='bbox 2507 1268 2705 1339; x_wconf 89' lang='lat' dir='ltr'><strong>quippe</strong></span> <span class='ocrx_word' id='word_1_179' title='bbox 2744 1284 2863 1324; x_wconf 93' lang='lat' dir='ltr'><strong>cum</strong></span> <span class='ocrx_word' id='word_1_180' title='bbox 2915 1268 3149 1338; x_wconf 61' lang='lat' dir='ltr'><strong>praebeat</strong></span> <span class='ocrx_word' id='word_1_181' title='bbox 3200 1276 3455 1337; x_wconf 91' lang='lat' dir='ltr'><strong>tanquam</strong></span> <span class='ocrx_word' id='word_1_182' title='bbox 3499 1263 3570 1320; x_wconf 88' lang='lat' dir='ltr'><strong>ab</strong></span> <span class='ocrx_word' id='word_1_183' title='bbox 3614 1262 3875 1334; x_wconf 85' lang='lat' dir='ltr'><strong>adverso,</strong></span> <span class='ocrx_word' id='word_1_184' title='bbox 3916 1247 3921 1267; x_wconf 35' lang='grc' dir='ltr'><strong><em>λ</em></strong></span> 
     </span>
    </p>
   </div>
   <div class='ocr_carea' id='block_1_27' title="bbox 2272 1357 3881 1433">
    <p class='ocr_par' dir='ltr' id='par_1_27' title="bbox 2272 1357 3881 1433">
     <span class='ocr_line' id='line_1_27' title="bbox 2272 1357 3881 1433; baseline -0.002 -16"><span class='ocrx_word' id='word_1_185' title='bbox 2272 1361 2395 1417; x_wconf 91' lang='lat' dir='ltr'><strong>bovi</strong></span> <span class='ocrx_word' id='word_1_186' title='bbox 2433 1362 2593 1432; x_wconf 87' lang='lat' dir='ltr'><strong>pilus,</strong></span> <span class='ocrx_word' id='word_1_187' title='bbox 2628 1377 2760 1433; x_wconf 90' lang='lat' dir='ltr'><strong>apro</strong></span> <span class='ocrx_word' id='word_1_188' title='bbox 2786 1370 2922 1428; x_wconf 87' lang='lat' dir='ltr'><strong>seta,</strong></span> <span class='ocrx_word' id='word_1_189' title='bbox 2953 1359 3158 1417; x_wconf 91' lang='lat' dir='ltr'><strong>volucri</strong></span> <span class='ocrx_word' id='word_1_190' title='bbox 3198 1360 3381 1431; x_wconf 88' lang='lat' dir='ltr'><strong>pluma</strong></span> <span class='ocrx_word' id='word_1_191' title='bbox 3423 1359 3723 1415; x_wconf 88' lang='lat' dir='ltr'><strong>vestitum:</strong></span> <span class='ocrx_word' id='word_1_192' title='bbox 3755 1357 3881 1428; x_wconf 87' lang='lat' dir='ltr'><strong>qui-</strong></span> 
     </span>
    </p>
   </div>
   <div class='ocr_carea' id='block_1_28' title="bbox 2270 1446 3877 1526">
    <p class='ocr_par' dir='ltr' id='par_1_28' title="bbox 2270 1446 3877 1526">
     <span class='ocr_line' id='line_1_28' title="bbox 2270 1446 3877 1526; baseline -0.002 -17"><span class='ocrx_word' id='word_1_193' title='bbox 2270 1455 2374 1511; x_wconf 91' lang='lat' dir='ltr'><strong>bus</strong></span> <span class='ocrx_word' id='word_1_194' title='bbox 2424 1446 2677 1526; x_wconf 85' lang='lat' dir='ltr'><strong>insuper,</strong></span> <span class='ocrx_word' id='word_1_195' title='bbox 2731 1464 2787 1509; x_wconf 92' lang='lat' dir='ltr'><strong>ut</strong></span> <span class='ocrx_word' id='word_1_196' title='bbox 2842 1454 2945 1509; x_wconf 88' lang='lat' dir='ltr'><strong>vim</strong></span> <span class='ocrx_word' id='word_1_197' title='bbox 2998 1453 3082 1509; x_wconf 91' lang='lat' dir='ltr'><strong>vel</strong></span> <span class='ocrx_word' id='word_1_198' title='bbox 3131 1451 3398 1519; x_wconf 90' lang='lat' dir='ltr'><strong>inferant,</strong></span> <span class='ocrx_word' id='word_1_199' title='bbox 3439 1452 3525 1507; x_wconf 88' lang='lat' dir='ltr'><strong>vel</strong></span> <span class='ocrx_word' id='word_1_200' title='bbox 3572 1450 3877 1522; x_wconf 80' lang='lat' dir='ltr'><strong>repellant,</strong></span> 
     </span>
    </p>
   </div>
   <div class='ocr_carea' id='block_1_29' title="bbox 2271 1544 3879 1620">
    <p class='ocr_par' dir='ltr' id='par_1_29' title="bbox 2271 1544 3879 1620">
     <span class='ocr_line' id='line_1_29' title="bbox 2271 1544 3879 1620; baseline -0.004 -14"><span class='ocrx_word' id='word_1_201' title='bbox 2271 1566 2439 1606; x_wconf 91' lang='lat' dir='ltr'><strong>cornu</strong></span> <span class='ocrx_word' id='word_1_202' title='bbox 2462 1592 2476 1618; x_wconf 90' lang='lat'><strong>,</strong></span> <span class='ocrx_word' id='word_1_203' title='bbox 2517 1550 2671 1615; x_wconf 87' lang='lat' dir='ltr'><strong>deus,</strong></span> <span class='ocrx_word' id='word_1_204' title='bbox 2720 1549 2932 1620; x_wconf 90' lang='lat' dir='ltr'><strong>unguis,</strong></span> <span class='ocrx_word' id='word_1_205' title='bbox 2964 1563 3112 1604; x_wconf 90' lang='lat' dir='ltr'><strong>arma</strong></span> <span class='ocrx_word' id='word_1_206' title='bbox 3161 1547 3394 1619; x_wconf 89' lang='lat' dir='ltr'><strong>genuina</strong></span> <span class='ocrx_word' id='word_1_207' title='bbox 3432 1553 3598 1603; x_wconf 82' lang='lat' dir='ltr'><strong>sunt:</strong></span> <span class='ocrx_word' id='word_1_208' title='bbox 3629 1544 3879 1602; x_wconf 87' lang='lat' dir='ltr'><strong>membra</strong></span> 
     </span>
    </p>
   </div>
   <div class='ocr_carea' id='block_1_30' title="bbox 2281 1640 3876 1711">
    <p class='ocr_par' dir='ltr' id='par_1_30' title="bbox 2281 1640 3876 1711">
     <span class='ocr_line' id='line_1_30' title="bbox 2281 1640 3876 1711; baseline -0.002 -13"><span class='ocrx_word' id='word_1_209' title='bbox 2281 1659 2409 1700; x_wconf 89' lang='lat' dir='ltr'><strong>vero</strong></span> <span class='ocrx_word' id='word_1_210' title='bbox 2447 1654 2626 1699; x_wconf 79' lang='lat' dir='ltr'><strong>nostra</strong></span> <span class='ocrx_word' id='word_1_211' title='bbox 2670 1645 2721 1699; x_wconf 91' lang='lat' dir='ltr'><strong>in</strong></span> <span class='ocrx_word' id='word_1_212' title='bbox 2771 1643 2913 1698; x_wconf 93' lang='lat' dir='ltr'><strong>hunc</strong></span> <span class='ocrx_word' id='word_1_213' title='bbox 2958 1642 3214 1698; x_wconf 91' lang='lat' dir='ltr'><strong>mundum</strong></span> <span class='ocrx_word' id='word_1_214' title='bbox 3256 1642 3371 1697; x_wconf 88' lang='lat' dir='ltr'><strong>sola</strong></span> <span class='ocrx_word' id='word_1_215' title='bbox 3415 1654 3640 1697; x_wconf 85' lang='lat' dir='ltr'><strong>censeas</strong></span> <span class='ocrx_word' id='word_1_216' title='bbox 3669 1640 3876 1711; x_wconf 80' lang='lat' dir='ltr'><strong>ejecta,</strong></span> 
     </span>
    </p>
   </div>
   <div class='ocr_carea' id='block_1_31' title="bbox 2272 1732 3881 1808">
    <p class='ocr_par' dir='ltr' id='par_1_31' title="bbox 2272 1732 3881 1808">
     <span class='ocr_line' id='line_1_31' title="bbox 2272 1732 3881 1808; baseline -0.003 -16"><span class='ocrx_word' id='word_1_217' title='bbox 2272 1752 2380 1793; x_wconf 91' lang='lat' dir='ltr'><strong>non</strong></span> <span class='ocrx_word' id='word_1_218' title='bbox 2402 1736 2543 1792; x_wconf 91' lang='lat' dir='ltr'><strong>edita</strong></span> <span class='ocrx_word' id='word_1_219' title='bbox 2570 1755 2585 1792; x_wconf 94' lang='lat'><strong>:</strong></span> <span class='ocrx_word' id='word_1_220' title='bbox 2616 1750 2846 1808; x_wconf 92' lang='lat' dir='ltr'><strong>cumque</strong></span> <span class='ocrx_word' id='word_1_221' title='bbox 2874 1734 3157 1806; x_wconf 88' lang='lat' dir='ltr'><strong>gignendis</strong></span> <span class='ocrx_word' id='word_1_222' title='bbox 3178 1733 3398 1791; x_wconf 84' lang='lat' dir='ltr'><strong>artubus</strong></span> <span class='ocrx_word' id='word_1_223' title='bbox 3426 1732 3740 1790; x_wconf 90' lang='lat' dir='ltr'><strong>animalium</strong></span> <span class='ocrx_word' id='word_1_224' title='bbox 3770 1746 3881 1788; x_wconf 66' lang='lat' dir='ltr'><strong>ca-</strong></span> 
     </span>
    </p>
   </div>
   <div class='ocr_carea' id='block_1_32' title="bbox 578 1826 3880 1910">
    <p class='ocr_par' dir='ltr' id='par_1_32' title="bbox 578 1826 3880 1910">
     <span class='ocr_line' id='line_1_32' title="bbox 578 1826 3880 1910; baseline -0.005 -12"><span class='ocrx_word' id='word_1_225' title='bbox 578 1845 837 1902; x_wconf 89' lang='lat' dir='ltr'><strong>caritatis.</strong></span> <span class='ocrx_word' id='word_1_226' title='bbox 906 1844 1128 1898; x_wconf 71' lang='lat' dir='ltr'><strong>Sum‘mo</strong></span> <span class='ocrx_word' id='word_1_227' title='bbox 1194 1850 1480 1910; x_wconf 90' lang='lat' dir='ltr'><strong>utrumque</strong></span> <span class='ocrx_word' id='word_1_228' title='bbox 1549 1837 1919 1903; x_wconf 85' lang='lat' dir='ltr'><strong>moderamine</strong></span> <span class='ocrx_word' id='word_1_229' title='bbox 1970 1853 1983 1887; x_wconf 90' lang='lat'><strong>:</strong></span> <span class='ocrx_word' id='word_1_230' title='bbox 2042 1834 2167 1904; x_wconf 86' lang='lat' dir='ltr'><strong>quia</strong></span> <span class='ocrx_word' id='word_1_231' title='bbox 2204 1831 2514 1893; x_wconf 88' lang='lat' dir='ltr'><strong>Bterorum</strong></span> <span class='ocrx_word' id='word_1_232' title='bbox 2563 1830 2854 1886; x_wconf 88' lang='lat' dir='ltr'><strong>multifario</strong></span> <span class='ocrx_word' id='word_1_233' title='bbox 2892 1839 3083 1885; x_wconf 91' lang='lat' dir='ltr'><strong>natura</strong></span> <span class='ocrx_word' id='word_1_234' title='bbox 3130 1829 3401 1900; x_wconf 67' lang='lat' dir='ltr'><strong>praesidio,</strong></span> <span class='ocrx_word' id='word_1_235' title='bbox 3434 1828 3588 1899; x_wconf 89' lang='lat' dir='ltr'><strong>quasi</strong></span> <span class='ocrx_word' id='word_1_236' title='bbox 3628 1826 3880 1898; x_wconf 72' lang='lat' dir='ltr'><strong>quaedam</strong></span> 
     </span>
    </p>
   </div>
   <div class='ocr_carea' id='block_1_33' title="bbox 579 1926 2168 2007">
    <p class='ocr_par' dir='ltr' id='par_1_33' title="bbox 579 1926 2168 2007">
     <span class='ocr_line' id='line_1_33' title="bbox 579 1926 2168 2007; baseline -0.007 -14"><span class='ocrx_word' id='word_1_237' title='bbox 579 1936 908 2007; x_wconf 90' lang='lat' dir='ltr'><strong>comprimit,</strong></span> <span class='ocrx_word' id='word_1_238' title='bbox 938 1934 1148 2006; x_wconf 90' lang='lat' dir='ltr'><strong>quoties</strong></span> <span class='ocrx_word' id='word_1_239' title='bbox 1180 1933 1446 2004; x_wconf 87' lang='lat' dir='ltr'><strong>prandere</strong></span> <span class='ocrx_word' id='word_1_240' title='bbox 1472 1932 1679 1998; x_wconf 81' lang='lat' dir='ltr'><strong>Statuit,</strong></span> <span class='ocrx_word' id='word_1_241' title='bbox 1712 1929 1923 1999; x_wconf 89' lang='lat' dir='ltr'><strong>gulam;</strong></span> <span class='ocrx_word' id='word_1_242' title='bbox 1955 1926 2168 1996; x_wconf 90' lang='lat' dir='ltr'><strong>quoties</strong></span> 
     </span>
    </p>
   </div>
   <div class='ocr_carea' id='block_1_34' title="bbox 583 2018 2167 2097">
    <p class='ocr_par' dir='ltr' id='par_1_34' title="bbox 583 2018 2167 2097">
     <span class='ocr_line' id='line_1_34' title="bbox 583 2018 2167 2097; baseline -0.008 -14"><span class='ocrx_word' id='word_1_243' title='bbox 583 2028 888 2094; x_wconf 88' lang='lat' dir='ltr'><strong>abstinere,</strong></span> <span class='ocrx_word' id='word_1_244' title='bbox 941 2026 1271 2097; x_wconf 88' lang='lat' dir='ltr'><strong>iactantiam.</strong></span> <span class='ocrx_word' id='word_1_245' title='bbox 1316 2022 1501 2078; x_wconf 83' lang='lat' dir='ltr'><strong>Officia</strong></span> <span class='ocrx_word' id='word_1_246' title='bbox 1550 2019 1868 2089; x_wconf 88' lang='lat' dir='ltr'><strong>multiplicat</strong></span> <span class='ocrx_word' id='word_1_247' title='bbox 1920 2018 2167 2087; x_wconf 88' lang='lat' dir='ltr'><strong>propria,</strong></span> 
     </span>
    </p>
   </div>
   <div class='ocr_carea' id='block_1_35' title="bbox 578 2110 2166 2188">
    <p class='ocr_par' dir='ltr' id='par_1_35' title="bbox 578 2110 2166 2188">
     <span class='ocr_line' id='line_1_35' title="bbox 578 2110 2166 2188; baseline -0.009 -10"><span class='ocrx_word' id='word_1_248' title='bbox 578 2122 709 2177; x_wconf 83' lang='lat' dir='ltr'><strong>vitat</strong></span> <span class='ocrx_word' id='word_1_249' title='bbox 755 2122 967 2175; x_wconf 90' lang='lat' dir='ltr'><strong>aliena:</strong></span> <span class='ocrx_word' id='word_1_250' title='bbox 1001 2132 1233 2188; x_wconf 91' lang='lat' dir='ltr'><strong>cumque</strong></span> <span class='ocrx_word' id='word_1_251' title='bbox 1274 2116 1373 2185; x_wconf 90' lang='lat' dir='ltr'><strong>ipsi</strong></span> <span class='ocrx_word' id='word_1_252' title='bbox 1410 2114 1648 2169; x_wconf 90' lang='lat' dir='ltr'><strong>vicissim</strong></span> <span class='ocrx_word' id='word_1_253' title='bbox 1699 2111 1883 2167; x_wconf 90' lang='lat' dir='ltr'><strong>deccat</strong></span> <span class='ocrx_word' id='word_1_254' title='bbox 1923 2110 2166 2179; x_wconf 91' lang='lat' dir='ltr'><strong>occurri,</strong></span> 
     </span>
    </p>
   </div>
   <div class='ocr_carea' id='block_1_36' title="bbox 577 2206 2165 2286">
    <p class='ocr_par' dir='ltr' id='par_1_36' title="bbox 577 2206 2165 2286">
     <span class='ocr_line' id='line_1_36' title="bbox 577 2206 2165 2286; baseline -0.008 -17"><span class='ocrx_word' id='word_1_255' title='bbox 577 2214 782 2286; x_wconf 89' lang='lat' dir='ltr'><strong>gratius</strong></span> <span class='ocrx_word' id='word_1_256' title='bbox 813 2213 1003 2281; x_wconf 88' lang='lat' dir='ltr'><strong>habet,</strong></span> <span class='ocrx_word' id='word_1_257' title='bbox 1031 2213 1075 2267; x_wconf 88' lang='lat' dir='ltr'><strong>si</strong></span> <span class='ocrx_word' id='word_1_258' title='bbox 1106 2211 1207 2266; x_wconf 86' lang='lat' dir='ltr'><strong>sibi</strong></span> <span class='ocrx_word' id='word_1_259' title='bbox 1251 2216 1469 2263; x_wconf 84' lang='lat' dir='ltr'><strong>mutuus</strong></span> <span class='ocrx_word' id='word_1_260' title='bbox 1502 2206 1674 2261; x_wconf 90' lang='lat' dir='ltr'><strong>honor</strong></span> <span class='ocrx_word' id='word_1_261' title='bbox 1709 2206 1967 2260; x_wconf 88' lang='lat' dir='ltr'><strong>debeatur</strong></span> <span class='ocrx_word' id='word_1_262' title='bbox 1995 2218 2165 2271; x_wconf 87' lang='lat' dir='ltr'><strong>mage,</strong></span> 
     </span>
    </p>
   </div>
   <div class='ocr_carea' id='block_1_37' title="bbox 578 2302 2167 2378">
    <p class='ocr_par' dir='ltr' id='par_1_37' title="bbox 578 2302 2167 2378">
     <span class='ocr_line' id='line_1_37' title="bbox 578 2302 2167 2378; baseline -0.006 -16"><span class='ocrx_word' id='word_1_263' title='bbox 578 2322 740 2378; x_wconf 87' lang='lat' dir='ltr'><strong>quam</strong></span> <span class='ocrx_word' id='word_1_264' title='bbox 782 2306 1130 2376; x_wconf 83' lang='lat' dir='ltr'><strong>rependatur.</strong></span> <span class='ocrx_word' id='word_1_265' title='bbox 1177 2303 1232 2357; x_wconf 90' lang='lat' dir='ltr'><strong>lu</strong></span> <span class='ocrx_word' id='word_1_266' title='bbox 1283 2303 1564 2366; x_wconf 82' lang='lat' dir='ltr'><strong>convivio,</strong></span> <span class='ocrx_word' id='word_1_267' title='bbox 1614 2302 1837 2367; x_wconf 88' lang='lat' dir='ltr'><strong>itinere,</strong></span> <span class='ocrx_word' id='word_1_268' title='bbox 1880 2313 2167 2365; x_wconf 84' lang='lat' dir='ltr'><strong>consessu,</strong></span> 
     </span>
    </p>
   </div>
   <div class='ocr_carea' id='block_1_38' title="bbox 580 2390 2172 2465">
    <p class='ocr_par' dir='ltr' id='par_1_38' title="bbox 580 2390 2172 2465">
     <span class='ocr_line' id='line_1_38' title="bbox 580 2390 2172 2465; baseline -0.006 -10"><span class='ocrx_word' id='word_1_269' title='bbox 580 2398 923 2455; x_wconf 83' lang='lat' dir='ltr'><strong>lnferiorihus</strong></span> <span class='ocrx_word' id='word_1_270' title='bbox 972 2396 1154 2461; x_wconf 89' lang='lat' dir='ltr'><strong>cedit;</strong></span> <span class='ocrx_word' id='word_1_271' title='bbox 1208 2409 1313 2465; x_wconf 89' lang='lat' dir='ltr'><strong>quo</strong></span> <span class='ocrx_word' id='word_1_272' title='bbox 1367 2395 1426 2449; x_wconf 89' lang='lat' dir='ltr'><strong>fit</strong></span> <span class='ocrx_word' id='word_1_273' title='bbox 1470 2403 1526 2448; x_wconf 92' lang='lat' dir='ltr'><strong>ut</strong></span> <span class='ocrx_word' id='word_1_274' title='bbox 1572 2408 1629 2448; x_wconf 89' lang='lat' dir='ltr'><strong>se</strong></span> <span class='ocrx_word' id='word_1_275' title='bbox 1672 2392 1748 2445; x_wconf 89' lang='lat' dir='ltr'><strong>illi</strong></span> <span class='ocrx_word' id='word_1_276' title='bbox 1798 2390 2172 2461; x_wconf 81' lang='lat' dir='ltr'><strong>voluptuosius</strong></span> 
     </span>
    </p>
   </div>
   <div class='ocr_carea' id='block_1_39' title="bbox 582 2485 2173 2560">
    <p class='ocr_par' dir='ltr' id='par_1_39' title="bbox 582 2485 2173 2560">
     <span class='ocr_line' id='line_1_39' title="bbox 582 2485 2173 2560; baseline -0.004 -15"><span class='ocrx_word' id='word_1_277' title='bbox 582 2490 740 2545; x_wconf 89' lang='lat' dir='ltr'><strong>turba</strong></span> <span class='ocrx_word' id='word_1_278' title='bbox 799 2498 1087 2560; x_wconf 89' lang='lat' dir='ltr'><strong>postponat</strong></span> <span class='ocrx_word' id='word_1_279' title='bbox 1141 2488 1500 2557; x_wconf 91' lang='lat' dir='ltr'><strong>superiorum.</strong></span> <span class='ocrx_word' id='word_1_280' title='bbox 1558 2485 1876 2541; x_wconf 84' lang='lat' dir='ltr'><strong>Sermonem</strong></span> <span class='ocrx_word' id='word_1_281' title='bbox 1938 2486 2173 2541; x_wconf 81' lang='lat' dir='ltr'><strong>maximo</strong></span> 
     </span>
    </p>
   </div>
   <div class='ocr_carea' id='block_1_40' title="bbox 582 2561 2203 2652">
    <p class='ocr_par' dir='ltr' id='par_1_40' title="bbox 582 2561 2203 2652">
     <span class='ocr_line' id='line_1_40' title="bbox 582 2561 2203 2652; baseline -0.004 -14"><span class='ocrx_word' id='word_1_282' title='bbox 582 2588 1010 2652; x_wconf 74' lang='lat' dir='ltr'><strong>temperamento</strong></span> <span class='ocrx_word' id='word_1_283' title='bbox 1057 2596 1180 2636; x_wconf 91' lang='lat' dir='ltr'><strong>cum</strong></span> <span class='ocrx_word' id='word_1_284' title='bbox 1222 2580 1563 2650; x_wconf 89' lang='lat' dir='ltr'><strong>colloquente</strong></span> <span class='ocrx_word' id='word_1_285' title='bbox 1609 2578 2024 2649; x_wconf 41' lang='lat' dir='ltr'><strong>dispensatain</strong></span> <span class='ocrx_word' id='word_1_286' title='bbox 2067 2561 2203 2648; x_wconf 10' lang='lat' dir='ltr'><strong>quoi</strong></span> 
     </span>
    </p>
   </div>
   <div class='ocr_carea' id='block_1_41' title="bbox 582 2673 2177 2745">
    <p class='ocr_par' dir='ltr' id='par_1_41' title="bbox 582 2673 2177 2745">
     <span class='ocr_line' id='line_1_41' title="bbox 582 2673 2177 2745; baseline -0.005 -13"><span class='ocrx_word' id='word_1_287' title='bbox 582 2690 692 2732; x_wconf 87' lang='lat' dir='ltr'><strong>non</strong></span> <span class='ocrx_word' id='word_1_288' title='bbox 741 2676 937 2745; x_wconf 90' lang='lat' dir='ltr'><strong>patitur</strong></span> <span class='ocrx_word' id='word_1_289' title='bbox 975 2674 1170 2744; x_wconf 88' lang='lat' dir='ltr'><strong>ullam,</strong></span> <span class='ocrx_word' id='word_1_290' title='bbox 1211 2682 1302 2729; x_wconf 90' lang='lat' dir='ltr'><strong>aut</strong></span> <span class='ocrx_word' id='word_1_291' title='bbox 1338 2673 1713 2729; x_wconf 88' lang='lat' dir='ltr'><strong>verecundiam</strong></span> <span class='ocrx_word' id='word_1_292' title='bbox 1766 2682 2043 2738; x_wconf 84' lang='lat' dir='ltr'><strong>externus,</strong></span> <span class='ocrx_word' id='word_1_293' title='bbox 2085 2679 2177 2726; x_wconf 91' lang='lat' dir='ltr'><strong>aut</strong></span> 
     </span>
    </p>
   </div>
   <div class='ocr_carea' id='block_1_42' title="bbox 580 2764 2174 2837">
    <p class='ocr_par' dir='ltr' id='par_1_42' title="bbox 580 2764 2174 2837">
     <span class='ocr_line' id='line_1_42' title="bbox 580 2764 2174 2837; baseline -0.005 -12"><span class='ocrx_word' id='word_1_294' title='bbox 580 2767 863 2826; x_wconf 84' lang='lat' dir='ltr'><strong>familiaris</strong></span> <span class='ocrx_word' id='word_1_295' title='bbox 894 2766 1174 2837; x_wconf 90' lang='lat' dir='ltr'><strong>iniuriam,</strong></span> <span class='ocrx_word' id='word_1_296' title='bbox 1206 2775 1297 2821; x_wconf 90' lang='lat' dir='ltr'><strong>aut</strong></span> <span class='ocrx_word' id='word_1_297' title='bbox 1337 2764 1590 2821; x_wconf 90' lang='lat' dir='ltr'><strong>credulus</strong></span> <span class='ocrx_word' id='word_1_298' title='bbox 1637 2764 1928 2829; x_wconf 87' lang='lat' dir='ltr'><strong>invidiam,</strong></span> <span class='ocrx_word' id='word_1_299' title='bbox 1962 2772 2054 2817; x_wconf 91' lang='lat' dir='ltr'><strong>aut</strong></span> <span class='ocrx_word' id='word_1_300' title='bbox 2081 2777 2174 2818; x_wconf 90' lang='lat' dir='ltr'><strong>cu-</strong></span> 
     </span>
    </p>
   </div>
   <div class='ocr_carea' id='block_1_43' title="bbox 582 2856 2175 2931">
    <p class='ocr_par' dir='ltr' id='par_1_43' title="bbox 582 2856 2175 2931">
     <span class='ocr_line' id='line_1_43' title="bbox 582 2856 2175 2931; baseline -0.006 -13"><span class='ocrx_word' id='word_1_301' title='bbox 582 2861 761 2918; x_wconf 81' lang='lat' dir='ltr'><strong>riosus</strong></span> <span class='ocrx_word' id='word_1_302' title='bbox 808 2860 1121 2931; x_wconf 88' lang='lat' dir='ltr'><strong>repulsam,</strong></span> <span class='ocrx_word' id='word_1_303' title='bbox 1171 2868 1263 2913; x_wconf 90' lang='lat' dir='ltr'><strong>aut</strong></span> <span class='ocrx_word' id='word_1_304' title='bbox 1313 2858 1641 2927; x_wconf 89' lang='lat' dir='ltr'><strong>suspiciosus</strong></span> <span class='ocrx_word' id='word_1_305' title='bbox 1695 2856 2037 2927; x_wconf 84' lang='lat' dir='ltr'><strong>nequitiam:</strong></span> <span class='ocrx_word' id='word_1_306' title='bbox 2086 2864 2175 2910; x_wconf 87' lang='lat' dir='ltr'><strong>aut</strong></span> 
     </span>
    </p>
   </div>
   <div class='ocr_carea' id='block_1_44' title="bbox 585 2950 2179 3025">
    <p class='ocr_par' dir='ltr' id='par_1_44' title="bbox 585 2950 2179 3025">
     <span class='ocr_line' id='line_1_44' title="bbox 585 2950 2179 3025; baseline -0.004 -15"><span class='ocrx_word' id='word_1_307' title='bbox 585 2954 793 3025; x_wconf 90' lang='lat' dir='ltr'><strong>peritus</strong></span> <span class='ocrx_word' id='word_1_308' title='bbox 841 2953 1199 3019; x_wconf 91' lang='lat' dir='ltr'><strong>calumniam,</strong></span> <span class='ocrx_word' id='word_1_309' title='bbox 1243 2960 1335 3007; x_wconf 90' lang='lat' dir='ltr'><strong>aut</strong></span> <span class='ocrx_word' id='word_1_310' title='bbox 1371 2951 1649 3022; x_wconf 90' lang='lat' dir='ltr'><strong>imperitus</strong></span> <span class='ocrx_word' id='word_1_311' title='bbox 1696 2950 1988 3005; x_wconf 86' lang='lat' dir='ltr'><strong>infamiam.</strong></span> <span class='ocrx_word' id='word_1_312' title='bbox 2036 2950 2179 3005; x_wconf 88' lang='lat' dir='ltr'><strong>Sim-</strong></span> 
     </span>
    </p>
   </div>
   <div class='ocr_carea' id='block_1_45' title="bbox 584 3044 2179 3122">
    <p class='ocr_par' dir='ltr' id='par_1_45' title="bbox 584 3044 2179 3122">
     <span class='ocr_line' id='line_1_45' title="bbox 584 3044 2179 3122; baseline -0.004 -17"><span class='ocrx_word' id='word_1_313' title='bbox 584 3049 882 3122; x_wconf 86' lang='lat' dir='ltr'><strong>plicitatem</strong></span> <span class='ocrx_word' id='word_1_314' title='bbox 911 3047 1174 3104; x_wconf 87' lang='lat' dir='ltr'><strong>columbae</strong></span> <span class='ocrx_word' id='word_1_315' title='bbox 1218 3048 1273 3102; x_wconf 93' lang='lat' dir='ltr'><strong>in</strong></span> <span class='ocrx_word' id='word_1_316' title='bbox 1306 3046 1537 3102; x_wconf 90' lang='lat' dir='ltr'><strong>ecclesia</strong></span> <span class='ocrx_word' id='word_1_317' title='bbox 1568 3057 1744 3101; x_wconf 90' lang='lat' dir='ltr'><strong>servat</strong></span> <span class='ocrx_word' id='word_1_318' title='bbox 1765 3086 1779 3111; x_wconf 92' lang='lat'><strong>,</strong></span> <span class='ocrx_word' id='word_1_319' title='bbox 1811 3045 1865 3099; x_wconf 93' lang='lat' dir='ltr'><strong>in</strong></span> <span class='ocrx_word' id='word_1_320' title='bbox 1906 3044 2023 3117; x_wconf 85' lang='lat' dir='ltr'><strong>foro</strong></span> <span class='ocrx_word' id='word_1_321' title='bbox 2062 3058 2179 3099; x_wconf 89' lang='lat' dir='ltr'><strong>ser-</strong></span> 
     </span>
    </p>
   </div>
   <div class='ocr_carea' id='block_1_46' title="bbox 585 3140 2181 3216">
    <p class='ocr_par' dir='ltr' id='par_1_46' title="bbox 585 3140 2181 3216">
     <span class='ocr_line' id='line_1_46' title="bbox 585 3140 2181 3216; baseline -0.005 -16"><span class='ocrx_word' id='word_1_322' title='bbox 585 3144 763 3216; x_wconf 88' lang='lat' dir='ltr'><strong>pentis</strong></span> <span class='ocrx_word' id='word_1_323' title='bbox 792 3144 1074 3208; x_wconf 90' lang='lat' dir='ltr'><strong>astutiam;</strong></span> <span class='ocrx_word' id='word_1_324' title='bbox 1108 3142 1262 3197; x_wconf 92' lang='lat' dir='ltr'><strong>bonis</strong></span> <span class='ocrx_word' id='word_1_325' title='bbox 1292 3141 1561 3212; x_wconf 91' lang='lat' dir='ltr'><strong>prudens,</strong></span> <span class='ocrx_word' id='word_1_326' title='bbox 1602 3140 1755 3195; x_wconf 92' lang='lat' dir='ltr'><strong>malis</strong></span> <span class='ocrx_word' id='word_1_327' title='bbox 1787 3150 2010 3207; x_wconf 91' lang='lat' dir='ltr'><strong>cautus,</strong></span> <span class='ocrx_word' id='word_1_328' title='bbox 2048 3152 2181 3194; x_wconf 84' lang='lat' dir='ltr'><strong>neu-</strong></span> 
     </span>
    </p>
   </div>
   <div class='ocr_carea' id='block_1_47' title="bbox 2273 1921 3882 1995">
    <p class='ocr_par' dir='ltr' id='par_1_47' title="bbox 2273 1921 3882 1995">
     <span class='ocr_line' id='line_1_47' title="bbox 2273 1921 3882 1995; baseline -0.003 -16"><span class='ocrx_word' id='word_1_329' title='bbox 2273 1925 2394 1979; x_wconf 86' lang='lat' dir='ltr'><strong>sinu</strong></span> <span class='ocrx_word' id='word_1_330' title='bbox 2436 1932 2651 1995; x_wconf 89' lang='lat' dir='ltr'><strong>patente</strong></span> <span class='ocrx_word' id='word_1_331' title='bbox 2698 1931 2871 1978; x_wconf 89' lang='lat' dir='ltr'><strong>mater</strong></span> <span class='ocrx_word' id='word_1_332' title='bbox 2907 1931 3194 1980; x_wconf 86' lang='lat' dir='ltr'><strong>occurrat:</strong></span> <span class='ocrx_word' id='word_1_333' title='bbox 3235 1921 3469 1976; x_wconf 89' lang='lat' dir='ltr'><strong>lmmana</strong></span> <span class='ocrx_word' id='word_1_334' title='bbox 3507 1928 3719 1976; x_wconf 88' lang='lat' dir='ltr'><strong>tantum</strong></span> <span class='ocrx_word' id='word_1_335' title='bbox 3741 1934 3882 1989; x_wconf 68' lang='lat' dir='ltr'><strong>,cor-</strong></span> 
     </span>
    </p>
   </div>
   <div class='ocr_carea' id='block_1_48' title="bbox 2274 2012 3878 2087">
    <p class='ocr_par' dir='ltr' id='par_1_48' title="bbox 2274 2012 3878 2087">
     <span class='ocr_line' id='line_1_48' title="bbox 2274 2012 3878 2087; baseline -0.002 -16"><span class='ocrx_word' id='word_1_336' title='bbox 2274 2033 2406 2087; x_wconf 88' lang='lat' dir='ltr'><strong>pora</strong></span> <span class='ocrx_word' id='word_1_337' title='bbox 2447 2016 2667 2083; x_wconf 79' lang='lat' dir='ltr'><strong>effudit,</strong></span> <span class='ocrx_word' id='word_1_338' title='bbox 2693 2031 2923 2086; x_wconf 85' lang='lat' dir='ltr'><strong>quorum</strong></span> <span class='ocrx_word' id='word_1_339' title='bbox 2956 2014 3311 2071; x_wconf 90' lang='lat' dir='ltr'><strong>imbecillitati</strong></span> <span class='ocrx_word' id='word_1_340' title='bbox 3339 2012 3740 2083; x_wconf 89' lang='lat' dir='ltr'><strong>quodammodo</strong></span> <span class='ocrx_word' id='word_1_341' title='bbox 3775 2028 3878 2067; x_wconf 84' lang='lat' dir='ltr'><strong>no-</strong></span> 
     </span>
    </p>
   </div>
   <div class='ocr_carea' id='block_1_49' title="bbox 2273 2104 3881 2191">
    <p class='ocr_par' dir='ltr' id='par_1_49' title="bbox 2273 2104 3881 2191">
     <span class='ocr_line' id='line_1_49' title="bbox 2273 2104 3881 2191; baseline -0.005 -23"><span class='ocrx_word' id='word_1_342' title='bbox 2273 2121 2604 2191; x_wconf 75' lang='lat' dir='ltr'><strong>vere-aretur.</strong></span> <span class='ocrx_word' id='word_1_343' title='bbox 2635 2110 2766 2165; x_wconf 87' lang='lat' dir='ltr'><strong>Nam</strong></span> <span class='ocrx_word' id='word_1_344' title='bbox 2812 2108 2975 2177; x_wconf 92' lang='lat' dir='ltr'><strong>illud,</strong></span> <span class='ocrx_word' id='word_1_345' title='bbox 3018 2107 3176 2164; x_wconf 88' lang='lat' dir='ltr'><strong>sicuti</strong></span> <span class='ocrx_word' id='word_1_346' title='bbox 3224 2122 3324 2178; x_wconf 86' lang='lat' dir='ltr'><strong>ego</strong></span> <span class='ocrx_word' id='word_1_347' title='bbox 3372 2120 3592 2177; x_wconf 85' lang='lat' dir='ltr'><strong>censeo,</strong></span> <span class='ocrx_word' id='word_1_348' title='bbox 3622 2104 3715 2175; x_wconf 93' lang='lat' dir='ltr'><strong>qui</strong></span> <span class='ocrx_word' id='word_1_349' title='bbox 3758 2104 3881 2161; x_wconf 87' lang='lat' dir='ltr'><strong>ani-</strong></span> 
     </span>
    </p>
   </div>
   <div class='ocr_carea' id='block_1_50' title="bbox 2277 2200 3883 2274">
    <p class='ocr_par' dir='ltr' id='par_1_50' title="bbox 2277 2200 3883 2274">
     <span class='ocr_line' id='line_1_50' title="bbox 2277 2200 3883 2274; baseline -0.002 -15"><span class='ocrx_word' id='word_1_350' title='bbox 2277 2222 2423 2260; x_wconf 92' lang='lat' dir='ltr'><strong>mum</strong></span> <span class='ocrx_word' id='word_1_351' title='bbox 2448 2216 2596 2259; x_wconf 91' lang='lat' dir='ltr'><strong>tuum</strong></span> <span class='ocrx_word' id='word_1_352' title='bbox 2622 2204 2880 2260; x_wconf 90' lang='lat' dir='ltr'><strong>membris</strong></span> <span class='ocrx_word' id='word_1_353' title='bbox 2902 2202 3042 2258; x_wconf 91' lang='lat' dir='ltr'><strong>duco</strong></span> <span class='ocrx_word' id='word_1_354' title='bbox 3068 2202 3355 2274; x_wconf 90' lang='lat' dir='ltr'><strong>potiorem,</strong></span> <span class='ocrx_word' id='word_1_355' title='bbox 3381 2217 3486 2257; x_wconf 91' lang='lat' dir='ltr'><strong>non</strong></span> <span class='ocrx_word' id='word_1_356' title='bbox 3510 2200 3675 2257; x_wconf 88' lang='lat' dir='ltr'><strong>habet</strong></span> <span class='ocrx_word' id='word_1_357' title='bbox 3699 2215 3883 2271; x_wconf 65' lang='lat' dir='ltr'><strong>mqua-</strong></span> 
     </span>
    </p>
   </div>
   <div class='ocr_carea' id='block_1_51' title="bbox 2275 2293 3879 2369">
    <p class='ocr_par' dir='ltr' id='par_1_51' title="bbox 2275 2293 3879 2369">
     <span class='ocr_line' id='line_1_51' title="bbox 2275 2293 3879 2369; baseline -0.003 -15"><span class='ocrx_word' id='word_1_358' title='bbox 2275 2298 2512 2367; x_wconf 83' lang='lat' dir='ltr'><strong>litatem,</strong></span> <span class='ocrx_word' id='word_1_359' title='bbox 2545 2299 2685 2369; x_wconf 88' lang='lat' dir='ltr'><strong>quod</strong></span> <span class='ocrx_word' id='word_1_360' title='bbox 2731 2309 2929 2355; x_wconf 88' lang='lat' dir='ltr'><strong>statum</strong></span> <span class='ocrx_word' id='word_1_361' title='bbox 2977 2306 3221 2354; x_wconf 84' lang='lat' dir='ltr'><strong>nostrum</strong></span> <span class='ocrx_word' id='word_1_362' title='bbox 3267 2311 3429 2367; x_wconf 91' lang='lat' dir='ltr'><strong>supra</strong></span> <span class='ocrx_word' id='word_1_363' title='bbox 3483 2295 3721 2366; x_wconf 91' lang='lat' dir='ltr'><strong>pecudes</strong></span> <span class='ocrx_word' id='word_1_364' title='bbox 3761 2293 3879 2350; x_wconf 86' lang='lat' dir='ltr'><strong>veri</strong></span> 
     </span>
    </p>
   </div>
   <div class='ocr_carea' id='block_1_52' title="bbox 2276 2388 3879 2463">
    <p class='ocr_par' dir='ltr' id='par_1_52' title="bbox 2276 2388 3879 2463">
     <span class='ocr_line' id='line_1_52' title="bbox 2276 2388 3879 2463; baseline -0.001 -16"><span class='ocrx_word' id='word_1_365' title='bbox 2276 2391 2501 2463; x_wconf 84' lang='lat' dir='ltr'><strong>falsique</strong></span> <span class='ocrx_word' id='word_1_366' title='bbox 2552 2392 2801 2461; x_wconf 88' lang='lat' dir='ltr'><strong>nescias,</strong></span> <span class='ocrx_word' id='word_1_367' title='bbox 2852 2392 3193 2448; x_wconf 88' lang='lat' dir='ltr'><strong>ratiocinatio</strong></span> <span class='ocrx_word' id='word_1_368' title='bbox 3242 2391 3437 2446; x_wconf 75' lang='lat' dir='ltr'><strong>anima:</strong></span> <span class='ocrx_word' id='word_1_369' title='bbox 3494 2388 3879 2445; x_wconf 82' lang='lat' dir='ltr'><strong>intellectualis</strong></span> 
     </span>
    </p>
   </div>
   <div class='ocr_carea' id='block_1_53' title="bbox 2284 2484 3879 2559">
    <p class='ocr_par' dir='ltr' id='par_1_53' title="bbox 2284 2484 3879 2559">
     <span class='ocr_line' id='line_1_53' title="bbox 2284 2484 3879 2559; baseline -0.004 -15"><span class='ocrx_word' id='word_1_370' title='bbox 2284 2488 2507 2544; x_wconf 78' lang='lat' dir='ltr'><strong>evexit:</strong></span> <span class='ocrx_word' id='word_1_371' title='bbox 2543 2488 2695 2559; x_wconf 87' lang='lat' dir='ltr'><strong>cujus</strong></span> <span class='ocrx_word' id='word_1_372' title='bbox 2735 2488 2782 2543; x_wconf 90' lang='lat' dir='ltr'><strong>si</strong></span> <span class='ocrx_word' id='word_1_373' title='bbox 2831 2489 3091 2559; x_wconf 87' lang='lat' dir='ltr'><strong>tantisper</strong></span> <span class='ocrx_word' id='word_1_374' title='bbox 3139 2492 3519 2543; x_wconf 88' lang='lat' dir='ltr'><strong>summoveant</strong></span> <span class='ocrx_word' id='word_1_375' title='bbox 3561 2484 3879 2556; x_wconf 88' lang='lat' dir='ltr'><strong>dignitatem</strong></span> 
     </span>
    </p>
   </div>
   <div class='ocr_carea' id='block_1_54' title="bbox 2279 2575 3873 2651">
    <p class='ocr_par' dir='ltr' id='par_1_54' title="bbox 2279 2575 3873 2651">
     <span class='ocr_line' id='line_1_54' title="bbox 2279 2575 3873 2651; baseline -0.003 -16"><span class='ocrx_word' id='word_1_376' title='bbox 2279 2580 2398 2650; x_wconf 90' lang='lat' dir='ltr'><strong>isti,</strong></span> <span class='ocrx_word' id='word_1_377' title='bbox 2442 2581 2531 2651; x_wconf 92' lang='lat' dir='ltr'><strong>qui</strong></span> <span class='ocrx_word' id='word_1_378' title='bbox 2572 2581 2775 2636; x_wconf 90' lang='lat' dir='ltr'><strong>amicos</strong></span> <span class='ocrx_word' id='word_1_379' title='bbox 2823 2580 3207 2637; x_wconf 86' lang='lat' dir='ltr'><strong>ludificabundi</strong></span> <span class='ocrx_word' id='word_1_380' title='bbox 3244 2594 3352 2634; x_wconf 91' lang='lat' dir='ltr'><strong>non</strong></span> <span class='ocrx_word' id='word_1_381' title='bbox 3384 2588 3492 2633; x_wconf 92' lang='lat' dir='ltr'><strong>tam</strong></span> <span class='ocrx_word' id='word_1_382' title='bbox 3518 2575 3873 2648; x_wconf 72' lang='lat' dir='ltr'><strong>iudicialiter,</strong></span> 
     </span>
    </p>
   </div>
   <div class='ocr_carea' id='block_1_55' title="bbox 2278 2667 3879 2742">
    <p class='ocr_par' dir='ltr' id='par_1_55' title="bbox 2278 2667 3879 2742">
     <span class='ocr_line' id='line_1_55' title="bbox 2278 2667 3879 2742; baseline -0.002 -16"><span class='ocrx_word' id='word_1_383' title='bbox 2278 2686 2437 2742; x_wconf 91' lang='lat' dir='ltr'><strong>quam</strong></span> <span class='ocrx_word' id='word_1_384' title='bbox 2479 2674 2770 2729; x_wconf 84' lang='lat' dir='ltr'><strong>oculariter</strong></span> <span class='ocrx_word' id='word_1_385' title='bbox 2796 2673 3105 2738; x_wconf 89' lang='lat' dir='ltr'><strong>intuentur;</strong></span> <span class='ocrx_word' id='word_1_386' title='bbox 3135 2670 3350 2740; x_wconf 90' lang='lat' dir='ltr'><strong>dicant,</strong></span> <span class='ocrx_word' id='word_1_387' title='bbox 3381 2668 3580 2735; x_wconf 90' lang='lat' dir='ltr'><strong>velim,</strong></span> <span class='ocrx_word' id='word_1_388' title='bbox 3610 2668 3665 2723; x_wconf 88' lang='lat' dir='ltr'><strong>in</strong></span> <span class='ocrx_word' id='word_1_389' title='bbox 3706 2667 3879 2723; x_wconf 84' lang='lat' dir='ltr'><strong>homi-</strong></span> 
     </span>
    </p>
   </div>
   <div class='ocr_carea' id='block_1_56' title="bbox 2280 2761 3878 2839">
    <p class='ocr_par' dir='ltr' id='par_1_56' title="bbox 2280 2761 3878 2839">
     <span class='ocr_line' id='line_1_56' title="bbox 2280 2761 3878 2839; baseline -0.005 -16"><span class='ocrx_word' id='word_1_390' title='bbox 2280 2768 2364 2823; x_wconf 90' lang='lat' dir='ltr'><strong>nis</strong></span> <span class='ocrx_word' id='word_1_391' title='bbox 2394 2767 2565 2823; x_wconf 89' lang='lat' dir='ltr'><strong>forma</strong></span> <span class='ocrx_word' id='word_1_392' title='bbox 2597 2767 2724 2838; x_wconf 88' lang='lat' dir='ltr'><strong>quid</strong></span> <span class='ocrx_word' id='word_1_393' title='bbox 2769 2768 2899 2823; x_wconf 88' lang='lat' dir='ltr'><strong>satis</strong></span> <span class='ocrx_word' id='word_1_394' title='bbox 2942 2776 3222 2839; x_wconf 68' lang='lat' dir='ltr'><strong>praestans,</strong></span> <span class='ocrx_word' id='word_1_395' title='bbox 3269 2764 3395 2836; x_wconf 87' lang='lat' dir='ltr'><strong>quid</strong></span> <span class='ocrx_word' id='word_1_396' title='bbox 3435 2761 3730 2835; x_wconf 86' lang='lat' dir='ltr'><strong>spectabile</strong></span> <span class='ocrx_word' id='word_1_397' title='bbox 3773 2777 3878 2832; x_wconf 89' lang='lat' dir='ltr'><strong>pu-</strong></span> 
     </span>
    </p>
   </div>
   <div class='ocr_carea' id='block_1_57' title="bbox 2282 2849 3878 2930">
    <p class='ocr_par' dir='ltr' id='par_1_57' title="bbox 2282 2849 3878 2930">
     <span class='ocr_line' id='line_1_57' title="bbox 2282 2849 3878 2930; baseline -0.004 -14"><span class='ocrx_word' id='word_1_398' title='bbox 2282 2870 2416 2918; x_wconf 89' lang='lat' dir='ltr'><strong>tent.</strong></span> <span class='ocrx_word' id='word_1_399' title='bbox 2444 2860 2937 2917; x_wconf 86' lang='lat' dir='ltr'><strong>Proceritatemne?</strong></span> <span class='ocrx_word' id='word_1_400' title='bbox 2960 2861 3111 2930; x_wconf 90' lang='lat' dir='ltr'><strong>quasi</strong></span> <span class='ocrx_word' id='word_1_401' title='bbox 3141 2875 3245 2913; x_wconf 90' lang='lat' dir='ltr'><strong>non</strong></span> <span class='ocrx_word' id='word_1_402' title='bbox 3270 2861 3384 2913; x_wconf 75' lang='lat' dir='ltr'><strong>hmc</strong></span> <span class='ocrx_word' id='word_1_403' title='bbox 3410 2871 3555 2928; x_wconf 60' lang='lat' dir='ltr'><strong>saepe</strong></span> <span class='ocrx_word' id='word_1_404' title='bbox 3578 2849 3878 2926; x_wconf 82' lang='lat' dir='ltr'><strong>congruen-</strong></span> 
     </span>
    </p>
   </div>
   <div class='ocr_carea' id='block_1_58' title="bbox 2283 2950 3879 3024">
    <p class='ocr_par' dir='ltr' id='par_1_58' title="bbox 2283 2950 3879 3024">
     <span class='ocr_line' id='line_1_58' title="bbox 2283 2950 3879 3024; baseline -0.004 -14"><span class='ocrx_word' id='word_1_405' title='bbox 2283 2956 2387 3010; x_wconf 92' lang='lat' dir='ltr'><strong>tius</strong></span> <span class='ocrx_word' id='word_1_406' title='bbox 2410 2956 2652 3011; x_wconf 89' lang='lat' dir='ltr'><strong>trabibus</strong></span> <span class='ocrx_word' id='word_1_407' title='bbox 2675 2964 3007 3024; x_wconf 49' lang='lat' dir='ltr'><strong>aptetur;,an</strong></span> <span class='ocrx_word' id='word_1_408' title='bbox 3036 2951 3438 3009; x_wconf 82' lang='lat' dir='ltr'><strong>fortitudinem?</strong></span> <span class='ocrx_word' id='word_1_409' title='bbox 3473 2966 3594 3023; x_wconf 77' lang='lat' dir='ltr'><strong>qum</strong></span> <span class='ocrx_word' id='word_1_410' title='bbox 3616 2950 3879 3005; x_wconf 85' lang='lat' dir='ltr'><strong>valentior</strong></span> 
     </span>
    </p>
   </div>
   <div class='ocr_carea' id='block_1_59' title="bbox 2284 3044 3879 3118">
    <p class='ocr_par' dir='ltr' id='par_1_59' title="bbox 2284 3044 3879 3118">
     <span class='ocr_line' id='line_1_59' title="bbox 2284 3044 3879 3118; baseline -0.004 -14"><span class='ocrx_word' id='word_1_411' title='bbox 2284 3050 2341 3105; x_wconf 92' lang='lat' dir='ltr'><strong>in</strong></span> <span class='ocrx_word' id='word_1_412' title='bbox 2384 3050 2611 3106; x_wconf 83' lang='lat' dir='ltr'><strong>leoninae</strong></span> <span class='ocrx_word' id='word_1_413' title='bbox 2639 3051 2865 3105; x_wconf 87' lang='lat' dir='ltr'><strong>cervicis</strong></span> <span class='ocrx_word' id='word_1_414' title='bbox 2906 3048 3038 3104; x_wconf 90' lang='lat' dir='ltr'><strong>toris</strong></span> <span class='ocrx_word' id='word_1_415' title='bbox 3067 3056 3287 3118; x_wconf 81' lang='lat' dir='ltr'><strong>regnat;</strong></span> <span class='ocrx_word' id='word_1_416' title='bbox 3329 3062 3396 3102; x_wconf 90' lang='lat' dir='ltr'><strong>an</strong></span> <span class='ocrx_word' id='word_1_417' title='bbox 3426 3045 3675 3102; x_wconf 88' lang='lat' dir='ltr'><strong>decorem</strong></span> <span class='ocrx_word' id='word_1_418' title='bbox 3708 3044 3879 3099; x_wconf 74' lang='lat' dir='ltr'><strong>linea~</strong></span> 
     </span>
    </p>
   </div>
   <div class='ocr_carea' id='block_1_60' title="bbox 2288 3135 3879 3213">
    <p class='ocr_par' dir='ltr' id='par_1_60' title="bbox 2288 3135 3879 3213">
     <span class='ocr_line' id='line_1_60' title="bbox 2288 3135 3879 3213; baseline -0.003 -17"><span class='ocrx_word' id='word_1_419' title='bbox 2288 3144 2631 3198; x_wconf 80' lang='lat' dir='ltr'><strong>mentorum?</strong></span> <span class='ocrx_word' id='word_1_420' title='bbox 2670 3159 2828 3213; x_wconf 90' lang='lat' dir='ltr'><strong>quem</strong></span> <span class='ocrx_word' id='word_1_421' title='bbox 2874 3140 3069 3197; x_wconf 91' lang='lat' dir='ltr'><strong>crebro</strong></span> <span class='ocrx_word' id='word_1_422' title='bbox 3108 3140 3296 3196; x_wconf 86' lang='lat' dir='ltr'><strong>melius</strong></span> <span class='ocrx_word' id='word_1_423' title='bbox 3342 3137 3545 3208; x_wconf 88' lang='lat' dir='ltr'><strong>infigit,</strong></span> <span class='ocrx_word' id='word_1_424' title='bbox 3588 3146 3643 3193; x_wconf 90' lang='lat' dir='ltr'><strong>et</strong></span> <span class='ocrx_word' id='word_1_425' title='bbox 3685 3135 3879 3207; x_wconf 86' lang='lat' dir='ltr'><strong>argilla</strong></span> 
     </span>
    </p>
   </div>
   <div class='ocr_carea' id='block_1_61' title="bbox 587 3223 3879 3308">
    <p class='ocr_par' dir='ltr' id='par_1_61' title="bbox 587 3223 3879 3308">
     <span class='ocr_line' id='line_1_61' title="bbox 587 3223 3879 3308; baseline -0.002 -15"><span class='ocrx_word' id='word_1_426' title='bbox 587 3238 689 3293; x_wconf 84' lang='lat' dir='ltr'><strong>tris</strong></span> <span class='ocrx_word' id='word_1_427' title='bbox 726 3238 952 3293; x_wconf 89' lang='lat' dir='ltr'><strong>callidus</strong></span> <span class='ocrx_word' id='word_1_428' title='bbox 987 3236 1278 3306; x_wconf 90' lang='lat' dir='ltr'><strong>iudicatur.</strong></span> <span class='ocrx_word' id='word_1_429' title='bbox 1315 3234 1455 3301; x_wconf 85' lang='lat' dir='ltr'><strong>Quid</strong></span> <span class='ocrx_word' id='word_1_430' title='bbox 1493 3233 1682 3303; x_wconf 88' lang='lat' dir='ltr'><strong>plura?</strong></span> <span class='ocrx_word' id='word_1_431' title='bbox 1714 3232 1906 3287; x_wconf 90' lang='lat' dir='ltr'><strong>Totum</strong></span> <span class='ocrx_word' id='word_1_432' title='bbox 1941 3240 1993 3305; x_wconf 83' lang='lat' dir='ltr'><strong>te</strong></span> <span class='ocrx_word' id='word_1_433' title='bbox 2023 3232 2178 3287; x_wconf 90' lang='lat' dir='ltr'><strong>nobis</strong></span> <span class='ocrx_word' id='word_1_434' title='bbox 2208 3223 2259 3303; x_wconf 18' lang='lat' dir='ltr'><strong>C,</strong></span> <span class='ocrx_word' id='word_1_435' title='bbox 2287 3240 2621 3306; x_wconf 77' lang='lat' dir='ltr'><strong>simulacris,</strong></span> <span class='ocrx_word' id='word_1_436' title='bbox 2662 3248 2718 3295; x_wconf 88' lang='lat' dir='ltr'><strong>et</strong></span> <span class='ocrx_word' id='word_1_437' title='bbox 2764 3253 2885 3295; x_wconf 80' lang='lat' dir='ltr'><strong>cera</strong></span> <span class='ocrx_word' id='word_1_438' title='bbox 2930 3237 3180 3308; x_wconf 81' lang='lat' dir='ltr'><strong>picturis;</strong></span> <span class='ocrx_word' id='word_1_439' title='bbox 3220 3252 3289 3290; x_wconf 84' lang='lat' dir='ltr'><strong>an</strong></span> <span class='ocrx_word' id='word_1_440' title='bbox 3338 3235 3713 3291; x_wconf 72' lang='lat' dir='ltr'><strong>velocitatem?</strong></span> <span class='ocrx_word' id='word_1_441' title='bbox 3753 3246 3879 3301; x_wconf 68' lang='lat' dir='ltr'><strong>qua:</strong></span> 
     </span>
    </p>
   </div>
   <div class='ocr_carea' id='block_1_62' title="bbox 587 3322 2182 3400">
    <p class='ocr_par' dir='ltr' id='par_1_62' title="bbox 587 3322 2182 3400">
     <span class='ocr_line' id='line_1_62' title="bbox 587 3322 2182 3400; baseline -0.005 -15"><span class='ocrx_word' id='word_1_442' title='bbox 587 3328 679 3385; x_wconf 90' lang='lat' dir='ltr'><strong>ille</strong></span> <span class='ocrx_word' id='word_1_443' title='bbox 709 3329 821 3400; x_wconf 90' lang='lat' dir='ltr'><strong>iam</strong></span> <span class='ocrx_word' id='word_1_444' title='bbox 864 3327 1135 3384; x_wconf 89' lang='lat' dir='ltr'><strong>reddidit:</strong></span> <span class='ocrx_word' id='word_1_445' title='bbox 1178 3336 1343 3381; x_wconf 90' lang='lat' dir='ltr'><strong>totam</strong></span> <span class='ocrx_word' id='word_1_446' title='bbox 1383 3337 1526 3379; x_wconf 89' lang='lat' dir='ltr'><strong>tuam</strong></span> <span class='ocrx_word' id='word_1_447' title='bbox 1576 3325 2015 3393; x_wconf 89' lang='lat' dir='ltr'><strong>temperantiam,</strong></span> <span class='ocrx_word' id='word_1_448' title='bbox 2054 3322 2182 3378; x_wconf 90' lang='lat' dir='ltr'><strong>reli-</strong></span> 
     </span>
    </p>
   </div>
   <div class='ocr_carea' id='block_1_63' title="bbox 588 3415 2180 3493">
    <p class='ocr_par' dir='ltr' id='par_1_63' title="bbox 588 3415 2180 3493">
     <span class='ocr_line' id='line_1_63' title="bbox 588 3415 2180 3493; baseline -0.006 -15"><span class='ocrx_word' id='word_1_449' title='bbox 588 3422 835 3493; x_wconf 89' lang='lat' dir='ltr'><strong>gionem,</strong></span> <span class='ocrx_word' id='word_1_450' title='bbox 866 3420 1204 3485; x_wconf 89' lang='lat' dir='ltr'><strong>libertatem,</strong></span> <span class='ocrx_word' id='word_1_451' title='bbox 1234 3416 1615 3473; x_wconf 90' lang='lat' dir='ltr'><strong>verecundiam</strong></span> <span class='ocrx_word' id='word_1_452' title='bbox 1636 3458 1653 3483; x_wconf 92' lang='lat'><strong>,</strong></span> <span class='ocrx_word' id='word_1_453' title='bbox 1685 3424 1740 3472; x_wconf 91' lang='lat' dir='ltr'><strong>et</strong></span> <span class='ocrx_word' id='word_1_454' title='bbox 1765 3416 1907 3470; x_wconf 90' lang='lat' dir='ltr'><strong>illam</strong></span> <span class='ocrx_word' id='word_1_455' title='bbox 1938 3415 2180 3477; x_wconf 72' lang='lat' dir='ltr'><strong>delicatae</strong></span> 
     </span>
    </p>
   </div>
   <div class='ocr_carea' id='block_1_64' title="bbox 590 3502 2181 3588">
    <p class='ocr_par' dir='ltr' id='par_1_64' title="bbox 590 3502 2181 3588">
     <span class='ocr_line' id='line_1_64' title="bbox 590 3502 2181 3588; baseline -0.007 -13"><span class='ocrx_word' id='word_1_456' title='bbox 590 3516 788 3577; x_wconf 83' lang='lat' dir='ltr'><strong>mentis</strong></span> <span class='ocrx_word' id='word_1_457' title='bbox 829 3514 1230 3588; x_wconf 88' lang='lat' dir='ltr'><strong>pudicissimam</strong></span> <span class='ocrx_word' id='word_1_458' title='bbox 1262 3512 1677 3569; x_wconf 87' lang='lat' dir='ltr'><strong>teneritudinem</strong></span> <span class='ocrx_word' id='word_1_459' title='bbox 1716 3511 1947 3582; x_wconf 88' lang='lat' dir='ltr'><strong>iocunda</strong></span> <span class='ocrx_word' id='word_1_460' title='bbox 1974 3502 2181 3565; x_wconf 69' lang='lat' dir='ltr'><strong>lsimili-</strong></span> 
     </span>
    </p>
   </div>
   <div class='ocr_carea' id='block_1_65' title="bbox 588 3605 2179 3680">
    <p class='ocr_par' dir='ltr' id='par_1_65' title="bbox 588 3605 2179 3680">
     <span class='ocr_line' id='line_1_65' title="bbox 588 3605 2179 3680; baseline -0.006 -11"><span class='ocrx_word' id='word_1_461' title='bbox 588 3610 779 3669; x_wconf 90' lang='lat' dir='ltr'><strong>tudine</strong></span> <span class='ocrx_word' id='word_1_462' title='bbox 805 3609 1112 3680; x_wconf 76' lang='lat' dir='ltr'><strong>exscripsit.</strong></span> <span class='ocrx_word' id='word_1_463' title='bbox 1138 3608 1477 3679; x_wconf 85' lang='lat' dir='ltr'><strong>Quapropter</strong></span> <span class='ocrx_word' id='word_1_464' title='bbox 1504 3615 1760 3676; x_wconf 91' lang='lat' dir='ltr'><strong>quantum</strong></span> <span class='ocrx_word' id='word_1_465' title='bbox 1792 3606 1953 3677; x_wconf 72' lang='lat'><strong>202</strong></span> <span class='ocrx_word' id='word_1_466' title='bbox 1976 3605 2179 3660; x_wconf 64' lang='lat' dir='ltr'><strong>.volue-</strong></span> 
     </span>
    </p>
   </div>
   <div class='ocr_carea' id='block_1_66' title="bbox 588 3684 2221 3773">
    <p class='ocr_par' dir='ltr' id='par_1_66' title="bbox 588 3684 2221 3773">
     <span class='ocr_line' id='line_1_66' title="bbox 588 3684 2221 3773; baseline -0.007 -12"><span class='ocrx_word' id='word_1_467' title='bbox 588 3703 665 3761; x_wconf 86' lang='lat' dir='ltr'><strong>ris</strong></span> <span class='ocrx_word' id='word_1_468' title='bbox 692 3704 947 3773; x_wconf 91' lang='lat' dir='ltr'><strong>deinceps</strong></span> <span class='ocrx_word' id='word_1_469' title='bbox 977 3701 1078 3756; x_wconf 87' lang='lat' dir='ltr'><strong>frui</strong></span> <span class='ocrx_word' id='word_1_470' title='bbox 1110 3710 1343 3765; x_wconf 88' lang='lat' dir='ltr'><strong>secreto,</strong></span> <span class='ocrx_word' id='word_1_471' title='bbox 1376 3698 1656 3769; x_wconf 89' lang='lat' dir='ltr'><strong>indulgere</strong></span> <span class='ocrx_word' id='word_1_472' title='bbox 1691 3698 1960 3764; x_wconf 90' lang='lat' dir='ltr'><strong>secessui,</strong></span> <span class='ocrx_word' id='word_1_473' title='bbox 1986 3696 2183 3765; x_wconf 87' lang='lat' dir='ltr'><strong>licebit</strong></span> <span class='ocrx_word' id='word_1_474' title='bbox 2218 3684 2221 3689; x_wconf 64' lang='grc'><em>’</em></span> 
     </span>
    </p>
   </div>
   <div class='ocr_carea' id='block_1_67' title="bbox 589 3790 2181 3870">
    <p class='ocr_par' dir='ltr' id='par_1_67' title="bbox 589 3790 2181 3870">
     <span class='ocr_line' id='line_1_67' title="bbox 589 3790 2181 3870; baseline -0.006 -15"><span class='ocrx_word' id='word_1_475' title='bbox 589 3797 905 3870; x_wconf 83' lang='lat' dir='ltr'><strong>indulgeas:</strong></span> <span class='ocrx_word' id='word_1_476' title='bbox 935 3794 1369 3869; x_wconf 88' lang='lat' dir='ltr'><strong>quandoquidem</strong></span> <span class='ocrx_word' id='word_1_477' title='bbox 1410 3809 1510 3849; x_wconf 92' lang='lat' dir='ltr'><strong>nos</strong></span> <span class='ocrx_word' id='word_1_478' title='bbox 1550 3794 1604 3848; x_wconf 92' lang='lat' dir='ltr'><strong>in</strong></span> <span class='ocrx_word' id='word_1_479' title='bbox 1641 3791 1809 3848; x_wconf 85' lang='lat' dir='ltr'><strong>fratre</strong></span> <span class='ocrx_word' id='word_1_480' title='bbox 1840 3807 1969 3848; x_wconf 85' lang='lat' dir='ltr'><strong>meo</strong></span> <span class='ocrx_word' id='word_1_481' title='bbox 1990 3790 2181 3849; x_wconf 43' lang='lat' dir='ltr'><strong>,Hime-</strong></span> 
     </span>
    </p>
   </div>
   <div class='ocr_carea' id='block_1_68' title="bbox 588 3882 2180 3961">
    <p class='ocr_par' dir='ltr' id='par_1_68' title="bbox 588 3882 2180 3961">
     <span class='ocr_line' id='line_1_68' title="bbox 588 3882 2180 3961; baseline -0.006 -14"><span class='ocrx_word' id='word_1_482' title='bbox 588 3891 691 3961; x_wconf 91' lang='lat' dir='ltr'><strong>rio,</strong></span> <span class='ocrx_word' id='word_1_483' title='bbox 715 3905 872 3949; x_wconf 90' lang='lat' dir='ltr'><strong>avum</strong></span> <span class='ocrx_word' id='word_1_484' title='bbox 904 3890 1141 3958; x_wconf 79' lang='lat' dir='ltr'><strong>nomine,</strong></span> <span class='ocrx_word' id='word_1_485' title='bbox 1168 3896 1377 3959; x_wconf 89' lang='lat' dir='ltr'><strong>patrem</strong></span> <span class='ocrx_word' id='word_1_486' title='bbox 1398 3886 1554 3957; x_wconf 85' lang='lat' dir='ltr'><strong>facie,</strong></span> <span class='ocrx_word' id='word_1_487' title='bbox 1586 3895 1873 3955; x_wconf 85' lang='lat' dir='ltr'><strong>utrumque</strong></span> <span class='ocrx_word' id='word_1_488' title='bbox 1899 3882 2180 3955; x_wconf 86' lang='lat' dir='ltr'><strong>prudentia</strong></span> 
     </span>
    </p>
   </div>
   <div class='ocr_carea' id='block_1_69' title="bbox 590 3982 1173 4055">
    <p class='ocr_par' dir='ltr' id='par_1_69' title="bbox 590 3982 1173 4055">
     <span class='ocr_line' id='line_1_69' title="bbox 590 3982 1173 4055; baseline -0.005 -14"><span class='ocrx_word' id='word_1_489' title='bbox 590 3982 698 4055; x_wconf 87' lang='lat' dir='ltr'><strong>iam</strong></span> <span class='ocrx_word' id='word_1_490' title='bbox 728 3993 994 4041; x_wconf 88' lang='lat' dir='ltr'><strong>tenemus.</strong></span> <span class='ocrx_word' id='word_1_491' title='bbox 1020 3982 1173 4039; x_wconf 82' lang='lat' dir='ltr'><strong>Vale.</strong></span> 
     </span>
    </p>
   </div>
   <div class='ocr_carea' id='block_1_70' title="bbox 1129 4072 1645 4131">
    <p class='ocr_par' dir='ltr' id='par_1_70' title="bbox 1129 4072 1645 4131">
     <span class='ocr_line' id='line_1_70' title="bbox 1129 4072 1645 4131; baseline -0.004 -1"><span class='ocrx_word' id='word_1_492' title='bbox 1129 4072 1467 4131; x_wconf 82' lang='lat' dir='ltr'><strong>EPISTOLA</strong></span> <span class='ocrx_word' id='word_1_493' title='bbox 1504 4072 1645 4129; x_wconf 81' lang='lat' dir='ltr'><strong>XIV.</strong></span> 
     </span>
    </p>
   </div>
   <div class='ocr_carea' id='block_1_71' title="bbox 915 4166 1860 4236">
    <p class='ocr_par' dir='ltr' id='par_1_71' title="bbox 915 4166 1860 4236">
     <span class='ocr_line' id='line_1_71' title="bbox 915 4166 1860 4236; baseline -0.002 -13"><span class='ocrx_word' id='word_1_494' title='bbox 915 4168 1165 4224; x_wconf 80' lang='lat' dir='ltr'><strong>Sidonius</strong></span> <span class='ocrx_word' id='word_1_495' title='bbox 1203 4166 1474 4236; x_wconf 77' lang='lat' dir='ltr'><strong>Philagrio</strong></span> <span class='ocrx_word' id='word_1_496' title='bbox 1502 4183 1596 4222; x_wconf 80' lang='lat' dir='ltr'><strong>suo</strong></span> <span class='ocrx_word' id='word_1_497' title='bbox 1623 4166 1860 4222; x_wconf 75' lang='lat' dir='ltr'><strong>salutem.</strong></span> 
     </span>
    </p>
   </div>
   <div class='ocr_carea' id='block_1_72' title="bbox 666 4258 2183 4331">
    <p class='ocr_par' dir='ltr' id='par_1_72' title="bbox 666 4258 2183 4331">
     <span class='ocr_line' id='line_1_72' title="bbox 666 4258 2183 4331; baseline 0 -16"><span class='ocrx_word' id='word_1_498' title='bbox 666 4259 917 4317; x_wconf 86' lang='lat' dir='ltr'><strong>Proxime</strong></span> <span class='ocrx_word' id='word_1_499' title='bbox 967 4263 1108 4316; x_wconf 90' lang='lat' dir='ltr'><strong>inter</strong></span> <span class='ocrx_word' id='word_1_500' title='bbox 1148 4268 1444 4315; x_wconf 90' lang='lat' dir='ltr'><strong>summates</strong></span> <span class='ocrx_word' id='word_1_501' title='bbox 1471 4260 1616 4315; x_wconf 90' lang='lat' dir='ltr'><strong>viros</strong></span> <span class='ocrx_word' id='word_1_502' title='bbox 1658 4260 1794 4331; x_wconf 90' lang='lat' dir='ltr'><strong>(erat</strong></span> <span class='ocrx_word' id='word_1_503' title='bbox 1836 4269 1889 4315; x_wconf 93' lang='lat' dir='ltr'><strong>et</strong></span> <span class='ocrx_word' id='word_1_504' title='bbox 1932 4258 2183 4328; x_wconf 88' lang='lat' dir='ltr'><strong>frequens</strong></span> 
     </span>
    </p>
   </div>
   <div class='ocr_carea' id='block_1_73' title="bbox 594 4353 2186 4426">
    <p class='ocr_par' dir='ltr' id='par_1_73' title="bbox 594 4353 2186 4426">
     <span class='ocr_line' id='line_1_73' title="bbox 594 4353 2186 4426; baseline -0.003 -16"><span class='ocrx_word' id='word_1_505' title='bbox 594 4353 752 4426; x_wconf 87' lang='lat' dir='ltr'><strong>ordo)</strong></span> <span class='ocrx_word' id='word_1_506' title='bbox 784 4354 950 4411; x_wconf 89' lang='lat' dir='ltr'><strong>vestri</strong></span> <span class='ocrx_word' id='word_1_507' title='bbox 991 4353 1194 4410; x_wconf 90' lang='lat' dir='ltr'><strong>mentio</strong></span> <span class='ocrx_word' id='word_1_508' title='bbox 1226 4354 1346 4409; x_wconf 89' lang='lat' dir='ltr'><strong>fuit.</strong></span> <span class='ocrx_word' id='word_1_509' title='bbox 1377 4353 1578 4410; x_wconf 89' lang='lat' dir='ltr'><strong>Omnes</strong></span> <span class='ocrx_word' id='word_1_510' title='bbox 1607 4353 1676 4410; x_wconf 94' lang='lat' dir='ltr'><strong>de</strong></span> <span class='ocrx_word' id='word_1_511' title='bbox 1716 4364 1768 4408; x_wconf 90' lang='lat' dir='ltr'><strong>te</strong></span> <span class='ocrx_word' id='word_1_512' title='bbox 1803 4353 1931 4409; x_wconf 91' lang='lat' dir='ltr'><strong>boni</strong></span> <span class='ocrx_word' id='word_1_513' title='bbox 1961 4353 2014 4407; x_wconf 93' lang='lat' dir='ltr'><strong>in</strong></span> <span class='ocrx_word' id='word_1_514' title='bbox 2036 4367 2186 4408; x_wconf 85' lang='lat' dir='ltr'><strong>com-</strong></span> 
     </span>
    </p>
   </div>
   <div class='ocr_carea' id='block_1_74' title="bbox 593 4442 2185 4517">
    <p class='ocr_par' dir='ltr' id='par_1_74' title="bbox 593 4442 2185 4517">
     <span class='ocr_line' id='line_1_74' title="bbox 593 4442 2185 4517; baseline -0.001 -14"><span class='ocrx_word' id='word_1_515' title='bbox 593 4462 758 4504; x_wconf 91' lang='lat' dir='ltr'><strong>mune</strong></span> <span class='ocrx_word' id='word_1_516' title='bbox 805 4457 1091 4505; x_wconf 89' lang='lat' dir='ltr'><strong>senserunt</strong></span> <span class='ocrx_word' id='word_1_517' title='bbox 1137 4448 1317 4504; x_wconf 90' lang='lat' dir='ltr'><strong>omnia</strong></span> <span class='ocrx_word' id='word_1_518' title='bbox 1364 4448 1543 4517; x_wconf 89' lang='lat' dir='ltr'><strong>bona,</strong></span> <span class='ocrx_word' id='word_1_519' title='bbox 1592 4463 1714 4505; x_wconf 93' lang='lat' dir='ltr'><strong>cum</strong></span> <span class='ocrx_word' id='word_1_520' title='bbox 1763 4442 1943 4505; x_wconf 88' lang='lat' dir='ltr'><strong>tamen</strong></span> <span class='ocrx_word' id='word_1_521' title='bbox 1991 4445 2185 4517; x_wconf 85' lang='lat' dir='ltr'><strong>singuli</strong></span> 
     </span>
    </p>
   </div>
   <div class='ocr_carea' id='block_1_75' title="bbox 592 4540 2217 4613">
    <p class='ocr_par' dir='ltr' id='par_1_75' title="bbox 592 4540 2217 4613">
     <span class='ocr_line' id='line_1_75' title="bbox 592 4540 2217 4613; baseline -0.001 -16"><span class='ocrx_word' id='word_1_522' title='bbox 592 4541 792 4613; x_wconf 89' lang='lat' dir='ltr'><strong>quique</strong></span> <span class='ocrx_word' id='word_1_523' title='bbox 834 4541 981 4597; x_wconf 88' lang='lat' dir='ltr'><strong>varia</strong></span> <span class='ocrx_word' id='word_1_524' title='bbox 1010 4540 1269 4597; x_wconf 92' lang='lat' dir='ltr'><strong>virtutum</strong></span> <span class='ocrx_word' id='word_1_525' title='bbox 1310 4556 1507 4613; x_wconf 89' lang='lat' dir='ltr'><strong>genera</strong></span> <span class='ocrx_word' id='word_1_526' title='bbox 1552 4542 1836 4599; x_wconf 90' lang='lat' dir='ltr'><strong>dixissent.</strong></span> <span class='ocrx_word' id='word_1_527' title='bbox 1878 4541 2024 4597; x_wconf 90' lang='lat' dir='ltr'><strong>Sane</strong></span> <span class='ocrx_word' id='word_1_528' title='bbox 2059 4556 2217 4613; x_wconf 46' lang='lat' dir='ltr'><strong>cum,</strong></span> 
     </span>
    </p>
   </div>
   <div class='ocr_carea' id='block_1_76' title="bbox 593 4727 2186 4799">
    <p class='ocr_par' dir='ltr' id='par_1_76' title="bbox 593 4727 2186 4799">
     <span class='ocr_line' id='line_1_76' title="bbox 593 4727 2186 4799; baseline 0 -17"><span class='ocrx_word' id='word_1_529' title='bbox 593 4737 746 4793; x_wconf 89' lang='lat' dir='ltr'><strong>sent,</strong></span> <span class='ocrx_word' id='word_1_530' title='bbox 778 4738 975 4797; x_wconf 64' lang='lat' dir='ltr'><strong>praeter</strong></span> <span class='ocrx_word' id='word_1_531' title='bbox 1005 4742 1217 4799; x_wconf 70' lang='lat' dir='ltr'><strong>aequum</strong></span> <span class='ocrx_word' id='word_1_532' title='bbox 1249 4728 1632 4799; x_wconf 90' lang='lat' dir='ltr'><strong>gloriarentur,</strong></span> <span class='ocrx_word' id='word_1_533' title='bbox 1671 4727 1942 4785; x_wconf 90' lang='lat' dir='ltr'><strong>incandui.</strong></span> <span class='ocrx_word' id='word_1_534' title='bbox 1975 4727 2186 4796; x_wconf 84' lang='lat' dir='ltr'><strong>Quippe</strong></span> 
     </span>
    </p>
   </div>
   <div class='ocr_carea' id='block_1_77' title="bbox 594 4819 2188 4891">
    <p class='ocr_par' dir='ltr' id='par_1_77' title="bbox 594 4819 2188 4891">
     <span class='ocr_line' id='line_1_77' title="bbox 594 4819 2188 4891; baseline 0 -17"><span class='ocrx_word' id='word_1_535' title='bbox 594 4833 718 4875; x_wconf 92' lang='lat' dir='ltr'><strong>cum</strong></span> <span class='ocrx_word' id='word_1_536' title='bbox 748 4819 853 4875; x_wconf 91' lang='lat' dir='ltr'><strong>dici</strong></span> <span class='ocrx_word' id='word_1_537' title='bbox 892 4836 1001 4877; x_wconf 92' lang='lat' dir='ltr'><strong>non</strong></span> <span class='ocrx_word' id='word_1_538' title='bbox 1044 4821 1417 4891; x_wconf 66' lang='lat' dir='ltr'><strong>aequanimiter</strong></span> <span class='ocrx_word' id='word_1_539' title='bbox 1459 4820 1832 4888; x_wconf 87' lang='lat' dir='ltr'><strong>admitterem,</strong></span> <span class='ocrx_word' id='word_1_540' title='bbox 1864 4821 2038 4876; x_wconf 90' lang='lat' dir='ltr'><strong>virum</strong></span> <span class='ocrx_word' id='word_1_541' title='bbox 2070 4834 2188 4875; x_wconf 86' lang='lat' dir='ltr'><strong>om-</strong></span> 
     </span>
    </p>
   </div>
   <div class='ocr_carea' id='block_1_78' title="bbox 596 4912 2188 4987">
    <p class='ocr_par' dir='ltr' id='par_1_78' title="bbox 596 4912 2188 4987">
     <span class='ocr_line' id='line_1_78' title="bbox 596 4912 2188 4987; baseline 0.001 -20"><span class='ocrx_word' id='word_1_542' title='bbox 596 4912 743 4967; x_wconf 88' lang='lat' dir='ltr'><strong>nium</strong></span> <span class='ocrx_word' id='word_1_543' title='bbox 784 4913 1083 4970; x_wconf 90' lang='lat' dir='ltr'><strong>litterarum</strong></span> <span class='ocrx_word' id='word_1_544' title='bbox 1114 4914 1471 4971; x_wconf 88' lang='lat' dir='ltr'><strong>vicinantibus</strong></span> <span class='ocrx_word' id='word_1_545' title='bbox 1504 4916 1745 4982; x_wconf 90' lang='lat' dir='ltr'><strong>rusticis,</strong></span> <span class='ocrx_word' id='word_1_546' title='bbox 1775 4928 1941 4987; x_wconf 85' lang='lat' dir='ltr'><strong>quam</strong></span> <span class='ocrx_word' id='word_1_547' title='bbox 1974 4913 2188 4969; x_wconf 81' lang='lat' dir='ltr'><strong>institu-</strong></span> 
     </span>
    </p>
   </div>
   <div class='ocr_carea' id='block_1_79' title="bbox 598 5004 2185 5079">
    <p class='ocr_par' dir='ltr' id='par_1_79' title="bbox 598 5004 2185 5079">
     <span class='ocr_line' id='line_1_79' title="bbox 598 5004 2185 5079; baseline 0 -18"><span class='ocrx_word' id='word_1_548' title='bbox 598 5006 668 5061; x_wconf 89' lang='lat' dir='ltr'><strong>tis</strong></span> <span class='ocrx_word' id='word_1_549' title='bbox 702 5004 819 5063; x_wconf 86' lang='lat' dir='ltr'><strong>fieri</strong></span> <span class='ocrx_word' id='word_1_550' title='bbox 867 5008 1250 5065; x_wconf 89' lang='lat' dir='ltr'><strong>remotioribus</strong></span> <span class='ocrx_word' id='word_1_551' title='bbox 1291 5009 1555 5064; x_wconf 88' lang='lat' dir='ltr'><strong>notiorem</strong></span> <span class='ocrx_word' id='word_1_552' title='bbox 1579 5050 1595 5076; x_wconf 94' lang='lat'><strong>,</strong></span> <span class='ocrx_word' id='word_1_553' title='bbox 1643 5010 1906 5079; x_wconf 89' lang='lat' dir='ltr'><strong>processit</strong></span> <span class='ocrx_word' id='word_1_554' title='bbox 1948 5009 2001 5062; x_wconf 91' lang='lat' dir='ltr'><strong>in</strong></span> <span class='ocrx_word' id='word_1_555' title='bbox 2046 5009 2185 5062; x_wconf 90' lang='lat' dir='ltr'><strong>ulte-</strong></span> 
     </span>
    </p>
   </div>
   <div class='ocr_carea' id='block_1_80' title="bbox 598 5099 2191 5173">
    <p class='ocr_par' dir='ltr' id='par_1_80' title="bbox 598 5099 2191 5173">
     <span class='ocr_line' id='line_1_80' title="bbox 598 5099 2191 5173; baseline 0 -18"><span class='ocrx_word' id='word_1_556' title='bbox 598 5099 741 5155; x_wconf 87' lang='lat' dir='ltr'><strong>riora</strong></span> <span class='ocrx_word' id='word_1_557' title='bbox 789 5102 1063 5157; x_wconf 89' lang='lat' dir='ltr'><strong>contentio</strong></span> <span class='ocrx_word' id='word_1_558' title='bbox 1105 5119 1120 5159; x_wconf 87' lang='lat'><strong>:</strong></span> <span class='ocrx_word' id='word_1_559' title='bbox 1165 5110 1221 5157; x_wconf 89' lang='lat' dir='ltr'><strong>et</strong></span> <span class='ocrx_word' id='word_1_560' title='bbox 1271 5115 1391 5155; x_wconf 91' lang='lat' dir='ltr'><strong>cum</strong></span> <span class='ocrx_word' id='word_1_561' title='bbox 1440 5101 1604 5173; x_wconf 90' lang='lat' dir='ltr'><strong>aliqui</strong></span> <span class='ocrx_word' id='word_1_562' title='bbox 1649 5116 1809 5173; x_wconf 86' lang='lat' dir='ltr'><strong>super</strong></span> <span class='ocrx_word' id='word_1_563' title='bbox 1856 5104 1958 5159; x_wconf 91' lang='lat' dir='ltr'><strong>hoc</strong></span> <span class='ocrx_word' id='word_1_564' title='bbox 2003 5115 2191 5158; x_wconf 90' lang='lat' dir='ltr'><strong>errore</strong></span> 
     </span>
    </p>
   </div>
   <div class='ocr_carea' id='block_1_81' title="bbox 598 5195 2187 5268">
    <p class='ocr_par' dir='ltr' id='par_1_81' title="bbox 598 5195 2187 5268">
     <span class='ocr_line' id='line_1_81' title="bbox 598 5195 2187 5268; baseline -0.001 -18"><span class='ocrx_word' id='word_1_565' title='bbox 598 5195 951 5265; x_wconf 85' lang='lat' dir='ltr'><strong>pervicaciter</strong></span> <span class='ocrx_word' id='word_1_566' title='bbox 989 5203 1534 5252; x_wconf 88' lang='lat' dir='ltr'><strong>controversarentur</strong></span> <span class='ocrx_word' id='word_1_567' title='bbox 1580 5196 1887 5268; x_wconf 86' lang='lat' dir='ltr'><strong>(idiotarum</strong></span> <span class='ocrx_word' id='word_1_568' title='bbox 1924 5196 2187 5268; x_wconf 90' lang='lat' dir='ltr'><strong>siquidem</strong></span> 
     </span>
    </p>
   </div>
   <div class='ocr_carea' id='block_1_82' title="bbox 599 5290 2186 5361">
    <p class='ocr_par' dir='ltr' id='par_1_82' title="bbox 599 5290 2186 5361">
     <span class='ocr_line' id='line_1_82' title="bbox 599 5290 2186 5361; baseline 0.001 -18"><span class='ocrx_word' id='word_1_569' title='bbox 599 5297 717 5355; x_wconf 89' lang='lat' dir='ltr'><strong>est,</strong></span> <span class='ocrx_word' id='word_1_570' title='bbox 754 5290 892 5346; x_wconf 91' lang='lat' dir='ltr'><strong>sicut</strong></span> <span class='ocrx_word' id='word_1_571' title='bbox 940 5290 1097 5347; x_wconf 91' lang='lat' dir='ltr'><strong>facile</strong></span> <span class='ocrx_word' id='word_1_572' title='bbox 1137 5290 1422 5359; x_wconf 90' lang='lat' dir='ltr'><strong>convinci,</strong></span> <span class='ocrx_word' id='word_1_573' title='bbox 1463 5290 1536 5345; x_wconf 91' lang='lat' dir='ltr'><strong>ita</strong></span> <span class='ocrx_word' id='word_1_574' title='bbox 1584 5290 1799 5346; x_wconf 84' lang='lat' dir='ltr'><strong>difficile</strong></span> <span class='ocrx_word' id='word_1_575' title='bbox 1839 5290 2186 5361; x_wconf 86' lang='lat' dir='ltr'><strong>compesci),</strong></span> 
     </span>
    </p>
   </div>
   <div class='ocr_carea' id='block_1_83' title="bbox 598 5382 2187 5454">
    <p class='ocr_par' dir='ltr' id='par_1_83' title="bbox 598 5382 2187 5454">
     <span class='ocr_line' id='line_1_83' title="bbox 598 5382 2187 5454; baseline 0.002 -20"><span class='ocrx_word' id='word_1_576' title='bbox 598 5391 909 5437; x_wconf 81' lang='lat' dir='ltr'><strong>constanter</strong></span> <span class='ocrx_word' id='word_1_577' title='bbox 937 5384 1172 5453; x_wconf 88' lang='lat' dir='ltr'><strong>asserui,</strong></span> <span class='ocrx_word' id='word_1_578' title='bbox 1212 5385 1255 5439; x_wconf 91' lang='lat' dir='ltr'><strong>si</strong></span> <span class='ocrx_word' id='word_1_579' title='bbox 1286 5382 1664 5454; x_wconf 86' lang='lat' dir='ltr'><strong>eloquentibus</strong></span> <span class='ocrx_word' id='word_1_580' title='bbox 1694 5383 1883 5439; x_wconf 89' lang='lat' dir='ltr'><strong>amicis</strong></span> <span class='ocrx_word' id='word_1_581' title='bbox 1914 5399 2187 5453; x_wconf 87' lang='lat' dir='ltr'><strong>nunquam</strong></span> 
     </span>
    </p>
   </div>
   <div class='ocr_carea' id='block_1_84' title="bbox 598 5472 2191 5548">
    <p class='ocr_par' dir='ltr' id='par_1_84' title="bbox 598 5472 2191 5548">
     <span class='ocr_line' id='line_1_84' title="bbox 598 5472 2191 5548; baseline 0.004 -23"><span class='ocrx_word' id='word_1_582' title='bbox 598 5472 801 5542; x_wconf 86' lang='lat' dir='ltr'><strong>agnitio</strong></span> <span class='ocrx_word' id='word_1_583' title='bbox 829 5477 1241 5547; x_wconf 91' lang='lat' dir='ltr'><strong>contemplativa</strong></span> <span class='ocrx_word' id='word_1_584' title='bbox 1274 5479 1581 5548; x_wconf 89' lang='lat' dir='ltr'><strong>proveniat,</strong></span> <span class='ocrx_word' id='word_1_585' title='bbox 1613 5491 1733 5533; x_wconf 91' lang='lat' dir='ltr'><strong>esse</strong></span> <span class='ocrx_word' id='word_1_586' title='bbox 1778 5492 2031 5547; x_wconf 90' lang='lat' dir='ltr'><strong>asperum</strong></span> <span class='ocrx_word' id='word_1_587' title='bbox 2051 5517 2065 5541; x_wconf 92' lang='lat'><strong>,</strong></span> <span class='ocrx_word' id='word_1_588' title='bbox 2107 5487 2191 5531; x_wconf 90' lang='lat' dir='ltr'><strong>ut-</strong></span> 
     </span>
    </p>
   </div>
   <div class='ocr_carea' id='block_1_85' title="bbox 599 5570 2187 5645">
    <p class='ocr_par' dir='ltr' id='par_1_85' title="bbox 599 5570 2187 5645">
     <span class='ocr_line' id='line_1_85' title="bbox 599 5570 2187 5645; baseline 0.003 -23"><span class='ocrx_word' id='word_1_589' title='bbox 599 5578 812 5636; x_wconf 90' lang='lat' dir='ltr'><strong>cunque</strong></span> <span class='ocrx_word' id='word_1_590' title='bbox 859 5570 1132 5627; x_wconf 83' lang='lat' dir='ltr'><strong>tolerabile</strong></span> <span class='ocrx_word' id='word_1_591' title='bbox 1179 5583 1401 5629; x_wconf 86' lang='lat' dir='ltr'><strong>tamen:</strong></span> <span class='ocrx_word' id='word_1_592' title='bbox 1444 5573 1563 5645; x_wconf 89' lang='lat' dir='ltr'><strong>quia</strong></span> <span class='ocrx_word' id='word_1_593' title='bbox 1602 5573 1927 5644; x_wconf 87' lang='lat' dir='ltr'><strong>praevaleant</strong></span> <span class='ocrx_word' id='word_1_594' title='bbox 1975 5573 2187 5643; x_wconf 86' lang='lat' dir='ltr'><strong>ingenia</strong></span> 
     </span>
    </p>
   </div>
   <div class='ocr_carea' id='block_1_86' title="bbox 600 5664 2190 5736">
    <p class='ocr_par' dir='ltr' id='par_1_86' title="bbox 600 5664 2190 5736">
     <span class='ocr_line' id='line_1_86' title="bbox 600 5664 2190 5736; baseline 0.004 -22"><span class='ocrx_word' id='word_1_595' title='bbox 600 5672 727 5723; x_wconf 73' lang='lat' dir='ltr'><strong>suo,</strong></span> <span class='ocrx_word' id='word_1_596' title='bbox 759 5674 937 5715; x_wconf 90' lang='lat' dir='ltr'><strong>coram</strong></span> <span class='ocrx_word' id='word_1_597' title='bbox 965 5664 1154 5732; x_wconf 87' lang='lat' dir='ltr'><strong>quibus</strong></span> <span class='ocrx_word' id='word_1_598' title='bbox 1191 5667 1457 5735; x_wconf 89' lang='lat' dir='ltr'><strong>imperitia</strong></span> <span class='ocrx_word' id='word_1_599' title='bbox 1491 5668 1661 5723; x_wconf 92' lang='lat' dir='ltr'><strong>civica</strong></span> <span class='ocrx_word' id='word_1_600' title='bbox 1700 5665 2099 5736; x_wconf 78' lang='lat' dir='ltr'><strong>peregrinatur;</strong></span> <span class='ocrx_word' id='word_1_601' title='bbox 2122 5666 2190 5720; x_wconf 88' lang='lat' dir='ltr'><strong>ad</strong></span> 
     </span>
    </p>
   </div>
   <div class='ocr_carea' id='block_1_87' title="bbox 603 5754 2191 5829">
    <p class='ocr_par' dir='ltr' id='par_1_87' title="bbox 603 5754 2191 5829">
     <span class='ocr_line' id='line_1_87' title="bbox 603 5754 2191 5829; baseline 0.004 -25"><span class='ocrx_word' id='word_1_602' title='bbox 603 5759 930 5805; x_wconf 87' lang='lat' dir='ltr'><strong>remotarum</strong></span> <span class='ocrx_word' id='word_1_603' title='bbox 969 5754 1232 5809; x_wconf 90' lang='lat' dir='ltr'><strong>desideria</strong></span> <span class='ocrx_word' id='word_1_604' title='bbox 1274 5758 1688 5826; x_wconf 90' lang='lat' dir='ltr'><strong>provinciarum,</strong></span> <span class='ocrx_word' id='word_1_605' title='bbox 1723 5757 1867 5829; x_wconf 80' lang='lat' dir='ltr'><strong>stle</strong></span> <span class='ocrx_word' id='word_1_606' title='bbox 1896 5756 2191 5812; x_wconf 89' lang='lat' dir='ltr'><strong>adminicu-</strong></span> 
     </span>
    </p>
   </div>
   <div class='ocr_carea' id='block_1_88' title="bbox 601 5848 2187 5927">
    <p class='ocr_par' dir='ltr' id='par_1_88' title="bbox 601 5848 2187 5927">
     <span class='ocr_line' id='line_1_88' title="bbox 601 5848 2187 5927; baseline 0.006 -22"><span class='ocrx_word' id='word_1_607' title='bbox 601 5848 747 5905; x_wconf 88' lang='lat' dir='ltr'><strong>lautc</strong></span> <span class='ocrx_word' id='word_1_608' title='bbox 785 5850 1059 5919; x_wconf 85' lang='lat' dir='ltr'><strong>porrigere</strong></span> <span class='ocrx_word' id='word_1_609' title='bbox 1091 5865 1104 5903; x_wconf 89' lang='lat'><strong>:</strong></span> <span class='ocrx_word' id='word_1_610' title='bbox 1148 5865 1243 5922; x_wconf 89' lang='lat' dir='ltr'><strong>per</strong></span> <span class='ocrx_word' id='word_1_611' title='bbox 1281 5868 1443 5923; x_wconf 85' lang='lat' dir='ltr'><strong>queat</strong></span> <span class='ocrx_word' id='word_1_612' title='bbox 1486 5867 1860 5927; x_wconf 65' lang='lat' dir='ltr'><strong>saepenumero</strong></span> <span class='ocrx_word' id='word_1_613' title='bbox 1900 5851 2187 5915; x_wconf 78' lang='lat' dir='ltr'><strong>absentum</strong></span> 
     </span>
    </p>
   </div>
   <div class='ocr_carea' id='block_1_89' title="bbox 2287 3325 3877 3403">
    <p class='ocr_par' dir='ltr' id='par_1_89' title="bbox 2287 3325 3877 3403">
     <span class='ocr_line' id='line_1_89' title="bbox 2287 3325 3877 3403; baseline -0.007 -15"><span class='ocrx_word' id='word_1_614' title='bbox 2287 3331 2681 3403; x_wconf 91' lang='lat' dir='ltr'><strong>competentius</strong></span> <span class='ocrx_word' id='word_1_615' title='bbox 2738 3332 2964 3387; x_wconf 89' lang='lat' dir='ltr'><strong>canibus</strong></span> <span class='ocrx_word' id='word_1_616' title='bbox 3019 3329 3340 3394; x_wconf 89' lang='lat' dir='ltr'><strong>ascribitur;</strong></span> <span class='ocrx_word' id='word_1_617' title='bbox 3383 3344 3453 3383; x_wconf 92' lang='lat' dir='ltr'><strong>an</strong></span> <span class='ocrx_word' id='word_1_618' title='bbox 3498 3325 3877 3397; x_wconf 83' lang='lat' dir='ltr'><strong>vigilantiam?</strong></span> 
     </span>
    </p>
   </div>
   <div class='ocr_carea' id='block_1_90' title="bbox 2285 3419 3873 3496">
    <p class='ocr_par' dir='ltr' id='par_1_90' title="bbox 2285 3419 3873 3496">
     <span class='ocr_line' id='line_1_90' title="bbox 2285 3419 3873 3496; baseline -0.006 -15"><span class='ocrx_word' id='word_1_619' title='bbox 2285 3426 2373 3482; x_wconf 93' lang='lat' dir='ltr'><strong>cui</strong></span> <span class='ocrx_word' id='word_1_620' title='bbox 2404 3434 2575 3481; x_wconf 90' lang='lat' dir='ltr'><strong>certat</strong></span> <span class='ocrx_word' id='word_1_621' title='bbox 2610 3437 2660 3480; x_wconf 92' lang='lat' dir='ltr'><strong>et</strong></span> <span class='ocrx_word' id='word_1_622' title='bbox 2707 3434 2930 3489; x_wconf 88' lang='lat' dir='ltr'><strong>noctua;</strong></span> <span class='ocrx_word' id='word_1_623' title='bbox 2962 3422 3124 3496; x_wconf 61' lang='lat' dir='ltr'><strong>20a.</strong></span> <span class='ocrx_word' id='word_1_624' title='bbox 3150 3440 3216 3477; x_wconf 90' lang='lat' dir='ltr'><strong>an</strong></span> <span class='ocrx_word' id='word_1_625' title='bbox 3249 3428 3471 3478; x_wconf 78' lang='lat' dir='ltr'><strong>vocem?</strong></span> <span class='ocrx_word' id='word_1_626' title='bbox 3493 3419 3571 3474; x_wconf 89' lang='lat' dir='ltr'><strong>cui</strong></span> <span class='ocrx_word' id='word_1_627' title='bbox 3610 3434 3714 3473; x_wconf 91' lang='lat' dir='ltr'><strong>non</strong></span> <span class='ocrx_word' id='word_1_628' title='bbox 3745 3431 3873 3473; x_wconf 87' lang='lat' dir='ltr'><strong>ces-</strong></span> 
     </span>
    </p>
   </div>
   <div class='ocr_carea' id='block_1_91' title="bbox 2286 3514 3871 3589">
    <p class='ocr_par' dir='ltr' id='par_1_91' title="bbox 2286 3514 3871 3589">
     <span class='ocr_line' id='line_1_91' title="bbox 2286 3514 3871 3589; baseline -0.004 -16"><span class='ocrx_word' id='word_1_629' title='bbox 2286 3517 2419 3573; x_wconf 77' lang='lat' dir='ltr'><strong>serit</strong></span> <span class='ocrx_word' id='word_1_630' title='bbox 2449 3518 2631 3572; x_wconf 90' lang='lat' dir='ltr'><strong>asinus</strong></span> <span class='ocrx_word' id='word_1_631' title='bbox 2677 3518 2952 3583; x_wconf 89' lang='lat' dir='ltr'><strong>claritate;</strong></span> <span class='ocrx_word' id='word_1_632' title='bbox 2995 3533 3061 3571; x_wconf 89' lang='lat' dir='ltr'><strong>an</strong></span> <span class='ocrx_word' id='word_1_633' title='bbox 3112 3515 3463 3589; x_wconf 83' lang='lat' dir='ltr'><strong>industriam?</strong></span> <span class='ocrx_word' id='word_1_634' title='bbox 3499 3514 3581 3569; x_wconf 92' lang='lat' dir='ltr'><strong>cui</strong></span> <span class='ocrx_word' id='word_1_635' title='bbox 3626 3527 3722 3582; x_wconf 88' lang='lat' dir='ltr'><strong>pro</strong></span> <span class='ocrx_word' id='word_1_636' title='bbox 3768 3526 3871 3567; x_wconf 90' lang='lat' dir='ltr'><strong>suo</strong></span> 
     </span>
    </p>
   </div>
   <div class='ocr_carea' id='block_1_92' title="bbox 2286 3604 3878 3680">
    <p class='ocr_par' dir='ltr' id='par_1_92' title="bbox 2286 3604 3878 3680">
     <span class='ocr_line' id='line_1_92' title="bbox 2286 3604 3878 3680; baseline -0.004 -14"><span class='ocrx_word' id='word_1_637' title='bbox 2286 3611 2504 3666; x_wconf 89' lang='lat' dir='ltr'><strong>modulo</strong></span> <span class='ocrx_word' id='word_1_638' title='bbox 2533 3609 2834 3680; x_wconf 89' lang='lat' dir='ltr'><strong>comparari</strong></span> <span class='ocrx_word' id='word_1_639' title='bbox 2864 3625 2963 3665; x_wconf 91' lang='lat' dir='ltr'><strong>nec</strong></span> <span class='ocrx_word' id='word_1_640' title='bbox 3005 3608 3228 3664; x_wconf 88' lang='lat' dir='ltr'><strong>formica</strong></span> <span class='ocrx_word' id='word_1_641' title='bbox 3258 3606 3532 3664; x_wconf 89' lang='lat' dir='ltr'><strong>formidat.</strong></span> <span class='ocrx_word' id='word_1_642' title='bbox 3571 3605 3676 3662; x_wconf 87' lang='lat' dir='ltr'><strong>Sed</strong></span> <span class='ocrx_word' id='word_1_643' title='bbox 3712 3604 3878 3660; x_wconf 81' lang='lat' dir='ltr'><strong>forsi-</strong></span> 
     </span>
    </p>
   </div>
   <div class='ocr_carea' id='block_1_93' title="bbox 2286 3697 3877 3775">
    <p class='ocr_par' dir='ltr' id='par_1_93' title="bbox 2286 3697 3877 3775">
     <span class='ocr_line' id='line_1_93' title="bbox 2286 3697 3877 3775; baseline -0.005 -16"><span class='ocrx_word' id='word_1_644' title='bbox 2286 3712 2374 3759; x_wconf 91' lang='lat' dir='ltr'><strong>tan</strong></span> <span class='ocrx_word' id='word_1_645' title='bbox 2416 3704 2709 3775; x_wconf 69' lang='lat' dir='ltr'><strong>praaf‘erunt</strong></span> <span class='ocrx_word' id='word_1_646' title='bbox 2750 3704 2856 3758; x_wconf 91' lang='lat' dir='ltr'><strong>vim</strong></span> <span class='ocrx_word' id='word_1_647' title='bbox 2907 3701 3162 3758; x_wconf 90' lang='lat' dir='ltr'><strong>videndi:</strong></span> <span class='ocrx_word' id='word_1_648' title='bbox 3194 3713 3445 3771; x_wconf 88' lang='lat' dir='ltr'><strong>tanquam</strong></span> <span class='ocrx_word' id='word_1_649' title='bbox 3496 3700 3705 3756; x_wconf 88' lang='lat' dir='ltr'><strong>nonsit</strong></span> <span class='ocrx_word' id='word_1_650' title='bbox 3740 3697 3877 3753; x_wconf 81' lang='lat' dir='ltr'><strong>emi-</strong></span> 
     </span>
    </p>
   </div>
   <div class='ocr_carea' id='block_1_94' title="bbox 2288 3790 3874 3865">
    <p class='ocr_par' dir='ltr' id='par_1_94' title="bbox 2288 3790 3874 3865">
     <span class='ocr_line' id='line_1_94' title="bbox 2288 3790 3874 3865; baseline -0.003 -14"><span class='ocrx_word' id='word_1_651' title='bbox 2288 3798 2499 3851; x_wconf 92' lang='lat' dir='ltr'><strong>nentior</strong></span> <span class='ocrx_word' id='word_1_652' title='bbox 2529 3797 2673 3850; x_wconf 90' lang='lat' dir='ltr'><strong>visus</strong></span> <span class='ocrx_word' id='word_1_653' title='bbox 2702 3794 3023 3865; x_wconf 89' lang='lat' dir='ltr'><strong>aquilarum.</strong></span> <span class='ocrx_word' id='word_1_654' title='bbox 3068 3795 3365 3852; x_wconf 74' lang='lat' dir='ltr'><strong>meerunt</strong></span> <span class='ocrx_word' id='word_1_655' title='bbox 3401 3791 3656 3849; x_wconf 90' lang='lat' dir='ltr'><strong>audiendi</strong></span> <span class='ocrx_word' id='word_1_656' title='bbox 3687 3790 3874 3848; x_wconf 84' lang='lat' dir='ltr'><strong>effica-</strong></span> 
     </span>
    </p>
   </div>
   <div class='ocr_carea' id='block_1_95' title="bbox 2286 3884 3872 3958">
    <p class='ocr_par' dir='ltr' id='par_1_95' title="bbox 2286 3884 3872 3958">
     <span class='ocr_line' id='line_1_95' title="bbox 2286 3884 3872 3958; baseline -0.002 -16"><span class='ocrx_word' id='word_1_657' title='bbox 2286 3886 2465 3942; x_wconf 91' lang='lat' dir='ltr'><strong>ciam:</strong></span> <span class='ocrx_word' id='word_1_658' title='bbox 2512 3897 2761 3958; x_wconf 89' lang='lat' dir='ltr'><strong>tanquam</strong></span> <span class='ocrx_word' id='word_1_659' title='bbox 2812 3902 2903 3942; x_wconf 91' lang='lat' dir='ltr'><strong>sus</strong></span> <span class='ocrx_word' id='word_1_660' title='bbox 2951 3886 3197 3958; x_wconf 90' lang='lat' dir='ltr'><strong>hispidus</strong></span> <span class='ocrx_word' id='word_1_661' title='bbox 3245 3902 3351 3942; x_wconf 90' lang='lat' dir='ltr'><strong>non</strong></span> <span class='ocrx_word' id='word_1_662' title='bbox 3401 3885 3623 3941; x_wconf 86' lang='lat' dir='ltr'><strong>antistet</strong></span> <span class='ocrx_word' id='word_1_663' title='bbox 3668 3884 3872 3940; x_wconf 87' lang='lat' dir='ltr'><strong>auditu.</strong></span> 
     </span>
    </p>
   </div>
   <div class='ocr_carea' id='block_1_96' title="bbox 2284 3982 3880 4052">
    <p class='ocr_par' dir='ltr' id='par_1_96' title="bbox 2284 3982 3880 4052">
     <span class='ocr_line' id='line_1_96' title="bbox 2284 3982 3880 4052; baseline -0.004 -13"><span class='ocrx_word' id='word_1_664' title='bbox 2284 3982 2588 4040; x_wconf 66' lang='lat' dir='ltr'><strong>Praeferunt</strong></span> <span class='ocrx_word' id='word_1_665' title='bbox 2617 3982 2875 4038; x_wconf 89' lang='lat' dir='ltr'><strong>odorandi</strong></span> <span class='ocrx_word' id='word_1_666' title='bbox 2900 3982 3287 4039; x_wconf 89' lang='lat' dir='ltr'><strong>subtilitatem:</strong></span> <span class='ocrx_word' id='word_1_667' title='bbox 3314 3988 3570 4052; x_wconf 88' lang='lat' dir='ltr'><strong>tanquam</strong></span> <span class='ocrx_word' id='word_1_668' title='bbox 3602 3994 3708 4035; x_wconf 93' lang='lat' dir='ltr'><strong>non</strong></span> <span class='ocrx_word' id='word_1_669' title='bbox 3740 3993 3880 4049; x_wconf 62' lang='lat' dir='ltr'><strong>pra:-</strong></span> 
     </span>
    </p>
   </div>
   <div class='ocr_carea' id='block_1_97' title="bbox 2286 4070 3877 4145">
    <p class='ocr_par' dir='ltr' id='par_1_97' title="bbox 2286 4070 3877 4145">
     <span class='ocr_line' id='line_1_97' title="bbox 2286 4070 3877 4145; baseline -0.004 -12"><span class='ocrx_word' id='word_1_670' title='bbox 2286 4077 2443 4133; x_wconf 89' lang='lat' dir='ltr'><strong>cedat</strong></span> <span class='ocrx_word' id='word_1_671' title='bbox 2472 4077 2650 4133; x_wconf 93' lang='lat' dir='ltr'><strong>vultur</strong></span> <span class='ocrx_word' id='word_1_672' title='bbox 2689 4075 2910 4133; x_wconf 88' lang='lat' dir='ltr'><strong>olfactu.</strong></span> <span class='ocrx_word' id='word_1_673' title='bbox 2950 4073 3249 4130; x_wconf 82' lang='lat' dir='ltr'><strong>Praeferuut</strong></span> <span class='ocrx_word' id='word_1_674' title='bbox 3289 4071 3539 4145; x_wconf 88' lang='lat' dir='ltr'><strong>gustandi</strong></span> <span class='ocrx_word' id='word_1_675' title='bbox 3587 4070 3877 4127; x_wconf 88' lang='lat' dir='ltr'><strong>discretio-</strong></span> 
     </span>
    </p>
   </div>
   <div class='ocr_carea' id='block_1_98' title="bbox 2287 4164 3879 4241">
    <p class='ocr_par' dir='ltr' id='par_1_98' title="bbox 2287 4164 3879 4241">
     <span class='ocr_line' id='line_1_98' title="bbox 2287 4164 3879 4241; baseline -0.005 -14"><span class='ocrx_word' id='word_1_676' title='bbox 2287 4185 2412 4227; x_wconf 91' lang='lat' dir='ltr'><strong>nem</strong></span> <span class='ocrx_word' id='word_1_677' title='bbox 2441 4187 2455 4225; x_wconf 90' lang='lat'><strong>:</strong></span> <span class='ocrx_word' id='word_1_678' title='bbox 2492 4179 2741 4241; x_wconf 89' lang='lat' dir='ltr'><strong>tanquam</strong></span> <span class='ocrx_word' id='word_1_679' title='bbox 2774 4183 2881 4225; x_wconf 94' lang='lat' dir='ltr'><strong>non</strong></span> <span class='ocrx_word' id='word_1_680' title='bbox 2922 4167 3215 4239; x_wconf 88' lang='lat' dir='ltr'><strong>plurimum</strong></span> <span class='ocrx_word' id='word_1_681' title='bbox 3245 4166 3370 4222; x_wconf 93' lang='lat' dir='ltr'><strong>hinc</strong></span> <span class='ocrx_word' id='word_1_682' title='bbox 3407 4180 3507 4221; x_wconf 86' lang='lat' dir='ltr'><strong>nos</strong></span> <span class='ocrx_word' id='word_1_683' title='bbox 3539 4164 3795 4221; x_wconf 90' lang='lat' dir='ltr'><strong>cedamus</strong></span> <span class='ocrx_word' id='word_1_684' title='bbox 3822 4173 3879 4220; x_wconf 85' lang='lat' dir='ltr'><strong>et</strong></span> 
     </span>
    </p>
   </div>
   <div class='ocr_carea' id='block_1_99' title="bbox 2287 4258 3880 4332">
    <p class='ocr_par' dir='ltr' id='par_1_99' title="bbox 2287 4258 3880 4332">
     <span class='ocr_line' id='line_1_99' title="bbox 2287 4258 3880 4332; baseline -0.004 -14"><span class='ocrx_word' id='word_1_685' title='bbox 2287 4263 2465 4319; x_wconf 91' lang='lat' dir='ltr'><strong>simio.</strong></span> <span class='ocrx_word' id='word_1_686' title='bbox 2494 4263 2632 4331; x_wconf 93' lang='lat' dir='ltr'><strong>Quid</strong></span> <span class='ocrx_word' id='word_1_687' title='bbox 2661 4262 2729 4318; x_wconf 90' lang='lat' dir='ltr'><strong>dc</strong></span> <span class='ocrx_word' id='word_1_688' title='bbox 2774 4270 2921 4318; x_wconf 91' lang='lat' dir='ltr'><strong>tactu</strong></span> <span class='ocrx_word' id='word_1_689' title='bbox 2973 4261 3183 4332; x_wconf 87' lang='lat' dir='ltr'><strong>loquar,</strong></span> <span class='ocrx_word' id='word_1_690' title='bbox 3214 4260 3401 4331; x_wconf 87' lang='lat' dir='ltr'><strong>quinto</strong></span> <span class='ocrx_word' id='word_1_691' title='bbox 3431 4272 3597 4316; x_wconf 88' lang='lat' dir='ltr'><strong>sensu</strong></span> <span class='ocrx_word' id='word_1_692' title='bbox 3634 4258 3880 4327; x_wconf 90' lang='lat' dir='ltr'><strong>corporis</strong></span> 
     </span>
    </p>
   </div>
   <div class='ocr_carea' id='block_1_100' title="bbox 2289 4351 3884 4429">
    <p class='ocr_par' dir='ltr' id='par_1_100' title="bbox 2289 4351 3884 4429">
     <span class='ocr_line' id='line_1_100' title="bbox 2289 4351 3884 4429; baseline -0.004 -16"><span class='ocrx_word' id='word_1_693' title='bbox 2289 4357 2499 4424; x_wconf 89' lang='lat' dir='ltr'><strong>nostri,</strong></span> <span class='ocrx_word' id='word_1_694' title='bbox 2555 4372 2715 4429; x_wconf 90' lang='lat' dir='ltr'><strong>quem</strong></span> <span class='ocrx_word' id='word_1_695' title='bbox 2774 4357 2876 4413; x_wconf 90' lang='lat' dir='ltr'><strong>sibi</strong></span> <span class='ocrx_word' id='word_1_696' title='bbox 2941 4354 3311 4412; x_wconf 79' lang='lat' dir='ltr'><strong>indifferenter</strong></span> <span class='ocrx_word' id='word_1_697' title='bbox 3361 4362 3470 4410; x_wconf 91' lang='lat' dir='ltr'><strong>tam</strong></span> <span class='ocrx_word' id='word_1_698' title='bbox 3526 4351 3884 4424; x_wconf 79' lang='lat' dir='ltr'><strong>philosOphus</strong></span> 
     </span>
    </p>
   </div>
   <div class='ocr_carea' id='block_1_101' title="bbox 2289 4436 3884 4523">
    <p class='ocr_par' dir='ltr' id='par_1_101' title="bbox 2289 4436 3884 4523">
     <span class='ocr_line' id='line_1_101' title="bbox 2289 4436 3884 4523; baseline -0.004 -15"><span class='ocrx_word' id='word_1_699' title='bbox 2289 4467 2449 4523; x_wconf 91' lang='lat' dir='ltr'><strong>quam</strong></span> <span class='ocrx_word' id='word_1_700' title='bbox 2469 4451 2796 4508; x_wconf 89' lang='lat' dir='ltr'><strong>vermiculus</strong></span> <span class='ocrx_word' id='word_1_701' title='bbox 2818 4451 3113 4521; x_wconf 86' lang='lat' dir='ltr'><strong>usurpant?</strong></span> <span class='ocrx_word' id='word_1_702' title='bbox 3138 4450 3314 4513; x_wconf 85' lang='lat' dir='ltr'><strong>Taceo</strong></span> <span class='ocrx_word' id='word_1_703' title='bbox 3340 4436 3428 4505; x_wconf 85' lang='lat' dir='ltr'><strong>hic</strong></span> <span class='ocrx_word' id='word_1_704' title='bbox 3456 4447 3527 4505; x_wconf 90' lang='lat' dir='ltr'><strong>de</strong></span> <span class='ocrx_word' id='word_1_705' title='bbox 3548 4448 3884 4518; x_wconf 85' lang='lat' dir='ltr'><strong>appetitibus</strong></span> 
     </span>
    </p>
   </div>
   <div class='ocr_carea' id='block_1_102' title="bbox 2288 4540 3886 4615">
    <p class='ocr_par' dir='ltr' id='par_1_102' title="bbox 2288 4540 3886 4615">
     <span class='ocr_line' id='line_1_102' title="bbox 2288 4540 3886 4615; baseline -0.003 -16"><span class='ocrx_word' id='word_1_706' title='bbox 2288 4544 2647 4609; x_wconf 87' lang='lat' dir='ltr'><strong>illecebrosis,</strong></span> <span class='ocrx_word' id='word_1_707' title='bbox 2673 4559 2808 4615; x_wconf 89' lang='lat' dir='ltr'><strong>quos</strong></span> <span class='ocrx_word' id='word_1_708' title='bbox 2838 4543 2890 4599; x_wconf 92' lang='lat' dir='ltr'><strong>in</strong></span> <span class='ocrx_word' id='word_1_709' title='bbox 2919 4544 3063 4599; x_wconf 91' lang='lat' dir='ltr'><strong>coitu</strong></span> <span class='ocrx_word' id='word_1_710' title='bbox 3095 4544 3262 4598; x_wconf 91' lang='lat' dir='ltr'><strong>motui</strong></span> <span class='ocrx_word' id='word_1_711' title='bbox 3294 4542 3529 4599; x_wconf 88' lang='lat' dir='ltr'><strong>belluino</strong></span> <span class='ocrx_word' id='word_1_712' title='bbox 3561 4542 3741 4597; x_wconf 87' lang='lat' dir='ltr'><strong>carnis</strong></span> <span class='ocrx_word' id='word_1_713' title='bbox 3768 4540 3886 4608; x_wconf 30' lang='lat' dir='ltr'><strong>,hu-</strong></span> 
     </span>
    </p>
   </div>
   <div class='ocr_carea' id='block_1_103' title="bbox 562 4610 3884 4707">
    <p class='ocr_par' dir='ltr' id='par_1_103' title="bbox 562 4610 3884 4707">
     <span class='ocr_line' id='line_1_103' title="bbox 562 4610 3884 4707; baseline -0 -17"><span class='ocrx_word' id='word_1_714' title='bbox 562 4632 565 4633; x_wconf 60' lang='grc'><strong><em>⁷</em></strong></span> <span class='ocrx_word' id='word_1_715' title='bbox 593 4632 695 4691; x_wconf 90' lang='lat' dir='ltr'><strong>sibi</strong></span> <span class='ocrx_word' id='word_1_716' title='bbox 726 4633 993 4705; x_wconf 90' lang='lat' dir='ltr'><strong>quispiam</strong></span> <span class='ocrx_word' id='word_1_717' title='bbox 1030 4633 1097 4690; x_wconf 91' lang='lat' dir='ltr'><strong>de</strong></span> <span class='ocrx_word' id='word_1_718' title='bbox 1129 4610 1414 4703; x_wconf 71' lang='lat' dir='ltr'><strong>prmsentia</strong></span> <span class='ocrx_word' id='word_1_719' title='bbox 1445 4642 1556 4704; x_wconf 91' lang='lat' dir='ltr'><strong>tua,</strong></span> <span class='ocrx_word' id='word_1_720' title='bbox 1589 4635 1740 4706; x_wconf 90' lang='lat' dir='ltr'><strong>quasi</strong></span> <span class='ocrx_word' id='word_1_721' title='bbox 1773 4645 1824 4691; x_wconf 94' lang='lat' dir='ltr'><strong>te</strong></span> <span class='ocrx_word' id='word_1_722' title='bbox 1856 4634 2025 4705; x_wconf 89' lang='lat' dir='ltr'><strong>magis</strong></span> <span class='ocrx_word' id='word_1_723' title='bbox 2055 4649 2184 4691; x_wconf 87' lang='lat' dir='ltr'><strong>nos-</strong></span> <span class='ocrx_word' id='word_1_724' title='bbox 2204 4610 2264 4673; x_wconf 77' lang='lat' dir='ltr'><strong>‘D</strong></span> <span class='ocrx_word' id='word_1_725' title='bbox 2289 4652 2463 4693; x_wconf 77' lang='lat' dir='ltr'><strong>manu:</strong></span> <span class='ocrx_word' id='word_1_726' title='bbox 2507 4610 2750 4707; x_wconf 79' lang='lat' dir='ltr'><strong>voluptas</strong></span> <span class='ocrx_word' id='word_1_727' title='bbox 2792 4636 3042 4692; x_wconf 88' lang='lat' dir='ltr'><strong>inclinata</strong></span> <span class='ocrx_word' id='word_1_728' title='bbox 3086 4636 3471 4694; x_wconf 89' lang='lat' dir='ltr'><strong>communicat.</strong></span> <span class='ocrx_word' id='word_1_729' title='bbox 3521 4633 3663 4690; x_wconf 86' lang='lat' dir='ltr'><strong>Ecce</strong></span> <span class='ocrx_word' id='word_1_730' title='bbox 3715 4648 3884 4704; x_wconf 87' lang='lat' dir='ltr'><strong>quam</strong></span> 
     </span>
    </p>
   </div>
   <div class='ocr_carea' id='block_1_104' title="bbox 2292 4712 3884 4803">
    <p class='ocr_par' dir='ltr' id='par_1_104' title="bbox 2292 4712 3884 4803">
     <span class='ocr_line' id='line_1_104' title="bbox 2292 4712 3884 4803; baseline -0.002 -16"><span class='ocrx_word' id='word_1_731' title='bbox 2292 4732 2564 4788; x_wconf 87' lang='lat' dir='ltr'><strong>miseriam</strong></span> <span class='ocrx_word' id='word_1_732' title='bbox 2611 4729 2905 4803; x_wconf 87' lang='lat' dir='ltr'><strong>praeferunt</strong></span> <span class='ocrx_word' id='word_1_733' title='bbox 2947 4731 3344 4802; x_wconf 78' lang='lat' dir='ltr'><strong>excoluntque,</strong></span> <span class='ocrx_word' id='word_1_734' title='bbox 3389 4730 3482 4800; x_wconf 90' lang='lat' dir='ltr'><strong>qui</strong></span> <span class='ocrx_word' id='word_1_735' title='bbox 3528 4731 3699 4795; x_wconf 90' lang='lat' dir='ltr'><strong>mihi,</strong></span> <span class='ocrx_word' id='word_1_736' title='bbox 3734 4712 3884 4799; x_wconf 80' lang='lat' dir='ltr'><strong>quod</strong></span> 
     </span>
    </p>
   </div>
   <div class='ocr_carea' id='block_1_105' title="bbox 2292 4823 3889 4897">
    <p class='ocr_par' dir='ltr' id='par_1_105' title="bbox 2292 4823 3889 4897">
     <span class='ocr_line' id='line_1_105' title="bbox 2292 4823 3889 4897; baseline 0 -17"><span class='ocrx_word' id='word_1_737' title='bbox 2292 4826 2373 4881; x_wconf 89' lang='lat' dir='ltr'><strong>eis</strong></span> <span class='ocrx_word' id='word_1_738' title='bbox 2396 4826 2511 4882; x_wconf 92' lang='lat' dir='ltr'><strong>solo</strong></span> <span class='ocrx_word' id='word_1_739' title='bbox 2539 4825 2614 4883; x_wconf 91' lang='lat' dir='ltr'><strong>sis</strong></span> <span class='ocrx_word' id='word_1_740' title='bbox 2642 4826 2832 4882; x_wconf 90' lang='lat' dir='ltr'><strong>obtutu</strong></span> <span class='ocrx_word' id='word_1_741' title='bbox 2862 4827 3069 4895; x_wconf 88' lang='lat' dir='ltr'><strong>notior,</strong></span> <span class='ocrx_word' id='word_1_742' title='bbox 3101 4825 3294 4897; x_wconf 88' lang='lat' dir='ltr'><strong>turgidi</strong></span> <span class='ocrx_word' id='word_1_743' title='bbox 3334 4825 3610 4881; x_wconf 86' lang='lat' dir='ltr'><strong>insultant.</strong></span> <span class='ocrx_word' id='word_1_744' title='bbox 3641 4823 3740 4879; x_wconf 81' lang='lat' dir='ltr'><strong>Ast</strong></span> <span class='ocrx_word' id='word_1_745' title='bbox 3777 4838 3889 4895; x_wconf 87' lang='lat' dir='ltr'><strong>ego</strong></span> 
     </span>
    </p>
   </div>
   <div class='ocr_carea' id='block_1_106' title="bbox 2290 4917 3890 4989">
    <p class='ocr_par' dir='ltr' id='par_1_106' title="bbox 2290 4917 3890 4989">
     <span class='ocr_line' id='line_1_106' title="bbox 2290 4917 3890 4989; baseline -0.001 -16"><span class='ocrx_word' id='word_1_746' title='bbox 2290 4917 2439 4974; x_wconf 91' lang='lat' dir='ltr'><strong>illum</strong></span> <span class='ocrx_word' id='word_1_747' title='bbox 2482 4933 2694 4989; x_wconf 89' lang='lat' dir='ltr'><strong>semper</strong></span> <span class='ocrx_word' id='word_1_748' title='bbox 2720 4917 3045 4989; x_wconf 88' lang='lat' dir='ltr'><strong>Philagrium</strong></span> <span class='ocrx_word' id='word_1_749' title='bbox 3075 4919 3251 4986; x_wconf 90' lang='lat' dir='ltr'><strong>video,</strong></span> <span class='ocrx_word' id='word_1_750' title='bbox 3281 4917 3434 4988; x_wconf 88' lang='lat' dir='ltr'><strong>cuius</strong></span> <span class='ocrx_word' id='word_1_751' title='bbox 3462 4917 3506 4972; x_wconf 90' lang='lat' dir='ltr'><strong>si</strong></span> <span class='ocrx_word' id='word_1_752' title='bbox 3548 4920 3774 4974; x_wconf 82' lang='lat' dir='ltr'><strong>tacentis</strong></span> <span class='ocrx_word' id='word_1_753' title='bbox 3802 4918 3890 4971; x_wconf 86' lang='lat' dir='ltr'><strong>vi-</strong></span> 
     </span>
    </p>
   </div>
   <div class='ocr_carea' id='block_1_107' title="bbox 2292 5002 3889 5082">
    <p class='ocr_par' dir='ltr' id='par_1_107' title="bbox 2292 5002 3889 5082">
     <span class='ocr_line' id='line_1_107' title="bbox 2292 5002 3889 5082; baseline -0.002 -15"><span class='ocrx_word' id='word_1_754' title='bbox 2292 5011 2474 5068; x_wconf 87' lang='lat' dir='ltr'><strong>derem</strong></span> <span class='ocrx_word' id='word_1_755' title='bbox 2509 5010 2728 5078; x_wconf 90' lang='lat' dir='ltr'><strong>faciem,</strong></span> <span class='ocrx_word' id='word_1_756' title='bbox 2762 5009 3085 5082; x_wconf 88' lang='lat' dir='ltr'><strong>Philagrium</strong></span> <span class='ocrx_word' id='word_1_757' title='bbox 3126 5027 3232 5066; x_wconf 90' lang='lat' dir='ltr'><strong>non</strong></span> <span class='ocrx_word' id='word_1_758' title='bbox 3262 5002 3526 5066; x_wconf 83' lang='lat' dir='ltr'><strong>viderem&#39;.</strong></span> <span class='ocrx_word' id='word_1_759' title='bbox 3552 5007 3706 5065; x_wconf 82' lang='lat' dir='ltr'><strong>Unde</strong></span> <span class='ocrx_word' id='word_1_760' title='bbox 3751 5008 3889 5064; x_wconf 83' lang='lat' dir='ltr'><strong>illud</strong></span> 
     </span>
    </p>
   </div>
   <div class='ocr_carea' id='block_1_108' title="bbox 2294 5101 3890 5175">
    <p class='ocr_par' dir='ltr' id='par_1_108' title="bbox 2294 5101 3890 5175">
     <span class='ocr_line' id='line_1_108' title="bbox 2294 5101 3890 5175; baseline -0.004 -13"><span class='ocrx_word' id='word_1_761' title='bbox 2294 5105 2473 5162; x_wconf 89' lang='lat' dir='ltr'><strong>simile</strong></span> <span class='ocrx_word' id='word_1_762' title='bbox 2501 5106 2774 5175; x_wconf 88' lang='lat' dir='ltr'><strong>vulgatum</strong></span> <span class='ocrx_word' id='word_1_763' title='bbox 2803 5113 2913 5172; x_wconf 92' lang='lat' dir='ltr'><strong>est,</strong></span> <span class='ocrx_word' id='word_1_764' title='bbox 2959 5106 3099 5174; x_wconf 91' lang='lat' dir='ltr'><strong>quod</strong></span> <span class='ocrx_word' id='word_1_765' title='bbox 3139 5103 3214 5159; x_wconf 91' lang='lat' dir='ltr'><strong>ait</strong></span> <span class='ocrx_word' id='word_1_766' title='bbox 3254 5102 3470 5174; x_wconf 85' lang='lat' dir='ltr'><strong>quidam</strong></span> <span class='ocrx_word' id='word_1_767' title='bbox 3511 5103 3563 5158; x_wconf 92' lang='lat' dir='ltr'><strong>in</strong></span> <span class='ocrx_word' id='word_1_768' title='bbox 3603 5116 3766 5157; x_wconf 88' lang='lat' dir='ltr'><strong>causa</strong></span> <span class='ocrx_word' id='word_1_769' title='bbox 3797 5101 3890 5156; x_wconf 85' lang='lat' dir='ltr'><strong>di-</strong></span> 
     </span>
    </p>
   </div>
   <div class='ocr_carea' id='block_1_109' title="bbox 2296 5195 3892 5271">
    <p class='ocr_par' dir='ltr' id='par_1_109' title="bbox 2296 5195 3892 5271">
     <span class='ocr_line' id='line_1_109' title="bbox 2296 5195 3892 5271; baseline -0.003 -15"><span class='ocrx_word' id='word_1_770' title='bbox 2296 5201 2475 5270; x_wconf 89' lang='lat' dir='ltr'><strong>spari,</strong></span> <span class='ocrx_word' id='word_1_771' title='bbox 2506 5198 2769 5257; x_wconf 89' lang='lat' dir='ltr'><strong>sententia</strong></span> <span class='ocrx_word' id='word_1_772' title='bbox 2817 5198 2929 5271; x_wconf 87' lang='lat' dir='ltr'><strong>pari</strong></span> <span class='ocrx_word' id='word_1_773' title='bbox 2965 5217 2977 5251; x_wconf 94' lang='lat'><strong>:</strong></span> <span class='ocrx_word' id='word_1_774' title='bbox 3012 5196 3061 5250; x_wconf 87' lang='lat' dir='ltr'><em>F</em></span> <span class='ocrx_word' id='word_1_775' title='bbox 3063 5200 3210 5254; x_wconf 82' lang='lat' dir='ltr'><strong>ilium</strong></span> <span class='ocrx_word' id='word_1_776' title='bbox 3252 5197 3329 5253; x_wconf 83' lang='grc' dir='ltr'><strong>Μ.</strong></span> <span class='ocrx_word' id='word_1_777' title='bbox 3355 5195 3611 5255; x_wconf 75' lang='lat' dir='ltr'><strong>Ciceronis</strong></span> <span class='ocrx_word' id='word_1_778' title='bbox 3659 5197 3892 5269; x_wconf 72' lang='lat' dir='ltr'><strong>papulas</strong></span> 
     </span>
    </p>
   </div>
   <div class='ocr_carea' id='block_1_110' title="bbox 2295 5289 3894 5364">
    <p class='ocr_par' dir='ltr' id='par_1_110' title="bbox 2295 5289 3894 5364">
     <span class='ocr_line' id='line_1_110' title="bbox 2295 5289 3894 5364; baseline -0.004 -15"><span class='ocrx_word' id='word_1_779' title='bbox 2295 5293 2562 5349; x_wconf 79' lang='lat' dir='ltr'><strong>Romanus</strong></span> <span class='ocrx_word' id='word_1_780' title='bbox 2589 5308 2690 5347; x_wconf 82' lang='lat' dir='ltr'><strong>non</strong></span> <span class='ocrx_word' id='word_1_781' title='bbox 2712 5291 3021 5364; x_wconf 74' lang='lat' dir='ltr'><strong>agnoscebat</strong></span> <span class='ocrx_word' id='word_1_782' title='bbox 3052 5290 3357 5362; x_wconf 83' lang='lat' dir='ltr'><strong>loquentem.</strong></span> <span class='ocrx_word' id='word_1_783' title='bbox 3385 5289 3730 5346; x_wconf 87' lang='lat' dir='ltr'><strong>Conclamata</strong></span> <span class='ocrx_word' id='word_1_784' title='bbox 3761 5298 3894 5343; x_wconf 85' lang='lat' dir='ltr'><strong>sunt</strong></span> 
     </span>
    </p>
   </div>
   <div class='ocr_carea' id='block_1_111' title="bbox 2294 5383 3889 5455">
    <p class='ocr_par' dir='ltr' id='par_1_111' title="bbox 2294 5383 3889 5455">
     <span class='ocr_line' id='line_1_111' title="bbox 2294 5383 3889 5455; baseline -0.001 -14"><span class='ocrx_word' id='word_1_785' title='bbox 2294 5400 2528 5455; x_wconf 89' lang='lat' dir='ltr'><strong>namque</strong></span> <span class='ocrx_word' id='word_1_786' title='bbox 2558 5385 2761 5455; x_wconf 88' lang='lat' dir='ltr'><strong>judicio</strong></span> <span class='ocrx_word' id='word_1_787' title='bbox 2791 5384 3076 5441; x_wconf 88' lang='lat' dir='ltr'><strong>universali</strong></span> <span class='ocrx_word' id='word_1_788' title='bbox 3112 5384 3352 5440; x_wconf 65' lang='lat' dir='ltr'><strong>scientiae</strong></span> <span class='ocrx_word' id='word_1_789' title='bbox 3384 5383 3638 5455; x_wconf 84' lang='lat' dir='ltr'><strong>dignitas,</strong></span> <span class='ocrx_word' id='word_1_790' title='bbox 3669 5383 3843 5437; x_wconf 82' lang='lat' dir='ltr'><strong>virtus</strong></span> <span class='ocrx_word' id='word_1_791' title='bbox 3872 5401 3889 5439; x_wconf 75' lang='lat'><strong>.&#39;</strong></span> 
     </span>
    </p>
   </div>
   <div class='ocr_carea' id='block_1_112' title="bbox 2294 5474 3893 5551">
    <p class='ocr_par' dir='ltr' id='par_1_112' title="bbox 2294 5474 3893 5551">
     <span class='ocr_line' id='line_1_112' title="bbox 2294 5474 3893 5551; baseline -0.001 -17"><span class='ocrx_word' id='word_1_792' title='bbox 2294 5485 2646 5549; x_wconf 69' lang='lat' dir='ltr'><strong>prmrogattva</strong></span> <span class='ocrx_word' id='word_1_793' title='bbox 2674 5479 2829 5548; x_wconf 88' lang='lat' dir='ltr'><strong>cuius</strong></span> <span class='ocrx_word' id='word_1_794' title='bbox 2868 5477 3262 5551; x_wconf 59' lang='lat' dir='ltr'><strong>ad.maximum</strong></span> <span class='ocrx_word' id='word_1_795' title='bbox 3308 5478 3520 5533; x_wconf 90' lang='lat' dir='ltr'><strong>culmen</strong></span> <span class='ocrx_word' id='word_1_796' title='bbox 3569 5474 3893 5532; x_wconf 83' lang='lat' dir='ltr'><strong>meritorum</strong></span> 
     </span>
    </p>
   </div>
   <div class='ocr_carea' id='block_1_113' title="bbox 2294 5568 3895 5644">
    <p class='ocr_par' dir='ltr' id='par_1_113' title="bbox 2294 5568 3895 5644">
     <span class='ocr_line' id='line_1_113' title="bbox 2294 5568 3895 5644; baseline -0.003 -17"><span class='ocrx_word' id='word_1_797' title='bbox 2294 5571 2550 5644; x_wconf 89' lang='lat' dir='ltr'><strong>gradibus</strong></span> <span class='ocrx_word' id='word_1_798' title='bbox 2580 5571 2907 5627; x_wconf 90' lang='lat' dir='ltr'><strong>ascenditur.</strong></span> <span class='ocrx_word' id='word_1_799' title='bbox 2938 5570 3179 5627; x_wconf 91' lang='lat' dir='ltr'><strong>Primum</strong></span> <span class='ocrx_word' id='word_1_800' title='bbox 3216 5570 3377 5626; x_wconf 87' lang='lat' dir='ltr'><strong>etiam</strong></span> <span class='ocrx_word' id='word_1_801' title='bbox 3409 5568 3636 5625; x_wconf 90' lang='lat' dir='ltr'><strong>bestiale</strong></span> <span class='ocrx_word' id='word_1_802' title='bbox 3664 5582 3895 5639; x_wconf 87' lang='lat' dir='ltr'><strong>corpus,</strong></span> 
     </span>
    </p>
   </div>
   <div class='ocr_carea' id='block_1_114' title="bbox 2296 5660 3895 5733">
    <p class='ocr_par' dir='ltr' id='par_1_114' title="bbox 2296 5660 3895 5733">
     <span class='ocr_line' id='line_1_114' title="bbox 2296 5660 3895 5733; baseline -0.003 -14"><span class='ocrx_word' id='word_1_803' title='bbox 2296 5663 2343 5719; x_wconf 89' lang='lat' dir='ltr'><strong>si</strong></span> <span class='ocrx_word' id='word_1_804' title='bbox 2364 5663 2473 5733; x_wconf 89' lang='lat' dir='ltr'><strong>iam</strong></span> <span class='ocrx_word' id='word_1_805' title='bbox 2506 5664 2641 5719; x_wconf 89' lang='lat' dir='ltr'><strong>forte</strong></span> <span class='ocrx_word' id='word_1_806' title='bbox 2672 5663 2959 5720; x_wconf 90' lang='lat' dir='ltr'><strong>formatum</strong></span> <span class='ocrx_word' id='word_1_807' title='bbox 2981 5672 3095 5728; x_wconf 90' lang='lat' dir='ltr'><strong>est,</strong></span> <span class='ocrx_word' id='word_1_808' title='bbox 3125 5662 3385 5733; x_wconf 89' lang='lat' dir='ltr'><strong>dignitate</strong></span> <span class='ocrx_word' id='word_1_809' title='bbox 3411 5660 3746 5718; x_wconf 87' lang='lat' dir='ltr'><strong>transcendit</strong></span> <span class='ocrx_word' id='word_1_810' title='bbox 3774 5675 3895 5716; x_wconf 79' lang='lat' dir='ltr'><strong>ma-</strong></span> 
     </span>
    </p>
   </div>
   <div class='ocr_carea' id='block_1_115' title="bbox 2295 5754 3896 5826">
    <p class='ocr_par' dir='ltr' id='par_1_115' title="bbox 2295 5754 3896 5826">
     <span class='ocr_line' id='line_1_115' title="bbox 2295 5754 3896 5826; baseline -0.003 -13"><span class='ocrx_word' id='word_1_811' title='bbox 2295 5758 2483 5813; x_wconf 86' lang='lat' dir='ltr'><strong>teriam</strong></span> <span class='ocrx_word' id='word_1_812' title='bbox 2529 5756 2835 5815; x_wconf 89' lang='lat' dir='ltr'><strong>informem.</strong></span> <span class='ocrx_word' id='word_1_813' title='bbox 2875 5756 3078 5813; x_wconf 90' lang='lat' dir='ltr'><strong>Deinde</strong></span> <span class='ocrx_word' id='word_1_814' title='bbox 3122 5756 3352 5812; x_wconf 88' lang='lat' dir='ltr'><strong>formato</strong></span> <span class='ocrx_word' id='word_1_815' title='bbox 3391 5754 3724 5826; x_wconf 72' lang='lat' dir='ltr'><strong>praeponitur</strong></span> <span class='ocrx_word' id='word_1_816' title='bbox 3766 5766 3896 5809; x_wconf 76' lang='lat' dir='ltr'><strong>cor-</strong></span> 
     </span>
    </p>
   </div>
   <div class='ocr_carea' id='block_1_116' title="bbox 2293 5844 3901 5931">
    <p class='ocr_par' dir='ltr' id='par_1_116' title="bbox 2293 5844 3901 5931">
     <span class='ocr_line' id='line_1_116' title="bbox 2293 5844 3901 5931; baseline -0.002 -21"><span class='ocrx_word' id='word_1_817' title='bbox 2293 5866 2400 5923; x_wconf 81' lang='lat' dir='ltr'><strong>pus</strong></span> <span class='ocrx_word' id='word_1_818' title='bbox 2462 5850 2777 5911; x_wconf 88' lang='lat' dir='ltr'><strong>animatum.</strong></span> <span class='ocrx_word' id='word_1_819' title='bbox 2828 5848 3010 5911; x_wconf 87' lang='lat' dir='ltr'><strong>Tertio</strong></span> <span class='ocrx_word' id='word_1_820' title='bbox 3069 5847 3334 5923; x_wconf 82' lang='lat' dir='ltr'><strong>praecedit</strong></span> <span class='ocrx_word' id='word_1_821' title='bbox 3378 5847 3610 5909; x_wconf 87' lang='lat' dir='ltr'><strong>animam</strong></span> <span class='ocrx_word' id='word_1_822' title='bbox 3664 5844 3901 5931; x_wconf 74' lang='lat' dir='ltr'><strong>pecudis</strong></span> 
     </span>
    </p>
   </div>
  </div>
