4140 6336
314 427 431 502 588

320 645 401 702 sic
430 645 537 699 vita
574 644 767 700 rationi
796 663 808 698 :
841 644 995 716 cujus
1031 642 1377 715 assequendae
1406 641 1757 699 substantiam
1806 655 1905 696 no-

320 745 489 793 stram
514 745 814 807 compotem
846 722 987 794 Deus
1008 736 1227 804 artifex,
1250 734 1472 791 ferinam
1493 747 1620 790 vero
1646 732 1901 802 impotem

322 829 484 901 205
506 828 649 885 fecit.
678 827 755 885 Ita
778 837 955 885 tamen
972 870 989 895 ,
1014 828 1158 898 quod
1187 828 1240 884 in
1265 836 1409 882 statu
1437 826 1629 882 mentis
1656 824 1904 881 humana:

323 920 491 990 pollet
532 920 779 992 bipartita
819 919 1077 976 conditio.
1114 920 1245 975 Nam
1274 919 1414 975 sicut
1454 919 1668 985 animae,
1715 917 1904 972 huma-

322 1012 468 1069 nitus
493 1013 619 1070 licet
641 1013 1040 1077 ratiocinantes,
1071 1012 1293 1069 hebetes
1313 1020 1491 1067 tamen
1519 1011 1902 1082 pigrioresque,

324 1106 648 1176 prudentum
697 1114 1082 1178 acutarumque
1126 1105 1404 1161 calcantur
1445 1103 1698 1176 ingenio;
1742 1103 1810 1157 ita
1859 1102 1906 1157 si

323 1213 445 1270 qua:
469 1206 595 1255 sunt
621 1213 745 1271 quae
774 1197 886 1254 sola
917 1197 1146 1253 naturali
1177 1197 1434 1267 sapientia
1463 1195 1676 1267 vigent,
1705 1193 1788 1250 ha:
1816 1208 1908 1265 pe-

323 1291 554 1347 ritarum
608 1306 668 1348 se
720 1290 926 1347 meritis
979 1288 1313 1360 superveniri
1372 1288 1527 1344 facile
1583 1286 1905 1343 concedunt.

322 1383 563 1455 Quorum
593 1398 694 1455 ego
721 1383 981 1455 graduum
1017 1381 1372 1439 differentiam
1405 1381 1729 1446 observans,
1759 1379 1908 1437 illum

326 1475 656 1548 Philagrium
680 1476 860 1533 cordis
880 1475 1039 1533 oculo
1058 1490 1273 1545 semper
1296 1474 1543 1546 inspicio,
1566 1475 1651 1530 cui
1678 1488 1765 1529 me
1793 1473 1911 1528 ani-

323 1581 449 1623 mus
484 1567 867 1638 potentialiter,
895 1575 1082 1623 notum
1125 1581 1334 1623 morum
1373 1565 1726 1625 similitudine
1762 1564 1906 1621 facit.

322 1661 459 1719 Nam
515 1660 642 1718 licet
690 1661 843 1717 bouis
897 1661 1148 1718 omnibus
1195 1660 1443 1732 placeas,
1485 1675 1642 1716 nemo
1689 1669 1741 1714 te
1793 1660 1910 1730 plus

322 1753 498 1809 valuit
543 1752 868 1810 intrinsecus
907 1753 1130 1820 intueri,
1160 1767 1319 1823 quam
1365 1751 1455 1823 qui
1497 1750 1792 1807 forinsecus
1827 1750 1907 1804 af-

323 1845 493 1905 foctat
530 1844 749 1901 imitari.
776 1845 920 1901 Sane
956 1837 1186 1916 qualiter
1210 1844 1507 1900 studiorum
1538 1852 1748 1897 tuorum
1782 1855 1911 1897 con-

1491 425 1968 485 E‘l’lSTOLARUI
2007 426 2137 486 LIB.
2183 429 2292 486 VII.

319 547 533 605 animus
563 545 854 613 humanus;
885 546 1008 618 quia
1052 543 1191 601 sicut
1233 541 1457 600 inferior
1486 551 1568 599 est
1595 555 1721 597 caro
1752 540 1900 607 vitae,
1926 540 1987 604 Α

3473 436 3583 498 586

2552 543 2884 605 EPISTOLA
2922 547 3035 604 XV.

2200 692 2205 695 _
2335 633 2582 692 Sidonius
2608 645 2634 674 ι
2658 637 2873 694 Salonio
2897 655 2991 695 suo
3017 638 3253 696 salutem.

2075 726 2293 795 Quoties
2319 728 2576 784 Viennam
2617 730 2803 797 venio,
2845 741 3082 803 emptum
3113 735 3346 799 maximo
3388 733 3543 790 velim
3564 775 3583 804 ,

2005 827 2065 874 ut
2100 828 2151 875 te
2191 820 2513 892 fratremque
2551 835 2887 878 communem
2926 823 3173 881 colonum
3218 826 3447 882 civitatis
3487 828 3581 880 lia-

2008 910 2192 967 bitatio
2219 910 2336 982 plus
2379 911 2628 977 haberet,
2673 913 2762 982 qui
2810 913 2942 968 mihi
2989 930 3094 971 non
3140 931 3323 973 amore
3369 916 3578 987 solum,

2008 1015 2190 1057 verum
2219 1002 2379 1058 etiam
2421 1003 2752 1074 professione
2791 1004 3089 1060 sociamini.
3125 1006 3228 1063 Sed
3258 1016 3313 1064 et
3348 1005 3437 1064 ille
3474 1008 3581 1064 itu-

2009 1095 2335 1164 putationem
2366 1110 2538 1151 nteam
2576 1107 2837 1166 praetequ
2881 1096 3226 1167 frequentatae
3264 1098 3591 1155 suburbani-

2012 1186 2134 1241 tatis
2160 1185 2363 1243 cludit:
2396 1200 2492 1257 per
2517 1202 2675 1258 quam
2715 1186 2964 1254 efficitur,
2994 1197 3050 1242 ut
3099 1188 3274 1255 nobis,
3309 1204 3409 1246 nec
3444 1205 3584 1260 pra-

2010 1290 2136 1332 scns
2166 1276 2277 1345 ipse
2322 1291 2421 1332 nec
2449 1292 2572 1333 reus
2608 1276 2707 1345 sit;
2735 1287 2789 1335 et
2833 1287 2885 1333 tu
2932 1278 3097 1335 habes
3134 1295 3241 1351 quo
3287 1290 3339 1336 te
3368 1280 3601 1341 interitu

2012 1382 2256 1436 excuses,
2288 1370 2409 1439 quia
2440 1377 2491 1424 te
2520 1369 2611 1426 diu
2651 1369 2887 1440 possidet
2911 1373 2996 1427 vix
3041 1382 3251 1444 recepta
3294 1374 3581 1445 possessio.

2012 1460 2274 1534 Quidquid
2303 1463 2431 1519 illud
2465 1473 2577 1534 est,
2604 1463 2715 1535 jam
2742 1466 2944 1531 venite;
2976 1466 3075 1522 hac
3102 1467 3355 1539 deinceps
3393 1468 3583 1524 condi-

2015 1554 2160 1612 tione
2189 1556 2480 1612 discessum
2509 1555 2843 1627 impetraturi
2859 1582 2879 1623 ,-
2913 1567 3087 1614 utaut
3126 1558 3362 1615 vicissim
3401 1559 3587 1616 redea-

2013 1647 2099 1714 tis,
2130 1658 2222 1705 aut
2261 1649 2455 1706 serius.
2496 1648 2627 1705 Nam
2656 1651 2947 1721 quamlibet
2993 1651 3101 1707 ruri
3142 1652 3302 1722 positi
3338 1661 3588 1709 strenuos

2013 1741 2278 1813 impleatis
2307 1742 2600 1813 agricolas,
2631 1752 2758 1800 tunc
2799 1759 2923 1801 vere
2959 1746 3224 1817 propriam
3268 1754 3465 1802 terram
3511 1746 3587 1801 fe-

2012 1834 2334 1903 cundabitis,
2370 1835 2415 1890 si
2447 1835 2727 1892 ecclesiam
2754 1836 3202 1907 quamplurimum
3233 1837 3429 1906 colitis,
3470 1838 3586 1908 plus

321 1945 612 2020 sectaneus
650 1936 809 2006 llam,
840 1952 1107 2008 consequa
1138 1935 1341 2007 pagina:
1372 1943 1523 2007 parte
1561 1934 1904 1991 reserabitur.
1935 1926 1986 1990 B
2009 1925 2219 1981 colatis.
2253 1924 2398 1982 Vale.

322 2030 515 2096 Amas,
545 2038 606 2085 ut
648 2029 921 2099 comperi,
963 2028 1206 2100 quietos;
1247 2041 1347 2099 ego
1389 2035 1445 2082 et
1491 2029 1732 2097 ignavos.
1781 2022 1908 2080 Bar-

321 2123 488 2179 baros
517 2123 684 2189 vitas,
724 2122 847 2193 quia
888 2121 1011 2177 mali
1054 2128 1332 2191 putentur;
1374 2132 1475 2188 ego
1513 2116 1718 2173 etiamsi
1757 2115 1907 2172 boni.

320 2215 569 2272 Lectioni
597 2214 822 2271 adhibes
846 2213 1205 2285 diligentiam;
1242 2227 1341 2283 ego
1369 2224 1580 2282 quoque
1611 2210 1661 2264 in
1701 2197 1911 2279 illa'pa-

321 2322 449 2363 rum
489 2306 619 2362 mihi
659 2308 832 2377 patior
876 2319 1071 2361 nocere
1114 2303 1394 2359 desidiam.
1432 2300 1680 2371 Comples
1724 2313 1909 2371 persc-

321 2413 456 2455 nam
503 2398 772 2468 religiosi;
816 2413 917 2467 ego
963 2397 1041 2452 vel
1078 2395 1386 2466 imaginem.
1430 2395 1615 2451 Aliena
1659 2408 1765 2449 non
1813 2406 1911 2463 ap-

322 2491 496 2562 petis;
520 2504 618 2561 ego
643 2491 803 2545 etiam
834 2487 1007 2544 refero
1040 2487 1108 2543 ad
1137 2496 1435 2558 quaestum,
1467 2485 1514 2540 si
1554 2484 1767 2556 pr0pria
1800 2498 1908 2540 non

322 2580 573 2652 perdant.
633 2579 926 2637 Delectaris
977 2578 1345 2636 contuberniis
1396 2577 1761 2644 eruditorum;
1810 2592 1909 2649 ego

331 2675 551 2732 turbam
597 2674 885 2745 quamlibet
933 2688 1179 2746 magnam
1228 2673 1502 2730 litteraria
1549 2673 1680 2728 artis
1718 2686 1908 2742 exper-

321 2778 482 2835 tem,
536 2769 819 2824 maximam
871 2766 1213 2823 solitudinem
1259 2764 1492 2836 appello.
1544 2763 1746 2820 Diceris
1788 2776 1909 2820 esse

321 2863 665 2930 latissimus;
695 2877 795 2934 ego
826 2876 1038 2933 quoque
1078 2861 1344 2931 lacrymas
1378 2873 1564 2914 omnes
1602 2856 1777 2927 perire
1810 2856 1909 2912 de-

322 2953 480 3023 finio,
507 2969 638 3026 quas
664 2954 888 3025 quisque
916 2951 1246 3023 profuderit,
1277 2951 1377 3006 nisi
1405 2950 1616 3022 quoties
1647 2949 1755 3004 Deo
1782 2963 1910 3019 sup-

319 3047 513 3120 plicat.
544 3047 969 3104 llumanissimus
995 3061 1118 3102 esse
1140 3045 1405 3111 narraris;
1435 3056 1673 3101 nostram
1700 3058 1909 3114 quoque

321 3140 629 3197 mensulam
661 3141 858 3208 nullus,
882 3149 941 3196 ut
961 3153 1180 3211 specum
1212 3136 1552 3209 Polyphemi,
1584 3136 1780 3207 hospes
1814 3149 1909 3191 ex-

323 3235 558 3290 l.orruit.
589 3235 805 3292 Summa
845 3234 1125 3290 clementia
1165 3229 1261 3287 tibi
1290 3230 1340 3284 in
1369 3228 1595 3285 famulos
1629 3244 1749 3285 esse
1788 3243 1909 3298 per-

2459 2020 2618 2091 m
2650 2018 2981 2076 EPISTULA
3019 2019 3157 2076 xw.

2262 2109 2513 2165 Sidonius
2541 2108 2887 2177 Chariobaudi
2914 2112 3086 2169 abbati
3110 2113 3344 2168 salutem.

2081 2220 2257 2291 Facis,
2288 2238 2321 2278 ο
2350 2225 2505 2280 unice
2533 2223 2588 2280 in
2618 2223 2832 2282 Christo
2867 2232 3112 2297 patruae,
3144 2244 3254 2282 rem
3289 2229 3360 2283 tui
3391 2230 3588 2298 pariter

2008 2321 2064 2368 et
2098 2315 2298 2370 amoris
2325 2323 2380 2370 et
2415 2316 2603 2381 moris,
2643 2317 2785 2386 quod
2819 2318 3083 2388 peregrini
3122 2333 3278 2374 curas
3307 2319 3464 2373 amici
3506 2319 3591 2374 lit~

2012 2405 2141 2460 teris
2185 2406 2395 2478 mitigas
2426 2408 2836 2464 consolatoriis:
2866 2418 3025 2480 atque
3064 2409 3264 2464 utiuant
3302 2410 3407 2465 mei
3448 2425 3590 2466 sem-

2010 2513 2106 2570 per
2151 2500 2228 2555 sic
2275 2500 2604 2568 recorderis,
2655 2513 2713 2558 ut
2758 2502 3150 2559 sollicitudines
3199 2504 3343 2574 ipsas
3388 2517 3590 2573 angore

2010 2590 2266 2647 succiduo
2292 2603 2693 2662 concatenatas,
2723 2596 2814 2665 qui
2846 2594 3159 2651 exhortator
3200 2605 3469 2664 attenuas,
3506 2596 3588 2652 in-

2012 2695 2277 2742 tercessor
2326 2687 2569 2743 incidas?
2601 2687 2676 2743 De
2705 2699 2921 2758 caetero,
2971 2690 3194 2746 libertos
3232 2700 3374 2759 tuos,
3417 2691 3593 2746 causis

2012 2795 2145 2847 quas
2196 2779 2511 2849 injuuxeras
2563 2781 2855 2851 expeditis,
2907 2783 3099 2838 reverti
3140 2792 3297 2852 puto;
3344 2797 3479 2853 quos
3520 2784 3590 2837 ita

2011 2880 2230 2928 strenue
2258 2883 2469 2927 constat
2498 2888 2611 2929 rem
2643 2875 2933 2943 peregisse,
2964 2884 3021 2929 ut
3049 2888 3147 2930 nec
3176 2875 3419 2945 eguerint
3446 2873 3593 2944 adju~

2011 2964 2159 3030 vari;
2200 2980 2295 3035 per
2322 2979 2457 3033 quos
2495 2964 2861 3020 nocturnalem
2894 2965 3183 3031 cucullum,
3211 2980 3318 3036 quo
3356 2965 3594 3022 membra

2013 3058 2256 3115 confecta
2297 3058 2535 3131 jejuniis,
2581 3058 2719 3114 inter
2761 3061 3024 3115 orandum
3065 3059 3476 3130 cubandumque
3514 3058 3595 3114 di-

2011 3162 2239 3222 gnanter
2262 3160 2460 3223 tegare,
2489 3152 2757 3207 transmisi
2785 3169 2798 3206 :
2826 3166 3126 3223 quanquam
3160 3167 3264 3206 non
3297 3161 3596 3221 opportune

2012 3244 2220 3315 species
2251 3245 2441 3300 villosa
2483 3245 2724 3299 mittatur
2762 3244 2939 3301 hieme
2981 3245 3157 3313 finita,
3194 3244 3414 3315 jamque
3462 3254 3594 3301 temo

320 3325 575 3391 hibetur;
623 3341 720 3383 nec
760 3341 860 3397 ego
893 3337 1164 3396 torqueor,
1205 3320 1252 3377 si
1299 3321 1435 3385 mei,
1476 3319 1681 3391 quoties
1721 3334 1908 3390 pecca-

2016 3308 2235 3408 poribus
2265 3337 2466 3394 aestatis
2495 3337 3063 3409 appropinquantibus.
3094 3308 3239 3395 Vale.

320 3420 536 3488 verint,
574 3435 679 3475 non
715 3420 873 3475 tcties
899 3426 1266 3489 torqueantur.
1308 3414 1662 3485 lejunandum
1690 3415 1910 3470 alternis

316 3514 524 3587 putas?
565 3528 668 3566 non
718 3511 880 3582 206
929 3513 1070 3580 piget
1115 3508 1266 3580 sequi
1299 3524 1314 3563 :
1355 3506 1763 3578 prandendum?
1800 3520 1908 3562 non

315 3606 498 3679 pudet
521 3604 836 3673 praevenire.
860 3602 937 3657 De
964 3609 1181 3668 caetero,
1206 3600 1253 3656 si
1282 3614 1379 3655 vos
1402 3614 1432 3653 a
1456 3614 1544 3654 me
1568 3598 1738 3653 videri
1761 3597 1913 3653 Chri-

315 3696 406 3755 sti
437 3709 658 3750 munere
683 3695 859 3760 datur,
902 3694 973 3748 ita
1015 3693 1307 3764 gaudeam,
1337 3700 1587 3764 tanquam
1625 3693 1711 3749 cui
1748 3693 1815 3749 de
1859 3701 1911 3748 te

317 3784 432 3846 n'cc
461 3785 665 3842 minora
706 3784 975 3841 subtracta
1008 3785 1138 3841 sint.
1171 3782 1341 3839 Porro
1381 3794 1592 3852 autem,
1635 3799 1753 3855 quae
1801 3784 1909 3839 sint

320 3884 387 3938 ἰιι
448 3888 501 3935 te
556 3879 755 3951 majora
810 3878 919 3948 jam
970 3878 1101 3933 satis
1160 3878 1305 3934 novi.
1355 3876 1578 3949 Propter
1630 3893 1749 3950 quae
1797 3880 1910 3937 fieri

320 3973 544 4032 facilius
573 3980 750 4043 potest
795 3979 876 4040 ut,
910 3981 963 4027 et
987 3970 1033 4026 si
1076 3970 1395 4042 quandoque
1426 3970 1614 4026 faciem
1647 3980 1788 4027 tuam
1824 3986 1914 4028 co-

320 4080 451 4124 ram
504 4066 710 4135 positus
747 4064 1060 4135 inspexero,
1109 4062 1283 4133 aliqua
1332 4063 1399 4118 de
1444 4071 1497 4119 te
1543 4079 1733 4120 recens
1782 4064 1913 4120 mihi

321 4159 515 4219 latitia
582 4161 757 4231 potius
822 4174 980 4231 quam
1040 4158 1304 4214 sententia
1364 4158 1601 4235 accedat.
1668 4156 1793 4214 Vale
1859 4159 1912 4214 in

320 4252 565 4310 Christo.

408 4373 435 4405 ἰ
460 4363 777 4438 Viennensi,
815 4379 921 4419 non
951 4370 1128 4438 tamen
1156 4361 1453 4438 episcopag
1464 4363 1627 4438 quod
1663 4371 1910 4438 angui-aii

324 4447 461 4495 sunt
490 4435 729 4492 nonnulli
752 4431 837 4489 Pex
871 4433 1141 4488 mentione
1174 4434 1375 4486 fratris.
1413 4431 1546 4487 Hinc
1590 4431 1761 4489 enim'
1777 4456 1909 4496 con-

324 4508 573 4583 jecerunt
606 4507 672 4562 de
720 4506 933 4583 Salonio
976 4515 1029 4559 et
1060 4503 1276 4583 Verane
1318 4502 1603 4583 fratribus,
1639 4505 1911 4583 [iliis-Eg-

324 4574 500 4635 cherii
523 4622 536 4646 ,
571 4587 694 4632 ante
725 4578 1086 4647 episcopatum
1117 4576 1330 4647 genitis.
1360 4574 1525 4647 Atqui
1566 4575 1813 4647 Eucherii
1845 4578 1911 4637 li-

326 4652 440 4707 lios
468 4661 674 4705 constat
704 4645 771 4702 ex
798 4647 1032 4702 Salviani
1059 4646 1234 4702 verbis
1261 4646 1310 4700 in
1342 4645 1564 4716 epistola
1594 4646 1659 4701 ad
1705 4649 1911 4708 Euche-

327 4723 475 4778 rium
495 4763 509 4787 ,
559 4730 717 4792 patre
749 4722 1033 4792 superstite
1053 4758 1067 4781 ,
1092 4718 1216 4792 hoc
1272 4726 1355 4770 est
1375 4786 1388 4792 _
1416 4717 1637 4772 Sidonio
1693 4722 1913 4778 vixdum

326 4786 868 4865 puer0,'m:igistros
909 4790 1256 4865 ecclesiarum
1302 4786 1586 4865 episcopos
1634 4803 1767 4865 esse
1798 4808 1912 4865 caa-

326 4858 649 4937 iﬁssaﬂos
678 4858 1095 4937 autemnfratres
1113 4858 1383 4937 Sidonius
1418 4858 1703 4937 episcopos
1724 4861 1912 4937 inisse

327 4927 447 4992 ἱιοιι
484 4935 764 5004 significat.
808 4930 1062 5004 Alii_ergo
1092 4927 1360 5004 videntur.
1400 4929 1758 5004 Adglﬂucltcrii
1783 4948 1910 4989 vero

329 5008 476 5063 filios
516 4999 794 5061 referenda
846 5002 954 5073 79
1009 5000 1189 5073 potius
1222 5000 1445 5073 epistola
1491 4999 1715 5069 Ceretii,
1767 5003 1912 5059 Salo-

328 5078 414 5136 iiii
434 5088 486 5133 et
512 5077 700 5132 Verani
730 5069 1099 5144 episcoporum
1125 5069 1191 5144 ad
1217 5071 1663 5144 Lcoue_m_papam
1690 5076 1908 5144 scripta,

326 5164 456 5218 qua:
477 5158 652 5203 exstat
678 5140 819 5218 inter
841 5143 1094 5218 epistolas
1126 5142 1339 5218 Leonis.
1371 5140 1715 5218 Fuitpqstea
1733 5156 1786 5200 et
1803 5140 1914 5218 'Sa'g

328 5212 511 5277 Ionius
550 5220 686 5273 alter
727 5216 1008 5286 episcopus
1036 5213 1410 5286 Genavcnsis,
1434 5214 1523 5281 qui
1572 5212 1912 5285 Lugdunensi

327 5289 562 5347 concilio
614 5283 930 5344 Guntramni
977 5288 1118 5356 regis
1169 5283 1497 5358 temporibus
1557 5283 1908 5358 subscripsit,

327 5372 553 5415 centum
579 5360 793 5414 circiter
819 5358 973 5412 annis
1004 5355 1125 5415 pust
1151 5355 1451 5411 Sidonium.

411 5429 438 5468 ιν
460 5429 660 5484 Fratris
695 5443 890 5483 nomen
921 5424 1124 5481 addunt
1156 5426 1273 5481 libri
1311 5424 1425 5480 fere
1454 5440 1678 5483 omnes:
1708 5437 1762 5485 et
1796 5428 1909 5485 frao

327 5506 477 5558 tr‘em
525 5499 758 5571 appellat
796 5497 1047 5571 Sidonius
1075 5495 1434 5571 ,Volusia‘num
1477 5501 1802 5571 non__solum
1857 5501 1911 5555 in

325 5572 439 5631 hac
463 5568 689 5643 epistola
705 5611 722 5637 ,
746 5583 933 5643 verum
968 5568 1126 5643 etiam
1150 5569 1215 5643 ⁸ιιι
1244 5568 1331 5643 lg,
1358 5568 1450 5623 lib.
1476 5583 1547 5623 tv.
1572 5568 1708 5643 llnic
1735 5579 1910 5625 autem

326 5638 514 5702 mittit'
533 5642 863 5714 epitaphium
900 5638 961 5714 S_.
1004 5638 1256 5714 Abrahae,
1290 5639 1467 5714 Persa;
1496 5638 1708 5714 quidem
1732 5650 1872 5714 Δοιιιι
1894 5679 1909 5703 ,

326 5715 431 5774 sed
461 5715 548 5786 qui
659 5707 843 5786 Cyrici
866 5712 1031 5766 abbas
1068 5707 1243 5764 fuerat
1288 5709 1356 5786 in_
1383 5707 1691 5786 suburbano
1710 5709 1916 5786 luver-

327 5779 528 5845 noruiu
559 5779 905 5848 monasterio,
932 5792 990 5837 ut
1017 5787 1207 5835 auctor
1235 5789 1317 5836 est
1343 5780 1397 5834 iu
1422 5779 1539 5850 ejus
1568 5779 1687 5834 Vita
1701 5780 1906 5852 Grego-

330 5864 449 5918 rius
468 5858 669 5913 Turon.
696 5863 752 5911 et
784 5853 875 5910 lib.
903 5868 940 5909 ιι
971 5853 1130 5917 Hist.,
1151 5852 1245 5908 2i.

422 5940 446 5970 ε
464 5928 633 5998 Quem
667 5923 920 5982 Sidonius
954 5925 1204 5980 comitem
1223 5964 1238 5988 ,
1266 5922 1553 5995 Gregorius
1579 5922 1909 5980 Turonensis

616 6020 894 6081 Panos.
937 6014 1158 6079 LVIII.

2537 3495 2866 3553 EPISTULA
2914 3498 3069 3553 XVII.

2264 3589 2511 3645 Sidonius
2547 3586 2573 3625 δ
2615 3586 2888 3642 Volusiano
2933 3590 3082 3657 fratri
3111 3591 3344 3644 salutem.

2085 3699 2251 3755 Jubes
2278 3713 2387 3765 me,
2418 3698 2633 3754 dontine
2662 3698 2847 3767 frater,
2880 3699 2993 3768 lege
3033 3700 3279 3754 amicitim
3317 3718 3472 3772 quam
3499 3720 3591 3760 ne.

2014 3794 2093 3851 fas
2137 3792 2289 3860 laedi,
2320 3791 2524 3862 jamdiu
2565 3790 2778 3847 desides
2803 3791 2997 3862 digitus
3046 3792 3325 3850 incudibus
3364 3795 3593 3853 ofﬁcina:

2017 3885 2216 3944 veteris
2251 3884 2550 3955 imponere,
2592 3893 2646 3940 et
2674 3890 2860 3938 sancto
2897 3881 3126 3938 Abra'ae
3154 3883 3241 3939 die
3282 3887 3460 3941 functo
3485 3903 3595 3942 ua:-

2019 3979 2162 4035 niam
2208 3975 2556 4048 sepulcralem
2608 3974 2866 4029 luctuosis
2915 3974 3238 4031 carminibus
3285 3976 3594 4035 inscribere.

2017 4072 2281 4130 Celeriter
2325 4068 2577 4138 iniunctis
2627 4067 3031 4133 obsecundabo,
3086 4082 3206 4123 cum
3255 4077 3342 4125 tua
3394 4079 3597 4129 tractus

2016 4168 2365 4233 auctoritate,
2412 4172 2524 4220 tum
2562 4161 2925 4234 principaliter
2959 4162 3271 4232 amplissimi
3313 4164 3411 4219 viri
3445 4176 3467 4204 ε
3507 4165 3598 4221 Vi-

2017 4260 2171 4317 ctorii
2200 4257 2413 4315 comitis
2436 4257 2722 4312 devotione
2764 4265 3100 4324 praeventus;
3141 4270 3299 4326 quem
3338 4256 3460 4327 jure
3498 4273 3597 4316 sai-

2015 4374 2202 4431 ducem
2236 4381 2393 4427 vocat
2428 4368 2716 4443 Victoriam
2738 4408 2763 4443 ε
2777 4368 2873 4443 qui
2896 4368 2963 4443 ab
3001 4368 3194 4426 Enrico
3220 4385 3345 4441 rege
3374 4372 3593 4443 imposi-

2017 4454 2106 4501 tus
2150 4446 2423 4499 Arvernos
2467 4440 2703 4509 regebat.
2734 4440 2985 4495 Sidonius
3027 4454 3155 4510 ergo
3198 4440 3355 4497 unius
3393 4440 3596 4502 Arver-

2017 4518 2175 4582 nit-a2,
2206 4512 2496 4582 Gregorius
2527 4513 2811 4565 multarum
2842 4512 3035 4582 quibus
3064 4523 3291 4580 prmerat
3319 4514 3593 4572 civitatum

2019 4580 2281 4641 rationem
2322 4580 2529 4637 habuit.
2563 4582 2652 4636 Sic
2680 4584 2821 4653 enim
2868 4580 3055 4653 scribit
3091 4582 3183 4636 lib.
3212 4598 3277 4649 ll,
3322 4598 3440 4653 cap.
3474 4587 3543 4639 20
3576 4603 3590 4640 ς

2019 4656 2242 4711 Euricus
2272 4653 2555 4724 Gothorum
2584 4666 2675 4705 rea:
2701 4651 2992 4724 Vit-torium
3017 4651 3196 4724 ducem
3224 4669 3376 4723 super
3392 4651 3591 4724 septem

2021 4729 2246 4780 civitates
2279 4721 2551 4792 praeposuit
2580 4737 2597 4774 :
2626 4720 2711 4792 qui
2746 4720 2976 4792 protinus
3005 4720 3267 4792 Arvernos
3287 4720 3589 4791 adveniens,

1940 4789 1995 4850 D
2018 4788 2287 4851 civitatem
2317 4788 2506 4844 addere
2551 4790 2726 4843 voluit.
2750 4788 2888 4842 Nam
2935 4790 3223 4845 discrimen
3256 4790 3357 4848 hoc
3385 4788 3590 4848 certum

2014 4863 2256 4931 Gregorii
2296 4876 2437 4925 aevo,
2468 4870 2520 4915 et
2552 4860 2839 4925 inferiore,
2878 4862 3132 4914 comitum
3174 4872 3333 4931 atque
3361 4865 3588 4928 ducum,

2015 4881 2090 4923 υτ
2158 4881 2256 4921 ortl
2296 4881 2437 4925 aevo,
2468 4881 2520 4915 et
2552 4881 2839 4925 Intertorc,
2878 4881 3132 4914 comitum
3174 4881 3333 4931 atque
3361 4881 3588 4928 uncum,

2015 4881 2156 5007 quis
2186 4932 2581 5007 comesunius,
2620 4932 2725 4985 dux
2766 4931 3052 5007 multarum
3080 4932 3368 5007 _civitatutn
3416 4943 3593 4989 rector

2015 5002 2162 5072 erat,
2194 5019 2315 5075 quas
2343 5002 2566 5072 singulm
2595 5016 2722 5075 suos
2756 5004 2980 5075 comites
3009 5002 3285 5075 haberent.
3316 5005 3459 5060 ldem
3491 5022 3588 5060 au-

2015 5088 2134 5134 ctor
2161 5072 2254 5131 lib.
2289 5088 2413 5139 Vttt,
2446 5087 2562 5142 cap.
2610 5073 2714 5128 18:
2749 5072 2978 5128 Nicetius
3012 5090 3043 5126 a
3089 5074 3328 5128 comitatu
3366 5077 3591 5130 Arverno

2012 5149 2276 5203 submotus
2319 5145 2565 5218 ducatum
2603 5160 2780 5218 arege
2808 5142 3133 5218 Childeberto
3160 5147 3366 5218 expetiit
3397 5162 3415 5210 ;
3443 5158 3488 5201 et
3520 5148 3592 5201 sic

2014 5221 2069 5274 in
2097 5219 2218 5273 urbe
2245 5214 2499 5277 Arverna,
2526 5214 2762 5269 llutlteiia
2801 5225 2956 5286 atque
2985 5215 3189 5271 Ucetica
3229 5217 3337 5270 dua:
3382 5218 3593 5271 ordina-

2016 5300 2098 5346 tus
2134 5299 2242 5355 est;
2279 5297 2335 5343 et
2380 5288 2474 5342 lib.
2517 5302 2602 5354 ix,
2647 5300 2765 5356 cap.
2791 5287 2860 5340 7:
2892 5286 3157 5340 Ennodius
3196 5303 3311 5341 cum
3352 5288 3595 5343 ducatum

2015 5361 2217 5415 urbium
2247 5358 2517 5413 Turonicte
2539 5368 2687 5428 atque
2718 5355 2942 5411 Pictnvw
2980 5358 3320 5423 ministraret,
3350 5359 3519 5414 adhuc
3545 5372 3594 5415 et

2024 5430 2137 5486 Vici
2159 5429 2408 5485 Juliensis
2437 5439 2589 5498 atque
2605 5426 2864 5481 ’Beitama:
2886 5429 3093 5498 urbium
3134 5429 3479 5495 principatum
3506 5448 3596 5485 ac-

2013 5504 2175 5572 cipit:
2204 5502 2293 5555 sed
2322 5495 2851 5572 euntibuscomitibus
2881 5495 3149 5572 Turonicaz
3186 5510 3335 5571 atque
3373 5499 3617 5557 Pictavtz‘

2017 5568 2154 5628 urbis
2194 5572 2262 5626 ad
2303 5587 2466 5642 regem
2514 5568 2921 5642 Cltildcbertum,
2965 5568 3289 5625 obtinuerunt
3331 5589 3445 5627 eum
3482 5589 3516 5627 a
3541 5589 3599 5629 ss

2017 5643 2281 5698 remoueri.
2309 5638 2518 5698 Gradus
2561 5638 2963 5709 igituriquidam
2991 5654 3021 5694 a
3050 5644 3304 5696 comitatu
3331 5645 3397 5699 ad
3426 5644 3595 5700 duca-

2019 5723 2152 5769 tum.
2178 5713 2503 5769 Fortunatus
2528 5708 2779 5781 Sigoaldo
2805 5709 2986 5764 comiti
3010 5726 3027 5766 :

2142 5869 2247 5920 ilex
2272 5866 2617 5931 Childebertus
2636 5876 2868 5931 crescens
2899 5871 2951 5918 te
2966 5878 3206 5931 crescere
3229 5882 3349 5931 ωας.
3379 5910 3389 5923 ,

2202 5931 2295 5991 Qui
2316 5929 2458 5980 modo
2478 5929 2561 5979 dat
2584 5930 2791 5991 comitis,
2815 5928 2902 5980 det
2924 5928 3012 5981 tibi
3044 5933 3152 5994 jura
3174 5928 3329 5982 ducs.

3128 6014 3202 6078 19
