  <div class='ocr_page' id='page_1' title='image "/cluster/home/n/w/nwhite01/storage/ocr_20150623/58/hvd.32044015706401/301.png"; bbox 0 0 4140 6336; ppageno 0'>
   <div class='ocr_carea' id='block_1_1' title="bbox 562 432 656 495">
    <p class='ocr_par' dir='ltr' id='par_1_1' title="bbox 562 432 656 495">
     <span class='ocr_line' id='line_1_1' title="bbox 562 432 656 495; baseline -0.043 -1"><span class='ocrx_word' id='word_1_1' title='bbox 562 432 656 495; x_wconf 61' lang='lat'><strong>5&#39;)!</strong></span> 
     </span>
    </p>
   </div>
   <div class='ocr_carea' id='block_1_2' title="bbox 1804 408 2536 474">
    <p class='ocr_par' dir='ltr' id='par_1_2' title="bbox 1804 408 2536 474">
     <span class='ocr_line' id='line_1_2' title="bbox 1804 408 2536 474; baseline -0.007 0"><span class='ocrx_word' id='word_1_2' title='bbox 1804 408 2046 474; x_wconf 70' lang='lat' dir='ltr'><strong>SIDONII</strong></span> <span class='ocrx_word' id='word_1_3' title='bbox 2088 408 2536 471; x_wconf 66' lang='lat' dir='ltr'><strong>APOLLlN-Alllf&#39;</strong></span> 
     </span>
    </p>
   </div>
   <div class='ocr_carea' id='block_1_3' title="bbox 3738 384 3849 469">
    <p class='ocr_par' dir='ltr' id='par_1_3' title="bbox 3738 384 3849 469">
     <span class='ocr_line' id='line_1_3' title="bbox 3738 384 3849 469; baseline -0.018 -1"><span class='ocrx_word' id='word_1_4' title='bbox 3738 384 3849 469; x_wconf 54' lang='lat'><strong>592‘</strong></span> 
     </span>
    </p>
   </div>
   <div class='ocr_carea' id='block_1_4' title="bbox 558 524 3831 609">
    <p class='ocr_par' dir='ltr' id='par_1_4' title="bbox 558 524 3831 609">
     <span class='ocr_line' id='line_1_4' title="bbox 558 524 3831 609; baseline -0.006 -2"><span class='ocrx_word' id='word_1_5' title='bbox 558 554 737 607; x_wconf 86' lang='lat' dir='ltr'><strong>senior</strong></span> <span class='ocrx_word' id='word_1_6' title='bbox 758 563 788 603; x_wconf 90' lang='lat' dir='ltr'><strong>e</strong></span> <span class='ocrx_word' id='word_1_7' title='bbox 820 536 1147 609; x_wconf 74' lang='lat' dir='ltr'><strong>Philostrati,</strong></span> <span class='ocrx_word' id='word_1_8' title='bbox 1177 533 1271 595; x_wconf 87' lang='lat' dir='ltr'><strong>sed</strong></span> <span class='ocrx_word' id='word_1_9' title='bbox 1301 546 1357 593; x_wconf 92' lang='lat' dir='ltr'><strong>ut</strong></span> <span class='ocrx_word' id='word_1_10' title='bbox 1378 534 1599 592; x_wconf 81' lang='lat' dir='ltr'><strong>Tascius</strong></span> <span class='ocrx_word' id='word_1_11' title='bbox 1625 533 1957 590; x_wconf 73' lang='lat' dir='ltr'><strong>Victorianus</strong></span> <span class='ocrx_word' id='word_1_12' title='bbox 1985 550 2015 589; x_wconf 92' lang='lat' dir='ltr'><strong>e</strong></span> <span class='ocrx_word' id='word_1_13' title='bbox 2035 532 2130 588; x_wconf 91' lang='lat' dir='ltr'><strong>Ni-</strong></span> <span class='ocrx_word' id='word_1_14' title='bbox 2164 532 2215 595; x_wconf 81' lang='grc' dir='ltr'><strong>Α</strong></span> <span class='ocrx_word' id='word_1_15' title='bbox 2240 531 2596 597; x_wconf 84' lang='lat' dir='ltr'><strong>ambientem;</strong></span> <span class='ocrx_word' id='word_1_16' title='bbox 2646 524 2914 602; x_wconf 86' lang='lat' dir='ltr'><strong>cupidum</strong></span> <span class='ocrx_word' id='word_1_17' title='bbox 2937 528 3217 597; x_wconf 64' lang='lat' dir='ltr'><strong>scientiae,</strong></span> <span class='ocrx_word' id='word_1_18' title='bbox 3236 536 3614 593; x_wconf 80' lang='lat' dir='ltr'><strong>continentem</strong></span> <span class='ocrx_word' id='word_1_19' title='bbox 3662 545 3831 600; x_wconf 88' lang='lat' dir='ltr'><strong>pecu-</strong></span> 
     </span>
    </p>
   </div>
   <div class='ocr_carea' id='block_1_5' title="bbox 524 627 2137 703">
    <p class='ocr_par' dir='ltr' id='par_1_5' title="bbox 524 627 2137 703">
     <span class='ocr_line' id='line_1_5' title="bbox 524 627 2137 703; baseline -0.015 0"><span class='ocrx_word' id='word_1_20' title='bbox 524 640 798 703; x_wconf 81' lang='lat' dir='ltr'><strong>cotnaclii</strong></span> <span class='ocrx_word' id='word_1_21' title='bbox 843 634 1064 692; x_wconf 90' lang='lat' dir='ltr'><strong>schedio</strong></span> <span class='ocrx_word' id='word_1_22' title='bbox 1118 631 1431 703; x_wconf 77' lang='lat' dir='ltr'><strong>exscripsit,</strong></span> <span class='ocrx_word' id='word_1_23' title='bbox 1492 629 1613 700; x_wconf 89' lang='lat' dir='ltr'><strong>quia</strong></span> <span class='ocrx_word' id='word_1_24' title='bbox 1659 627 1917 699; x_wconf 86' lang='lat' dir='ltr'><strong>jusseras,</strong></span> <span class='ocrx_word' id='word_1_25' title='bbox 1971 627 2137 680; x_wconf 87' lang='lat' dir='ltr'><strong>misi:</strong></span> 
     </span>
    </p>
   </div>
   <div class='ocr_carea' id='block_1_6' title="bbox 532 714 2140 806">
    <p class='ocr_par' dir='ltr' id='par_1_6' title="bbox 532 714 2140 806">
     <span class='ocr_line' id='line_1_6' title="bbox 532 714 2140 806; baseline -0.012 -16"><span class='ocrx_word' id='word_1_26' title='bbox 532 714 535 725; x_wconf 60' lang='grc'><em>’</em></span> <span class='ocrx_word' id='word_1_27' title='bbox 564 750 738 806; x_wconf 83' lang='lat' dir='ltr'><strong>quam,</strong></span> <span class='ocrx_word' id='word_1_28' title='bbox 770 730 896 785; x_wconf 89' lang='lat' dir='ltr'><strong>dum</strong></span> <span class='ocrx_word' id='word_1_29' title='bbox 927 740 1118 797; x_wconf 90' lang='lat' dir='ltr'><strong>parere</strong></span> <span class='ocrx_word' id='word_1_30' title='bbox 1160 723 1377 789; x_wconf 87' lang='lat' dir='ltr'><strong>festino,</strong></span> <span class='ocrx_word' id='word_1_31' title='bbox 1404 721 1654 779; x_wconf 86' lang='lat' dir='ltr'><strong>celeriter</strong></span> <span class='ocrx_word' id='word_1_32' title='bbox 1679 719 1838 790; x_wconf 89' lang='lat' dir='ltr'><strong>ejecit</strong></span> <span class='ocrx_word' id='word_1_33' title='bbox 1867 718 1919 772; x_wconf 92' lang='lat' dir='ltr'><strong>in</strong></span> <span class='ocrx_word' id='word_1_34' title='bbox 1953 717 2140 772; x_wconf 89' lang='lat' dir='ltr'><strong>tumul-</strong></span> 
     </span>
    </p>
   </div>
   <div class='ocr_carea' id='block_1_7' title="bbox 556 810 2143 889">
    <p class='ocr_par' dir='ltr' id='par_1_7' title="bbox 556 810 2143 889">
     <span class='ocr_line' id='line_1_7' title="bbox 556 810 2143 889; baseline -0.012 -7"><span class='ocrx_word' id='word_1_35' title='bbox 556 826 787 882; x_wconf 79' lang='lat' dir='ltr'><strong>tuarium</strong></span> <span class='ocrx_word' id='word_1_36' title='bbox 838 818 1133 889; x_wconf 82' lang='lat' dir='ltr'><strong>exemplar,</strong></span> <span class='ocrx_word' id='word_1_37' title='bbox 1162 815 1394 889; x_wconf 79' lang='lat' dir='ltr'><strong>turbida</strong></span> <span class='ocrx_word' id='word_1_38' title='bbox 1439 823 1491 869; x_wconf 89' lang='lat' dir='ltr'><strong>et</strong></span> <span class='ocrx_word' id='word_1_39' title='bbox 1532 822 1555 849; x_wconf 73' lang='grc' dir='ltr'>η</span> <span class='ocrx_word' id='word_1_40' title='bbox 1600 826 1835 882; x_wconf 85' lang='lat' dir='ltr'><strong>praeceps</strong></span> <span class='ocrx_word' id='word_1_41' title='bbox 1885 817 1939 865; x_wconf 90' lang='lat' dir='ltr'><strong>et</strong></span> <span class='ocrx_word' id='word_1_42' title='bbox 1988 810 2143 878; x_wconf 87' lang='lat' dir='ltr'><strong>opica</strong></span> 
     </span>
    </p>
   </div>
   <div class='ocr_carea' id='block_1_8' title="bbox 556 900 2141 982">
    <p class='ocr_par' dir='ltr' id='par_1_8' title="bbox 556 900 2141 982">
     <span class='ocr_line' id='line_1_8' title="bbox 556 900 2141 982; baseline -0.013 -9"><span class='ocrx_word' id='word_1_43' title='bbox 556 915 857 973; x_wconf 80' lang='lat' dir='ltr'><strong>translatio.</strong></span> <span class='ocrx_word' id='word_1_44' title='bbox 901 911 1082 982; x_wconf 85' lang='lat' dir='ltr'><strong>Neque</strong></span> <span class='ocrx_word' id='word_1_45' title='bbox 1129 908 1260 963; x_wconf 91' lang='lat' dir='ltr'><strong>mihi</strong></span> <span class='ocrx_word' id='word_1_46' title='bbox 1291 923 1403 963; x_wconf 89' lang='lat' dir='ltr'><strong>rem</strong></span> <span class='ocrx_word' id='word_1_47' title='bbox 1446 905 1651 963; x_wconf 91' lang='lat' dir='ltr'><strong>credito</strong></span> <span class='ocrx_word' id='word_1_48' title='bbox 1688 901 1994 958; x_wconf 77' lang='lat' dir='ltr'><strong>diuturnius</strong></span> <span class='ocrx_word' id='word_1_49' title='bbox 2024 900 2141 956; x_wconf 82' lang='lat' dir='ltr'><strong>ela-</strong></span> 
     </span>
    </p>
   </div>
   <div class='ocr_carea' id='block_1_9' title="bbox 558 992 2139 1063">
    <p class='ocr_par' dir='ltr' id='par_1_9' title="bbox 558 992 2139 1063">
     <span class='ocr_line' id='line_1_9' title="bbox 558 992 2139 1063; baseline -0.011 0"><span class='ocrx_word' id='word_1_50' title='bbox 558 1009 800 1063; x_wconf 87' lang='lat' dir='ltr'><strong>boratam</strong></span> <span class='ocrx_word' id='word_1_51' title='bbox 834 1004 960 1059; x_wconf 90' lang='lat' dir='ltr'><strong>vitio</strong></span> <span class='ocrx_word' id='word_1_52' title='bbox 982 1009 1182 1056; x_wconf 79' lang='lat' dir='ltr'><strong>vertas.</strong></span> <span class='ocrx_word' id='word_1_53' title='bbox 1207 999 1340 1055; x_wconf 91' lang='lat' dir='ltr'><strong>Nam</strong></span> <span class='ocrx_word' id='word_1_54' title='bbox 1365 999 1491 1053; x_wconf 90' lang='lat' dir='ltr'><strong>dum</strong></span> <span class='ocrx_word' id='word_1_55' title='bbox 1534 1012 1620 1052; x_wconf 90' lang='lat' dir='ltr'><strong>me</strong></span> <span class='ocrx_word' id='word_1_56' title='bbox 1660 995 1827 1052; x_wconf 82' lang='lat' dir='ltr'><strong>tenuit</strong></span> <span class='ocrx_word' id='word_1_57' title='bbox 1873 992 2139 1048; x_wconf 89' lang='lat' dir='ltr'><strong>inclusum</strong></span> 
     </span>
    </p>
   </div>
   <div class='ocr_carea' id='block_1_10' title="bbox 560 1084 2146 1158">
    <p class='ocr_par' dir='ltr' id='par_1_10' title="bbox 560 1084 2146 1158">
     <span class='ocr_line' id='line_1_10' title="bbox 560 1084 2146 1158; baseline -0.01 -4"><span class='ocrx_word' id='word_1_58' title='bbox 560 1097 757 1154; x_wconf 77' lang='lat' dir='ltr'><strong>morab</strong></span> <span class='ocrx_word' id='word_1_59' title='bbox 791 1096 1046 1152; x_wconf 63' lang='lat' dir='ltr'><strong>moenium</strong></span> <span class='ocrx_word' id='word_1_60' title='bbox 1098 1093 1435 1147; x_wconf 79' lang='lat' dir='ltr'><strong>Livianorum</strong></span> <span class='ocrx_word' id='word_1_61' title='bbox 1478 1090 1657 1158; x_wconf 84' lang='lat' dir='ltr'><strong>(cujus</strong></span> <span class='ocrx_word' id='word_1_62' title='bbox 1708 1085 2031 1143; x_wconf 89' lang='lat' dir='ltr'><strong>incommodi</strong></span> <span class='ocrx_word' id='word_1_63' title='bbox 2080 1084 2146 1139; x_wconf 86' lang='lat' dir='ltr'><strong>fi-</strong></span> 
     </span>
    </p>
   </div>
   <div class='ocr_carea' id='block_1_11' title="bbox 558 1179 2138 1260">
    <p class='ocr_par' dir='ltr' id='par_1_11' title="bbox 558 1179 2138 1260">
     <span class='ocr_line' id='line_1_11' title="bbox 558 1179 2138 1260; baseline -0.011 -13"><span class='ocrx_word' id='word_1_64' title='bbox 558 1207 701 1257; x_wconf 89' lang='lat' dir='ltr'><strong>nem,</strong></span> <span class='ocrx_word' id='word_1_65' title='bbox 747 1199 867 1260; x_wconf 90' lang='lat' dir='ltr'><strong>post</strong></span> <span class='ocrx_word' id='word_1_66' title='bbox 904 1203 1059 1259; x_wconf 89' lang='lat' dir='ltr'><strong>opem</strong></span> <span class='ocrx_word' id='word_1_67' title='bbox 1093 1185 1309 1253; x_wconf 82' lang='lat' dir='ltr'><strong>Christi,</strong></span> <span class='ocrx_word' id='word_1_68' title='bbox 1344 1184 1435 1239; x_wconf 83' lang='lat' dir='ltr'><strong>tibi</strong></span> <span class='ocrx_word' id='word_1_69' title='bbox 1470 1184 1629 1255; x_wconf 79' lang='lat'><strong>215</strong></span> <span class='ocrx_word' id='word_1_70' title='bbox 1658 1179 1876 1249; x_wconf 87' lang='lat' dir='ltr'><strong>debeo),</strong></span> <span class='ocrx_word' id='word_1_71' title='bbox 1909 1193 2018 1231; x_wconf 91' lang='lat' dir='ltr'><strong>non</strong></span> <span class='ocrx_word' id='word_1_72' title='bbox 2048 1191 2138 1231; x_wconf 87' lang='lat' dir='ltr'><strong>va-</strong></span> 
     </span>
    </p>
   </div>
   <div class='ocr_carea' id='block_1_12' title="bbox 560 1269 2139 1349">
    <p class='ocr_par' dir='ltr' id='par_1_12' title="bbox 560 1269 2139 1349">
     <span class='ocr_line' id='line_1_12' title="bbox 560 1269 2139 1349; baseline -0.008 -11"><span class='ocrx_word' id='word_1_73' title='bbox 560 1281 881 1340; x_wconf 83' lang='lat' dir='ltr'><strong>lebatcuris</strong></span> <span class='ocrx_word' id='word_1_74' title='bbox 906 1281 1115 1335; x_wconf 86' lang='lat' dir='ltr'><strong>animus</strong></span> <span class='ocrx_word' id='word_1_75' title='bbox 1154 1272 1317 1349; x_wconf 78' lang='lat' dir='ltr'><strong>aeger,</strong></span> <span class='ocrx_word' id='word_1_76' title='bbox 1350 1276 1524 1331; x_wconf 90' lang='lat' dir='ltr'><strong>saltim</strong></span> <span class='ocrx_word' id='word_1_77' title='bbox 1573 1273 1844 1328; x_wconf 85' lang='lat' dir='ltr'><strong>saltuatim</strong></span> <span class='ocrx_word' id='word_1_78' title='bbox 1878 1269 2139 1325; x_wconf 84' lang='lat' dir='ltr'><strong>tradenda</strong></span> 
     </span>
    </p>
   </div>
   <div class='ocr_carea' id='block_1_13' title="bbox 559 1367 2143 1448">
    <p class='ocr_par' dir='ltr' id='par_1_13' title="bbox 559 1367 2143 1448">
     <span class='ocr_line' id='line_1_13' title="bbox 559 1367 2143 1448; baseline -0.01 -15"><span class='ocrx_word' id='word_1_79' title='bbox 559 1389 898 1448; x_wconf 87' lang='lat' dir='ltr'><strong>percurrere,</strong></span> <span class='ocrx_word' id='word_1_80' title='bbox 947 1387 1087 1429; x_wconf 91' lang='lat' dir='ltr'><strong>nunc</strong></span> <span class='ocrx_word' id='word_1_81' title='bbox 1131 1388 1225 1443; x_wconf 90' lang='lat' dir='ltr'><strong>per</strong></span> <span class='ocrx_word' id='word_1_82' title='bbox 1261 1380 1521 1427; x_wconf 90' lang='lat' dir='ltr'><strong>nocturna</strong></span> <span class='ocrx_word' id='word_1_83' title='bbox 1570 1367 1820 1437; x_wconf 89' lang='lat' dir='ltr'><strong>suspiria,</strong></span> <span class='ocrx_word' id='word_1_84' title='bbox 1863 1379 2001 1420; x_wconf 93' lang='lat' dir='ltr'><strong>nunc</strong></span> <span class='ocrx_word' id='word_1_85' title='bbox 2045 1379 2143 1433; x_wconf 91' lang='lat' dir='ltr'><strong>per</strong></span> 
     </span>
    </p>
   </div>
   <div class='ocr_carea' id='block_1_14' title="bbox 560 1456 2144 1524">
    <p class='ocr_par' dir='ltr' id='par_1_14' title="bbox 560 1456 2144 1524">
     <span class='ocr_line' id='line_1_14' title="bbox 560 1456 2144 1524; baseline -0.01 0"><span class='ocrx_word' id='word_1_86' title='bbox 560 1470 752 1524; x_wconf 90' lang='lat' dir='ltr'><strong>diurna</strong></span> <span class='ocrx_word' id='word_1_87' title='bbox 780 1467 956 1523; x_wconf 89' lang='lat' dir='ltr'><strong>ofﬂcia</strong></span> <span class='ocrx_word' id='word_1_88' title='bbox 988 1465 1297 1521; x_wconf 89' lang='lat' dir='ltr'><strong>distractus.</strong></span> <span class='ocrx_word' id='word_1_89' title='bbox 1342 1462 1421 1517; x_wconf 88' lang='lat' dir='ltr'><strong>Ad</strong></span> <span class='ocrx_word' id='word_1_90' title='bbox 1466 1463 1565 1515; x_wconf 85' lang='lat' dir='ltr'><strong>hoc</strong></span> <span class='ocrx_word' id='word_1_91' title='bbox 1601 1468 1655 1515; x_wconf 88' lang='lat' dir='ltr'><strong>et</strong></span> <span class='ocrx_word' id='word_1_92' title='bbox 1683 1473 1804 1514; x_wconf 91' lang='lat' dir='ltr'><strong>cum</strong></span> <span class='ocrx_word' id='word_1_93' title='bbox 1838 1473 1923 1513; x_wconf 91' lang='lat' dir='ltr'><strong>me</strong></span> <span class='ocrx_word' id='word_1_94' title='bbox 1948 1456 2144 1512; x_wconf 84' lang='lat' dir='ltr'><strong>defati-</strong></span> 
     </span>
    </p>
   </div>
   <div class='ocr_carea' id='block_1_15' title="bbox 557 1549 2140 1632">
    <p class='ocr_par' dir='ltr' id='par_1_15' title="bbox 557 1549 2140 1632">
     <span class='ocr_line' id='line_1_15' title="bbox 557 1549 2140 1632; baseline -0.009 -17"><span class='ocrx_word' id='word_1_95' title='bbox 557 1570 741 1632; x_wconf 86' lang='lat' dir='ltr'><strong>gatum</strong></span> <span class='ocrx_word' id='word_1_96' title='bbox 777 1559 844 1615; x_wconf 90' lang='lat' dir='ltr'><strong>ab</strong></span> <span class='ocrx_word' id='word_1_97' title='bbox 878 1556 1122 1615; x_wconf 85' lang='lat' dir='ltr'><strong>excubiis</strong></span> <span class='ocrx_word' id='word_1_98' title='bbox 1169 1557 1235 1610; x_wconf 91' lang='lat' dir='ltr'><strong>ad</strong></span> <span class='ocrx_word' id='word_1_99' title='bbox 1268 1554 1622 1609; x_wconf 84' lang='lat' dir='ltr'><strong>diversorium</strong></span> <span class='ocrx_word' id='word_1_100' title='bbox 1662 1549 2140 1619; x_wconf 87' lang='lat' dir='ltr'><strong>crepusculascens</strong></span> 
     </span>
    </p>
   </div>
   <div class='ocr_carea' id='block_1_16' title="bbox 559 1642 2139 1715">
    <p class='ocr_par' dir='ltr' id='par_1_16' title="bbox 559 1642 2139 1715">
     <span class='ocr_line' id='line_1_16' title="bbox 559 1642 2139 1715; baseline -0.008 -8"><span class='ocrx_word' id='word_1_101' title='bbox 559 1652 692 1708; x_wconf 88' lang='lat' dir='ltr'><strong>hora</strong></span> <span class='ocrx_word' id='word_1_102' title='bbox 723 1657 1086 1715; x_wconf 84' lang='lat' dir='ltr'><strong>revocaverat,</strong></span> <span class='ocrx_word' id='word_1_103' title='bbox 1114 1648 1199 1701; x_wconf 78' lang='lat' dir='ltr'><strong>vix</strong></span> <span class='ocrx_word' id='word_1_104' title='bbox 1225 1647 1447 1702; x_wconf 88' lang='lat' dir='ltr'><strong>dabatur</strong></span> <span class='ocrx_word' id='word_1_105' title='bbox 1467 1644 1757 1701; x_wconf 89' lang='lat' dir='ltr'><strong>luminibus</strong></span> <span class='ocrx_word' id='word_1_106' title='bbox 1784 1642 1991 1697; x_wconf 82' lang='lat' dir='ltr'><strong>inﬂexis</strong></span> <span class='ocrx_word' id='word_1_107' title='bbox 2012 1656 2139 1711; x_wconf 85' lang='lat' dir='ltr'><strong>par-</strong></span> 
     </span>
    </p>
   </div>
   <div class='ocr_carea' id='block_1_17' title="bbox 561 1735 2139 1815">
    <p class='ocr_par' dir='ltr' id='par_1_17' title="bbox 561 1735 2139 1815">
     <span class='ocr_line' id='line_1_17' title="bbox 561 1735 2139 1815; baseline -0.006 -16"><span class='ocrx_word' id='word_1_108' title='bbox 561 1745 680 1799; x_wconf 85' lang='lat' dir='ltr'><strong>vula</strong></span> <span class='ocrx_word' id='word_1_109' title='bbox 712 1745 882 1815; x_wconf 86' lang='lat' dir='ltr'><strong>quies.</strong></span> <span class='ocrx_word' id='word_1_110' title='bbox 917 1743 1051 1798; x_wconf 89' lang='lat' dir='ltr'><strong>Nam</strong></span> <span class='ocrx_word' id='word_1_111' title='bbox 1081 1742 1258 1812; x_wconf 89' lang='lat' dir='ltr'><strong>fragor</strong></span> <span class='ocrx_word' id='word_1_112' title='bbox 1303 1740 1637 1809; x_wconf 90' lang='lat' dir='ltr'><strong>illicoquem</strong></span> <span class='ocrx_word' id='word_1_113' title='bbox 1679 1738 1967 1793; x_wconf 85' lang='lat' dir='ltr'><strong>movebant</strong></span> <span class='ocrx_word' id='word_1_114' title='bbox 2003 1735 2139 1790; x_wconf 90' lang='lat' dir='ltr'><strong>vici-</strong></span> 
     </span>
    </p>
   </div>
   <div class='ocr_carea' id='block_1_18' title="bbox 560 1826 2139 1905">
    <p class='ocr_par' dir='ltr' id='par_1_18' title="bbox 560 1826 2139 1905">
     <span class='ocr_line' id='line_1_18' title="bbox 560 1826 2139 1905; baseline -0.005 -14"><span class='ocrx_word' id='word_1_115' title='bbox 560 1845 749 1892; x_wconf 87' lang='lat' dir='ltr'><strong>nantes</strong></span> <span class='ocrx_word' id='word_1_116' title='bbox 776 1835 1028 1905; x_wconf 88' lang='lat' dir='ltr'><strong>impluvio</strong></span> <span class='ocrx_word' id='word_1_117' title='bbox 1058 1832 1287 1889; x_wconf 85' lang='lat' dir='ltr'><strong>cubiculi</strong></span> <span class='ocrx_word' id='word_1_118' title='bbox 1312 1833 1416 1887; x_wconf 91' lang='lat' dir='ltr'><strong>mei</strong></span> <span class='ocrx_word' id='word_1_119' title='bbox 1448 1832 1568 1885; x_wconf 82' lang='lat' dir='ltr'><strong>‘duae</strong></span> <span class='ocrx_word' id='word_1_120' title='bbox 1589 1831 1849 1900; x_wconf 67' lang='lat' dir='ltr'><strong>quaapiam</strong></span> <span class='ocrx_word' id='word_1_121' title='bbox 1883 1826 2139 1883; x_wconf 86' lang='lat' dir='ltr'><strong>Gethides</strong></span> 
     </span>
    </p>
   </div>
   <div class='ocr_carea' id='block_1_19' title="bbox 558 1922 2220 1999">
    <p class='ocr_par' dir='ltr' id='par_1_19' title="bbox 558 1922 2220 1999">
     <span class='ocr_line' id='line_1_19' title="bbox 558 1922 2220 1999; baseline -0.004 -16"><span class='ocrx_word' id='word_1_122' title='bbox 558 1945 713 1994; x_wconf 85' lang='lat' dir='ltr'><strong>anus,</strong></span> <span class='ocrx_word' id='word_1_123' title='bbox 736 1927 929 1999; x_wconf 85' lang='lat' dir='ltr'><strong>quibus</strong></span> <span class='ocrx_word' id='word_1_124' title='bbox 960 1927 1091 1981; x_wconf 90' lang='lat' dir='ltr'><strong>nihil</strong></span> <span class='ocrx_word' id='word_1_125' title='bbox 1137 1939 1366 1996; x_wconf 91' lang='lat' dir='ltr'><strong>unquam</strong></span> <span class='ocrx_word' id='word_1_126' title='bbox 1406 1922 1712 1993; x_wconf 83' lang='lat' dir='ltr'><strong>litigiosius,</strong></span> <span class='ocrx_word' id='word_1_127' title='bbox 1746 1922 2009 1988; x_wconf 87' lang='lat' dir='ltr'><strong>bibacius,</strong></span> <span class='ocrx_word' id='word_1_128' title='bbox 2040 1936 2139 1976; x_wconf 86' lang='lat' dir='ltr'><strong>vo-</strong></span> <span class='ocrx_word' id='word_1_129' title='bbox 2167 1928 2220 1991; x_wconf 69' lang='grc' dir='ltr'><strong>Β</strong></span> 
     </span>
    </p>
   </div>
   <div class='ocr_carea' id='block_1_20' title="bbox 558 2014 2138 2093">
    <p class='ocr_par' dir='ltr' id='par_1_20' title="bbox 558 2014 2138 2093">
     <span class='ocr_line' id='line_1_20' title="bbox 558 2014 2138 2093; baseline -0.004 -16"><span class='ocrx_word' id='word_1_130' title='bbox 558 2021 765 2093; x_wconf 10' lang='lat' dir='ltr'><strong>thracius</strong></span> <span class='ocrx_word' id='word_1_131' title='bbox 806 2019 929 2075; x_wconf 91' lang='lat' dir='ltr'><strong>erit.</strong></span> <span class='ocrx_word' id='word_1_132' title='bbox 958 2020 1098 2075; x_wconf 87' lang='lat' dir='ltr'><strong>Sane</strong></span> <span class='ocrx_word' id='word_1_133' title='bbox 1142 2034 1264 2073; x_wconf 90' lang='lat' dir='ltr'><strong>cum</strong></span> <span class='ocrx_word' id='word_1_134' title='bbox 1299 2017 1528 2089; x_wconf 87' lang='lat' dir='ltr'><strong>primum</strong></span> <span class='ocrx_word' id='word_1_135' title='bbox 1575 2016 1757 2072; x_wconf 92' lang='lat' dir='ltr'><strong>reduci</strong></span> <span class='ocrx_word' id='word_1_136' title='bbox 1794 2016 1990 2087; x_wconf 88' lang='lat' dir='ltr'><strong>aliquid</strong></span> <span class='ocrx_word' id='word_1_137' title='bbox 2042 2014 2138 2071; x_wconf 90' lang='lat' dir='ltr'><strong>otii</strong></span> 
     </span>
    </p>
   </div>
   <div class='ocr_carea' id='block_1_21' title="bbox 560 2109 2136 2182">
    <p class='ocr_par' dir='ltr' id='par_1_21' title="bbox 560 2109 2136 2182">
     <span class='ocr_line' id='line_1_21' title="bbox 560 2109 2136 2182; baseline -0.004 -15"><span class='ocrx_word' id='word_1_138' title='bbox 560 2113 677 2179; x_wconf 88' lang='lat' dir='ltr'><strong>fttit,</strong></span> <span class='ocrx_word' id='word_1_139' title='bbox 708 2113 1007 2182; x_wconf 88' lang='lat' dir='ltr'><strong>impolitum</strong></span> <span class='ocrx_word' id='word_1_140' title='bbox 1054 2112 1197 2167; x_wconf 89' lang='lat' dir='ltr'><strong>hunc</strong></span> <span class='ocrx_word' id='word_1_141' title='bbox 1233 2110 1723 2179; x_wconf 86' lang='lat' dir='ltr'><strong>semicrudumque,</strong></span> <span class='ocrx_word' id='word_1_142' title='bbox 1752 2118 1827 2176; x_wconf 91' lang='lat' dir='ltr'><strong>et,</strong></span> <span class='ocrx_word' id='word_1_143' title='bbox 1870 2118 1925 2164; x_wconf 94' lang='lat' dir='ltr'><strong>ut</strong></span> <span class='ocrx_word' id='word_1_144' title='bbox 1963 2109 2136 2176; x_wconf 90' lang='lat' dir='ltr'><strong>aiunt,</strong></span> 
     </span>
    </p>
   </div>
   <div class='ocr_carea' id='block_1_22' title="bbox 562 2203 2136 2277">
    <p class='ocr_par' dir='ltr' id='par_1_22' title="bbox 562 2203 2136 2277">
     <span class='ocr_line' id='line_1_22' title="bbox 562 2203 2136 2277; baseline -0.003 -16"><span class='ocrx_word' id='word_1_145' title='bbox 562 2218 583 2245; x_wconf 80' lang='grc' dir='ltr'><em>ε</em></span> <span class='ocrx_word' id='word_1_146' title='bbox 616 2216 866 2277; x_wconf 88' lang='lat' dir='ltr'><strong>tanquam</strong></span> <span class='ocrx_word' id='word_1_147' title='bbox 893 2214 1159 2261; x_wconf 88' lang='lat' dir='ltr'><strong>musteum</strong></span> <span class='ocrx_word' id='word_1_148' title='bbox 1191 2205 1406 2269; x_wconf 83' lang='lat' dir='ltr'><strong>librum,</strong></span> <span class='ocrx_word' id='word_1_149' title='bbox 1440 2204 1560 2274; x_wconf 87' lang='lat' dir='ltr'><strong>plus</strong></span> <span class='ocrx_word' id='word_1_150' title='bbox 1587 2203 1839 2259; x_wconf 89' lang='lat' dir='ltr'><strong>desiderii</strong></span> <span class='ocrx_word' id='word_1_151' title='bbox 1872 2204 1944 2257; x_wconf 91' lang='lat' dir='ltr'><strong>tui</strong></span> <span class='ocrx_word' id='word_1_152' title='bbox 1975 2218 2136 2274; x_wconf 90' lang='lat' dir='ltr'><strong>quam</strong></span> 
     </span>
    </p>
   </div>
   <div class='ocr_carea' id='block_1_23' title="bbox 556 2296 2140 2365">
    <p class='ocr_par' dir='ltr' id='par_1_23' title="bbox 556 2296 2140 2365">
     <span class='ocr_line' id='line_1_23' title="bbox 556 2296 2140 2365; baseline -0.001 -13"><span class='ocrx_word' id='word_1_153' title='bbox 556 2298 715 2352; x_wconf 85' lang='lat' dir='ltr'><strong>ollicii</strong></span> <span class='ocrx_word' id='word_1_154' title='bbox 744 2299 845 2352; x_wconf 89' lang='lat' dir='ltr'><strong>mei</strong></span> <span class='ocrx_word' id='word_1_155' title='bbox 887 2313 1095 2352; x_wconf 90' lang='lat' dir='ltr'><strong>metnor</strong></span> <span class='ocrx_word' id='word_1_156' title='bbox 1120 2297 1310 2352; x_wconf 87' lang='lat' dir='ltr'><strong>obtuli.</strong></span> <span class='ocrx_word' id='word_1_157' title='bbox 1345 2297 1605 2363; x_wconf 76' lang='lat' dir='ltr'><strong>Quocirca</strong></span> <span class='ocrx_word' id='word_1_158' title='bbox 1646 2310 1844 2365; x_wconf 87' lang='lat' dir='ltr'><strong>sepone</strong></span> <span class='ocrx_word' id='word_1_159' title='bbox 1881 2296 2140 2365; x_wconf 80' lang='lat' dir='ltr'><strong>tantiSper</strong></span> 
     </span>
    </p>
   </div>
   <div class='ocr_carea' id='block_1_24' title="bbox 558 2385 2137 2460">
    <p class='ocr_par' dir='ltr' id='par_1_24' title="bbox 558 2385 2137 2460">
     <span class='ocr_line' id='line_1_24' title="bbox 558 2385 2137 2460; baseline 0 -17"><span class='ocrx_word' id='word_1_160' title='bbox 558 2390 805 2460; x_wconf 73' lang='lat' dir='ltr'><strong>Pythicas</strong></span> <span class='ocrx_word' id='word_1_161' title='bbox 831 2390 1011 2446; x_wconf 91' lang='lat' dir='ltr'><strong>lauros</strong></span> <span class='ocrx_word' id='word_1_162' title='bbox 1040 2391 1563 2459; x_wconf 79' lang='lat' dir='ltr'><strong>Hippocrenemqne,</strong></span> <span class='ocrx_word' id='word_1_163' title='bbox 1589 2405 1618 2444; x_wconf 94' lang='lat' dir='ltr'><strong>e</strong></span> <span class='ocrx_word' id='word_1_164' title='bbox 1676 2389 1797 2443; x_wconf 93' lang='lat' dir='ltr'><strong>illos</strong></span> <span class='ocrx_word' id='word_1_165' title='bbox 1839 2385 2137 2444; x_wconf 77' lang='lat' dir='ltr'><strong>carminum</strong></span> 
     </span>
    </p>
   </div>
   <div class='ocr_carea' id='block_1_25' title="bbox 556 2480 2141 2552">
    <p class='ocr_par' dir='ltr' id='par_1_25' title="bbox 556 2480 2141 2552">
     <span class='ocr_line' id='line_1_25' title="bbox 556 2480 2141 2552; baseline 0.001 -18"><span class='ocrx_word' id='word_1_166' title='bbox 556 2481 748 2537; x_wconf 86' lang='lat' dir='ltr'><strong>modos</strong></span> <span class='ocrx_word' id='word_1_167' title='bbox 771 2481 865 2536; x_wconf 89' lang='lat' dir='ltr'><strong>tibi</strong></span> <span class='ocrx_word' id='word_1_168' title='bbox 888 2482 980 2536; x_wconf 92' lang='lat' dir='ltr'><strong>uni</strong></span> <span class='ocrx_word' id='word_1_169' title='bbox 1003 2492 1205 2537; x_wconf 89' lang='lat' dir='ltr'><strong>tantum</strong></span> <span class='ocrx_word' id='word_1_170' title='bbox 1236 2482 1568 2552; x_wconf 86' lang='lat' dir='ltr'><strong>penitissime</strong></span> <span class='ocrx_word' id='word_1_171' title='bbox 1594 2480 1922 2547; x_wconf 79' lang='lat' dir='ltr'><strong>familiares;</strong></span> <span class='ocrx_word' id='word_1_172' title='bbox 1948 2482 2041 2552; x_wconf 70' lang='lat' dir='ltr'><strong>qui</strong></span> <span class='ocrx_word' id='word_1_173' title='bbox 2060 2490 2141 2536; x_wconf 90' lang='lat' dir='ltr'><strong>ta-</strong></span> 
     </span>
    </p>
   </div>
   <div class='ocr_carea' id='block_1_26' title="bbox 557 2574 2135 2646">
    <p class='ocr_par' dir='ltr' id='par_1_26' title="bbox 557 2574 2135 2646">
     <span class='ocr_line' id='line_1_26' title="bbox 557 2574 2135 2646; baseline 0.002 -18"><span class='ocrx_word' id='word_1_174' title='bbox 557 2589 679 2629; x_wconf 86' lang='lat' dir='ltr'><strong>men</strong></span> <span class='ocrx_word' id='word_1_175' title='bbox 700 2575 890 2642; x_wconf 89' lang='lat' dir='ltr'><strong>doctis,</strong></span> <span class='ocrx_word' id='word_1_176' title='bbox 924 2584 979 2630; x_wconf 93' lang='lat' dir='ltr'><strong>ut</strong></span> <span class='ocrx_word' id='word_1_177' title='bbox 1007 2590 1064 2630; x_wconf 92' lang='lat' dir='ltr'><strong>es</strong></span> <span class='ocrx_word' id='word_1_178' title='bbox 1087 2574 1220 2645; x_wconf 90' lang='lat' dir='ltr'><strong>ipse,</strong></span> <span class='ocrx_word' id='word_1_179' title='bbox 1249 2576 1495 2646; x_wconf 79' lang='lat' dir='ltr'><strong>personis</strong></span> <span class='ocrx_word' id='word_1_180' title='bbox 1530 2591 1633 2630; x_wconf 92' lang='lat' dir='ltr'><strong>non</strong></span> <span class='ocrx_word' id='word_1_181' title='bbox 1665 2585 1771 2630; x_wconf 90' lang='lat' dir='ltr'><strong>tam</strong></span> <span class='ocrx_word' id='word_1_182' title='bbox 1804 2576 1949 2632; x_wconf 86' lang='lat' dir='ltr'><strong>fonte</strong></span> <span class='ocrx_word' id='word_1_183' title='bbox 1976 2591 2135 2646; x_wconf 92' lang='lat' dir='ltr'><strong>quam</strong></span> 
     </span>
    </p>
   </div>
   <div class='ocr_carea' id='block_1_27' title="bbox 555 2667 2140 2741">
    <p class='ocr_par' dir='ltr' id='par_1_27' title="bbox 555 2667 2140 2741">
     <span class='ocr_line' id='line_1_27' title="bbox 555 2667 2140 2741; baseline 0.002 -18"><span class='ocrx_word' id='word_1_184' title='bbox 555 2667 735 2725; x_wconf 82' lang='lat' dir='ltr'><strong>fronte</strong></span> <span class='ocrx_word' id='word_1_185' title='bbox 784 2669 1067 2725; x_wconf 87' lang='lat' dir='ltr'><strong>sudantur.</strong></span> <span class='ocrx_word' id='word_1_186' title='bbox 1112 2670 1392 2740; x_wconf 87' lang='lat' dir='ltr'><strong>Suspende</strong></span> <span class='ocrx_word' id='word_1_187' title='bbox 1432 2670 1717 2740; x_wconf 90' lang='lat' dir='ltr'><strong>perorandi</strong></span> <span class='ocrx_word' id='word_1_188' title='bbox 1758 2669 1887 2725; x_wconf 91' lang='lat' dir='ltr'><strong>illud</strong></span> <span class='ocrx_word' id='word_1_189' title='bbox 1926 2686 2140 2741; x_wconf 87' lang='lat' dir='ltr'><strong>quoque</strong></span> 
     </span>
    </p>
   </div>
   <div class='ocr_carea' id='block_1_28' title="bbox 554 2762 2136 2835">
    <p class='ocr_par' dir='ltr' id='par_1_28' title="bbox 554 2762 2136 2835">
     <span class='ocr_line' id='line_1_28' title="bbox 554 2762 2136 2835; baseline 0 -18"><span class='ocrx_word' id='word_1_190' title='bbox 554 2762 964 2819; x_wconf 88' lang='lat' dir='ltr'><strong>celeberrimum</strong></span> <span class='ocrx_word' id='word_1_191' title='bbox 1005 2763 1225 2832; x_wconf 90' lang='lat' dir='ltr'><strong>ﬂumen,</strong></span> <span class='ocrx_word' id='word_1_192' title='bbox 1257 2763 1397 2834; x_wconf 91' lang='lat' dir='ltr'><strong>quod</strong></span> <span class='ocrx_word' id='word_1_193' title='bbox 1430 2779 1534 2819; x_wconf 91' lang='lat' dir='ltr'><strong>non</strong></span> <span class='ocrx_word' id='word_1_194' title='bbox 1577 2766 1747 2821; x_wconf 88' lang='lat' dir='ltr'><strong>solum</strong></span> <span class='ocrx_word' id='word_1_195' title='bbox 1790 2765 2136 2835; x_wconf 87' lang='lat' dir='ltr'><strong>gentilitium,</strong></span> 
     </span>
    </p>
   </div>
   <div class='ocr_carea' id='block_1_29' title="bbox 553 2855 2140 2927">
    <p class='ocr_par' dir='ltr' id='par_1_29' title="bbox 553 2855 2140 2927">
     <span class='ocr_line' id='line_1_29' title="bbox 553 2855 2140 2927; baseline 0.001 -18"><span class='ocrx_word' id='word_1_196' title='bbox 553 2855 647 2911; x_wconf 86' lang='lat' dir='ltr'><strong>sed</strong></span> <span class='ocrx_word' id='word_1_197' title='bbox 687 2855 1039 2911; x_wconf 83' lang='lat' dir='ltr'><strong>domeSticunt</strong></span> <span class='ocrx_word' id='word_1_198' title='bbox 1092 2856 1207 2922; x_wconf 90' lang='lat' dir='ltr'><strong>tibi,</strong></span> <span class='ocrx_word' id='word_1_199' title='bbox 1256 2856 1510 2926; x_wconf 90' lang='lat' dir='ltr'><strong>quodque</strong></span> <span class='ocrx_word' id='word_1_200' title='bbox 1541 2857 1592 2910; x_wconf 94' lang='lat' dir='ltr'><strong>in</strong></span> <span class='ocrx_word' id='word_1_201' title='bbox 1625 2866 1773 2911; x_wconf 91' lang='lat' dir='ltr'><strong>tuum</strong></span> <span class='ocrx_word' id='word_1_202' title='bbox 1810 2867 1994 2927; x_wconf 76' lang='lat' dir='ltr'><strong>pectus</strong></span> <span class='ocrx_word' id='word_1_203' title='bbox 2046 2873 2140 2927; x_wconf 84' lang='lat' dir='ltr'><strong>per</strong></span> 
     </span>
    </p>
   </div>
   <div class='ocr_carea' id='block_1_30' title="bbox 554 2947 2136 3004">
    <p class='ocr_par' dir='ltr' id='par_1_30' title="bbox 554 2947 2136 3004">
     <span class='ocr_line' id='line_1_30' title="bbox 554 2947 2136 3004; baseline -0.001 0"><span class='ocrx_word' id='word_1_204' title='bbox 554 2947 833 3004; x_wconf 85' lang='lat' dir='ltr'><strong>succiduas</strong></span> <span class='ocrx_word' id='word_1_205' title='bbox 875 2959 1060 3004; x_wconf 83' lang='lat' dir='ltr'><strong>aetates</strong></span> <span class='ocrx_word' id='word_1_206' title='bbox 1098 2949 1167 3004; x_wconf 90' lang='lat' dir='ltr'><strong>ab</strong></span> <span class='ocrx_word' id='word_1_207' title='bbox 1210 2958 1369 3003; x_wconf 84' lang='lat' dir='ltr'><strong>atavo</strong></span> <span class='ocrx_word' id='word_1_208' title='bbox 1412 2949 1683 3004; x_wconf 84' lang='lat' dir='ltr'><strong>Frontone</strong></span> <span class='ocrx_word' id='word_1_209' title='bbox 1729 2949 2136 3003; x_wconf 81' lang='lat' dir='ltr'><strong>transfunditur.</strong></span> 
     </span>
    </p>
   </div>
   <div class='ocr_carea' id='block_1_31' title="bbox 556 3042 2135 3112">
    <p class='ocr_par' dir='ltr' id='par_1_31' title="bbox 556 3042 2135 3112">
     <span class='ocr_line' id='line_1_31' title="bbox 556 3042 2135 3112; baseline 0.001 -14"><span class='ocrx_word' id='word_1_210' title='bbox 556 3042 768 3112; x_wconf 86' lang='lat' dir='ltr'><strong>Sepone</strong></span> <span class='ocrx_word' id='word_1_211' title='bbox 791 3042 1137 3112; x_wconf 84' lang='lat' dir='ltr'><strong>pauxillulum</strong></span> <span class='ocrx_word' id='word_1_212' title='bbox 1162 3042 1681 3103; x_wconf 75' lang='lat' dir='ltr'><strong>conclamatissimas</strong></span> <span class='ocrx_word' id='word_1_213' title='bbox 1697 3042 2135 3111; x_wconf 77' lang='lat' dir='ltr'><strong>declamationes,</strong></span> 
     </span>
    </p>
   </div>
   <div class='ocr_carea' id='block_1_32' title="bbox 555 3129 2141 3205">
    <p class='ocr_par' dir='ltr' id='par_1_32' title="bbox 555 3129 2141 3205">
     <span class='ocr_line' id='line_1_32' title="bbox 555 3129 2141 3205; baseline 0.002 -21"><span class='ocrx_word' id='word_1_214' title='bbox 555 3146 686 3200; x_wconf 88' lang='lat' dir='ltr'><strong>quas</strong></span> <span class='ocrx_word' id='word_1_215' title='bbox 712 3129 740 3167; x_wconf 69' lang='grc' dir='ltr'>ἀ</span> <span class='ocrx_word' id='word_1_216' title='bbox 765 3132 874 3186; x_wconf 91' lang='lat' dir='ltr'><strong>oris</strong></span> <span class='ocrx_word' id='word_1_217' title='bbox 904 3131 1036 3199; x_wconf 80' lang='lat' dir='ltr'><strong>regii</strong></span> <span class='ocrx_word' id='word_1_218' title='bbox 1069 3133 1181 3187; x_wconf 90' lang='lat' dir='ltr'><strong>vice</strong></span> <span class='ocrx_word' id='word_1_219' title='bbox 1206 3133 1459 3188; x_wconf 84' lang='lat' dir='ltr'><strong>conficis:</strong></span> <span class='ocrx_word' id='word_1_220' title='bbox 1492 3134 1681 3202; x_wconf 89' lang='lat' dir='ltr'><strong>quibus</strong></span> <span class='ocrx_word' id='word_1_221' title='bbox 1712 3133 1824 3203; x_wconf 89' lang='lat' dir='ltr'><strong>ipse</strong></span> <span class='ocrx_word' id='word_1_222' title='bbox 1851 3149 1942 3188; x_wconf 81' lang='lat' dir='ltr'><strong>rex</strong></span> <span class='ocrx_word' id='word_1_223' title='bbox 1972 3135 2141 3205; x_wconf 85' lang='lat' dir='ltr'><strong>inely-</strong></span> 
     </span>
    </p>
   </div>
   <div class='ocr_carea' id='block_1_33' title="bbox 556 3224 2135 3294">
    <p class='ocr_par' dir='ltr' id='par_1_33' title="bbox 556 3224 2135 3294">
     <span class='ocr_line' id='line_1_33' title="bbox 556 3224 2135 3294; baseline 0.003 -17"><span class='ocrx_word' id='word_1_224' title='bbox 556 3230 641 3277; x_wconf 88' lang='lat' dir='ltr'><strong>tus</strong></span> <span class='ocrx_word' id='word_1_225' title='bbox 672 3224 830 3279; x_wconf 91' lang='lat' dir='ltr'><strong>modo</strong></span> <span class='ocrx_word' id='word_1_226' title='bbox 867 3224 1029 3279; x_wconf 90' lang='lat' dir='ltr'><strong>corda</strong></span> <span class='ocrx_word' id='word_1_227' title='bbox 1058 3225 1318 3279; x_wconf 85' lang='lat' dir='ltr'><strong>terrificat</strong></span> <span class='ocrx_word' id='word_1_228' title='bbox 1351 3227 1586 3294; x_wconf 90' lang='lat' dir='ltr'><strong>gentium</strong></span> <span class='ocrx_word' id='word_1_229' title='bbox 1622 3228 2135 3292; x_wconf 87' lang='lat' dir='ltr'><strong>transmarinarum;</strong></span> 
     </span>
    </p>
   </div>
   <div class='ocr_carea' id='block_1_34' title="bbox 2246 621 3832 694">
    <p class='ocr_par' dir='ltr' id='par_1_34' title="bbox 2246 621 3832 694">
     <span class='ocr_line' id='line_1_34' title="bbox 2246 621 3832 694; baseline -0.001 -14"><span class='ocrx_word' id='word_1_230' title='bbox 2246 625 2384 691; x_wconf 72' lang='lat' dir='ltr'><strong>nite;</strong></span> <span class='ocrx_word' id='word_1_231' title='bbox 2416 624 2553 680; x_wconf 90' lang='lat' dir='ltr'><strong>inter</strong></span> <span class='ocrx_word' id='word_1_232' title='bbox 2591 624 2776 694; x_wconf 89' lang='lat' dir='ltr'><strong>epulas</strong></span> <span class='ocrx_word' id='word_1_233' title='bbox 2816 622 3157 689; x_wconf 84' lang='lat' dir='ltr'><strong>abstemium,</strong></span> <span class='ocrx_word' id='word_1_234' title='bbox 3197 621 3339 677; x_wconf 90' lang='lat' dir='ltr'><strong>inter</strong></span> <span class='ocrx_word' id='word_1_235' title='bbox 3369 623 3832 694; x_wconf 84' lang='lat' dir='ltr'><strong>purpuratos-lin-</strong></span> 
     </span>
    </p>
   </div>
   <div class='ocr_carea' id='block_1_35' title="bbox 2249 714 3832 784">
    <p class='ocr_par' dir='ltr' id='par_1_35' title="bbox 2249 714 3832 784">
     <span class='ocr_line' id='line_1_35' title="bbox 2249 714 3832 784; baseline 0.001 -13"><span class='ocrx_word' id='word_1_236' title='bbox 2249 726 2473 784; x_wconf 90' lang='lat' dir='ltr'><strong>teatum,</strong></span> <span class='ocrx_word' id='word_1_237' title='bbox 2511 718 2654 773; x_wconf 91' lang='lat' dir='ltr'><strong>inter</strong></span> <span class='ocrx_word' id='word_1_238' title='bbox 2694 716 2963 772; x_wconf 89' lang='lat' dir='ltr'><strong>alabastra</strong></span> <span class='ocrx_word' id='word_1_239' title='bbox 2992 714 3299 772; x_wconf 88' lang='lat' dir='ltr'><strong>censorium</strong></span> <span class='ocrx_word' id='word_1_240' title='bbox 3336 728 3713 784; x_wconf 89' lang='lat' dir='ltr'><strong>:concretum,</strong></span> <span class='ocrx_word' id='word_1_241' title='bbox 3757 718 3832 773; x_wconf 84' lang='lat' dir='ltr'><strong>hi-</strong></span> 
     </span>
    </p>
   </div>
   <div class='ocr_carea' id='block_1_36' title="bbox 2245 808 3830 880">
    <p class='ocr_par' dir='ltr' id='par_1_36' title="bbox 2245 808 3830 880">
     <span class='ocr_line' id='line_1_36' title="bbox 2245 808 3830 880; baseline 0.001 -16"><span class='ocrx_word' id='word_1_242' title='bbox 2245 810 2479 880; x_wconf 90' lang='lat' dir='ltr'><strong>spidum,</strong></span> <span class='ocrx_word' id='word_1_243' title='bbox 2513 810 2799 877; x_wconf 90' lang='lat' dir='ltr'><strong>hirsutum,</strong></span> <span class='ocrx_word' id='word_1_244' title='bbox 2842 808 2895 864; x_wconf 90' lang='lat' dir='ltr'><strong>in</strong></span> <span class='ocrx_word' id='word_1_245' title='bbox 2928 808 3111 865; x_wconf 90' lang='lat' dir='ltr'><strong>medio</strong></span> <span class='ocrx_word' id='word_1_246' title='bbox 3141 809 3416 865; x_wconf 91' lang='lat' dir='ltr'><strong>nationum</strong></span> <span class='ocrx_word' id='word_1_247' title='bbox 3444 810 3830 875; x_wconf 87' lang='lat' dir='ltr'><strong>delibutarum,</strong></span> 
     </span>
    </p>
   </div>
   <div class='ocr_carea' id='block_1_37' title="bbox 2246 901 3830 973">
    <p class='ocr_par' dir='ltr' id='par_1_37' title="bbox 2246 901 3830 973">
     <span class='ocr_line' id='line_1_37' title="bbox 2246 901 3830 973; baseline 0.001 -17"><span class='ocrx_word' id='word_1_248' title='bbox 2246 910 2405 973; x_wconf 90' lang='lat' dir='ltr'><strong>atque</strong></span> <span class='ocrx_word' id='word_1_249' title='bbox 2445 902 2584 957; x_wconf 87' lang='lat' dir='ltr'><strong>inter</strong></span> <span class='ocrx_word' id='word_1_250' title='bbox 2628 912 2871 971; x_wconf 87' lang='lat' dir='ltr'><strong>satrapas</strong></span> <span class='ocrx_word' id='word_1_251' title='bbox 2910 916 3096 971; x_wconf 90' lang='lat' dir='ltr'><strong>regum</strong></span> <span class='ocrx_word' id='word_1_252' title='bbox 3141 902 3454 957; x_wconf 88' lang='lat' dir='ltr'><strong>tiaratorum</strong></span> <span class='ocrx_word' id='word_1_253' title='bbox 3498 901 3830 973; x_wconf 83' lang='lat' dir='ltr'><strong>myrrhatos,</strong></span> 
     </span>
    </p>
   </div>
   <div class='ocr_carea' id='block_1_38' title="bbox 2248 992 3833 1066">
    <p class='ocr_par' dir='ltr' id='par_1_38' title="bbox 2248 992 3833 1066">
     <span class='ocr_line' id='line_1_38' title="bbox 2248 992 3833 1066; baseline 0.002 -18"><span class='ocrx_word' id='word_1_254' title='bbox 2248 994 2571 1064; x_wconf 86' lang='lat' dir='ltr'><strong>pumicatos,</strong></span> <span class='ocrx_word' id='word_1_255' title='bbox 2603 992 2988 1050; x_wconf 87' lang='lat' dir='ltr'><strong>malobatratos</strong></span> <span class='ocrx_word' id='word_1_256' title='bbox 3010 994 3306 1049; x_wconf 89' lang='lat' dir='ltr'><strong>venerabili</strong></span> <span class='ocrx_word' id='word_1_257' title='bbox 3333 995 3583 1066; x_wconf 88' lang='lat' dir='ltr'><strong>squalore</strong></span> <span class='ocrx_word' id='word_1_258' title='bbox 3624 997 3833 1066; x_wconf 89' lang='lat' dir='ltr'><strong>pretio-</strong></span> 
     </span>
    </p>
   </div>
   <div class='ocr_carea' id='block_1_39' title="bbox 2247 1087 3835 1160">
    <p class='ocr_par' dir='ltr' id='par_1_39' title="bbox 2247 1087 3835 1160">
     <span class='ocr_line' id='line_1_39' title="bbox 2247 1087 3835 1160; baseline 0.001 -16"><span class='ocrx_word' id='word_1_259' title='bbox 2247 1104 2364 1144; x_wconf 88' lang='lat' dir='ltr'><strong>sum</strong></span> <span class='ocrx_word' id='word_1_260' title='bbox 2398 1104 2414 1143; x_wconf 89' lang='lat'><strong>:</strong></span> <span class='ocrx_word' id='word_1_261' title='bbox 2446 1102 2677 1159; x_wconf 89' lang='lat' dir='ltr'><strong>cumque</strong></span> <span class='ocrx_word' id='word_1_262' title='bbox 2705 1087 2924 1159; x_wconf 91' lang='lat' dir='ltr'><strong>proprio</strong></span> <span class='ocrx_word' id='word_1_263' title='bbox 2955 1088 3088 1143; x_wconf 92' lang='lat' dir='ltr'><strong>nihil</strong></span> <span class='ocrx_word' id='word_1_264' title='bbox 3120 1089 3236 1145; x_wconf 87' lang='lat' dir='ltr'><strong>esui</strong></span> <span class='ocrx_word' id='word_1_265' title='bbox 3274 1096 3366 1144; x_wconf 92' lang='lat' dir='ltr'><strong>aut</strong></span> <span class='ocrx_word' id='word_1_266' title='bbox 3395 1088 3606 1145; x_wconf 90' lang='lat' dir='ltr'><strong>indutui</strong></span> <span class='ocrx_word' id='word_1_267' title='bbox 3641 1091 3710 1145; x_wconf 91' lang='lat' dir='ltr'><strong>de</strong></span> <span class='ocrx_word' id='word_1_268' title='bbox 3745 1105 3835 1160; x_wconf 90' lang='lat' dir='ltr'><strong>pe-</strong></span> 
     </span>
    </p>
   </div>
   <div class='ocr_carea' id='block_1_40' title="bbox 2246 1178 3835 1251">
    <p class='ocr_par' dir='ltr' id='par_1_40' title="bbox 2246 1178 3835 1251">
     <span class='ocr_line' id='line_1_40' title="bbox 2246 1178 3835 1251; baseline 0.001 -16"><span class='ocrx_word' id='word_1_269' title='bbox 2246 1180 2382 1235; x_wconf 90' lang='lat' dir='ltr'><strong>cude</strong></span> <span class='ocrx_word' id='word_1_270' title='bbox 2404 1180 2693 1247; x_wconf 90' lang='lat' dir='ltr'><strong>conferret,</strong></span> <span class='ocrx_word' id='word_1_271' title='bbox 2737 1179 2917 1249; x_wconf 77' lang='lat' dir='ltr'><strong>regnis</strong></span> <span class='ocrx_word' id='word_1_272' title='bbox 2944 1178 3014 1235; x_wconf 94' lang='lat' dir='ltr'><strong>ob</strong></span> <span class='ocrx_word' id='word_1_273' title='bbox 3052 1178 3174 1247; x_wconf 92' lang='lat' dir='ltr'><strong>hoc,</strong></span> <span class='ocrx_word' id='word_1_274' title='bbox 3203 1195 3323 1250; x_wconf 66' lang='lat' dir='ltr'><strong>quae</strong></span> <span class='ocrx_word' id='word_1_275' title='bbox 3358 1180 3683 1251; x_wconf 85' lang='lat' dir='ltr'><strong>pererravit,</strong></span> <span class='ocrx_word' id='word_1_276' title='bbox 3728 1196 3835 1236; x_wconf 91' lang='lat' dir='ltr'><strong>non</strong></span> 
     </span>
    </p>
   </div>
   <div class='ocr_carea' id='block_1_41' title="bbox 2247 1270 3836 1342">
    <p class='ocr_par' dir='ltr' id='par_1_41' title="bbox 2247 1270 3836 1342">
     <span class='ocr_line' id='line_1_41' title="bbox 2247 1270 3836 1342; baseline 0.001 -17"><span class='ocrx_word' id='word_1_277' title='bbox 2247 1279 2354 1325; x_wconf 92' lang='lat' dir='ltr'><strong>tam</strong></span> <span class='ocrx_word' id='word_1_278' title='bbox 2384 1272 2673 1341; x_wconf 86' lang='lat' dir='ltr'><strong>suspicioni</strong></span> <span class='ocrx_word' id='word_1_279' title='bbox 2700 1285 2859 1342; x_wconf 90' lang='lat' dir='ltr'><strong>quam</strong></span> <span class='ocrx_word' id='word_1_280' title='bbox 2888 1270 3054 1326; x_wconf 89' lang='lat' dir='ltr'><strong>fuisse</strong></span> <span class='ocrx_word' id='word_1_281' title='bbox 3083 1271 3353 1340; x_wconf 87' lang='lat' dir='ltr'><strong>suspectui</strong></span> <span class='ocrx_word' id='word_1_282' title='bbox 3378 1286 3392 1336; x_wconf 92' lang='lat'><strong>;</strong></span> <span class='ocrx_word' id='word_1_283' title='bbox 3425 1282 3477 1326; x_wconf 89' lang='lat' dir='ltr'><strong>et</strong></span> <span class='ocrx_word' id='word_1_284' title='bbox 3507 1270 3722 1326; x_wconf 87' lang='lat' dir='ltr'><strong>fortuna</strong></span> <span class='ocrx_word' id='word_1_285' title='bbox 3749 1288 3836 1327; x_wconf 49' lang='lat' dir='ltr'><strong>re.</strong></span> 
     </span>
    </p>
   </div>
   <div class='ocr_carea' id='block_1_42' title="bbox 2184 1363 3836 1436">
    <p class='ocr_par' dir='ltr' id='par_1_42' title="bbox 2184 1363 3836 1436">
     <span class='ocr_line' id='line_1_42' title="bbox 2184 1363 3836 1436; baseline -0.001 -16"><span class='ocrx_word' id='word_1_286' title='bbox 2184 1370 2187 1371; x_wconf 66' lang='grc'><strong><em>⁷</em></strong></span> <span class='ocrx_word' id='word_1_287' title='bbox 2245 1380 2369 1436; x_wconf 88' lang='lat' dir='ltr'><strong>gum</strong></span> <span class='ocrx_word' id='word_1_288' title='bbox 2409 1364 2512 1421; x_wconf 90' lang='lat' dir='ltr'><strong>sibi</strong></span> <span class='ocrx_word' id='word_1_289' title='bbox 2552 1365 2605 1419; x_wconf 92' lang='lat' dir='ltr'><strong>in</strong></span> <span class='ocrx_word' id='word_1_290' title='bbox 2650 1363 2903 1419; x_wconf 88' lang='lat' dir='ltr'><strong>omnibus</strong></span> <span class='ocrx_word' id='word_1_291' title='bbox 2931 1363 3351 1429; x_wconf 89' lang='lat' dir='ltr'><strong>obsecundante,</strong></span> <span class='ocrx_word' id='word_1_292' title='bbox 3381 1363 3473 1419; x_wconf 90' lang='lat' dir='ltr'><strong>illa</strong></span> <span class='ocrx_word' id='word_1_293' title='bbox 3506 1372 3712 1419; x_wconf 85' lang='lat' dir='ltr'><strong>tantum</strong></span> <span class='ocrx_word' id='word_1_294' title='bbox 3740 1365 3836 1420; x_wconf 90' lang='lat' dir='ltr'><strong>be-</strong></span> 
     </span>
    </p>
   </div>
   <div class='ocr_carea' id='block_1_43' title="bbox 2247 1455 3838 1527">
    <p class='ocr_par' dir='ltr' id='par_1_43' title="bbox 2247 1455 3838 1527">
     <span class='ocr_line' id='line_1_43' title="bbox 2247 1455 3838 1527; baseline -0.001 -14"><span class='ocrx_word' id='word_1_295' title='bbox 2247 1458 2433 1513; x_wconf 83' lang='lat' dir='ltr'><strong>neﬁcia</strong></span> <span class='ocrx_word' id='word_1_296' title='bbox 2465 1465 2795 1527; x_wconf 89' lang='lat' dir='ltr'><strong>poscentem,</strong></span> <span class='ocrx_word' id='word_1_297' title='bbox 2829 1470 2950 1526; x_wconf 68' lang='lat' dir='ltr'><strong>qua:</strong></span> <span class='ocrx_word' id='word_1_298' title='bbox 2980 1470 3134 1526; x_wconf 84' lang='lat' dir='ltr'><strong>mage</strong></span> <span class='ocrx_word' id='word_1_299' title='bbox 3164 1455 3234 1509; x_wconf 86' lang='lat' dir='ltr'><strong>sit</strong></span> <span class='ocrx_word' id='word_1_300' title='bbox 3263 1464 3449 1510; x_wconf 87' lang='lat' dir='ltr'><strong>suetus</strong></span> <span class='ocrx_word' id='word_1_301' title='bbox 3488 1455 3670 1511; x_wconf 91' lang='lat' dir='ltr'><strong>oblata</strong></span> <span class='ocrx_word' id='word_1_302' title='bbox 3702 1472 3838 1525; x_wconf 83' lang='lat' dir='ltr'><strong>pra:-</strong></span> 
     </span>
    </p>
   </div>
   <div class='ocr_carea' id='block_1_44' title="bbox 2244 1538 3837 1618">
    <p class='ocr_par' dir='ltr' id='par_1_44' title="bbox 2244 1538 3837 1618">
     <span class='ocr_line' id='line_1_44' title="bbox 2244 1538 3837 1618; baseline -0.001 -14"><span class='ocrx_word' id='word_1_303' title='bbox 2244 1557 2389 1604; x_wconf 89' lang='lat' dir='ltr'><strong>stare</strong></span> <span class='ocrx_word' id='word_1_304' title='bbox 2427 1563 2586 1618; x_wconf 93' lang='lat' dir='ltr'><strong>quam</strong></span> <span class='ocrx_word' id='word_1_305' title='bbox 2630 1562 2865 1604; x_wconf 88' lang='lat' dir='ltr'><strong>sumere.</strong></span> <span class='ocrx_word' id='word_1_306' title='bbox 2894 1546 3032 1614; x_wconf 85' lang='lat' dir='ltr'><strong>Quid</strong></span> <span class='ocrx_word' id='word_1_307' title='bbox 3072 1546 3295 1602; x_wconf 87' lang='lat' dir='ltr'><strong>multis?</strong></span> <span class='ocrx_word' id='word_1_308' title='bbox 3325 1538 3382 1602; x_wconf 85' lang='lat' dir='ltr'><strong>Si</strong></span> <span class='ocrx_word' id='word_1_309' title='bbox 3412 1562 3536 1603; x_wconf 90' lang='lat' dir='ltr'><strong>vera</strong></span> <span class='ocrx_word' id='word_1_310' title='bbox 3580 1549 3837 1603; x_wconf 86' lang='lat' dir='ltr'><strong>metimur</strong></span> 
     </span>
    </p>
   </div>
   <div class='ocr_carea' id='block_1_45' title="bbox 2245 1639 3838 1713">
    <p class='ocr_par' dir='ltr' id='par_1_45' title="bbox 2245 1639 3838 1713">
     <span class='ocr_line' id='line_1_45' title="bbox 2245 1639 3838 1713; baseline -0.002 -16"><span class='ocrx_word' id='word_1_311' title='bbox 2245 1642 2703 1713; x_wconf 85' lang='lat' dir='ltr'><strong>aestimamusque,</strong></span> <span class='ocrx_word' id='word_1_312' title='bbox 2731 1642 2840 1698; x_wconf 86' lang='lat' dir='ltr'><strong>fors</strong></span> <span class='ocrx_word' id='word_1_313' title='bbox 2870 1640 2986 1696; x_wconf 90' lang='lat' dir='ltr'><strong>fuat</strong></span> <span class='ocrx_word' id='word_1_314' title='bbox 3017 1656 3086 1695; x_wconf 93' lang='lat' dir='ltr'><strong>an</strong></span> <span class='ocrx_word' id='word_1_315' title='bbox 3119 1639 3422 1710; x_wconf 83' lang='lat' dir='ltr'><strong>philosophi</strong></span> <span class='ocrx_word' id='word_1_316' title='bbox 3450 1640 3574 1696; x_wconf 62' lang='lat' dir='ltr'><strong>vitae</strong></span> <span class='ocrx_word' id='word_1_317' title='bbox 3599 1642 3838 1711; x_wconf 81' lang='lat' dir='ltr'><strong>scriptor</strong></span> 
     </span>
    </p>
   </div>
   <div class='ocr_carea' id='block_1_46' title="bbox 2244 1733 3839 1807">
    <p class='ocr_par' dir='ltr' id='par_1_46' title="bbox 2244 1733 3839 1807">
     <span class='ocr_line' id='line_1_46' title="bbox 2244 1733 3839 1807; baseline -0.001 -17"><span class='ocrx_word' id='word_1_318' title='bbox 2244 1735 2467 1807; x_wconf 84' lang='lat' dir='ltr'><strong>aequalis</strong></span> <span class='ocrx_word' id='word_1_319' title='bbox 2513 1735 2776 1806; x_wconf 87' lang='lat' dir='ltr'><strong>majorum</strong></span> <span class='ocrx_word' id='word_1_320' title='bbox 2823 1734 3156 1805; x_wconf 90' lang='lat' dir='ltr'><strong>temporibus</strong></span> <span class='ocrx_word' id='word_1_321' title='bbox 3201 1733 3515 1802; x_wconf 87' lang='lat' dir='ltr'><strong>accesserit,</strong></span> <span class='ocrx_word' id='word_1_322' title='bbox 3552 1742 3705 1790; x_wconf 89' lang='lat' dir='ltr'><strong>certe</strong></span> <span class='ocrx_word' id='word_1_323' title='bbox 3737 1748 3839 1804; x_wconf 83' lang='lat' dir='ltr'><strong>par</strong></span> 
     </span>
    </p>
   </div>
   <div class='ocr_carea' id='block_1_47' title="bbox 2244 1828 3440 1902">
    <p class='ocr_par' dir='ltr' id='par_1_47' title="bbox 2244 1828 3440 1902">
     <span class='ocr_line' id='line_1_47' title="bbox 2244 1828 3440 1902; baseline -0.003 -15"><span class='ocrx_word' id='word_1_324' title='bbox 2244 1831 2447 1888; x_wconf 67' lang='lat' dir='ltr'><strong>saeculo</strong></span> <span class='ocrx_word' id='word_1_325' title='bbox 2475 1846 2596 1889; x_wconf 89' lang='lat' dir='ltr'><strong>meo</strong></span> <span class='ocrx_word' id='word_1_326' title='bbox 2619 1846 2715 1902; x_wconf 91' lang='lat' dir='ltr'><strong>per</strong></span> <span class='ocrx_word' id='word_1_327' title='bbox 2745 1840 2799 1887; x_wconf 90' lang='lat' dir='ltr'><strong>te</strong></span> <span class='ocrx_word' id='word_1_328' title='bbox 2826 1830 2995 1887; x_wconf 91' lang='lat' dir='ltr'><strong>lector</strong></span> <span class='ocrx_word' id='word_1_329' title='bbox 3014 1830 3253 1886; x_wconf 88' lang='lat' dir='ltr'><strong>obvenit.</strong></span> <span class='ocrx_word' id='word_1_330' title='bbox 3289 1828 3440 1884; x_wconf 87' lang='lat' dir='ltr'><strong>Vale.</strong></span> 
     </span>
    </p>
   </div>
   <div class='ocr_carea' id='block_1_48' title="bbox 2800 1922 3263 1980">
    <p class='ocr_par' dir='ltr' id='par_1_48' title="bbox 2800 1922 3263 1980">
     <span class='ocr_line' id='line_1_48' title="bbox 2800 1922 3263 1980; baseline -0.004 0"><span class='ocrx_word' id='word_1_331' title='bbox 2800 1923 3136 1980; x_wconf 75' lang='lat' dir='ltr'><strong>EPISTULA</strong></span> <span class='ocrx_word' id='word_1_332' title='bbox 3174 1922 3263 1978; x_wconf 85' lang='lat' dir='ltr'><strong>IV.</strong></span> 
     </span>
    </p>
   </div>
   <div class='ocr_carea' id='block_1_49' title="bbox 2538 2014 3529 2076">
    <p class='ocr_par' dir='ltr' id='par_1_49' title="bbox 2538 2014 3529 2076">
     <span class='ocr_line' id='line_1_49' title="bbox 2538 2014 3529 2076; baseline -0.007 0"><span class='ocrx_word' id='word_1_333' title='bbox 2538 2017 2787 2076; x_wconf 71' lang='lat' dir='ltr'><strong>Sidonius</strong></span> <span class='ocrx_word' id='word_1_334' title='bbox 2815 2026 2838 2056; x_wconf 76' lang='grc' dir='ltr'>ε</span> <span class='ocrx_word' id='word_1_335' title='bbox 2869 2015 3142 2073; x_wconf 77' lang='lat' dir='ltr'><strong>Consentio</strong></span> <span class='ocrx_word' id='word_1_336' title='bbox 3169 2032 3264 2071; x_wconf 79' lang='lat' dir='ltr'><strong>suo</strong></span> <span class='ocrx_word' id='word_1_337' title='bbox 3289 2014 3529 2071; x_wconf 80' lang='lat' dir='ltr'><strong>salutem.</strong></span> 
     </span>
    </p>
   </div>
   <div class='ocr_carea' id='block_1_50' title="bbox 2315 2109 3839 2183">
    <p class='ocr_par' dir='ltr' id='par_1_50' title="bbox 2315 2109 3839 2183">
     <span class='ocr_line' id='line_1_50' title="bbox 2315 2109 3839 2183; baseline -0.003 -15"><span class='ocrx_word' id='word_1_338' title='bbox 2315 2110 2633 2183; x_wconf 89' lang='lat' dir='ltr'><strong>Unquamne</strong></span> <span class='ocrx_word' id='word_1_339' title='bbox 2688 2127 2788 2169; x_wconf 92' lang='lat' dir='ltr'><strong>nos</strong></span> <span class='ocrx_word' id='word_1_340' title='bbox 2816 2111 2911 2168; x_wconf 90' lang='lat' dir='ltr'><strong>Dei</strong></span> <span class='ocrx_word' id='word_1_341' title='bbox 2942 2119 3095 2177; x_wconf 92' lang='lat' dir='ltr'><strong>nutu,</strong></span> <span class='ocrx_word' id='word_1_342' title='bbox 3138 2109 3356 2165; x_wconf 91' lang='lat' dir='ltr'><strong>domine</strong></span> <span class='ocrx_word' id='word_1_343' title='bbox 3392 2109 3585 2180; x_wconf 89' lang='lat' dir='ltr'><strong>major,</strong></span> <span class='ocrx_word' id='word_1_344' title='bbox 3616 2123 3723 2165; x_wconf 92' lang='lat' dir='ltr'><strong>una</strong></span> <span class='ocrx_word' id='word_1_345' title='bbox 3753 2109 3839 2165; x_wconf 83' lang='lat' dir='ltr'><strong>vi-</strong></span> 
     </span>
    </p>
   </div>
   <div class='ocr_carea' id='block_1_51' title="bbox 2232 2202 3837 2275">
    <p class='ocr_par' dir='ltr' id='par_1_51' title="bbox 2232 2202 3837 2275">
     <span class='ocr_line' id='line_1_51' title="bbox 2232 2202 3837 2275; baseline -0.004 -12"><span class='ocrx_word' id='word_1_346' title='bbox 2232 2202 2391 2263; x_wconf 87' lang='lat' dir='ltr'><strong>debit</strong></span> <span class='ocrx_word' id='word_1_347' title='bbox 2428 2204 2517 2260; x_wconf 92' lang='lat' dir='ltr'><strong>ille</strong></span> <span class='ocrx_word' id='word_1_348' title='bbox 2565 2218 2692 2275; x_wconf 88' lang='lat' dir='ltr'><strong>ager</strong></span> <span class='ocrx_word' id='word_1_349' title='bbox 2736 2212 2857 2260; x_wconf 91' lang='lat' dir='ltr'><strong>tuus</strong></span> <span class='ocrx_word' id='word_1_350' title='bbox 2901 2203 3246 2268; x_wconf 86' lang='lat' dir='ltr'><strong>Octavianus,</strong></span> <span class='ocrx_word' id='word_1_351' title='bbox 3286 2216 3387 2257; x_wconf 90' lang='lat' dir='ltr'><strong>nec</strong></span> <span class='ocrx_word' id='word_1_352' title='bbox 3429 2210 3551 2257; x_wconf 90' lang='lat' dir='ltr'><strong>tuus</strong></span> <span class='ocrx_word' id='word_1_353' title='bbox 3597 2208 3837 2268; x_wconf 88' lang='lat' dir='ltr'><strong>tantum,</strong></span> 
     </span>
    </p>
   </div>
   <div class='ocr_carea' id='block_1_52' title="bbox 2242 2294 3837 2367">
    <p class='ocr_par' dir='ltr' id='par_1_52' title="bbox 2242 2294 3837 2367">
     <span class='ocr_line' id='line_1_52' title="bbox 2242 2294 3837 2367; baseline 0 -17"><span class='ocrx_word' id='word_1_354' title='bbox 2242 2305 2499 2366; x_wconf 85' lang='lat' dir='ltr'><strong>quantum</strong></span> <span class='ocrx_word' id='word_1_355' title='bbox 2529 2297 2854 2353; x_wconf 82' lang='lat' dir='ltr'><strong>amicorum?</strong></span> <span class='ocrx_word' id='word_1_356' title='bbox 2879 2296 2979 2364; x_wconf 88' lang='lat' dir='ltr'><strong>Qui</strong></span> <span class='ocrx_word' id='word_1_357' title='bbox 3008 2296 3236 2365; x_wconf 90' lang='lat' dir='ltr'><strong>civitati,</strong></span> <span class='ocrx_word' id='word_1_358' title='bbox 3268 2294 3453 2362; x_wconf 88' lang='lat' dir='ltr'><strong>ﬂuvio,</strong></span> <span class='ocrx_word' id='word_1_359' title='bbox 3484 2295 3623 2350; x_wconf 91' lang='lat' dir='ltr'><strong>mari</strong></span> <span class='ocrx_word' id='word_1_360' title='bbox 3648 2295 3837 2367; x_wconf 55' lang='lat' dir='ltr'><strong>proxi-</strong></span> 
     </span>
    </p>
   </div>
   <div class='ocr_carea' id='block_1_53' title="bbox 2243 2388 3836 2461">
    <p class='ocr_par' dir='ltr' id='par_1_53' title="bbox 2243 2388 3836 2461">
     <span class='ocr_line' id='line_1_53' title="bbox 2243 2388 3836 2461; baseline 0.002 -19"><span class='ocrx_word' id='word_1_361' title='bbox 2243 2403 2386 2456; x_wconf 90' lang='lat' dir='ltr'><strong>mus,</strong></span> <span class='ocrx_word' id='word_1_362' title='bbox 2439 2388 2678 2459; x_wconf 90' lang='lat' dir='ltr'><strong>hospites</strong></span> <span class='ocrx_word' id='word_1_363' title='bbox 2730 2388 2928 2459; x_wconf 84' lang='lat' dir='ltr'><strong>epulis,</strong></span> <span class='ocrx_word' id='word_1_364' title='bbox 2980 2398 3032 2444; x_wconf 91' lang='lat' dir='ltr'><strong>te</strong></span> <span class='ocrx_word' id='word_1_365' title='bbox 3079 2388 3246 2458; x_wconf 90' lang='lat' dir='ltr'><strong>pascit</strong></span> <span class='ocrx_word' id='word_1_366' title='bbox 3291 2390 3451 2461; x_wconf 66' lang='lat'><strong>217</strong></span> <span class='ocrx_word' id='word_1_367' title='bbox 3502 2388 3836 2460; x_wconf 87' lang='lat' dir='ltr'><strong>hospitibus.</strong></span> 
     </span>
    </p>
   </div>
   <div class='ocr_carea' id='block_1_54' title="bbox 2243 2477 3836 2551">
    <p class='ocr_par' dir='ltr' id='par_1_54' title="bbox 2243 2477 3836 2551">
     <span class='ocr_line' id='line_1_54' title="bbox 2243 2477 3836 2551; baseline 0.003 -18"><span class='ocrx_word' id='word_1_368' title='bbox 2243 2477 2446 2535; x_wconf 86' lang='lat' dir='ltr'><strong>Praeter</strong></span> <span class='ocrx_word' id='word_1_369' title='bbox 2471 2479 2609 2547; x_wconf 74' lang='lat' dir='ltr'><strong>haec,</strong></span> <span class='ocrx_word' id='word_1_370' title='bbox 2637 2480 2805 2535; x_wconf 91' lang='lat' dir='ltr'><strong>oculis</strong></span> <span class='ocrx_word' id='word_1_371' title='bbox 2832 2481 3152 2536; x_wconf 87' lang='lat' dir='ltr'><strong>intuentium</strong></span> <span class='ocrx_word' id='word_1_372' title='bbox 3185 2481 3289 2535; x_wconf 89' lang='lat' dir='ltr'><strong>situ</strong></span> <span class='ocrx_word' id='word_1_373' title='bbox 3319 2481 3836 2551; x_wconf 79' lang='lat' dir='ltr'><strong>decoruszprimore</strong></span> 
     </span>
    </p>
   </div>
   <div class='ocr_carea' id='block_1_55' title="bbox 2244 2573 3835 2645">
    <p class='ocr_par' dir='ltr' id='par_1_55' title="bbox 2244 2573 3835 2645">
     <span class='ocr_line' id='line_1_55' title="bbox 2244 2573 3835 2645; baseline 0.001 -17"><span class='ocrx_word' id='word_1_374' title='bbox 2244 2573 2384 2641; x_wconf 92' lang='lat' dir='ltr'><strong>loco,</strong></span> <span class='ocrx_word' id='word_1_375' title='bbox 2418 2574 2559 2645; x_wconf 94' lang='lat' dir='ltr'><strong>quod</strong></span> <span class='ocrx_word' id='word_1_376' title='bbox 2587 2574 2914 2629; x_wconf 91' lang='lat' dir='ltr'><strong>domicilium</strong></span> <span class='ocrx_word' id='word_1_377' title='bbox 2958 2573 3253 2643; x_wconf 88' lang='lat' dir='ltr'><strong>parietibus</strong></span> <span class='ocrx_word' id='word_1_378' title='bbox 3279 2573 3562 2642; x_wconf 90' lang='lat' dir='ltr'><strong>attollitur,</strong></span> <span class='ocrx_word' id='word_1_379' title='bbox 3607 2574 3672 2627; x_wconf 90' lang='lat' dir='ltr'><strong>ad</strong></span> <span class='ocrx_word' id='word_1_380' title='bbox 3702 2588 3835 2629; x_wconf 86' lang='lat' dir='ltr'><strong>con-</strong></span> 
     </span>
    </p>
   </div>
   <div class='ocr_carea' id='block_1_56' title="bbox 2243 2666 3832 2741">
    <p class='ocr_par' dir='ltr' id='par_1_56' title="bbox 2243 2666 3832 2741">
     <span class='ocr_line' id='line_1_56' title="bbox 2243 2666 3832 2741; baseline 0.001 -21"><span class='ocrx_word' id='word_1_381' title='bbox 2243 2666 2531 2721; x_wconf 83' lang='lat' dir='ltr'><strong>cinentiarn</strong></span> <span class='ocrx_word' id='word_1_382' title='bbox 2563 2666 2769 2722; x_wconf 85' lang='lat' dir='ltr'><strong>scilicet</strong></span> <span class='ocrx_word' id='word_1_383' title='bbox 2794 2666 3267 2741; x_wconf 88' lang='lat' dir='ltr'><strong>architectonicam</strong></span> <span class='ocrx_word' id='word_1_384' title='bbox 3292 2668 3438 2722; x_wconf 87' lang='lat' dir='ltr'><strong>fabre</strong></span> <span class='ocrx_word' id='word_1_385' title='bbox 3460 2668 3648 2723; x_wconf 89' lang='lat' dir='ltr'><strong>locatis</strong></span> <span class='ocrx_word' id='word_1_386' title='bbox 3679 2683 3695 2723; x_wconf 92' lang='lat'><strong>:</strong></span> <span class='ocrx_word' id='word_1_387' title='bbox 3720 2677 3832 2723; x_wconf 88' lang='lat' dir='ltr'><strong>tum</strong></span> 
     </span>
    </p>
   </div>
   <div class='ocr_carea' id='block_1_57' title="bbox 2244 2760 3831 2831">
    <p class='ocr_par' dir='ltr' id='par_1_57' title="bbox 2244 2760 3831 2831">
     <span class='ocr_line' id='line_1_57' title="bbox 2244 2760 3831 2831; baseline 0.001 -15"><span class='ocrx_word' id='word_1_388' title='bbox 2244 2760 2501 2828; x_wconf 84' lang='lat' dir='ltr'><strong>sacrario,</strong></span> <span class='ocrx_word' id='word_1_389' title='bbox 2545 2762 2837 2831; x_wconf 90' lang='lat' dir='ltr'><strong>porticibus</strong></span> <span class='ocrx_word' id='word_1_390' title='bbox 2877 2776 2939 2816; x_wconf 87' lang='lat' dir='ltr'><strong>ac</strong></span> <span class='ocrx_word' id='word_1_391' title='bbox 2968 2761 3194 2817; x_wconf 86' lang='lat' dir='ltr'><strong>thermis</strong></span> <span class='ocrx_word' id='word_1_392' title='bbox 3240 2761 3691 2831; x_wconf 83' lang='lat' dir='ltr'><strong>conspicabilibus</strong></span> <span class='ocrx_word' id='word_1_393' title='bbox 3722 2762 3831 2818; x_wconf 85' lang='lat' dir='ltr'><strong>late</strong></span> 
     </span>
    </p>
   </div>
   <div class='ocr_carea' id='block_1_58' title="bbox 2244 2855 3830 2927">
    <p class='ocr_par' dir='ltr' id='par_1_58' title="bbox 2244 2855 3830 2927">
     <span class='ocr_line' id='line_1_58' title="bbox 2244 2855 3830 2927; baseline 0.001 -17"><span class='ocrx_word' id='word_1_394' title='bbox 2244 2868 2564 2911; x_wconf 90' lang='lat' dir='ltr'><strong>coruscans:</strong></span> <span class='ocrx_word' id='word_1_395' title='bbox 2599 2856 2667 2911; x_wconf 90' lang='lat' dir='ltr'><strong>ad</strong></span> <span class='ocrx_word' id='word_1_396' title='bbox 2718 2856 2819 2912; x_wconf 90' lang='lat' dir='ltr'><strong>hoc</strong></span> <span class='ocrx_word' id='word_1_397' title='bbox 2865 2857 3030 2927; x_wconf 89' lang='lat' dir='ltr'><strong>agris,</strong></span> <span class='ocrx_word' id='word_1_398' title='bbox 3087 2856 3369 2926; x_wconf 86' lang='lat' dir='ltr'><strong>aquisque,</strong></span> <span class='ocrx_word' id='word_1_399' title='bbox 3418 2855 3617 2911; x_wconf 89' lang='lat' dir='ltr'><strong>vinetis</strong></span> <span class='ocrx_word' id='word_1_400' title='bbox 3665 2864 3830 2927; x_wconf 81' lang='lat' dir='ltr'><strong>atque</strong></span> 
     </span>
    </p>
   </div>
   <div class='ocr_carea' id='block_1_59' title="bbox 2243 2946 3829 3017">
    <p class='ocr_par' dir='ltr' id='par_1_59' title="bbox 2243 2946 3829 3017">
     <span class='ocr_line' id='line_1_59' title="bbox 2243 2946 3829 3017; baseline 0.001 -16"><span class='ocrx_word' id='word_1_401' title='bbox 2243 2946 2476 3013; x_wconf 88' lang='lat' dir='ltr'><strong>olivetis,</strong></span> <span class='ocrx_word' id='word_1_402' title='bbox 2511 2949 2796 3015; x_wconf 84' lang='lat' dir='ltr'><strong>vestibulo,</strong></span> <span class='ocrx_word' id='word_1_403' title='bbox 2828 2962 3039 3017; x_wconf 90' lang='lat' dir='ltr'><strong>campo,</strong></span> <span class='ocrx_word' id='word_1_404' title='bbox 3085 2948 3224 3003; x_wconf 92' lang='lat' dir='ltr'><strong>colle</strong></span> <span class='ocrx_word' id='word_1_405' title='bbox 3249 2948 3670 3003; x_wconf 80' lang='lat' dir='ltr'><strong>amoenissimus.</strong></span> <span class='ocrx_word' id='word_1_406' title='bbox 3705 2946 3829 3003; x_wconf 75' lang='lat' dir='ltr'><strong>Jam</strong></span> 
     </span>
    </p>
   </div>
   <div class='ocr_carea' id='block_1_60' title="bbox 2243 3039 3829 3111">
    <p class='ocr_par' dir='ltr' id='par_1_60' title="bbox 2243 3039 3829 3111">
     <span class='ocr_line' id='line_1_60' title="bbox 2243 3039 3829 3111; baseline 0.003 -18"><span class='ocrx_word' id='word_1_407' title='bbox 2243 3043 2402 3109; x_wconf 87' lang='lat' dir='ltr'><strong>super</strong></span> <span class='ocrx_word' id='word_1_408' title='bbox 2440 3055 2659 3109; x_wconf 91' lang='lat' dir='ltr'><strong>penum,</strong></span> <span class='ocrx_word' id='word_1_409' title='bbox 2690 3040 2774 3095; x_wconf 87' lang='lat' dir='ltr'><strong>vel</strong></span> <span class='ocrx_word' id='word_1_410' title='bbox 2805 3039 3191 3111; x_wconf 88' lang='lat' dir='ltr'><strong>supellectilem</strong></span> <span class='ocrx_word' id='word_1_411' title='bbox 3229 3039 3522 3110; x_wconf 87' lang='lat' dir='ltr'><strong>copiosam,</strong></span> <span class='ocrx_word' id='word_1_412' title='bbox 3559 3040 3829 3097; x_wconf 88' lang='lat' dir='ltr'><strong>thesauris</strong></span> 
     </span>
    </p>
   </div>
   <div class='ocr_carea' id='block_1_61' title="bbox 2242 3132 3827 3204">
    <p class='ocr_par' dir='ltr' id='par_1_61' title="bbox 2242 3132 3827 3204">
     <span class='ocr_line' id='line_1_61' title="bbox 2242 3132 3827 3204; baseline 0 -16"><span class='ocrx_word' id='word_1_413' title='bbox 2242 3133 2709 3189; x_wconf 85' lang='lat' dir='ltr'><strong>bibliothecalibus</strong></span> <span class='ocrx_word' id='word_1_414' title='bbox 2758 3133 2902 3204; x_wconf 89' lang='lat' dir='ltr'><strong>large</strong></span> <span class='ocrx_word' id='word_1_415' title='bbox 2951 3133 3219 3189; x_wconf 88' lang='lat' dir='ltr'><strong>refertus:</strong></span> <span class='ocrx_word' id='word_1_416' title='bbox 3251 3132 3336 3188; x_wconf 91' lang='lat' dir='ltr'><strong>ubi</strong></span> <span class='ocrx_word' id='word_1_417' title='bbox 3389 3132 3504 3201; x_wconf 89' lang='lat' dir='ltr'><strong>ipse</strong></span> <span class='ocrx_word' id='word_1_418' title='bbox 3547 3133 3672 3187; x_wconf 90' lang='lat' dir='ltr'><strong>dum</strong></span> <span class='ocrx_word' id='word_1_419' title='bbox 3717 3148 3827 3188; x_wconf 89' lang='lat' dir='ltr'><strong>non</strong></span> 
     </span>
    </p>
   </div>
   <div class='ocr_carea' id='block_1_62' title="bbox 2244 3225 3825 3298">
    <p class='ocr_par' dir='ltr' id='par_1_62' title="bbox 2244 3225 3825 3298">
     <span class='ocr_line' id='line_1_62' title="bbox 2244 3225 3825 3298; baseline 0 -18"><span class='ocrx_word' id='word_1_420' title='bbox 2244 3228 2418 3281; x_wconf 80' lang='lat' dir='ltr'><strong>minus</strong></span> <span class='ocrx_word' id='word_1_421' title='bbox 2447 3227 2586 3298; x_wconf 86' lang='lat' dir='ltr'><strong>stylo</strong></span> <span class='ocrx_word' id='word_1_422' title='bbox 2611 3243 2772 3297; x_wconf 89' lang='lat' dir='ltr'><strong>quam</strong></span> <span class='ocrx_word' id='word_1_423' title='bbox 2811 3227 3014 3284; x_wconf 87' lang='lat' dir='ltr'><strong>vomeri</strong></span> <span class='ocrx_word' id='word_1_424' title='bbox 3050 3226 3332 3293; x_wconf 89' lang='lat' dir='ltr'><strong>incumbis,</strong></span> <span class='ocrx_word' id='word_1_425' title='bbox 3371 3225 3589 3281; x_wconf 83' lang='lat' dir='ltr'><strong>difficile</strong></span> <span class='ocrx_word' id='word_1_426' title='bbox 3616 3227 3825 3281; x_wconf 88' lang='lat' dir='ltr'><strong>discer-</strong></span> 
     </span>
    </p>
   </div>
   <div class='ocr_carea' id='block_1_63' title="bbox 556 3315 3822 3397">
    <p class='ocr_par' dir='ltr' id='par_1_63' title="bbox 556 3315 3822 3397">
     <span class='ocr_line' id='line_1_63' title="bbox 556 3315 3822 3397; baseline 0.002 -29"><span class='ocrx_word' id='word_1_427' title='bbox 556 3315 820 3397; x_wconf 50' lang='lat' dir='ltr'><strong>modgde</strong></span> <span class='ocrx_word' id='word_1_428' title='bbox 852 3317 1128 3385; x_wconf 88' lang='lat' dir='ltr'><strong>superiore</strong></span> <span class='ocrx_word' id='word_1_429' title='bbox 1170 3331 1290 3371; x_wconf 92' lang='lat' dir='ltr'><strong>cum</strong></span> <span class='ocrx_word' id='word_1_430' title='bbox 1333 3317 1574 3371; x_wconf 87' lang='lat' dir='ltr'><strong>barbaris</strong></span> <span class='ocrx_word' id='word_1_431' title='bbox 1606 3317 1672 3371; x_wconf 92' lang='lat' dir='ltr'><strong>ad</strong></span> <span class='ocrx_word' id='word_1_432' title='bbox 1704 3316 1978 3372; x_wconf 85' lang='lat' dir='ltr'><strong>Vachalim</strong></span> <span class='ocrx_word' id='word_1_433' title='bbox 2020 3328 2133 3373; x_wconf 83' lang='lat' dir='ltr'><strong>tre-</strong></span> <span class='ocrx_word' id='word_1_434' title='bbox 2162 3317 2208 3382; x_wconf 90' lang='lat' dir='ltr'><strong>C</strong></span> <span class='ocrx_word' id='word_1_435' title='bbox 2241 3324 2385 3377; x_wconf 90' lang='lat' dir='ltr'><strong>nitur</strong></span> <span class='ocrx_word' id='word_1_436' title='bbox 2414 3322 2613 3377; x_wconf 91' lang='lat' dir='ltr'><strong>domini</strong></span> <span class='ocrx_word' id='word_1_437' title='bbox 2655 3321 2777 3391; x_wconf 90' lang='lat' dir='ltr'><strong>plus</strong></span> <span class='ocrx_word' id='word_1_438' title='bbox 2825 3337 2892 3378; x_wconf 91' lang='lat' dir='ltr'><strong>ne</strong></span> <span class='ocrx_word' id='word_1_439' title='bbox 2931 3322 3001 3377; x_wconf 85' lang='lat' dir='ltr'><strong>sit</strong></span> <span class='ocrx_word' id='word_1_440' title='bbox 3040 3321 3240 3375; x_wconf 89' lang='lat' dir='ltr'><strong>cultum</strong></span> <span class='ocrx_word' id='word_1_441' title='bbox 3286 3336 3398 3389; x_wconf 88' lang='lat' dir='ltr'><strong>rus,</strong></span> <span class='ocrx_word' id='word_1_442' title='bbox 3431 3335 3496 3374; x_wconf 90' lang='lat' dir='ltr'><strong>an</strong></span> <span class='ocrx_word' id='word_1_443' title='bbox 3527 3320 3822 3389; x_wconf 89' lang='lat' dir='ltr'><strong>ingenium.</strong></span> 
     </span>
    </p>
   </div>
   <div class='ocr_carea' id='block_1_64' title="bbox 553 3386 2134 3478">
    <p class='ocr_par' dir='ltr' id='par_1_64' title="bbox 553 3386 2134 3478">
     <span class='ocr_line' id='line_1_64' title="bbox 553 3386 2134 3478; baseline 0.003 -17"><span class='ocrx_word' id='word_1_444' title='bbox 553 3386 819 3462; x_wconf 59' lang='lat' dir='ltr'><strong>mentibus</strong></span> <span class='ocrx_word' id='word_1_445' title='bbox 845 3406 1022 3463; x_wconf 67' lang='lat' dir='ltr'><strong>foedus</strong></span> <span class='ocrx_word' id='word_1_446' title='bbox 1053 3408 1225 3463; x_wconf 90' lang='lat' dir='ltr'><strong>victor</strong></span> <span class='ocrx_word' id='word_1_447' title='bbox 1264 3408 1514 3472; x_wconf 83' lang='lat' dir='ltr'><strong>innodat;</strong></span> <span class='ocrx_word' id='word_1_448' title='bbox 1557 3407 1718 3463; x_wconf 89' lang='lat' dir='ltr'><strong>modo</strong></span> <span class='ocrx_word' id='word_1_449' title='bbox 1754 3425 1846 3476; x_wconf 80' lang='lat' dir='ltr'><strong>pt-r</strong></span> <span class='ocrx_word' id='word_1_450' title='bbox 1877 3420 2134 3478; x_wconf 67' lang='lat' dir='ltr'><strong>promotae</strong></span> 
     </span>
    </p>
   </div>
   <div class='ocr_carea' id='block_1_65' title="bbox 554 3499 2136 3571">
    <p class='ocr_par' dir='ltr' id='par_1_65' title="bbox 554 3499 2136 3571">
     <span class='ocr_line' id='line_1_65' title="bbox 554 3499 2136 3571; baseline 0.004 -19"><span class='ocrx_word' id='word_1_451' title='bbox 554 3499 776 3556; x_wconf 90' lang='lat' dir='ltr'><strong>limitem</strong></span> <span class='ocrx_word' id='word_1_452' title='bbox 824 3501 1006 3567; x_wconf 87' lang='lat' dir='ltr'><strong>sortis,</strong></span> <span class='ocrx_word' id='word_1_453' title='bbox 1068 3509 1125 3556; x_wconf 92' lang='lat' dir='ltr'><strong>ut</strong></span> <span class='ocrx_word' id='word_1_454' title='bbox 1165 3501 1390 3571; x_wconf 90' lang='lat' dir='ltr'><strong>populos</strong></span> <span class='ocrx_word' id='word_1_455' title='bbox 1440 3501 1539 3556; x_wconf 92' lang='lat' dir='ltr'><strong>sub</strong></span> <span class='ocrx_word' id='word_1_456' title='bbox 1586 3505 1772 3569; x_wconf 90' lang='lat' dir='ltr'><strong>armis,</strong></span> <span class='ocrx_word' id='word_1_457' title='bbox 1830 3506 1907 3557; x_wconf 90' lang='lat' dir='ltr'><strong>sic</strong></span> <span class='ocrx_word' id='word_1_458' title='bbox 1961 3503 2136 3559; x_wconf 86' lang='lat' dir='ltr'><strong>frenat</strong></span> 
     </span>
    </p>
   </div>
   <div class='ocr_carea' id='block_1_66' title="bbox 553 3594 2134 3665">
    <p class='ocr_par' dir='ltr' id='par_1_66' title="bbox 553 3594 2134 3665">
     <span class='ocr_line' id='line_1_66' title="bbox 553 3594 2134 3665; baseline 0.004 -18"><span class='ocrx_word' id='word_1_459' title='bbox 553 3604 699 3648; x_wconf 87' lang='lat' dir='ltr'><strong>arma</strong></span> <span class='ocrx_word' id='word_1_460' title='bbox 730 3595 830 3650; x_wconf 88' lang='lat' dir='ltr'><strong>sub</strong></span> <span class='ocrx_word' id='word_1_461' title='bbox 852 3594 1075 3664; x_wconf 86' lang='lat' dir='ltr'><strong>legibus.</strong></span> <span class='ocrx_word' id='word_1_462' title='bbox 1110 3594 1321 3649; x_wconf 77' lang='lat' dir='ltr'><strong>Exuere</strong></span> <span class='ocrx_word' id='word_1_463' title='bbox 1347 3604 1613 3665; x_wconf 85' lang='lat' dir='ltr'><strong>utcunque</strong></span> <span class='ocrx_word' id='word_1_464' title='bbox 1655 3595 2134 3653; x_wconf 88' lang='lat' dir='ltr'><strong>continuatissimis</strong></span> 
     </span>
    </p>
   </div>
   <div class='ocr_carea' id='block_1_67' title="bbox 552 3688 2131 3760">
    <p class='ocr_par' dir='ltr' id='par_1_67' title="bbox 552 3688 2131 3760">
     <span class='ocr_line' id='line_1_67' title="bbox 552 3688 2131 3760; baseline 0.002 -17"><span class='ocrx_word' id='word_1_465' title='bbox 552 3689 719 3756; x_wconf 90' lang='lat' dir='ltr'><strong>curis,</strong></span> <span class='ocrx_word' id='word_1_466' title='bbox 768 3697 822 3744; x_wconf 90' lang='lat' dir='ltr'><strong>et</strong></span> <span class='ocrx_word' id='word_1_467' title='bbox 873 3689 1039 3743; x_wconf 92' lang='lat' dir='ltr'><strong>otium</strong></span> <span class='ocrx_word' id='word_1_468' title='bbox 1086 3698 1232 3743; x_wconf 91' lang='lat' dir='ltr'><strong>tuum</strong></span> <span class='ocrx_word' id='word_1_469' title='bbox 1281 3690 1513 3744; x_wconf 91' lang='lat' dir='ltr'><strong>molibus</strong></span> <span class='ocrx_word' id='word_1_470' title='bbox 1565 3688 1751 3743; x_wconf 85' lang='lat' dir='ltr'><strong>aulicis</strong></span> <span class='ocrx_word' id='word_1_471' title='bbox 1796 3690 2131 3760; x_wconf 89' lang='lat' dir='ltr'><strong>motibusque</strong></span> 
     </span>
    </p>
   </div>
   <div class='ocr_carea' id='block_1_68' title="bbox 552 3780 2131 3854">
    <p class='ocr_par' dir='ltr' id='par_1_68' title="bbox 552 3780 2131 3854">
     <span class='ocr_line' id='line_1_68' title="bbox 552 3780 2131 3854; baseline 0.003 -19"><span class='ocrx_word' id='word_1_472' title='bbox 552 3782 748 3838; x_wconf 87' lang='lat' dir='ltr'><strong>furare.</strong></span> <span class='ocrx_word' id='word_1_473' title='bbox 793 3780 1082 3837; x_wconf 81' lang='lat' dir='ltr'><strong>Historiam</strong></span> <span class='ocrx_word' id='word_1_474' title='bbox 1122 3781 1413 3853; x_wconf 87' lang='lat' dir='ltr'><strong>ﬂagitatam</strong></span> <span class='ocrx_word' id='word_1_475' title='bbox 1461 3790 1586 3837; x_wconf 90' lang='lat' dir='ltr'><strong>tunc</strong></span> <span class='ocrx_word' id='word_1_476' title='bbox 1635 3798 1991 3853; x_wconf 87' lang='lat' dir='ltr'><strong>recognosces</strong></span> <span class='ocrx_word' id='word_1_477' title='bbox 2033 3800 2131 3854; x_wconf 90' lang='lat' dir='ltr'><strong>op-</strong></span> 
     </span>
    </p>
   </div>
   <div class='ocr_carea' id='block_1_69' title="bbox 552 3876 2128 3948">
    <p class='ocr_par' dir='ltr' id='par_1_69' title="bbox 552 3876 2128 3948">
     <span class='ocr_line' id='line_1_69' title="bbox 552 3876 2128 3948; baseline 0.001 -17"><span class='ocrx_word' id='word_1_478' title='bbox 552 3889 777 3945; x_wconf 87' lang='lat' dir='ltr'><strong>portune</strong></span> <span class='ocrx_word' id='word_1_479' title='bbox 806 3876 969 3947; x_wconf 70' lang='lat'><strong>2.16</strong></span> <span class='ocrx_word' id='word_1_480' title='bbox 1001 3885 1497 3947; x_wconf 88' lang='lat' dir='ltr'><strong>competenterque,</strong></span> <span class='ocrx_word' id='word_1_481' title='bbox 1545 3877 1586 3930; x_wconf 81' lang='lat' dir='ltr'><strong>si</strong></span> <span class='ocrx_word' id='word_1_482' title='bbox 1630 3892 1749 3931; x_wconf 92' lang='lat' dir='ltr'><strong>cum</strong></span> <span class='ocrx_word' id='word_1_483' title='bbox 1787 3877 2005 3948; x_wconf 87' lang='lat' dir='ltr'><strong>Tyaneo</strong></span> <span class='ocrx_word' id='word_1_484' title='bbox 2028 3894 2128 3932; x_wconf 85' lang='lat' dir='ltr'><strong>no-</strong></span> 
     </span>
    </p>
   </div>
   <div class='ocr_carea' id='block_1_70' title="bbox 550 3966 2127 4039">
    <p class='ocr_par' dir='ltr' id='par_1_70' title="bbox 550 3966 2127 4039">
     <span class='ocr_line' id='line_1_70' title="bbox 550 3966 2127 4039; baseline 0.006 -19"><span class='ocrx_word' id='word_1_485' title='bbox 550 3976 681 4033; x_wconf 78' lang='lat' dir='ltr'><strong>atro,</strong></span> <span class='ocrx_word' id='word_1_486' title='bbox 710 3982 849 4021; x_wconf 89' lang='lat' dir='ltr'><strong>nunc</strong></span> <span class='ocrx_word' id='word_1_487' title='bbox 874 3969 939 4020; x_wconf 92' lang='lat' dir='ltr'><strong>ad</strong></span> <span class='ocrx_word' id='word_1_488' title='bbox 976 3967 1270 4022; x_wconf 82' lang='lat' dir='ltr'><strong>Caucasum</strong></span> <span class='ocrx_word' id='word_1_489' title='bbox 1303 3966 1617 4039; x_wconf 76' lang='lat' dir='ltr'><strong>Indumque,</strong></span> <span class='ocrx_word' id='word_1_490' title='bbox 1648 3986 1787 4025; x_wconf 91' lang='lat' dir='ltr'><strong>nunc</strong></span> <span class='ocrx_word' id='word_1_491' title='bbox 1819 3973 1885 4025; x_wconf 88' lang='lat' dir='ltr'><strong>ad</strong></span> <span class='ocrx_word' id='word_1_492' title='bbox 1916 3971 2127 4029; x_wconf 66' lang='lat' dir='ltr'><strong>IEthio-</strong></span> 
     </span>
    </p>
   </div>
   <div class='ocr_carea' id='block_1_71' title="bbox 551 4060 2128 4132">
    <p class='ocr_par' dir='ltr' id='par_1_71' title="bbox 551 4060 2128 4132">
     <span class='ocr_line' id='line_1_71' title="bbox 551 4060 2128 4132; baseline 0.006 -20"><span class='ocrx_word' id='word_1_493' title='bbox 551 4075 677 4127; x_wconf 86' lang='lat' dir='ltr'><strong>putn</strong></span> <span class='ocrx_word' id='word_1_494' title='bbox 713 4060 1182 4129; x_wconf 84' lang='lat' dir='ltr'><strong>gymnosophistas</strong></span> <span class='ocrx_word' id='word_1_495' title='bbox 1222 4061 1579 4132; x_wconf 89' lang='lat' dir='ltr'><strong>Indorumque</strong></span> <span class='ocrx_word' id='word_1_496' title='bbox 1611 4064 1947 4129; x_wconf 80' lang='lat' dir='ltr'><strong>bracmanas,</strong></span> <span class='ocrx_word' id='word_1_497' title='bbox 1987 4076 2128 4122; x_wconf 90' lang='lat' dir='ltr'><strong>totus</strong></span> 
     </span>
    </p>
   </div>
   <div class='ocr_carea' id='block_1_72' title="bbox 552 4150 2119 4229">
    <p class='ocr_par' dir='ltr' id='par_1_72' title="bbox 552 4150 2119 4229">
     <span class='ocr_line' id='line_1_72' title="bbox 552 4150 2119 4229; baseline 0.009 -26"><span class='ocrx_word' id='word_1_498' title='bbox 552 4150 768 4206; x_wconf 90' lang='lat' dir='ltr'><strong>lectioni</strong></span> <span class='ocrx_word' id='word_1_499' title='bbox 818 4165 1036 4218; x_wconf 89' lang='lat' dir='ltr'><strong>vacans,</strong></span> <span class='ocrx_word' id='word_1_500' title='bbox 1078 4162 1131 4207; x_wconf 90' lang='lat' dir='ltr'><strong>et</strong></span> <span class='ocrx_word' id='word_1_501' title='bbox 1172 4156 1284 4221; x_wconf 89' lang='lat' dir='ltr'><strong>ipse</strong></span> <span class='ocrx_word' id='word_1_502' title='bbox 1330 4155 1723 4223; x_wconf 89' lang='lat' dir='ltr'><strong>quodammodo</strong></span> <span class='ocrx_word' id='word_1_503' title='bbox 1761 4161 2119 4229; x_wconf 82' lang='lat' dir='ltr'><strong>peregrinere.</strong></span> 
     </span>
    </p>
   </div>
   <div class='ocr_carea' id='block_1_73' title="bbox 550 4244 2129 4324">
    <p class='ocr_par' dir='ltr' id='par_1_73' title="bbox 550 4244 2129 4324">
     <span class='ocr_line' id='line_1_73' title="bbox 550 4244 2129 4324; baseline 0.009 -27"><span class='ocrx_word' id='word_1_504' title='bbox 550 4244 689 4313; x_wconf 86' lang='lat' dir='ltr'><strong>Lege</strong></span> <span class='ocrx_word' id='word_1_505' title='bbox 711 4245 904 4311; x_wconf 89' lang='lat' dir='ltr'><strong>virum,</strong></span> <span class='ocrx_word' id='word_1_506' title='bbox 930 4244 1051 4299; x_wconf 82' lang='lat' dir='ltr'><strong>ﬁdei</strong></span> <span class='ocrx_word' id='word_1_507' title='bbox 1076 4244 1353 4300; x_wconf 64' lang='lat' dir='ltr'><strong>catholicae</strong></span> <span class='ocrx_word' id='word_1_508' title='bbox 1376 4263 1501 4315; x_wconf 91' lang='lat' dir='ltr'><strong>pace</strong></span> <span class='ocrx_word' id='word_1_509' title='bbox 1526 4250 1765 4319; x_wconf 82' lang='lat' dir='ltr'><strong>praefata,</strong></span> <span class='ocrx_word' id='word_1_510' title='bbox 1800 4253 1851 4307; x_wconf 92' lang='lat' dir='ltr'><strong>in</strong></span> <span class='ocrx_word' id='word_1_511' title='bbox 1884 4255 2129 4324; x_wconf 83' lang='lat' dir='ltr'><strong>plurimis</strong></span> 
     </span>
    </p>
   </div>
   <div class='ocr_carea' id='block_1_74' title="bbox 551 4336 2129 4410">
    <p class='ocr_par' dir='ltr' id='par_1_74' title="bbox 551 4336 2129 4410">
     <span class='ocr_line' id='line_1_74' title="bbox 551 4336 2129 4410; baseline 0.011 -22"><span class='ocrx_word' id='word_1_512' title='bbox 551 4336 779 4390; x_wconf 86' lang='lat' dir='ltr'><strong>similem</strong></span> <span class='ocrx_word' id='word_1_513' title='bbox 811 4337 907 4403; x_wconf 89' lang='lat' dir='ltr'><strong>tui,</strong></span> <span class='ocrx_word' id='word_1_514' title='bbox 942 4336 992 4391; x_wconf 89' lang='lat' dir='ltr'><strong>id</strong></span> <span class='ocrx_word' id='word_1_515' title='bbox 1024 4347 1107 4391; x_wconf 80' lang='lat' dir='ltr'><strong>est</strong></span> <span class='ocrx_word' id='word_1_516' title='bbox 1132 4352 1163 4391; x_wconf 89' lang='lat' dir='ltr'><strong>a</strong></span> <span class='ocrx_word' id='word_1_517' title='bbox 1189 4337 1447 4394; x_wconf 87' lang='lat' dir='ltr'><strong>divitibus</strong></span> <span class='ocrx_word' id='word_1_518' title='bbox 1476 4343 1757 4410; x_wconf 88' lang='lat' dir='ltr'><strong>ambitum,</strong></span> <span class='ocrx_word' id='word_1_519' title='bbox 1783 4360 1884 4402; x_wconf 83' lang='lat' dir='ltr'><strong>nec</strong></span> <span class='ocrx_word' id='word_1_520' title='bbox 1912 4347 2129 4404; x_wconf 86' lang='lat' dir='ltr'><strong>divitias</strong></span> 
     </span>
    </p>
   </div>
   <div class='ocr_carea' id='block_1_75' title="bbox 547 4492 2118 4567">
    <p class='ocr_par' dir='ltr' id='par_1_75' title="bbox 547 4492 2118 4567">
     <span class='ocr_line' id='line_1_75' title="bbox 547 4492 2118 4567; baseline 0.013 -21"><span class='ocrx_word' id='word_1_521' title='bbox 547 4492 918 4567; x_wconf 71' lang='lat' dir='ltr'><strong>emendationis</strong></span> <span class='ocrx_word' id='word_1_522' title='bbox 957 4506 1209 4551; x_wconf 86' lang='lat' dir='ltr'><strong>moratur.</strong></span> <span class='ocrx_word' id='word_1_523' title='bbox 1257 4496 1372 4553; x_wconf 91' lang='lat' dir='ltr'><strong>Non</strong></span> <span class='ocrx_word' id='word_1_524' title='bbox 1411 4502 1552 4555; x_wconf 91' lang='lat' dir='ltr'><strong>enim</strong></span> <span class='ocrx_word' id='word_1_525' title='bbox 1604 4503 1987 4564; x_wconf 57' lang='lat' dir='ltr'><strong>existimabant</strong></span> <span class='ocrx_word' id='word_1_526' title='bbox 2019 4512 2118 4567; x_wconf 89' lang='lat' dir='ltr'><strong>viri</strong></span> 
     </span>
    </p>
   </div>
   <div class='ocr_carea' id='block_1_76' title="bbox 546 4564 2124 4638">
    <p class='ocr_par' dir='ltr' id='par_1_76' title="bbox 546 4564 2124 4638">
     <span class='ocr_line' id='line_1_76' title="bbox 546 4564 2124 4638; baseline 0.013 -20"><span class='ocrx_word' id='word_1_527' title='bbox 546 4567 687 4619; x_wconf 91' lang='lat' dir='ltr'><strong>docti</strong></span> <span class='ocrx_word' id='word_1_528' title='bbox 718 4579 776 4619; x_wconf 81' lang='lat' dir='ltr'><strong>se</strong></span> <span class='ocrx_word' id='word_1_529' title='bbox 800 4564 975 4622; x_wconf 84' lang='lat' dir='ltr'><strong>officio</strong></span> <span class='ocrx_word' id='word_1_530' title='bbox 1006 4569 1334 4638; x_wconf 84' lang='lat' dir='ltr'><strong>perfunctos,</strong></span> <span class='ocrx_word' id='word_1_531' title='bbox 1364 4588 1482 4625; x_wconf 81' lang='lat' dir='ltr'><strong>cum</strong></span> <span class='ocrx_word' id='word_1_532' title='bbox 1517 4590 1584 4627; x_wconf 75' lang='lat' dir='ltr'><strong>ex</strong></span> <span class='ocrx_word' id='word_1_533' title='bbox 1619 4578 1891 4633; x_wconf 70' lang='lat' dir='ltr'><strong>codicibus</strong></span> <span class='ocrx_word' id='word_1_534' title='bbox 1919 4564 2037 4637; x_wconf 88' lang='lat' dir='ltr'><strong>suis</strong></span> <span class='ocrx_word' id='word_1_535' title='bbox 2058 4564 2124 4638; x_wconf 47' lang='lat' dir='ltr'><strong>li;</strong></span> 
     </span>
    </p>
   </div>
   <div class='ocr_carea' id='block_1_77' title="bbox 546 4638 2121 4723">
    <p class='ocr_par' dir='ltr' id='par_1_77' title="bbox 546 4638 2121 4723">
     <span class='ocr_line' id='line_1_77' title="bbox 546 4638 2121 4723; baseline 0.011 -32"><span class='ocrx_word' id='word_1_536' title='bbox 546 4639 698 4691; x_wconf 91' lang='lat' dir='ltr'><strong>brum</strong></span> <span class='ocrx_word' id='word_1_537' title='bbox 722 4638 895 4690; x_wconf 91' lang='lat' dir='ltr'><strong>amico</strong></span> <span class='ocrx_word' id='word_1_538' title='bbox 923 4640 1331 4723; x_wconf 50' lang='lat' dir='ltr'><strong>“scribendum</strong></span> <span class='ocrx_word' id='word_1_539' title='bbox 1366 4654 1635 4723; x_wconf 76' lang='lat' dir='ltr'><strong>curarent,</strong></span> <span class='ocrx_word' id='word_1_540' title='bbox 1672 4648 1772 4702; x_wconf 90' lang='lat' dir='ltr'><strong>nisi</strong></span> <span class='ocrx_word' id='word_1_541' title='bbox 1812 4666 1932 4705; x_wconf 92' lang='lat' dir='ltr'><strong>eum</strong></span> <span class='ocrx_word' id='word_1_542' title='bbox 1960 4669 2121 4723; x_wconf 81' lang='lat' dir='ltr'><strong>opera</strong></span> 
     </span>
    </p>
   </div>
   <div class='ocr_carea' id='block_1_78' title="bbox 545 4711 1693 4777">
    <p class='ocr_par' dir='ltr' id='par_1_78' title="bbox 545 4711 1693 4777">
     <span class='ocr_line' id='line_1_78' title="bbox 545 4711 1693 4777; baseline 0.009 -16"><span class='ocrx_word' id='word_1_543' title='bbox 545 4723 638 4761; x_wconf 87' lang='lat' dir='ltr'><strong>sua</strong></span> <span class='ocrx_word' id='word_1_544' title='bbox 668 4722 824 4777; x_wconf 85' lang='lat' dir='ltr'><strong>quam</strong></span> <span class='ocrx_word' id='word_1_545' title='bbox 860 4711 1349 4767; x_wconf 84' lang='lat' dir='ltr'><strong>emendatissimum</strong></span> <span class='ocrx_word' id='word_1_546' title='bbox 1392 4711 1693 4771; x_wconf 81' lang='lat' dir='ltr'><strong>redderent.</strong></span> 
     </span>
    </p>
   </div>
   <div class='ocr_carea' id='block_1_79' title="bbox 620 4779 2122 4867">
    <p class='ocr_par' dir='ltr' id='par_1_79' title="bbox 620 4779 2122 4867">
     <span class='ocr_line' id='line_1_79' title="bbox 620 4779 2122 4867; baseline 0.015 -37"><span class='ocrx_word' id='word_1_547' title='bbox 620 4789 645 4867; x_wconf 45' lang='lat' dir='ltr'><strong>tl</strong></span> <span class='ocrx_word' id='word_1_548' title='bbox 679 4779 997 4867; x_wconf 44' lang='lat' dir='ltr'><strong>Cascrilptio.</strong></span> <span class='ocrx_word' id='word_1_549' title='bbox 1041 4783 1129 4837; x_wconf 88' lang='lat' dir='ltr'><strong>Sic</strong></span> <span class='ocrx_word' id='word_1_550' title='bbox 1154 4786 1244 4837; x_wconf 91' lang='lat' dir='ltr'><strong>lib.</strong></span> <span class='ocrx_word' id='word_1_551' title='bbox 1276 4802 1349 4851; x_wconf 81' lang='lat' dir='ltr'><strong>ix,</strong></span> <span class='ocrx_word' id='word_1_552' title='bbox 1390 4789 1545 4867; x_wconf 75' lang='lat' dir='ltr'><strong>epist.</strong></span> <span class='ocrx_word' id='word_1_553' title='bbox 1579 4789 1661 4853; x_wconf 76' lang='lat' dir='ltr'><strong>lli,</strong></span> <span class='ocrx_word' id='word_1_554' title='bbox 1696 4790 1763 4846; x_wconf 90' lang='lat' dir='ltr'><strong>de</strong></span> <span class='ocrx_word' id='word_1_555' title='bbox 1800 4797 2122 4867; x_wconf 83' lang='lat' dir='ltr'><strong>exemplari-</strong></span> 
     </span>
    </p>
   </div>
   <div class='ocr_carea' id='block_1_80' title="bbox 545 4849 2125 4931">
    <p class='ocr_par' dir='ltr' id='par_1_80' title="bbox 545 4849 2125 4931">
     <span class='ocr_line' id='line_1_80' title="bbox 545 4849 2125 4931; baseline 0.014 -30"><span class='ocrx_word' id='word_1_556' title='bbox 545 4849 1019 4931; x_wconf 43' lang='lat' dir='ltr'><strong>bus‘epistolarum</strong></span> <span class='ocrx_word' id='word_1_557' title='bbox 1045 4870 1275 4931; x_wconf 78' lang='lat' dir='ltr'><strong>suarum</strong></span> <span class='ocrx_word' id='word_1_558' title='bbox 1304 4849 1531 4927; x_wconf 46' lang='lat' dir='ltr'><strong>{raptim</strong></span> <span class='ocrx_word' id='word_1_559' title='bbox 1568 4849 1876 4931; x_wconf 71' lang='lat' dir='ltr'><strong>coactimque</strong></span> <span class='ocrx_word' id='word_1_560' title='bbox 1903 4849 2125 4922; x_wconf 59' lang='lat' dir='ltr'><strong>transla-</strong></span> 
     </span>
    </p>
   </div>
   <div class='ocr_carea' id='block_1_81' title="bbox 2238 3413 3816 3491">
    <p class='ocr_par' dir='ltr' id='par_1_81' title="bbox 2238 3413 3816 3491">
     <span class='ocr_line' id='line_1_81' title="bbox 2238 3413 3816 3491; baseline -0.004 -19"><span class='ocrx_word' id='word_1_561' title='bbox 2238 3416 2405 3472; x_wconf 80' lang='lat' dir='ltr'><strong>Hietu</strong></span> <span class='ocrx_word' id='word_1_562' title='bbox 2436 3416 2594 3486; x_wconf 89' lang='lat' dir='ltr'><strong>igitur</strong></span> <span class='ocrx_word' id='word_1_563' title='bbox 2628 3416 2907 3487; x_wconf 92' lang='lat' dir='ltr'><strong>(quantum</strong></span> <span class='ocrx_word' id='word_1_564' title='bbox 2956 3415 3230 3485; x_wconf 89' lang='lat' dir='ltr'><strong>recordor)</strong></span> <span class='ocrx_word' id='word_1_565' title='bbox 3273 3414 3409 3470; x_wconf 91' lang='lat' dir='ltr'><strong>citos</strong></span> <span class='ocrx_word' id='word_1_566' title='bbox 3438 3415 3654 3480; x_wconf 58' lang='lat' dir='ltr'><strong>iambos,</strong></span> <span class='ocrx_word' id='word_1_567' title='bbox 3688 3413 3816 3491; x_wconf 81' lang='lat' dir='ltr'><strong>ele-</strong></span> 
     </span>
    </p>
   </div>
   <div class='ocr_carea' id='block_1_82' title="bbox 2238 3510 3813 3582">
    <p class='ocr_par' dir='ltr' id='par_1_82' title="bbox 2238 3510 3813 3582">
     <span class='ocr_line' id='line_1_82' title="bbox 2238 3510 3813 3582; baseline -0.003 -16"><span class='ocrx_word' id='word_1_568' title='bbox 2238 3527 2334 3582; x_wconf 91' lang='lat' dir='ltr'><strong>gos</strong></span> <span class='ocrx_word' id='word_1_569' title='bbox 2361 3519 2568 3576; x_wconf 90' lang='lat' dir='ltr'><strong>acutos,</strong></span> <span class='ocrx_word' id='word_1_570' title='bbox 2601 3524 2664 3565; x_wconf 90' lang='lat' dir='ltr'><strong>ac</strong></span> <span class='ocrx_word' id='word_1_571' title='bbox 2712 3510 3028 3566; x_wconf 91' lang='lat' dir='ltr'><strong>rotundatos</strong></span> <span class='ocrx_word' id='word_1_572' title='bbox 3075 3511 3573 3582; x_wconf 80' lang='lat' dir='ltr'><strong>hendecasyllabos,</strong></span> <span class='ocrx_word' id='word_1_573' title='bbox 3613 3517 3667 3563; x_wconf 92' lang='lat' dir='ltr'><strong>et</strong></span> <span class='ocrx_word' id='word_1_574' title='bbox 3708 3522 3813 3562; x_wconf 68' lang='lat' dir='ltr'><strong>cze-</strong></span> 
     </span>
    </p>
   </div>
   <div class='ocr_carea' id='block_1_83' title="bbox 2238 3603 3810 3675">
    <p class='ocr_par' dir='ltr' id='par_1_83' title="bbox 2238 3603 3810 3675">
     <span class='ocr_line' id='line_1_83' title="bbox 2238 3603 3810 3675; baseline -0.003 -16"><span class='ocrx_word' id='word_1_575' title='bbox 2238 3613 2351 3661; x_wconf 88' lang='lat' dir='ltr'><strong>tera</strong></span> <span class='ocrx_word' id='word_1_576' title='bbox 2381 3605 2618 3660; x_wconf 90' lang='lat' dir='ltr'><strong>carmina</strong></span> <span class='ocrx_word' id='word_1_577' title='bbox 2666 3604 2899 3660; x_wconf 89' lang='lat' dir='ltr'><strong>musicos</strong></span> <span class='ocrx_word' id='word_1_578' title='bbox 2931 3605 3091 3661; x_wconf 87' lang='lat' dir='ltr'><strong>ﬂores</strong></span> <span class='ocrx_word' id='word_1_579' title='bbox 3118 3605 3466 3675; x_wconf 89' lang='lat' dir='ltr'><strong>thymumque</strong></span> <span class='ocrx_word' id='word_1_580' title='bbox 3491 3603 3810 3665; x_wconf 88' lang='lat' dir='ltr'><strong>redolentia,</strong></span> 
     </span>
    </p>
   </div>
   <div class='ocr_carea' id='block_1_84' title="bbox 2235 3694 3818 3762">
    <p class='ocr_par' dir='ltr' id='par_1_84' title="bbox 2235 3694 3818 3762">
     <span class='ocr_line' id='line_1_84' title="bbox 2235 3694 3818 3762; baseline -0.005 -7"><span class='ocrx_word' id='word_1_581' title='bbox 2235 3714 2376 3755; x_wconf 90' lang='lat' dir='ltr'><strong>nunc</strong></span> <span class='ocrx_word' id='word_1_582' title='bbox 2400 3698 2835 3753; x_wconf 84' lang='lat' dir='ltr'><strong>Narbonensibus</strong></span> <span class='ocrx_word' id='word_1_583' title='bbox 2864 3697 3191 3762; x_wconf 84' lang='lat' dir='ltr'><strong>cantitanda,</strong></span> <span class='ocrx_word' id='word_1_584' title='bbox 3219 3712 3360 3751; x_wconf 89' lang='lat' dir='ltr'><strong>nunc</strong></span> <span class='ocrx_word' id='word_1_585' title='bbox 3399 3694 3818 3761; x_wconf 88' lang='lat' dir='ltr'><strong>Biterrensibus,</strong></span> 
     </span>
    </p>
   </div>
   <div class='ocr_carea' id='block_1_85' title="bbox 2236 3785 3819 3863">
    <p class='ocr_par' dir='ltr' id='par_1_85' title="bbox 2236 3785 3819 3863">
     <span class='ocr_line' id='line_1_85' title="bbox 2236 3785 3819 3863; baseline -0.005 -16"><span class='ocrx_word' id='word_1_586' title='bbox 2236 3792 2611 3863; x_wconf 89' lang='lat' dir='ltr'><strong>ambigendum</strong></span> <span class='ocrx_word' id='word_1_587' title='bbox 2638 3790 2864 3847; x_wconf 89' lang='lat' dir='ltr'><strong>celerius</strong></span> <span class='ocrx_word' id='word_1_588' title='bbox 2903 3805 2970 3844; x_wconf 92' lang='lat' dir='ltr'><strong>an</strong></span> <span class='ocrx_word' id='word_1_589' title='bbox 3003 3789 3273 3859; x_wconf 88' lang='lat' dir='ltr'><strong>pulchrius</strong></span> <span class='ocrx_word' id='word_1_590' title='bbox 3298 3786 3651 3852; x_wconf 85' lang='lat' dir='ltr'><strong>elucubrasti,</strong></span> <span class='ocrx_word' id='word_1_591' title='bbox 3678 3785 3819 3856; x_wconf 89' lang='lat' dir='ltr'><strong>apud</strong></span> 
     </span>
    </p>
   </div>
   <div class='ocr_carea' id='block_1_86' title="bbox 2233 3881 3818 3957">
    <p class='ocr_par' dir='ltr' id='par_1_86' title="bbox 2233 3881 3818 3957">
     <span class='ocr_line' id='line_1_86' title="bbox 2233 3881 3818 3957; baseline -0.006 -14"><span class='ocrx_word' id='word_1_592' title='bbox 2233 3901 2501 3957; x_wconf 66' lang='lat' dir='ltr'><strong>aequaevos</strong></span> <span class='ocrx_word' id='word_1_593' title='bbox 2541 3887 2770 3957; x_wconf 88' lang='lat' dir='ltr'><strong>gratiam</strong></span> <span class='ocrx_word' id='word_1_594' title='bbox 2813 3894 2978 3949; x_wconf 90' lang='lat' dir='ltr'><strong>tuam,</strong></span> <span class='ocrx_word' id='word_1_595' title='bbox 3011 3883 3203 3937; x_wconf 90' lang='lat' dir='ltr'><strong>famam</strong></span> <span class='ocrx_word' id='word_1_596' title='bbox 3240 3881 3376 3953; x_wconf 89' lang='lat' dir='ltr'><strong>apud</strong></span> <span class='ocrx_word' id='word_1_597' title='bbox 3408 3890 3656 3952; x_wconf 88' lang='lat' dir='ltr'><strong>posteros</strong></span> <span class='ocrx_word' id='word_1_598' title='bbox 3703 3896 3818 3934; x_wconf 85' lang='lat' dir='ltr'><strong>arn-</strong></span> 
     </span>
    </p>
   </div>
   <div class='ocr_carea' id='block_1_87' title="bbox 2235 3973 3820 4052">
    <p class='ocr_par' dir='ltr' id='par_1_87' title="bbox 2235 3973 3820 4052">
     <span class='ocr_line' id='line_1_87' title="bbox 2235 3973 3820 4052; baseline -0.006 -17"><span class='ocrx_word' id='word_1_599' title='bbox 2235 3982 2515 4052; x_wconf 91' lang='lat' dir='ltr'><strong>pliaturus.</strong></span> <span class='ocrx_word' id='word_1_600' title='bbox 2566 3978 2729 4033; x_wconf 89' lang='lat' dir='ltr'><strong>Certe</strong></span> <span class='ocrx_word' id='word_1_601' title='bbox 2760 3979 2969 4047; x_wconf 76' lang='lat' dir='ltr'><strong>quories</strong></span> <span class='ocrx_word' id='word_1_602' title='bbox 3001 3975 3131 4030; x_wconf 89' lang='lat' dir='ltr'><strong>mihi</strong></span> <span class='ocrx_word' id='word_1_603' title='bbox 3175 3977 3248 4030; x_wconf 91' lang='lat' dir='ltr'><strong>tui</strong></span> <span class='ocrx_word' id='word_1_604' title='bbox 3293 3990 3478 4031; x_wconf 78' lang='lat' dir='ltr'><strong>versus</strong></span> <span class='ocrx_word' id='word_1_605' title='bbox 3520 3990 3548 4027; x_wconf 88' lang='lat' dir='ltr'><strong>a</strong></span> <span class='ocrx_word' id='word_1_606' title='bbox 3593 3973 3820 4029; x_wconf 84' lang='lat' dir='ltr'><strong>medita-</strong></span> 
     </span>
    </p>
   </div>
   <div class='ocr_carea' id='block_1_88' title="bbox 2235 4065 3818 4139">
    <p class='ocr_par' dir='ltr' id='par_1_88' title="bbox 2235 4065 3818 4139">
     <span class='ocr_line' id='line_1_88' title="bbox 2235 4065 3818 4139; baseline -0.006 -10"><span class='ocrx_word' id='word_1_607' title='bbox 2235 4074 2396 4129; x_wconf 89' lang='lat' dir='ltr'><strong>tionis</strong></span> <span class='ocrx_word' id='word_1_608' title='bbox 2436 4071 2646 4138; x_wconf 90' lang='lat' dir='ltr'><strong>incude,</strong></span> <span class='ocrx_word' id='word_1_609' title='bbox 2683 4079 2932 4139; x_wconf 90' lang='lat' dir='ltr'><strong>tanquam</strong></span> <span class='ocrx_word' id='word_1_610' title='bbox 2977 4068 3152 4124; x_wconf 87' lang='lat' dir='ltr'><strong>adhuc</strong></span> <span class='ocrx_word' id='word_1_611' title='bbox 3188 4066 3367 4133; x_wconf 87' lang='lat' dir='ltr'><strong>calidi,</strong></span> <span class='ocrx_word' id='word_1_612' title='bbox 3411 4065 3818 4129; x_wconf 87' lang='lat' dir='ltr'><strong>deferebantur,</strong></span> 
     </span>
    </p>
   </div>
   <div class='ocr_carea' id='block_1_89' title="bbox 2236 4143 3818 4231">
    <p class='ocr_par' dir='ltr' id='par_1_89' title="bbox 2236 4143 3818 4231">
     <span class='ocr_line' id='line_1_89' title="bbox 2236 4143 3818 4231; baseline -0.007 -10"><span class='ocrx_word' id='word_1_613' title='bbox 2236 4165 2315 4221; x_wconf 91' lang='lat' dir='ltr'><strong>sic</strong></span> <span class='ocrx_word' id='word_1_614' title='bbox 2336 4143 2635 4228; x_wconf 87' lang='lat' dir='ltr'><strong>videbatur,</strong></span> <span class='ocrx_word' id='word_1_615' title='bbox 2665 4161 2755 4231; x_wconf 92' lang='lat' dir='ltr'><strong>qui</strong></span> <span class='ocrx_word' id='word_1_616' title='bbox 2783 4172 2837 4215; x_wconf 91' lang='lat' dir='ltr'><strong>et</strong></span> <span class='ocrx_word' id='word_1_617' title='bbox 2868 4160 2912 4215; x_wconf 92' lang='lat' dir='ltr'><strong>si</strong></span> <span class='ocrx_word' id='word_1_618' title='bbox 2938 4174 3041 4215; x_wconf 92' lang='lat' dir='ltr'><strong>non</strong></span> <span class='ocrx_word' id='word_1_619' title='bbox 3069 4160 3204 4215; x_wconf 91' lang='lat' dir='ltr'><strong>bene</strong></span> <span class='ocrx_word' id='word_1_620' title='bbox 3224 4159 3423 4227; x_wconf 90' lang='lat' dir='ltr'><strong>scribo,</strong></span> <span class='ocrx_word' id='word_1_621' title='bbox 3451 4159 3591 4214; x_wconf 90' lang='lat' dir='ltr'><strong>bene</strong></span> <span class='ocrx_word' id='word_1_622' title='bbox 3612 4158 3818 4227; x_wconf 86' lang='lat' dir='ltr'><strong>judico.</strong></span> 
     </span>
    </p>
   </div>
   <div class='ocr_carea' id='block_1_90' title="bbox 2236 4252 3823 4333">
    <p class='ocr_par' dir='ltr' id='par_1_90' title="bbox 2236 4252 3823 4333">
     <span class='ocr_line' id='line_1_90' title="bbox 2236 4252 3823 4333; baseline -0.003 -21"><span class='ocrx_word' id='word_1_623' title='bbox 2236 4257 2340 4312; x_wconf 90' lang='lat' dir='ltr'><strong>Sed</strong></span> <span class='ocrx_word' id='word_1_624' title='bbox 2376 4257 2516 4325; x_wconf 80' lang='lat' dir='ltr'><strong>quod</strong></span> <span class='ocrx_word' id='word_1_625' title='bbox 2540 4253 2810 4308; x_wconf 91' lang='lat' dir='ltr'><strong>fatendum</strong></span> <span class='ocrx_word' id='word_1_626' title='bbox 2848 4262 2929 4308; x_wconf 92' lang='lat' dir='ltr'><strong>est</strong></span> <span class='ocrx_word' id='word_1_627' title='bbox 2966 4252 3156 4307; x_wconf 90' lang='lat' dir='ltr'><strong>talibus</strong></span> <span class='ocrx_word' id='word_1_628' title='bbox 3189 4252 3378 4307; x_wconf 90' lang='lat' dir='ltr'><strong>studiis</strong></span> <span class='ocrx_word' id='word_1_629' title='bbox 3416 4253 3660 4333; x_wconf 86' lang='lat' dir='ltr'><strong>anterior</strong></span> <span class='ocrx_word' id='word_1_630' title='bbox 3690 4262 3823 4308; x_wconf 65' lang='lat' dir='ltr'><strong>aetas</strong></span> 
     </span>
    </p>
   </div>
   <div class='ocr_carea' id='block_1_91' title="bbox 2234 4345 3823 4422">
    <p class='ocr_par' dir='ltr' id='par_1_91' title="bbox 2234 4345 3823 4422">
     <span class='ocr_line' id='line_1_91' title="bbox 2234 4345 3823 4422; baseline -0.004 -15"><span class='ocrx_word' id='word_1_631' title='bbox 2234 4352 2379 4422; x_wconf 88' lang='lat' dir='ltr'><strong>juste</strong></span> <span class='ocrx_word' id='word_1_632' title='bbox 2412 4348 2659 4415; x_wconf 90' lang='lat' dir='ltr'><strong>vacabat,</strong></span> <span class='ocrx_word' id='word_1_633' title='bbox 2707 4362 2801 4402; x_wconf 89' lang='lat' dir='ltr'><strong>seu</strong></span> <span class='ocrx_word' id='word_1_634' title='bbox 2855 4345 2995 4417; x_wconf 91' lang='lat' dir='ltr'><strong>quod</strong></span> <span class='ocrx_word' id='word_1_635' title='bbox 3039 4354 3120 4401; x_wconf 90' lang='lat' dir='ltr'><strong>est</strong></span> <span class='ocrx_word' id='word_1_636' title='bbox 3158 4346 3356 4413; x_wconf 89' lang='lat' dir='ltr'><strong>verius,</strong></span> <span class='ocrx_word' id='word_1_637' title='bbox 3413 4347 3823 4417; x_wconf 85' lang='lat' dir='ltr'><strong>occupabatur:</strong></span> 
     </span>
    </p>
   </div>
   <div class='ocr_carea' id='block_1_92' title="bbox 2229 4508 3826 4583">
    <p class='ocr_par' dir='ltr' id='par_1_92' title="bbox 2229 4508 3826 4583">
     <span class='ocr_line' id='line_1_92' title="bbox 2229 4508 3826 4583; baseline 0.001 -14"><span class='ocrx_word' id='word_1_638' title='bbox 2229 4523 2396 4570; x_wconf 91' lang='lat' dir='ltr'><strong>strum</strong></span> <span class='ocrx_word' id='word_1_639' title='bbox 2429 4512 2530 4566; x_wconf 92' lang='lat' dir='ltr'><strong>hoc</strong></span> <span class='ocrx_word' id='word_1_640' title='bbox 2557 4518 2678 4581; x_wconf 91' lang='lat' dir='ltr'><strong>post</strong></span> <span class='ocrx_word' id='word_1_641' title='bbox 2709 4508 3077 4583; x_wconf 67' lang='lat' dir='ltr'><strong>Arvernorum</strong></span> <span class='ocrx_word' id='word_1_642' title='bbox 3115 4508 3442 4565; x_wconf 89' lang='lat' dir='ltr'><strong>deditionem</strong></span> <span class='ocrx_word' id='word_1_643' title='bbox 3490 4511 3760 4583; x_wconf 73' lang='lat' dir='ltr'><strong>relegatus</strong></span> <span class='ocrx_word' id='word_1_644' title='bbox 3788 4528 3826 4571; x_wconf 84' lang='lat' dir='ltr'><strong>a</strong></span> 
     </span>
    </p>
   </div>
   <div class='ocr_carea' id='block_1_93' title="bbox 2231 4580 3823 4651">
    <p class='ocr_par' dir='ltr' id='par_1_93' title="bbox 2231 4580 3823 4651">
     <span class='ocr_line' id='line_1_93' title="bbox 2231 4580 3823 4651; baseline 0 -11"><span class='ocrx_word' id='word_1_645' title='bbox 2231 4585 2420 4640; x_wconf 85' lang='lat' dir='ltr'><strong>Gothis</strong></span> <span class='ocrx_word' id='word_1_646' title='bbox 2444 4580 2717 4647; x_wconf 86' lang='lat' dir='ltr'><strong>Sidonius,</strong></span> <span class='ocrx_word' id='word_1_647' title='bbox 2743 4580 2936 4635; x_wconf 80' lang='lat' dir='ltr'><strong>Leonis</strong></span> <span class='ocrx_word' id='word_1_648' title='bbox 2961 4583 3291 4648; x_wconf 84' lang='lat' dir='ltr'><strong>potissimum</strong></span> <span class='ocrx_word' id='word_1_649' title='bbox 3327 4596 3491 4651; x_wconf 76' lang='lat' dir='ltr'><strong>Opera</strong></span> <span class='ocrx_word' id='word_1_650' title='bbox 3524 4580 3823 4640; x_wconf 80' lang='lat' dir='ltr'><strong>liberatum</strong></span> 
     </span>
    </p>
   </div>
   <div class='ocr_carea' id='block_1_94' title="bbox 2228 4657 2613 4726">
    <p class='ocr_par' dir='ltr' id='par_1_94' title="bbox 2228 4657 2613 4726">
     <span class='ocr_line' id='line_1_94' title="bbox 2228 4657 2613 4726; baseline -0.013 -15"><span class='ocrx_word' id='word_1_651' title='bbox 2228 4674 2287 4713; x_wconf 91' lang='lat' dir='ltr'><strong>se</strong></span> <span class='ocrx_word' id='word_1_652' title='bbox 2316 4657 2613 4726; x_wconf 86' lang='lat' dir='ltr'><strong>profitetur.</strong></span> 
     </span>
    </p>
   </div>
   <div class='ocr_carea' id='block_1_95' title="bbox 2304 4724 3827 4798">
    <p class='ocr_par' dir='ltr' id='par_1_95' title="bbox 2304 4724 3827 4798">
     <span class='ocr_line' id='line_1_95' title="bbox 2304 4724 3827 4798; baseline 0.001 -18"><span class='ocrx_word' id='word_1_653' title='bbox 2304 4724 2330 4765; x_wconf 66' lang='grc' dir='ltr'>ά</span> <span class='ocrx_word' id='word_1_654' title='bbox 2361 4728 2649 4798; x_wconf 74' lang='lat' dir='ltr'><strong>ltecentem</strong></span> <span class='ocrx_word' id='word_1_655' title='bbox 2687 4734 2743 4779; x_wconf 91' lang='lat' dir='ltr'><strong>et</strong></span> <span class='ocrx_word' id='word_1_656' title='bbox 2768 4725 3068 4798; x_wconf 77' lang='lat' dir='ltr'><strong>incoctum,</strong></span> <span class='ocrx_word' id='word_1_657' title='bbox 3111 4724 3279 4778; x_wconf 85' lang='lat' dir='ltr'><strong>instar</strong></span> <span class='ocrx_word' id='word_1_658' title='bbox 3317 4726 3496 4779; x_wconf 91' lang='lat' dir='ltr'><strong>musti.</strong></span> <span class='ocrx_word' id='word_1_659' title='bbox 3546 4725 3704 4781; x_wconf 87' lang='lat' dir='ltr'><strong>Plin&#39;i</strong></span> <span class='ocrx_word' id='word_1_660' title='bbox 3733 4728 3827 4798; x_wconf 54' lang='lat' dir='ltr'><strong>ju.</strong></span> 
     </span>
    </p>
   </div>
   <div class='ocr_carea' id='block_1_96' title="bbox 2231 4796 3825 4869">
    <p class='ocr_par' dir='ltr' id='par_1_96' title="bbox 2231 4796 3825 4869">
     <span class='ocr_line' id='line_1_96' title="bbox 2231 4796 3825 4869; baseline -0.001 -17"><span class='ocrx_word' id='word_1_661' title='bbox 2231 4800 2398 4853; x_wconf 90' lang='lat' dir='ltr'><strong>nioris</strong></span> <span class='ocrx_word' id='word_1_662' title='bbox 2424 4797 2692 4865; x_wconf 81' lang='lat' dir='ltr'><strong>exemplo,</strong></span> <span class='ocrx_word' id='word_1_663' title='bbox 2718 4796 2807 4869; x_wconf 83' lang='lat' dir='ltr'><strong>qui</strong></span> <span class='ocrx_word' id='word_1_664' title='bbox 2831 4807 3091 4851; x_wconf 89' lang='lat' dir='ltr'><strong>musteum</strong></span> <span class='ocrx_word' id='word_1_665' title='bbox 3117 4811 3329 4869; x_wconf 70' lang='lat' dir='ltr'><strong>quoque</strong></span> <span class='ocrx_word' id='word_1_666' title='bbox 3349 4797 3539 4869; x_wconf 82' lang='lat' dir='ltr'><strong>librum</strong></span> <span class='ocrx_word' id='word_1_667' title='bbox 3571 4796 3825 4869; x_wconf 74' lang='lat' dir='ltr'><strong>dixerat,</strong></span> 
     </span>
    </p>
   </div>
   <div class='ocr_carea' id='block_1_97' title="bbox 2231 4866 3824 4939">
    <p class='ocr_par' dir='ltr' id='par_1_97' title="bbox 2231 4866 3824 4939">
     <span class='ocr_line' id='line_1_97' title="bbox 2231 4866 3824 4939; baseline 0.002 -16"><span class='ocrx_word' id='word_1_668' title='bbox 2231 4869 2321 4923; x_wconf 84' lang='lat' dir='ltr'><strong>lib.</strong></span> <span class='ocrx_word' id='word_1_669' title='bbox 2355 4884 2469 4934; x_wconf 78' lang='lat' dir='ltr'><strong>vin,</strong></span> <span class='ocrx_word' id='word_1_670' title='bbox 2510 4869 2664 4936; x_wconf 84' lang='lat' dir='ltr'><strong>epist.</strong></span> <span class='ocrx_word' id='word_1_671' title='bbox 2710 4867 2803 4939; x_wconf 71' lang='lat'><strong>21,</strong></span> <span class='ocrx_word' id='word_1_672' title='bbox 2848 4878 3195 4939; x_wconf 75' lang='lat' dir='ltr'><strong>mustaceuni</strong></span> <span class='ocrx_word' id='word_1_673' title='bbox 3224 4866 3402 4921; x_wconf 90' lang='lat' dir='ltr'><strong>Velius</strong></span> <span class='ocrx_word' id='word_1_674' title='bbox 3432 4868 3671 4939; x_wconf 85' lang='lat' dir='ltr'><strong>Longus.</strong></span> <span class='ocrx_word' id='word_1_675' title='bbox 3717 4866 3824 4927; x_wconf 79' lang='lat' dir='ltr'><strong>Sic</strong></span> 
     </span>
    </p>
   </div>
   <div class='ocr_carea' id='block_1_98' title="bbox 543 4921 3829 5008">
    <p class='ocr_par' dir='ltr' id='par_1_98' title="bbox 543 4921 3829 5008">
     <span class='ocr_line' id='line_1_98' title="bbox 543 4921 3829 5008; baseline 0.004 -28"><span class='ocrx_word' id='word_1_676' title='bbox 543 4930 623 5008; x_wconf 61' lang='lat' dir='ltr'><strong>tot</strong></span> <span class='ocrx_word' id='word_1_677' title='bbox 652 4921 888 5008; x_wconf 56' lang='lat' dir='ltr'><strong>festinus“</strong></span> <span class='ocrx_word' id='word_1_678' title='bbox 890 4926 1170 5007; x_wconf 68' lang='lat' dir='ltr'><strong>exscripsi;</strong></span> <span class='ocrx_word' id='word_1_679' title='bbox 1330 4921 1592 5008; x_wconf 48' lang='lat' dir='ltr'><strong>t_.v,&#39;e_pis_t.</strong></span> <span class='ocrx_word' id='word_1_680' title='bbox 1621 4935 1705 4993; x_wconf 83' lang='lat' dir='ltr'><strong>tl,</strong></span> <span class='ocrx_word' id='word_1_681' title='bbox 1730 4921 1877 5003; x_wconf 68' lang='lat' dir='ltr'><strong>capia</strong></span> <span class='ocrx_word' id='word_1_682' title='bbox 1904 4921 2124 5008; x_wconf 74' lang='lat' dir='ltr'><strong>transfe-</strong></span> <span class='ocrx_word' id='word_1_683' title='bbox 2148 4935 2203 4996; x_wconf 65' lang='grc' dir='ltr'><strong><em>ὓ</em></strong></span> <span class='ocrx_word' id='word_1_684' title='bbox 2230 4921 2494 4995; x_wconf 77' lang='lat' dir='ltr'><strong>musteum</strong></span> <span class='ocrx_word' id='word_1_685' title='bbox 2520 4921 2735 4993; x_wconf 64' lang='lat' dir='ltr'><strong>caseum</strong></span> <span class='ocrx_word' id='word_1_686' title='bbox 2770 4921 2971 4993; x_wconf 54' lang='lat' dir='ltr'><strong>ﬁlinius</strong></span> <span class='ocrx_word' id='word_1_687' title='bbox 3002 4940 3161 5004; x_wconf 68' lang='lat' dir='ltr'><strong>alter,</strong></span> <span class='ocrx_word' id='word_1_688' title='bbox 3187 4938 3283 4993; x_wconf 93' lang='lat' dir='ltr'><strong>lib.</strong></span> <span class='ocrx_word' id='word_1_689' title='bbox 3312 4954 3347 4993; x_wconf 83' lang='grc' dir='ltr'>η</span> <span class='ocrx_word' id='word_1_690' title='bbox 3373 4921 3829 5007; x_wconf 18' lang='grc' dir='ltr'><strong>Ηίέιίυιῗέείέξᾶ</strong></span> 
     </span>
    </p>
   </div>
   <div class='ocr_carea' id='block_1_99' title="bbox 545 4993 2115 5065">
    <p class='ocr_par' dir='ltr' id='par_1_99' title="bbox 545 4993 2115 5065">
     <span class='ocr_line' id='line_1_99' title="bbox 545 4993 2115 5065; baseline 0.014 -22"><span class='ocrx_word' id='word_1_691' title='bbox 545 4993 717 5065; x_wconf 40' lang='lat' dir='ltr'><strong>tendi;</strong></span> <span class='ocrx_word' id='word_1_692' title='bbox 758 5004 813 5047; x_wconf 90' lang='lat' dir='ltr'><strong>et</strong></span> <span class='ocrx_word' id='word_1_693' title='bbox 851 4993 1094 5050; x_wconf 80' lang='lat' dir='ltr'><strong>Ruricius</strong></span> <span class='ocrx_word' id='word_1_694' title='bbox 1138 4999 1297 5065; x_wconf 79' lang='lat' dir='ltr'><strong>epist.</strong></span> <span class='ocrx_word' id='word_1_695' title='bbox 1335 5002 1367 5053; x_wconf 92' lang='lat'><strong>8</strong></span> <span class='ocrx_word' id='word_1_696' title='bbox 1390 4993 1476 5052; x_wconf 84' lang='lat' dir='ltr'><strong>ad</strong></span> <span class='ocrx_word' id='word_1_697' title='bbox 1500 4993 1801 5058; x_wconf 33' lang='lat' dir='ltr'><strong>Sidonium.</strong></span> <span class='ocrx_word' id='word_1_698' title='bbox 1829 4993 2066 5064; x_wconf 76' lang='lat' dir='ltr'><strong>nostrum</strong></span> <span class='ocrx_word' id='word_1_699' title='bbox 2101 5029 2115 5065; x_wconf 88' lang='lat'><strong>:</strong></span> 
     </span>
    </p>
   </div>
   <div class='ocr_carea' id='block_1_100' title="bbox 546 5061 2119 5139">
    <p class='ocr_par' dir='ltr' id='par_1_100' title="bbox 546 5061 2119 5139">
     <span class='ocr_line' id='line_1_100' title="bbox 546 5061 2119 5139; baseline 0.013 -24"><span class='ocrx_word' id='word_1_700' title='bbox 546 5061 785 5139; x_wconf 72' lang='lat' dir='ltr'><strong>Codicent</strong></span> <span class='ocrx_word' id='word_1_701' title='bbox 823 5080 1057 5136; x_wconf 83' lang='lat' dir='ltr'><strong>namque,</strong></span> <span class='ocrx_word' id='word_1_702' title='bbox 1088 5061 1236 5136; x_wconf 82' lang='lat' dir='ltr'><strong>quem</strong></span> <span class='ocrx_word' id='word_1_703' title='bbox 1262 5071 1324 5124; x_wconf 87' lang='lat' dir='ltr'><strong>de</strong></span> <span class='ocrx_word' id='word_1_704' title='bbox 1346 5074 1503 5139; x_wconf 78' lang='lat' dir='ltr'><strong>fratre</strong></span> <span class='ocrx_word' id='word_1_705' title='bbox 1533 5089 1643 5127; x_wconf 83' lang='lat' dir='ltr'><strong>meo</strong></span> <span class='ocrx_word' id='word_1_706' title='bbox 1674 5074 1884 5130; x_wconf 78' lang='lat' dir='ltr'><strong>Ltontio</strong></span> <span class='ocrx_word' id='word_1_707' title='bbox 1910 5061 2119 5136; x_wconf 9' lang='lat' dir='ltr'><strong>rmewre;</strong></span> 
     </span>
    </p>
   </div>
   <div class='ocr_carea' id='block_1_101' title="bbox 547 5135 2125 5220">
    <p class='ocr_par' dir='ltr' id='par_1_101' title="bbox 547 5135 2125 5220">
     <span class='ocr_line' id='line_1_101' title="bbox 547 5135 2125 5220; baseline 0.012 -33"><span class='ocrx_word' id='word_1_708' title='bbox 547 5135 713 5217; x_wconf 50' lang='lat' dir='ltr'><strong>pipere</strong></span> <span class='ocrx_word' id='word_1_709' title='bbox 748 5135 1040 5220; x_wconf 62' lang='lat' dir='ltr'><strong>jusseratt&#39;s,</strong></span> <span class='ocrx_word' id='word_1_710' title='bbox 1087 5135 1407 5220; x_wconf 64' lang='lat' dir='ltr'><strong>transtulisse</strong></span> <span class='ocrx_word' id='word_1_711' title='bbox 1445 5144 1749 5220; x_wconf 72' lang='lat' dir='ltr'><strong>mefateor;</strong></span> <span class='ocrx_word' id='word_1_712' title='bbox 1785 5147 1886 5202; x_wconf 90' lang='lat' dir='ltr'><strong>hoc</strong></span> <span class='ocrx_word' id='word_1_713' title='bbox 1925 5161 2027 5220; x_wconf 90' lang='lat' dir='ltr'><strong>cst,</strong></span> <span class='ocrx_word' id='word_1_714' title='bbox 2062 5135 2125 5206; x_wconf 82' lang='lat' dir='ltr'><strong>ut</strong></span> 
     </span>
    </p>
   </div>
   <div class='ocr_carea' id='block_1_102' title="bbox 544 5207 2114 5288">
    <p class='ocr_par' dir='ltr' id='par_1_102' title="bbox 544 5207 2114 5288">
     <span class='ocr_line' id='line_1_102' title="bbox 544 5207 2114 5288; baseline 0.011 -29"><span class='ocrx_word' id='word_1_715' title='bbox 544 5207 661 5275; x_wconf 87' lang='lat' dir='ltr'><strong>ipse</strong></span> <span class='ocrx_word' id='word_1_716' title='bbox 676 5216 806 5288; x_wconf 70' lang='lat' dir='ltr'><strong>post</strong></span> <span class='ocrx_word' id='word_1_717' title='bbox 832 5208 1102 5288; x_wconf 62' lang='lat' dir='ltr'><strong>loquitur,</strong></span> <span class='ocrx_word' id='word_1_718' title='bbox 1146 5215 1473 5288; x_wconf 66' lang='lat' dir='ltr'><strong>exemptasse.</strong></span> <span class='ocrx_word' id='word_1_719' title='bbox 1513 5207 1610 5288; x_wconf 62' lang='lat' dir='ltr'><strong>vet</strong></span> <span class='ocrx_word' id='word_1_720' title='bbox 1650 5207 1739 5288; x_wconf 80' lang='lat' dir='ltr'><strong>hic</strong></span> <span class='ocrx_word' id='word_1_721' title='bbox 1757 5233 1916 5287; x_wconf 90' lang='lat' dir='ltr'><strong>porro</strong></span> <span class='ocrx_word' id='word_1_722' title='bbox 1946 5207 2114 5288; x_wconf 72' lang='lat' dir='ltr'><strong>locus,</strong></span> 
     </span>
    </p>
   </div>
   <div class='ocr_carea' id='block_1_103' title="bbox 545 5277 2112 5359">
    <p class='ocr_par' dir='ltr' id='par_1_103' title="bbox 545 5277 2112 5359">
     <span class='ocr_line' id='line_1_103' title="bbox 545 5277 2112 5359; baseline 0.009 -28"><span class='ocrx_word' id='word_1_723' title='bbox 545 5288 601 5331; x_wconf 88' lang='lat' dir='ltr'><strong>et</strong></span> <span class='ocrx_word' id='word_1_724' title='bbox 643 5277 777 5332; x_wconf 87' lang='lat' dir='ltr'><strong>alter</strong></span> <span class='ocrx_word' id='word_1_725' title='bbox 825 5277 933 5351; x_wconf 61' lang='grc' dir='ltr'><strong>εξ</strong></span> <span class='ocrx_word' id='word_1_726' title='bbox 988 5285 1143 5359; x_wconf 77' lang='lat' dir='ltr'><strong>epist.</strong></span> <span class='ocrx_word' id='word_1_727' title='bbox 1196 5277 1434 5359; x_wconf 55' lang='lat' dir='ltr'><strong>1‘2,&#39;tlib.</strong></span> <span class='ocrx_word' id='word_1_728' title='bbox 1470 5301 1538 5349; x_wconf 88' lang='lat' dir='ltr'><strong>IV,</strong></span> <span class='ocrx_word' id='word_1_729' title='bbox 1581 5286 1648 5341; x_wconf 92' lang='lat' dir='ltr'><strong>de</strong></span> <span class='ocrx_word' id='word_1_730' title='bbox 1679 5277 1948 5359; x_wconf 70' lang='lat' dir='ltr'><strong>Menandri</strong></span> <span class='ocrx_word' id='word_1_731' title='bbox 1984 5277 2112 5359; x_wconf 76' lang='grc' dir='ltr'><strong>Ερίί</strong></span> 
     </span>
    </p>
   </div>
   <div class='ocr_carea' id='block_1_104' title="bbox 548 5354 2114 5431">
    <p class='ocr_par' dir='ltr' id='par_1_104' title="bbox 548 5354 2114 5431">
     <span class='ocr_line' id='line_1_104' title="bbox 548 5354 2114 5431; baseline 0.012 -32"><span class='ocrx_word' id='word_1_732' title='bbox 548 5358 968 5431; x_wconf 69' lang='lat' dir='ltr'><strong>trepontequem</strong></span> <span class='ocrx_word' id='word_1_733' title='bbox 997 5354 1226 5431; x_wconf 71' lang='lat' dir='ltr'><strong>legebat,</strong></span> <span class='ocrx_word' id='word_1_734' title='bbox 1257 5356 1549 5431; x_wconf 74' lang='lat' dir='ltr'><strong>Sidonium</strong></span> <span class='ocrx_word' id='word_1_735' title='bbox 1571 5360 1759 5426; x_wconf 79' lang='lat' dir='ltr'><strong>linguae</strong></span> <span class='ocrx_word' id='word_1_736' title='bbox 1790 5358 1990 5415; x_wconf 61' lang='lat' dir='ltr'><strong>Graecae</strong></span> <span class='ocrx_word' id='word_1_737' title='bbox 2020 5354 2114 5431; x_wconf 77' lang='lat' dir='ltr'><strong>pe-</strong></span> 
     </span>
    </p>
   </div>
   <div class='ocr_carea' id='block_1_105' title="bbox 496 5422 2117 5542">
    <p class='ocr_par' dir='ltr' id='par_1_105' title="bbox 496 5422 2117 5542">
     <span class='ocr_line' id='line_1_105' title="bbox 496 5422 2117 5542; baseline 0.011 -73"><span class='ocrx_word' id='word_1_738' title='bbox 496 5450 502 5469; x_wconf 64' lang='lat'><strong>.</strong></span> <span class='ocrx_word' id='word_1_739' title='bbox 542 5422 898 5542; x_wconf 48' lang='grc' dir='ltr'><strong>ἔὲἓὶἶιυέιέἰεεθ</strong></span> <span class='ocrx_word' id='word_1_740' title='bbox 939 5423 1186 5491; x_wconf 89' lang='lat' dir='ltr'><strong>probant,</strong></span> <span class='ocrx_word' id='word_1_741' title='bbox 1230 5439 1428 5494; x_wconf 88' lang='lat' dir='ltr'><strong>eosque</strong></span> <span class='ocrx_word' id='word_1_742' title='bbox 1457 5422 1785 5496; x_wconf 78' lang='lat' dir='ltr'><strong>redarguunt</strong></span> <span class='ocrx_word' id='word_1_743' title='bbox 1814 5431 1902 5500; x_wconf 83' lang='lat' dir='ltr'><strong>qui</strong></span> <span class='ocrx_word' id='word_1_744' title='bbox 1932 5422 2117 5487; x_wconf 79' lang='lat' dir='ltr'><strong>contra</strong></span> 
     </span>
    </p>
   </div>
   <div class='ocr_carea' id='block_1_106' title="bbox 542 5502 1405 5547">
    <p class='ocr_par' dir='ltr' id='par_1_106' title="bbox 542 5502 1405 5547">
     <span class='ocr_line' id='line_1_106' title="bbox 542 5502 1405 5547; baseline 0.007 -6"><span class='ocrx_word' id='word_1_745' title='bbox 542 5502 801 5542; x_wconf 80' lang='lat' dir='ltr'><strong>sentiunt.</strong></span> <span class='ocrx_word' id='word_1_746' title='bbox 1394 5536 1405 5547; x_wconf 67' lang='grc' dir='ltr'><em>ρ</em></span> 
     </span>
    </p>
   </div>
   <div class='ocr_carea' id='block_1_107' title="bbox 573 5556 2115 5641">
    <p class='ocr_par' dir='ltr' id='par_1_107' title="bbox 573 5556 2115 5641">
     <span class='ocr_line' id='line_1_107' title="bbox 573 5556 2115 5641; baseline 0.013 -31"><span class='ocrx_word' id='word_1_747' title='bbox 573 5631 586 5641; x_wconf 42' lang='grc'><strong>⁹</strong></span> <span class='ocrx_word' id='word_1_748' title='bbox 614 5556 644 5598; x_wconf 71' lang='grc' dir='ltr'>δ</span> <span class='ocrx_word' id='word_1_749' title='bbox 663 5559 846 5641; x_wconf 76' lang='lat' dir='ltr'><strong>_Livi_:t,</strong></span> <span class='ocrx_word' id='word_1_750' title='bbox 875 5563 1148 5641; x_wconf 59' lang='lat' dir='ltr'><strong>castellum</strong></span> <span class='ocrx_word' id='word_1_751' title='bbox 1184 5566 1237 5621; x_wconf 86' lang='lat' dir='ltr'><strong>in</strong></span> <span class='ocrx_word' id='word_1_752' title='bbox 1265 5567 1461 5641; x_wconf 77' lang='lat' dir='ltr'><strong>finibus</strong></span> <span class='ocrx_word' id='word_1_753' title='bbox 1490 5569 1776 5637; x_wconf 74' lang='lat' dir='ltr'><strong>provincia:</strong></span> <span class='ocrx_word' id='word_1_754' title='bbox 1805 5571 2115 5629; x_wconf 48' lang='lat' dir='ltr'><strong>Narbonen.</strong></span> 
     </span>
    </p>
   </div>
   <div class='ocr_carea' id='block_1_108' title="bbox 544 5630 2112 5716">
    <p class='ocr_par' dir='ltr' id='par_1_108' title="bbox 544 5630 2112 5716">
     <span class='ocr_line' id='line_1_108' title="bbox 544 5630 2112 5716; baseline 0.01 -32"><span class='ocrx_word' id='word_1_755' title='bbox 544 5631 637 5716; x_wconf 80' lang='lat' dir='ltr'><strong>sis,</strong></span> <span class='ocrx_word' id='word_1_756' title='bbox 663 5630 800 5716; x_wconf 63' lang='lat' dir='ltr'><strong>haud</strong></span> <span class='ocrx_word' id='word_1_757' title='bbox 835 5634 1013 5716; x_wconf 63' lang='lat' dir='ltr'><strong>procul</strong></span> <span class='ocrx_word' id='word_1_758' title='bbox 1035 5630 1575 5716; x_wconf 59' lang='lat' dir='ltr'><strong>Carcassiotie,_ut&#39;es</strong></span> <span class='ocrx_word' id='word_1_759' title='bbox 1615 5643 1871 5716; x_wconf 72' lang='lat' dir='ltr'><strong>_Airnoino</strong></span> <span class='ocrx_word' id='word_1_760' title='bbox 1899 5646 2112 5716; x_wconf 88' lang='lat' dir='ltr'><strong>colligi-</strong></span> 
     </span>
    </p>
   </div>
   <div class='ocr_carea' id='block_1_109' title="bbox 546 5700 2113 5783">
    <p class='ocr_par' dir='ltr' id='par_1_109' title="bbox 546 5700 2113 5783">
     <span class='ocr_line' id='line_1_109' title="bbox 546 5700 2113 5783; baseline 0.011 -30"><span class='ocrx_word' id='word_1_761' title='bbox 546 5711 630 5783; x_wconf 75' lang='lat' dir='ltr'><strong>tur</strong></span> <span class='ocrx_word' id='word_1_762' title='bbox 675 5700 769 5783; x_wconf 54' lang='lat' dir='ltr'><strong>lib:</strong></span> <span class='ocrx_word' id='word_1_763' title='bbox 815 5717 853 5755; x_wconf 85' lang='grc' dir='ltr'>ιι</span> <span class='ocrx_word' id='word_1_764' title='bbox 877 5702 1262 5783; x_wconf 16' lang='lat' dir='ltr'><strong>A&#39;l‘ranslationis</strong></span> <span class='ocrx_word' id='word_1_765' title='bbox 1282 5710 1337 5764; x_wconf 84' lang='lat' dir='ltr'><strong>S.</strong></span> <span class='ocrx_word' id='word_1_766' title='bbox 1378 5700 1669 5783; x_wconf 81' lang='lat' dir='ltr'><strong>Vincentii,</strong></span> <span class='ocrx_word' id='word_1_767' title='bbox 1711 5728 1829 5783; x_wconf 91' lang='lat' dir='ltr'><strong>cap.</strong></span> <span class='ocrx_word' id='word_1_768' title='bbox 1857 5716 1913 5770; x_wconf 74' lang='grc'><strong>4.</strong></span> <span class='ocrx_word' id='word_1_769' title='bbox 1967 5700 2113 5772; x_wconf 76' lang='grc' dir='ltr'><strong>Ιᾱέιη</strong></span> 
     </span>
    </p>
   </div>
   <div class='ocr_carea' id='block_1_110' title="bbox 543 5772 2108 5855">
    <p class='ocr_par' dir='ltr' id='par_1_110' title="bbox 543 5772 2108 5855">
     <span class='ocr_line' id='line_1_110' title="bbox 543 5772 2108 5855; baseline 0.01 -27"><span class='ocrx_word' id='word_1_770' title='bbox 543 5773 704 5854; x_wconf 79' lang='lat' dir='ltr'><strong>etiam</strong></span> <span class='ocrx_word' id='word_1_771' title='bbox 738 5774 900 5854; x_wconf 41' lang='lat' dir='ltr'><strong>docet.</strong></span> <span class='ocrx_word' id='word_1_772' title='bbox 920 5772 1119 5855; x_wconf 81' lang='lat' dir='ltr'><strong>Tabula</strong></span> <span class='ocrx_word' id='word_1_773' title='bbox 1152 5780 1424 5855; x_wconf 77' lang='lat' dir='ltr'><strong>itineraria</strong></span> <span class='ocrx_word' id='word_1_774' title='bbox 1466 5772 1793 5854; x_wconf 66' lang='lat' dir='ltr'><strong>Peutingeri,</strong></span> <span class='ocrx_word' id='word_1_775' title='bbox 1835 5802 1954 5855; x_wconf 70' lang='lat' dir='ltr'><strong>quae</strong></span> <span class='ocrx_word' id='word_1_776' title='bbox 1977 5790 2108 5842; x_wconf 88' lang='lat' dir='ltr'><strong>Car-</strong></span> 
     </span>
    </p>
   </div>
   <div class='ocr_carea' id='block_1_111' title="bbox 542 5850 2105 5922">
    <p class='ocr_par' dir='ltr' id='par_1_111' title="bbox 542 5850 2105 5922">
     <span class='ocr_line' id='line_1_111' title="bbox 542 5850 2105 5922; baseline 0.009 -23"><span class='ocrx_word' id='word_1_777' title='bbox 542 5850 860 5922; x_wconf 68' lang='lat' dir='ltr'><strong>cassionetn</strong></span> <span class='ocrx_word' id='word_1_778' title='bbox 888 5850 1129 5922; x_wconf 69' lang='lat' dir='ltr'><strong>interac</strong></span> <span class='ocrx_word' id='word_1_779' title='bbox 1157 5850 1453 5922; x_wconf 83' lang='lat' dir='ltr'><strong>Narbonem</strong></span> <span class='ocrx_word' id='word_1_780' title='bbox 1497 5850 1675 5922; x_wconf 42' lang='lat' dir='ltr'><strong>locat,‘</strong></span> <span class='ocrx_word' id='word_1_781' title='bbox 1695 5856 1786 5909; x_wconf 80' lang='lat' dir='ltr'><strong>sed</strong></span> <span class='ocrx_word' id='word_1_782' title='bbox 1835 5850 2105 5913; x_wconf 80' lang='lat' dir='ltr'><strong>Livianatn</strong></span> 
     </span>
    </p>
   </div>
   <div class='ocr_carea' id='block_1_112' title="bbox 544 5916 2106 5986">
    <p class='ocr_par' dir='ltr' id='par_1_112' title="bbox 544 5916 2106 5986">
     <span class='ocr_line' id='line_1_112' title="bbox 544 5916 2106 5986; baseline 0.008 -12"><span class='ocrx_word' id='word_1_783' title='bbox 544 5917 799 5981; x_wconf 80' lang='lat' dir='ltr'><strong>nominat,</strong></span> <span class='ocrx_word' id='word_1_784' title='bbox 830 5916 1145 5973; x_wconf 84' lang='lat' dir='ltr'><strong>duodecimo</strong></span> <span class='ocrx_word' id='word_1_785' title='bbox 1175 5940 1201 5973; x_wconf 81' lang='lat' dir='ltr'><strong>a</strong></span> <span class='ocrx_word' id='word_1_786' title='bbox 1230 5921 1576 5980; x_wconf 70' lang='lat' dir='ltr'><strong>Carcassiotte</strong></span> <span class='ocrx_word' id='word_1_787' title='bbox 1601 5916 1869 5983; x_wconf 80' lang='lat' dir='ltr'><strong>inillntrio.</strong></span> <span class='ocrx_word' id='word_1_788' title='bbox 1905 5930 1982 5985; x_wconf 75' lang='lat' dir='ltr'><strong>At‘</strong></span> <span class='ocrx_word' id='word_1_789' title='bbox 2015 5946 2106 5986; x_wconf 75' lang='lat' dir='ltr'><strong>ca-</strong></span> 
     </span>
    </p>
   </div>
   <div class='ocr_carea' id='block_1_113' title="bbox 2227 5010 3563 5081">
    <p class='ocr_par' dir='ltr' id='par_1_113' title="bbox 2227 5010 3563 5081">
     <span class='ocr_line' id='line_1_113' title="bbox 2227 5010 3563 5081; baseline -0.001 -15"><span class='ocrx_word' id='word_1_790' title='bbox 2227 5022 2427 5081; x_wconf 85' lang='lat' dir='ltr'><strong>mustea</strong></span> <span class='ocrx_word' id='word_1_791' title='bbox 2462 5026 2609 5081; x_wconf 88' lang='lat' dir='ltr'><strong>pyra,</strong></span> <span class='ocrx_word' id='word_1_792' title='bbox 2645 5020 2910 5064; x_wconf 90' lang='lat' dir='ltr'><strong>musteum</strong></span> <span class='ocrx_word' id='word_1_793' title='bbox 2941 5011 3236 5072; x_wconf 89' lang='lat' dir='ltr'><strong>succinum,</strong></span> <span class='ocrx_word' id='word_1_794' title='bbox 3269 5010 3387 5064; x_wconf 88' lang='lat' dir='ltr'><strong>aliis</strong></span> <span class='ocrx_word' id='word_1_795' title='bbox 3413 5012 3563 5065; x_wconf 74' lang='lat' dir='ltr'><strong>loeis.</strong></span> 
     </span>
    </p>
   </div>
   <div class='ocr_carea' id='block_1_114' title="bbox 2297 5079 3828 5150">
    <p class='ocr_par' dir='ltr' id='par_1_114' title="bbox 2297 5079 3828 5150">
     <span class='ocr_line' id='line_1_114' title="bbox 2297 5079 3828 5150; baseline 0.003 -14"><span class='ocrx_word' id='word_1_796' title='bbox 2297 5079 2324 5119; x_wconf 72' lang='grc' dir='ltr'><em>ά</em></span> <span class='ocrx_word' id='word_1_797' title='bbox 2351 5084 2456 5137; x_wconf 85' lang='lat' dir='ltr'><strong>Leo</strong></span> <span class='ocrx_word' id='word_1_798' title='bbox 2500 5079 2643 5136; x_wconf 80' lang='lat' dir='ltr'><strong>enim</strong></span> <span class='ocrx_word' id='word_1_799' title='bbox 2692 5081 2835 5135; x_wconf 90' lang='lat' dir='ltr'><strong>velut</strong></span> <span class='ocrx_word' id='word_1_800' title='bbox 2882 5092 3115 5150; x_wconf 77' lang='lat' dir='ltr'><strong>quzestor</strong></span> <span class='ocrx_word' id='word_1_801' title='bbox 3158 5091 3273 5135; x_wconf 92' lang='lat' dir='ltr'><strong>erat</strong></span> <span class='ocrx_word' id='word_1_802' title='bbox 3324 5080 3521 5137; x_wconf 85' lang='lat' dir='ltr'><strong>Eurici.</strong></span> <span class='ocrx_word' id='word_1_803' title='bbox 3560 5082 3828 5150; x_wconf 68' lang='lat' dir='ltr'><strong>Qnmstor</strong></span> 
     </span>
    </p>
   </div>
   <div class='ocr_carea' id='block_1_115' title="bbox 2223 5149 3829 5221">
    <p class='ocr_par' dir='ltr' id='par_1_115' title="bbox 2223 5149 3829 5221">
     <span class='ocr_line' id='line_1_115' title="bbox 2223 5149 3829 5221; baseline 0.002 -14"><span class='ocrx_word' id='word_1_804' title='bbox 2223 5164 2403 5207; x_wconf 89' lang='lat' dir='ltr'><strong>autem</strong></span> <span class='ocrx_word' id='word_1_805' title='bbox 2450 5168 2511 5207; x_wconf 86' lang='lat' dir='ltr'><strong>os</strong></span> <span class='ocrx_word' id='word_1_806' title='bbox 2557 5153 2831 5221; x_wconf 76' lang='lat' dir='ltr'><strong>principis.</strong></span> <span class='ocrx_word' id='word_1_807' title='bbox 2874 5149 3072 5206; x_wconf 87' lang='lat' dir='ltr'><strong>Gentes</strong></span> <span class='ocrx_word' id='word_1_808' title='bbox 3110 5150 3505 5205; x_wconf 56' lang='lat' dir='ltr'><strong>Transmarinas</strong></span> <span class='ocrx_word' id='word_1_809' title='bbox 3554 5149 3658 5208; x_wconf 88' lang='lat' dir='ltr'><strong>hoc</strong></span> <span class='ocrx_word' id='word_1_810' title='bbox 3691 5157 3829 5211; x_wconf 90' lang='lat' dir='ltr'><strong>loco</strong></span> 
     </span>
    </p>
   </div>
   <div class='ocr_carea' id='block_1_116' title="bbox 2222 5222 3827 5293">
    <p class='ocr_par' dir='ltr' id='par_1_116' title="bbox 2222 5222 3827 5293">
     <span class='ocr_line' id='line_1_116' title="bbox 2222 5222 3827 5293; baseline 0.003 -16"><span class='ocrx_word' id='word_1_811' title='bbox 2222 5233 2348 5277; x_wconf 87' lang='lat' dir='ltr'><strong>sunt</strong></span> <span class='ocrx_word' id='word_1_812' title='bbox 2376 5224 2612 5286; x_wconf 83' lang='lat' dir='ltr'><strong>Vandali,</strong></span> <span class='ocrx_word' id='word_1_813' title='bbox 2646 5226 2733 5291; x_wconf 89' lang='lat' dir='ltr'><strong>qui</strong></span> <span class='ocrx_word' id='word_1_814' title='bbox 2763 5224 2811 5277; x_wconf 91' lang='lat' dir='ltr'><strong>in</strong></span> <span class='ocrx_word' id='word_1_815' title='bbox 2842 5223 3019 5278; x_wconf 87' lang='lat' dir='ltr'><strong>Africa</strong></span> <span class='ocrx_word' id='word_1_816' title='bbox 3049 5224 3182 5276; x_wconf 87' lang='lat' dir='ltr'><strong>mari</strong></span> <span class='ocrx_word' id='word_1_817' title='bbox 3212 5231 3414 5277; x_wconf 91' lang='lat' dir='ltr'><strong>tantum</strong></span> <span class='ocrx_word' id='word_1_818' title='bbox 3433 5239 3471 5293; x_wconf 59' lang='lat' dir='ltr'><strong>~a</strong></span> <span class='ocrx_word' id='word_1_819' title='bbox 3504 5222 3827 5283; x_wconf 89' lang='lat' dir='ltr'><strong>Gothorum</strong></span> 
     </span>
    </p>
   </div>
   <div class='ocr_carea' id='block_1_117' title="bbox 2223 5293 3824 5365">
    <p class='ocr_par' dir='ltr' id='par_1_117' title="bbox 2223 5293 3824 5365">
     <span class='ocr_line' id='line_1_117' title="bbox 2223 5293 3824 5365; baseline 0.003 -17"><span class='ocrx_word' id='word_1_820' title='bbox 2223 5295 2547 5362; x_wconf 84' lang='lat' dir='ltr'><strong>Septimania</strong></span> <span class='ocrx_word' id='word_1_821' title='bbox 2574 5294 2752 5349; x_wconf 90' lang='lat' dir='ltr'><strong>divisi.</strong></span> <span class='ocrx_word' id='word_1_822' title='bbox 2787 5295 3003 5348; x_wconf 80' lang='lat' dir='ltr'><strong>Barbari</strong></span> <span class='ocrx_word' id='word_1_823' title='bbox 3046 5295 3110 5348; x_wconf 93' lang='lat' dir='ltr'><strong>ad</strong></span> <span class='ocrx_word' id='word_1_824' title='bbox 3143 5293 3440 5365; x_wconf 83' lang='lat' dir='ltr'><strong>Vachalim,</strong></span> <span class='ocrx_word' id='word_1_825' title='bbox 3474 5294 3671 5351; x_wconf 83' lang='lat' dir='ltr'><strong>Franci</strong></span> <span class='ocrx_word' id='word_1_826' title='bbox 3702 5313 3824 5353; x_wconf 82' lang='lat' dir='ltr'><strong>no-</strong></span> 
     </span>
    </p>
   </div>
   <div class='ocr_carea' id='block_1_118' title="bbox 2217 5364 2820 5420">
    <p class='ocr_par' dir='ltr' id='par_1_118' title="bbox 2217 5364 2820 5420">
     <span class='ocr_line' id='line_1_118' title="bbox 2217 5364 2820 5420; baseline 0.002 -2"><span class='ocrx_word' id='word_1_827' title='bbox 2217 5364 2318 5419; x_wconf 89' lang='lat' dir='ltr'><strong>stri</strong></span> <span class='ocrx_word' id='word_1_828' title='bbox 2346 5381 2359 5417; x_wconf 93' lang='lat'><strong>:</strong></span> <span class='ocrx_word' id='word_1_829' title='bbox 2394 5373 2449 5418; x_wconf 93' lang='lat' dir='ltr'><strong>ut</strong></span> <span class='ocrx_word' id='word_1_830' title='bbox 2477 5366 2712 5420; x_wconf 88' lang='lat' dir='ltr'><strong>carmine</strong></span> <span class='ocrx_word' id='word_1_831' title='bbox 2737 5367 2820 5420; x_wconf 75' lang='grc'><strong>12.</strong></span> 
     </span>
    </p>
   </div>
   <div class='ocr_carea' id='block_1_119' title="bbox 2342 5435 3303 5487">
    <p class='ocr_par' dir='ltr' id='par_1_119' title="bbox 2342 5435 3303 5487">
     <span class='ocr_line' id='line_1_119' title="bbox 2342 5435 3303 5487; baseline 0.002 -3"><span class='ocrx_word' id='word_1_832' title='bbox 2342 5435 2585 5484; x_wconf 88' lang='lat' dir='ltr'><strong>Detonsus</strong></span> <span class='ocrx_word' id='word_1_833' title='bbox 2610 5435 2855 5485; x_wconf 83' lang='lat' dir='ltr'><strong>Vachalim</strong></span> <span class='ocrx_word' id='word_1_834' title='bbox 2879 5436 3013 5485; x_wconf 86' lang='lat' dir='ltr'><strong>bibat</strong></span> <span class='ocrx_word' id='word_1_835' title='bbox 3035 5435 3303 5487; x_wconf 90' lang='lat' dir='ltr'><strong>Sicamber.</strong></span> 
     </span>
    </p>
   </div>
   <div class='ocr_carea' id='block_1_120' title="bbox 2254 5506 3825 5578">
    <p class='ocr_par' dir='ltr' id='par_1_120' title="bbox 2254 5506 3825 5578">
     <span class='ocr_line' id='line_1_120' title="bbox 2254 5506 3825 5578; baseline 0.004 -17"><span class='ocrx_word' id='word_1_836' title='bbox 2254 5506 2527 5578; x_wconf 68' lang='lat' dir='ltr'><strong>Promotae</strong></span> <span class='ocrx_word' id='word_1_837' title='bbox 2579 5509 2743 5562; x_wconf 89' lang='lat' dir='ltr'><strong>sortis</strong></span> <span class='ocrx_word' id='word_1_838' title='bbox 2805 5508 2958 5563; x_wconf 90' lang='lat' dir='ltr'><strong>limes</strong></span> <span class='ocrx_word' id='word_1_839' title='bbox 3016 5508 3082 5562; x_wconf 90' lang='lat' dir='ltr'><strong>ad</strong></span> <span class='ocrx_word' id='word_1_840' title='bbox 3136 5510 3340 5578; x_wconf 90' lang='lat' dir='ltr'><strong>imperii</strong></span> <span class='ocrx_word' id='word_1_841' title='bbox 3385 5509 3610 5565; x_wconf 82' lang='lat' dir='ltr'><strong>Romani</strong></span> <span class='ocrx_word' id='word_1_842' title='bbox 3664 5512 3825 5569; x_wconf 81' lang='lat' dir='ltr'><strong>line;</strong></span> 
     </span>
    </p>
   </div>
   <div class='ocr_carea' id='block_1_121' title="bbox 2225 5577 3824 5650">
    <p class='ocr_par' dir='ltr' id='par_1_121' title="bbox 2225 5577 3824 5650">
     <span class='ocr_line' id='line_1_121' title="bbox 2225 5577 3824 5650; baseline 0.006 -18"><span class='ocrx_word' id='word_1_843' title='bbox 2225 5577 2539 5650; x_wconf 76' lang='lat' dir='ltr'><strong>referendus</strong></span> <span class='ocrx_word' id='word_1_844' title='bbox 2562 5588 2665 5644; x_wconf 87' lang='lat' dir='ltr'><strong>est,</strong></span> <span class='ocrx_word' id='word_1_845' title='bbox 2697 5580 2748 5634; x_wconf 93' lang='lat' dir='ltr'><strong>in</strong></span> <span class='ocrx_word' id='word_1_846' title='bbox 2773 5594 2907 5649; x_wconf 90' lang='lat' dir='ltr'><strong>quos</strong></span> <span class='ocrx_word' id='word_1_847' title='bbox 2936 5577 3241 5649; x_wconf 88' lang='lat' dir='ltr'><strong>pervaserat</strong></span> <span class='ocrx_word' id='word_1_848' title='bbox 3268 5581 3526 5648; x_wconf 85' lang='lat' dir='ltr'><strong>Euricus;</strong></span> <span class='ocrx_word' id='word_1_849' title='bbox 3554 5593 3613 5637; x_wconf 90' lang='lat' dir='ltr'><strong>ut</strong></span> <span class='ocrx_word' id='word_1_850' title='bbox 3638 5598 3824 5650; x_wconf 84' lang='lat' dir='ltr'><strong>supra</strong></span> 
     </span>
    </p>
   </div>
   <div class='ocr_carea' id='block_1_122' title="bbox 2222 5648 2807 5705">
    <p class='ocr_par' dir='ltr' id='par_1_122' title="bbox 2222 5648 2807 5705">
     <span class='ocr_line' id='line_1_122' title="bbox 2222 5648 2807 5705; baseline 0.005 -3"><span class='ocrx_word' id='word_1_851' title='bbox 2222 5648 2421 5704; x_wconf 90' lang='lat' dir='ltr'><strong>dictum</strong></span> <span class='ocrx_word' id='word_1_852' title='bbox 2448 5666 2513 5704; x_wconf 81' lang='lat' dir='ltr'><strong>ex</strong></span> <span class='ocrx_word' id='word_1_853' title='bbox 2544 5648 2807 5705; x_wconf 78' lang='lat' dir='ltr'><strong>Ennodio.</strong></span> 
     </span>
    </p>
   </div>
   <div class='ocr_carea' id='block_1_123' title="bbox 2296 5720 3825 5795">
    <p class='ocr_par' dir='ltr' id='par_1_123' title="bbox 2296 5720 3825 5795">
     <span class='ocr_line' id='line_1_123' title="bbox 2296 5720 3825 5795; baseline 0.004 -21"><span class='ocrx_word' id='word_1_854' title='bbox 2296 5729 2320 5757; x_wconf 75' lang='grc' dir='ltr'>ε</span> <span class='ocrx_word' id='word_1_855' title='bbox 2350 5720 2704 5795; x_wconf 80' lang='lat' dir='ltr'><strong>Narbonensi,</strong></span> <span class='ocrx_word' id='word_1_856' title='bbox 2741 5722 2858 5795; x_wconf 76' lang='lat' dir='ltr'><strong>viro</strong></span> <span class='ocrx_word' id='word_1_857' title='bbox 2895 5736 3090 5791; x_wconf 86' lang='lat' dir='ltr'><strong>genere</strong></span> <span class='ocrx_word' id='word_1_858' title='bbox 3130 5722 3420 5795; x_wconf 12' lang='lat' dir='ltr'><strong>etilitteris</strong></span> <span class='ocrx_word' id='word_1_859' title='bbox 3468 5723 3825 5795; x_wconf 77' lang='lat' dir='ltr'><strong>clarissimo,</strong></span> 
     </span>
    </p>
   </div>
   <div class='ocr_carea' id='block_1_124' title="bbox 2218 5789 3827 5864">
    <p class='ocr_par' dir='ltr' id='par_1_124' title="bbox 2218 5789 3827 5864">
     <span class='ocr_line' id='line_1_124' title="bbox 2218 5789 3827 5864; baseline 0.006 -20"><span class='ocrx_word' id='word_1_860' title='bbox 2218 5789 2491 5864; x_wconf 81' lang='lat' dir='ltr'><strong>Consentii</strong></span> <span class='ocrx_word' id='word_1_861' title='bbox 2513 5792 2738 5846; x_wconf 80' lang='lat' dir='ltr'><strong>senioris</strong></span> <span class='ocrx_word' id='word_1_862' title='bbox 2769 5789 2987 5858; x_wconf 50' lang='lat' dir='ltr'><strong>ﬂlio,_ut</strong></span> <span class='ocrx_word' id='word_1_863' title='bbox 3015 5808 3156 5849; x_wconf 91' lang='lat' dir='ltr'><strong>reor.</strong></span> <span class='ocrx_word' id='word_1_864' title='bbox 3186 5794 3315 5848; x_wconf 90' lang='lat' dir='ltr'><strong>Nam</strong></span> <span class='ocrx_word' id='word_1_865' title='bbox 3347 5794 3453 5848; x_wconf 91' lang='lat' dir='ltr'><strong>duo</strong></span> <span class='ocrx_word' id='word_1_866' title='bbox 3476 5795 3595 5864; x_wconf 90' lang='lat' dir='ltr'><strong>ejus</strong></span> <span class='ocrx_word' id='word_1_867' title='bbox 3633 5789 3827 5854; x_wconf 55' lang='lat' dir='ltr'><strong>uouit;</strong></span> 
     </span>
    </p>
   </div>
   <div class='ocr_carea' id='block_1_125' title="bbox 2221 5862 3825 5934">
    <p class='ocr_par' dir='ltr' id='par_1_125' title="bbox 2221 5862 3825 5934">
     <span class='ocr_line' id='line_1_125' title="bbox 2221 5862 3825 5934; baseline 0.007 -20"><span class='ocrx_word' id='word_1_868' title='bbox 2221 5862 2301 5934; x_wconf 81' lang='lat' dir='ltr'><strong>nis</strong></span> <span class='ocrx_word' id='word_1_869' title='bbox 2323 5862 2558 5934; x_wconf 86' lang='lat' dir='ltr'><strong>fuerunt,</strong></span> <span class='ocrx_word' id='word_1_870' title='bbox 2591 5872 2647 5914; x_wconf 90' lang='lat' dir='ltr'><strong>ut</strong></span> <span class='ocrx_word' id='word_1_871' title='bbox 2678 5873 2758 5918; x_wconf 90' lang='lat' dir='ltr'><strong>est</strong></span> <span class='ocrx_word' id='word_1_872' title='bbox 2791 5867 2841 5917; x_wconf 91' lang='lat' dir='ltr'><strong>in</strong></span> <span class='ocrx_word' id='word_1_873' title='bbox 2881 5865 3038 5934; x_wconf 87' lang='lat' dir='ltr'><strong>epist.</strong></span> <span class='ocrx_word' id='word_1_874' title='bbox 3076 5865 3145 5918; x_wconf 83' lang='grc'><strong>15</strong></span> <span class='ocrx_word' id='word_1_875' title='bbox 3168 5865 3233 5918; x_wconf 88' lang='lat' dir='ltr'><strong>ad</strong></span> <span class='ocrx_word' id='word_1_876' title='bbox 3264 5862 3563 5932; x_wconf 82' lang='lat' dir='ltr'><strong>Gelasium,</strong></span> <span class='ocrx_word' id='word_1_877' title='bbox 3590 5866 3685 5922; x_wconf 81' lang='lat' dir='ltr'><strong>lib.</strong></span> <span class='ocrx_word' id='word_1_878' title='bbox 3731 5885 3825 5931; x_wconf 72' lang='lat' dir='ltr'><strong>Ix,</strong></span> 
     </span>
    </p>
   </div>
   <div class='ocr_carea' id='block_1_126' title="bbox 2221 5932 3255 6000">
    <p class='ocr_par' dir='ltr' id='par_1_126' title="bbox 2221 5932 3255 6000">
     <span class='ocr_line' id='line_1_126' title="bbox 2221 5932 3255 6000; baseline 0.005 -15"><span class='ocrx_word' id='word_1_879' title='bbox 2221 5932 2293 5988; x_wconf 88' lang='lat' dir='ltr'><strong>De</strong></span> <span class='ocrx_word' id='word_1_880' title='bbox 2322 5933 2509 5987; x_wconf 87' lang='lat' dir='ltr'><strong>eodem</strong></span> <span class='ocrx_word' id='word_1_881' title='bbox 2543 5934 2691 6000; x_wconf 83' lang='lat' dir='ltr'><strong>plura</strong></span> <span class='ocrx_word' id='word_1_882' title='bbox 2717 5936 2878 5990; x_wconf 89' lang='lat' dir='ltr'><strong>etiam</strong></span> <span class='ocrx_word' id='word_1_883' title='bbox 2908 5932 2959 5990; x_wconf 83' lang='lat' dir='ltr'><strong>in</strong></span> <span class='ocrx_word' id='word_1_884' title='bbox 2988 5933 3255 5992; x_wconf 86' lang='lat' dir='ltr'><strong>Narbone.</strong></span> 
     </span>
    </p>
   </div>
  </div>
