4140 6336
333 320 440 382 597

1566 320 2046 383 EPISTOLARUM
2088 319 2218 378 [ΑΒ.
2259 320 2392 376 VIII.

3502 316 3609 375 598

334 436 523 495 [avens
549 434 848 505 securitati,
880 426 1327 523 quantumﬁenet
1360 436 1586 493 adversa
1624 436 1924 497 (omidini.
1957 439 2007 501 B
2034 437 2413 492 truculentior.
2446 436 2773 507 tropi-ovis“
2799 435 3418 510 aggreditur,pmvisus
3435 435 3609 493 elabi-

335 528 416 589 De
442 536 641 587 caetero
662 528 824 585 fixum
840 528 980 601 apud
998 544 1089 587 me
1116 538 1221 587 stat
1246 532 1734 602 constitutumque;
1762 541 1926 602 prout
1958 543 1992 575 ο
2029 539 2140 595 tur,
2187 531 2393 600 spernit
2418 528 2690 599 obiectes,
2720 532 2915 588 sternit
2942 533 3204 587 incautos.
3240 529 3299 587 Si
3322 539 3607 601 sequatur,

336 637 454 684 rem
492 638 560 681 ex
601 637 724 681 asse
748 637 1055 695 cognovero
1072 664 1089 691 ,
1115 624 1201 680 vel
1218 625 1437 682 silentio
1466 640 1553 682 me
1583 626 1697 682 lora
1724 625 1926 692 laxare,

341 722 427 778 vel
473 719 739 793 stringere
782 718 932 776 lrena
959 720 1205 791 garritui.
1260 720 1500 791 Namque
1550 721 1597 777 si
1628 720 1926 793 supradicti

343 814 639 873 conﬁrmor
685 830 938 881 assensu,
992 814 1218 870 Athenis
1268 814 1573 885 loquacior;
1618 815 1666 871 si
1711 814 1927 881 minus,

341 908 581 980 Amyclis
625 905 756 977 ipsis
784 906 1131 963 traciturnior
1155 922 1274 963 ero.
1306 906 1415 964 Sed
1445 907 1515 963 de
1543 906 1717 963 sodali
1757 905 1930 977 deque

342 1014 433 1055 me
475 1000 606 1054 satis
649 997 873 1055 dictum.
930 998 1009 1053 Tu
1051 1013 1192 1053 nunc
1228 998 1369 1054 inter
1418 999 1517 1054 ista
1548 997 1678 1069 quid
1710 998 1932 1054 rerum?

344 1107 477 1163 quas
524 1090 655 1146 mihi
694 1091 760 1145 ad
792 1091 960 1145 vicem
993 1105 1153 1145 nosse
1182 1106 1287 1145 non
1338 1093 1500 1163 222
1544 1091 1724 1145 minus
1758 1090 1928 1146 cordi.

345 1183 610 1239 Veneris?
653 1181 925 1238 aediﬁcas?
971 1182 1354 1238 rusticarisue?
1397 1184 1479 1237 An
1511 1182 1701 1238 horum
1728 1183 1930 1253 aliquid

344 1290 533 1343 unum,
566 1290 633 1331 an
654 1275 859 1345 singula
889 1274 1150 1341 vicissim,
1173 1291 1241 1330 an
1266 1277 1465 1344 puriter
1490 1276 1716 1330 cuncta?
1736 1275 1840 1330 Sed
1865 1275 1934 1330 de

351 1365 620 1435 Vitruvio,
666 1368 778 1423 sive
823 1366 1115 1423 Columella
1139 1407 1154 1432 ,
1185 1382 1280 1423 seu
1318 1368 1634 1422 alterutrum
1674 1368 1934 1423 ambosve

343 1473 595 1532 sectere,
626 1462 1005 1518 decentissime
1048 1461 1226 1517 lacis:
1269 1473 1422 1531 potes
1462 1462 1607 1517 enim
1650 1472 1935 1533 utrumque

342 1572 498 1617 more
524 1571 631 1629 quo
648 1556 741 1628 qui
762 1558 987 1641 optimo,
1013 1554 1064 1612 id
1086 1565 1189 1622 est,
1210 1564 1262 1613 te
1286 1556 1460 1611 cultor
1480 1556 1671 1626 aliquis
1695 1570 1726 1610 e
1749 1556 1935 1625 primis

345 1654 802 1725 architectusque.
829 1652 1093 1710 Caeterum
1126 1662 1184 1707 ut
1227 1653 1322 1708 tibi
1362 1652 1431 1708 dc
1455 1652 1725 1721 venatoris
1755 1651 1935 1709 ofﬁcio

347 1762 505 1818 quam
538 1745 813 1801 minimum
846 1743 1136 1801 blandiaris
1166 1744 1399 1799 maxime
1440 1744 1676 1815 iniungo.
1698 1744 1936 1816 Namque

2025 623 2332 692 intercipit;
2380 621 2427 677 si
2474 621 2660 691 fugiat,
2690 624 2885 679 evadit.
2928 624 3008 679 Ad
3050 622 3156 679 hoc
3204 621 3612 680 exercentibus
3720 666 3723 671 ς

2030 724 2307 795 naufragia
2327 764 2340 782 .
2372 736 2479 778 non
2510 731 2734 778 terrent.
2766 723 2862 779 Est
2891 725 2971 779 eis
2990 723 3233 794 quedam
3271 732 3393 779 cum
3422 722 3615 781 discri—

2028 818 2267 875 minibus
2305 816 2480 889 pelagi
2526 833 2631 872 non
2674 818 2857 871 notitia
2887 818 3062 873 solum
3090 860 3103 886 ,
3134 819 3226 875 sed
3256 818 3609 877 familiaritas.

2033 911 2165 969 Nam
2186 913 2436 983 quoniam
2466 913 2577 981 ipsa
2601 955 2615 980 ,
2652 911 2693 966 si
2718 926 2818 981 qua
2850 921 3140 983 tempestas
3166 924 3268 983 est,
3298 915 3426 972 hinc
3450 929 3609 972 secu-

2033 1016 2126 1061 ros
2148 1004 2315 1062 eliicit
2347 1003 2724 1074 occupandos;
2762 1003 2889 1059 hinc
2934 1006 3163 1076 prospici
3208 1017 3349 1064 vetat
3384 1018 3614 1080 occupa-

2032 1108 2213 1165 turos;
2248 1099 2301 1155 in
2330 1099 2510 1154 medic
2558 1097 2837 1164 ﬂuctuum,
2863 1100 3314 1172 scopulorumque
3335 1102 3615 1174 confrago-

2032 1209 2257 1260 sorum,
2292 1207 2389 1263 spe
2429 1196 2786 1263 superventus
2810 1191 2915 1246 irati
2938 1191 3328 1261 periclitantur.
3352 1194 3614 1250 Praetereo

2035 1287 2344 1357 priusquam
2394 1286 2461 1340 de
2505 1282 2803 1340 continenti
2840 1285 2892 1338 in
2941 1286 3163 1354 patriam
3211 1284 3326 1342 vela
3375 1287 3618 1342 laxantes

2036 1378 2247 1434 hostico
2276 1376 2557 1433 mordaces
2584 1376 2845 1430 anchoras
2870 1377 3005 1429 vatio
3036 1376 3250 1441 vellant,
3279 1391 3396 1432 mos
3419 1385 3501 1432 est
3531 1392 3620 1431 re-

2036 1470 2296 1526 meaturis
2336 1469 2601 1524 decimum
2642 1482 2908 1538 quemque
2946 1482 3228 1539 caprorum
3262 1480 3357 1538 per
3387 1466 3621 1538 aequales

2037 1575 2093 1623 ct
2122 1566 2413 1621 cruciarias
2443 1578 2631 1636 poenas
2651 1606 2664 1631 ,
2696 1565 2815 1634 plus
2844 1563 2914 1618 ob
2943 1564 3043 1618 hoc
3072 1562 3208 1618 tristi
3233 1605 3246 1627 ,
3269 1563 3407 1634 quod
3434 1572 3622 1634 super-

2037 1658 2251 1713 stitioso
2272 1656 2401 1725 ritu,
2434 1670 2659 1722 necare;
2692 1668 2961 1725 superque
2990 1655 3269 1709 collectam
3294 1654 3502 1709 turbam
3527 1668 3623 1725 pe-

2038 1752 2331 1807 rituromm
2373 1750 2562 1805 mortis
2606 1747 2939 1819 iniquitatem
2976 1747 3107 1801 sorti
3137 1746 3386 1816 aequitate
3409 1746 3622 1816 disper-

346 1856 510 1912 apros
536 1840 732 1896 frustra
757 1839 809 1894 in
837 1838 1099 1894 venabula
1131 1852 1288 1894 vocas
1313 1880 1326 1903 ,
1362 1852 1497 1907 (tuos
1524 1836 1746 1892 canibus
1770 1838 1932 1893 misc-
1960 1832 2013 1893 B
2034 1858 2185 1916 gere.
2219 1842 2437 1897 Talibus
2478 1841 2685 1911 eligunt
2710 1841 2873 1907 votis,
2897 1839 3129 1895 victimis
3168 1839 3418 1905 solvunt;
3448 1846 3501 1894 et
3530 1846 3625 1909 per

342 1932 729 1995 rioordiasimis
756 1932 948 2003 quibus
974 1930 1216 1987 abundas
1238 1969 1254 1997 ,
1282 1940 1340 1985 et
1363 1930 1580 2000 quidem
1606 1931 1787 1997 solea,
1818 1940 1935 1984 mo-

346 2041 479 2085 vere
504 2026 844 2098 potiusquam
876 2038 1214 2081 commovere
1235 2023 1528 2079 consuesti.
1573 2023 1723 2092 Esto,
1754 2024 1825 2078 sit
1854 2024 1935 2077 in-

346 2119 620 2192 dulgentia
640 2118 881 2188 dignum,
909 2117 1052 2188 quod
1082 2116 1437 2174 reformidant
1462 2117 1624 2172 catuli
1650 2118 1724 2183 tui
1748 2118 1935 2173 bestiis

347 2214 785 2286 appropinquare
843 2211 1175 2269 terribilibus
1228 2210 1673 2281 corpulentisque
1729 2228 1745 2264 :
1806 2212 1933 2266 illud

348 2309 542 2380 ignoro
562 2304 831 2377 quomodo
848 2318 1105 2372 excuses,
1120 2303 1266 2375 quod
1286 2318 1509 2374 capreas
1530 2317 1693 2373 pecus
1710 2303 1932 2373 simum,

350 2404 555 2476 pariter
580 2410 639 2459 et
662 2401 850 2459 damas
880 2400 934 2457 in
984 2399 1163 2471 iugali
1195 2412 1394 2471 pronos
1417 2440 1433 2468 ,
1474 2398 1776 2468 iacentibus
1822 2400 1937 2456 ani-

354 2501 481 2567 mis,
504 2497 815 2570 pectoribus
833 2495 1050 2562 erectis,
1065 2493 1475 2565 passibusraris,
1499 2492 1705 2549 crebris
1734 2494 1938 2549 latrati-

346 2595 456 2653 bus
485 2600 898 2665 prosequuntur.
924 2590 1263 2660 Quapropter
1284 2588 1357 2645 de
1376 2588 1585 2661 reliquo
1612 2588 1937 2645 fructuosius

350 2689 558 2744 retibus
584 2685 930 2755 cassibusque
952 2698 1205 2754 scrupeas
1233 2698 1398 2754 rupes
1422 2723 1439 2749 ,
1465 2691 1626 2754 atque
1649 2683 1938 2754 opacandis

353 2781 554 2837 bubilia
582 2780 766 2835 lustris
805 2778 987 2834 closer
1014 2778 1271 2833 statarius
1301 2790 1520 2834 nemora
1549 2777 1935 2843 circumvenis;

347 2889 418 2930 ac
446 2873 617 2944 pudor
642 2873 685 2929 si
711 2872 855 2943 quis,
888 2878 1158 2940 temperas
1186 2868 1435 2925 cursibus
1478 2868 1680 2939 apertis
1715 2878 1940 2939 quatere

348 2980 574 3038 campos
596 3004 610 3031 .
659 2974 713 3023 et
756 2962 998 3019 insidiari
1040 2962 1336 3033 lepusculis
1364 2970 1391 3000 ι
1411 2962 1850 3019 Olarionensibus
1878 2965 1937 3031 ¹;

350 3073 491 3128 quos
534 3072 632 3113 nec
675 3064 758 3115 est
787 3055 920 3111 tanti
948 3069 1076 3111 raro
1101 3063 1156 3111 te
1186 3055 1486 3113 insectante
1523 3055 1551 3097 δ
1579 3058 1935 3129 superandos,

350 3150 562 3221 copulis
602 3150 774 3220 palam
805 3149 980 3206 doctis
1028 3148 1345 3220 inquietari;
1394 3149 1497 3206 nisi
1541 3148 1766 3207 fortisan
1810 3152 1936 3207 dum

2038 1935 2344 2006 huiusmodi
2384 1948 2490 1989 non
2522 1938 2628 1989 tam
2662 1933 2921 1989 sacrificia
2953 1932 3183 2004 purgati,
3214 1944 3371 2003 quam
3400 1929 3624 1987 sacrile-

2036 2029 2121 2098 gia
2152 2027 2365 2099 polluti,
2395 2025 2704 2098 religiosum
2731 2033 2918 2094 putant
2947 2024 3110 2080 caedis
3138 2022 3390 2079 infausta:
3432 2036 3623 2093 perpe-

2038 2125 2277 2175 tratores
2312 2119 2381 2173 de
2417 2117 2592 2187 capite
2624 2116 2837 2189 captivo
2890 2118 3059 2189 magis
3099 2117 3316 2188 exigere
3356 2123 3622 2171 tormenta

2037 2224 2198 2282 quam
2252 2211 2438 2281 pretia.
2492 2210 2854 2276 Quamobrem
2898 2216 3078 2266 metuo
3126 2210 3288 2264 multa
3317 2252 3331 2277 ,
3382 2210 3625 2280 suspicor

2037 2307 2181 2360 varia
2212 2321 2226 2357 :
2259 2316 2563 2376 quanquam
2600 2318 2686 2359 me
2714 2304 3018 2359 econtrario
3048 2303 3282 2375 lugentia
3323 2303 3624 2361 hortentur.

2038 2394 2299 2463 Primum,
2329 2396 2469 2467 quod
2494 2395 2657 2468 224
2682 2398 2902 2451 victoris
2925 2395 3105 2466 populi
3140 2396 3290 2466 signa
3320 2394 3623 2461 comitaris;

2038 2488 2164 2545 dein
2184 2491 2329 2562 quod
2351 2492 2405 2545 in
2425 2492 2698 2560 sapientes
2729 2490 2870 2544 viros
2893 2504 3028 2560 quos
3056 2490 3197 2544 inter
3218 2490 3338 2558 jure
3362 2489 3623 2556 censeris,

2041 2581 2223 2636 minus
2248 2594 2430 2635 annuo
2460 2580 2628 2636 licere
2656 2578 2913 2636 fortuitis.
2940 2580 3123 2636 Tertio
3141 2623 3154 2647 ,
3180 2580 3320 2652 quod
3351 2594 3449 2651 pro
3469 2582 3626 2637 soda-

2042 2673 2181 2730 libus
2223 2673 2329 2730 iide
2365 2673 2566 2744 iunctis
2593 2715 2608 2741 ,
2642 2672 2771 2728 sede
2816 2673 3065 2728 discretis
3088 2714 3103 2739 ,
3144 2673 3451 2744 frequenter
3477 2674 3625 2730 incn-

2040 2770 2381 2825 tiuntettuta
2408 2779 2698 2825 mcerorem
2718 2785 2731 2833 ;
2755 2768 2875 2839 quia
2902 2768 3200 2838 promptius
3226 2766 3295 2824 de
3323 2768 3625 2823 actionibus

2042 2860 2347 2933 longinquis
2399 2860 2839 2931 ambigendisque
2899 2860 3113 2916 sinistra
3175 2874 3399 2930 qumque
3454 2866 3625 2914 metus

2038 2960 2287 3024 augurat.
2320 2952 2427 3008 Sed
2452 2952 2601 3008 dicas
2623 2992 2639 3017 ,
2675 2967 2783 3007 non
2813 2965 2935 3008 esse
2966 2961 3169 3007 tantum
3213 2954 3351 3009 forte
3393 2953 3626 3007 curanda

2039 3062 2161 3118 qua:
2192 3047 2567 3118 perhorresco.
2605 3046 2657 3102 ld
2674 3047 2889 3118 quidem
2913 3062 3099 3103 verum
3128 3055 3212 3103 est
3236 3090 3250 3115 ,
3279 3047 3373 3104 sed
3407 3062 3504 3103 nec
3528 3048 3625 3103 hoc

2042 3138 2236 3196 falsum
2258 3185 2272 3209 ,
2306 3139 2450 3211 quod
2478 3141 2541 3195 iis
2556 3152 2693 3211 quos
2712 3139 2943 3209 amplius
2969 3139 3241 3211 diligimus
3262 3181 3275 3205 ,
3308 3140 3427 3211 plus
3469 3140 3626 3196 time-

348 3245 455 3303 τίω
507 3259 571 3301 ac
618 3244 753 3315 patri
800 3251 985 3300 noster
1022 3243 1350 3315 Apollinaris
1388 3244 1696 3313 intervenit,
1742 3247 1943 3303 muns
1971 3222 2020 3288 Ε
2053 3250 2191 3289 ntus.
2231 3232 2384 3289 Unde
2428 3232 2774 3289 nihilominus
2816 3246 3032 3305 precor,
3082 3233 3331 3289 obortum
3366 3234 3438 3290 tui
3468 3244 3628 3291 causa

348 3336 457 3395 fret
493 3347 551 3393 ut
575 3344 952 3394 exerceantur.
1004 3336 1258 3407 Exceptis
1286 3336 1459 3407 iocis,
1492 3337 1573 3392 fac
1614 3337 1781 3394 sciam
1824 3347 1941 3395 tan-

346 3429 482 3486 dem
501 3470 516 3497 ,
536 3429 663 3499 quid
694 3438 768 3496 te,
795 3428 919 3500 quid
948 3429 1166 3485 domum
1195 3430 1363 3486 circa.
1392 3428 1499 3486 Sed
1528 3444 1656 3487 ecce
1683 3431 1808 3487 dum
1829 3431 1939 3501 jam

346 3521 641 3592 epistolam
680 3536 800 3591 qua:
831 3521 922 3576 diu
951 3522 1142 3589 garrit,
1168 3521 1424 3577 claudere
1446 3531 1709 3591 optarem,
1735 3525 1943 3580 subitus

262 3672 263 3675 η
340 3632 387 3671 a
421 3615 673 3670 Santonis
710 3615 926 3669 nuntius
956 3631 971 3668 ε
1001 3630 1123 3670 cum
1161 3630 1270 3685 quo
1299 3617 1423 3670 dum
1457 3618 1531 3671 tui
1573 3618 1793 3674 obtentu
1837 3620 1941 3674 ali-

344 3702 489 3775 quid
512 3702 766 3759 horarum
796 3704 1221 3761 sermocinanter
1242 3706 1609 3775 extrahimus,
1634 3717 1945 3766 constanter

338 3797 730 3863 asseveravit,
779 3812 942 3867 nuper
1001 3798 1162 3869 223
1214 3810 1312 3853 vos
1360 3799 1645 3855 classicum
1696 3801 1947 3859 iactasse

214 3910 223 3917 ’
338 3889 641 3957 coemisse,
672 3898 835 3961 atque
866 3889 1005 3946 inter
1027 3890 1205 3947 oIticia
1239 3905 1382 3947 nunc
1406 3903 1603 3960 nautae,
1627 3893 1789 3948 modo
1807 3893 1946 3948 mili-

338 3986 448 4048 tis,
479 3981 748 4041 littoribus
774 3982 977 4039 Oceani
1001 3984 1181 4039 curvis
1222 3973 1672 4041 inerrarecontra
1707 3996 1730 4025 ο
1771 3985 1948 4042 Saxo-

344 4089 485 4133 num
516 4076 720 4145 pandos
738 4090 1116 4148 myoparones,
1141 4091 1369 4148 quorum
1392 4087 1524 4148 quot
1541 4080 1946 4151 remigesvide-

342 4166 433 4227 ris
454 4206 472 4233 ,
500 4166 718 4225 totidem
750 4177 804 4225 to
828 4182 1056 4227 cernere
1086 4178 1239 4239 putes
1264 4169 1652 4239 archipiratas;
1692 4173 1761 4226 ita
1784 4172 1943 4228 simul

341 4275 546 4321 omnes
574 4262 861 4331 imperant,
889 4272 1099 4332 parent,
1121 4262 1341 4327 docent,
1364 4262 1581 4318 discunt
1608 4264 1941 4322 latrocinari.

344 4351 512 4412 Unde
552 4368 694 4413 nunc
726 4356 888 4412 etiam
930 4363 989 4412 ut
1034 4355 1489 4426 quamplurimum
1516 4368 1748 4427 caveas,
1781 4370 1942 4415 causa

342 4447 616 4506 successit
662 4446 892 4505 maxima
924 4434 1200 4504 monendi.
1251 4446 1430 4503 Hostis
1469 4458 1556 4504 est
1592 4451 1739 4505 omni
1789 4450 1945 4509 hoste

2049 3327 2297 3383 sensibus
2327 3328 2525 3382 nostris
2547 3327 2941 3397 quamprimum
2978 3340 3241 3398 prospero
3267 3327 3438 3383 relatu
3456 3327 3631 3382 exime

2048 3441 2327 3499 angorem.
2359 3427 2541 3497 Neque
2578 3427 2720 3482 enim
2768 3440 2831 3481 ex
2878 3425 3087 3497 integro
3114 3424 3254 3481 ﬂecti
3283 3439 3514 3496 unquam
3566 3423 3634 3478 ad

2049 3521 2154 3576 boc
2199 3534 2419 3592 possunt
2446 3566 2459 3589 ,
2493 3529 2550 3575 ut
2588 3520 2656 3575 de
2694 3519 3159 3590 peregrinantibus
3187 3518 3374 3573 amicis
3418 3517 3635 3589 (quippe

2046 3627 2189 3685 quos
2211 3613 2398 3669 bellica
2421 3612 2778 3683 militarisque
2800 3620 3000 3667 tessera
3032 3609 3184 3675 terit)
3206 3610 3376 3665 donec
3402 3606 3634 3665 secunda

2051 3718 2340 3776 cognosco,
2364 3716 2471 3760 nun
2503 3705 2724 3761 adversa
2759 3703 3066 3760 formidem.
3100 3702 3392 3758 Varronem
3416 3702 3635 3772 logisto—

2051 3799 2246 3865 ricum,
2264 3800 2401 3854 sicut
2422 3812 2765 3870 poposceras,
2788 3806 2842 3854 et
2856 3797 3143 3853 Eusebium
3168 3794 3633 3868 chronographum

2048 3892 2207 3959 misi,
2236 3906 2466 3962 quorum
2496 3891 2541 3948 si
2566 3891 2632 3947 ad
2661 3901 2712 3948 te
2732 3890 2855 3947 lima
2907 3890 3235 3961 pervenerit,
3270 3891 3316 3949 si
3347 3888 3470 3959 quid
3497 3889 3637 3943 inter

2048 3987 2352 4045 excubiales
2381 4000 2537 4043 curas
2566 4030 2583 4055 ,
2614 3994 2797 4057 utpote
2842 3986 2893 4041 in
2950 3988 3141 4041 castris
3167 4026 3181 4050 ,
3223 3982 3413 4039 saltem
3445 3982 3637 4038 sortito

2045 4082 2283 4151 vacabis,
2310 4082 2535 4153 poteris,
2571 4090 2848 4151 postquam
2876 4093 3023 4135 arma
3053 4076 3366 4147 deterseris,
3397 4075 3475 4133 ori
3503 4086 3637 4148 quo-

2046 4190 2153 4251 que
2188 4190 2277 4234 tuo
2306 4177 2550 4249 loquendi
2582 4170 2875 4246 rubiginem
2908 4164 3247 4228 submovere.
3281 4168 3429 4227 Vale.

2592 4262 2925 4324 EPISTOLA
2967 4262 3074 4321 VII.

2395 4361 2644 4417 Sidonius
2674 4358 2707 4404 ι
2723 4358 2924 4414 Audaci
2945 4372 3037 4413 suo
3062 4357 3296 4412 salutem.

2122 4457 2349 4514 Ubinam
2381 4468 2440 4511 se
2467 4467 2607 4509 nunc
2636 4451 2793 4506 velim
2823 4450 2972 4506 dicas
3019 4448 3256 4520 gentium
3301 4444 3639 4503 abscondunt

431 4610 456 4639 ι
496 4596 955 4675 QnmlticOlario
988 4646 1003 4670 ,
1046 4601 1261 4659 Uliartts
1303 4611 1386 4657 est
1418 4603 1590 4659 Plinio
1616 4645 1633 4672 ,
1667 4605 1837 4661 insula
1889 4609 1941 4663 in
1970 4610 2025 4672 D
2051 4627 2247 4667 nomen
2297 4612 2419 4667 inde
2471 4609 2634 4663 littori
2678 4607 2941 4661 Saxonico
2994 4617 3173 4661 natum
3224 4608 3274 4660 in
3319 4605 3525 4675 Belgica
3554 4606 3639 4675 Il,

343 4673 475 4753 sinu
515 4674 860 4753 Aquitanica,
893 4688 924 4731 e
981 4676 1197 4744 regione
1245 4675 1564 4739 Santonum.
1614 4676 1756 4745 apud
1808 4694 1945 4747 quos
2052 4696 2214 4753 quam
2241 4685 2399 4737 etiam
2434 4676 2792 4753 praetervecti,
2820 4676 3287 4753 perNervicanurn
3316 4673 3442 4731 item
3466 4674 3641 4729 etAr-

343 4742 706 4800 Nammaiius.

432 4813 457 4853 δ
496 4812 585 4869 Sic
612 4815 1140 4888 omnino_legendum
1169 4834 1180 4868 :
1215 4831 1320 4870 non
1345 4824 1399 4869 ut
1430 4816 1479 4888 in
1512 4815 1759 4884 vulgatis,
1790 4834 1947 4888 supe-

341 4888 517 4941 rando
548 4888 791 4956 scopulis.
830 4886 1081 4956 Iutelligit
1108 4888 1251 4956 enim
1290 4886 1509 4952 cottulas
1555 4901 1749 4941 canum
1775 4886 1943 4944 venu-

344 4959 602 5028 ti_corum.
624 4955 677 5013 In
694 4956 953 5027 Capitulis
970 4955 1146 5012 Caroli
1172 4955 1368 5027 Magni,
1386 4972 1514 5013 voce
1527 4959 1636 5023 jam
1660 4971 1940 5028 corrupta:

346 5026 427 5082 Ut
458 5028 677 5097 episcopi
716 5036 761 5081 cl
804 5028 1007 5081 abbates
1048 5038 1093 5081 et
1125 5026 1394 5082 abbatissa:
1424 5030 1603 5097 cuplas
1626 5026 1941 5086 canum‘non

342 5100 590 5162 habeant,
613 5115 701 5151 nec
731 5098 979 5169 falcones,
1010 5115 1100 5153 nec
1125 5100 1412 5167 accipitres.
1443 5100 1646 5168 Cepula
1669 5110 1752 5154 est
1777 5102 1944 5157 ἀλισί-

341 5170 456 5245 arcu
482 5185 495 5221 :
527 5169 576 5245 id
621 5178 734 5245 est,
777 5169 1069 5245 interprete
1089 5169 1282 5245 ,δμὶᾷμ
1310 5171 1497 5245 πλόκρυ
1536 5172 1825 5245 7ivo;_1rrpi
1852 5177 1940 5229 τὸν

339 5240 613 5314 τράχηλον
637 5281 649 5305 ,
684 5241 888 5314 vincula
920 5242 1063 5295 colli.
1112 5241 1332 5314 Ovidius
1360 5240 1613 5314 :jCOptila
1652 5240 1941 5299 detrahitur

343 5312 585 5365 canibus.
642 5313 773 5368 llinc
810 5326 971 5366 canes
1012 5313 1217 5381 copulis
1244 5312 1431 5380 juncti.

431 5391 454 5419 α
499 5380 933 5453 Hegesippuslib.
958 5396 987 5434 v
1015 5380 1402 5439 deSaxouibus
1427 5383 1655 5440 iisdem:
1693 5383 1940 5440 Validam

340 5467 513 5527 genus
541 5450 800 5527 hominum
837 5462 883 5509 et
927 5456 1411 5527 priestanscwterig
1436 5496 1452 5520 ,
1482 5456 1709 5526 piraticis
1739 5467 1938 5527 tantum

340 5521 768 5599 ἱηῃσρέιτοηὶὺιιδ,
791 5539 895 5578 non
916 5521 1123 5589 uiribus,
1147 5526 1340 5599 nititur.
1370 5521 1620 5599 Saxones
1644 5541 1776 5582 sane
1802 5526 1934 5599 vici-

340 5592 449 5667 nas
473 5592 684 5667 'theno
713 5592 767 5651 et
791 5599 924 5667 mari
964 5607 1153 5667 gentes
1191 5596 1421 5652 assiduis
1474 5597 1934 5667 incursationibus

339 5664 573 5723 infestas
612 5665 739 5722 olim
777 5664 1010 5724 habuere
1054 5675 1176 5740 post
1213 5675 1454 5738 tempora
1491 5666 1833 5724 Diocletiani.
1867 5668 1937 5725 Et

2054 4746 2386 4807 morieanum
2410 4746 2637 4804 tractum
2659 4748 2847 4800 eadem
2894 4748 3104 4800 licentia
3138 4746 3347 4811 praedas
3390 4754 3638 4814 egerunt.

2056 4824 2207 4891 Quod
2243 4834 2436 4892 praeter
2466 4821 2602 4873 hanc
2643 4817 2925 4892 epistolam
2958 4818 3169 4892 indicat
3205 4819 3367 4892 altera
3390 4816 3641 4892 alliam-

2053 4886 2280 4962 p'ridittm
2308 4933 2318 4953 ,
2349 4903 2400 4945 et
2431 4888 2782 4962 panegyricus
2828 4887 2990 4962 Aviti.
3026 4889 3174 4962 Nunc
3195 4888 3317 4958 quia
3343 4886 3639 4962 Aquitania:

2052 4958 2092 5020 Il
2119 4958 2460 5018 imminebant
2485 5003 2498 5025 ,
2532 4974 2619 5015 res
2662 4958 2764 5013 illis
2790 4972 2911 5012 cum
2937 4958 3129 5015 Guthis
3148 5006 3163 5031 ,
3195 4972 3351 5029 quem
3377 4959 3635 5013 victorem

2049 5036 2304 5144 populum
2333 5034 2607 5115 appellata
3359 5101 3371 5113 .
3547 5100 3560 5112 .

2194 5103 2450 5159 Praefecto
2479 5105 2609 5160 Urbi
2638 5103 2737 5158 sub
2766 5103 2966 5172 Nepote
2990 5118 3004 5157 :
3038 5099 3178 5172 quod
3216 5100 3398 5155 docuit
3421 5114 3519 5155 nos
3547 5115 3632 5153 tn-

2050 5177 2272 5246 scriptio
2318 5175 2557 5230 Romana
2602 5174 2791 5229 urbani
2838 5174 3089 5246 ponderis
3137 5172 3456 5238 marmorei,
3490 5179 3637 5242 parte

2051 5258 2277 5319 utraque
2301 5248 2489 5314 notati,
2521 5246 2620 5302 hoc
2652 5246 2832 5302 modo.

2194 5338 2419 5396 SALVO
2460 5339 2519 5392 D.
2563 5339 2625 5393 Ν.
3049 5332 3281 5391 AUDAX
3321 5330 3391 5388 Ὗ.
3432 5333 3496 5389 C.

2192 5411 2387 5469 JULIO
2426 5409 2692 5465 NEPOTE
3054 5403 3482 5460 PREFECTUS

2193 5483 2299 5538 PP.
2342 5481 2504 5539 AUG.
2546 5481 2609 5536 Ν.
3057 5476 3213 5532 URB.
3251 5472 3470 5531 FECIT.

2046 5596 2171 5652 Hinc
2202 5597 2381 5665 itaque
2408 5603 2490 5651 est
2517 5588 3308 5665 praefecturarquamSidonius
3339 5589 3429 5665 _illi_
3454 5598 3635 5657 gratu-

2046 5668 2210 5724 latur.
2254 5661 2698 5737 Eiusdem'porro
2730 5664 2885 5719 testis
2913 5674 2966 5718 et
2994 5662 3164 5716 altera
3190 5661 3491 5731 inscriptio,
3513 5675 3633 5732 quas

421 5782 440 5815 ⁸
481 5780 685 5837 Deboc
710 5778 917 5837 Sidonii
944 5780 1062 5835 loco
1090 5782 1336 5835 aliterac
1364 5778 1678 5836 Sirmondus
1714 5779 1923 5834 censuit
2032 5787 2144 5833 tum
2201 5775 2565 5848 Wesselingio
2619 5776 2686 5833 ad
2763 5768 2903 5839 Veli.
2967 5773 3318 5835 Romanorum
3382 5769 3628 5833 Itinera'r.

337 5851 610 5929 Scaliger,
634 5865 794 5924 quem
824 5852 1067 5931 sequitur
1080 5850 1482 5931 Papobrocltius
1507 5892 1523 5919 ,
1559 5851 1635 5907 uti
1675 5850 1931 5911 observa-

2037 5864 2161 5927 pag.
2187 5849 2315 5905 455.
2800 5890 2803 5891 ν
