4140 6336
551 289 654 347 590

1822 273 2067 333 SIDONll
2109 270 2559 328 APOLLINARIS

3729 275 3836 335 600

549 404 638 472 qui
669 414 810 469 διῄρε
839 397 937 452 sibi
967 397 1034 452 de
1061 395 1290 451 molibus
1317 393 1632 449 facultatum
1661 401 2132 462 congregatarum,
2161 390 2220 454 Α
2249 389 2439 454 mium,
2480 388 2794 459 possideris.
2844 388 3028 446 Redde
3067 398 3121 445 te
3151 389 3310 460 patri,
3341 389 3506 445 redde
3533 398 3586 444 te
3627 392 3835 460 patriae,

549 494 723 562 deque
775 489 1042 559 congestis
1079 487 1187 556 jam
1234 485 1586 556 nigrescentis
1639 484 1846 554 argenti
1899 483 2174 539 struibus.
2249 480 2414 537 redde
2456 490 2506 538 te
2545 481 2704 537 etiam
2749 481 2995 539 fidelibus
3040 483 3246 550 amicis,
3288 483 3379 554 qui
3416 482 3538 553 jure
3565 497 3841 554 ponuntur

549 577 990 639 blandiebantur?
1034 578 1122 632 ubi
1170 577 1330 631 etiam
1383 576 1590 630 illorum
1622 574 1996 646 praerogativa,
2047 575 2137 644 qui

550 683 732 731 contra
760 672 992 728 indolem
1019 669 1290 741 juniorum
1326 668 1438 723 sola
1466 669 1628 740 225
1670 667 1956 722 occasione
1994 679 2136 736 prte-

551 768 788 825 cedentis
809 765 983 822 aetatis
1010 763 1471 819 intumescebant?
1491 761 1591 818 Ubi
1623 770 1748 818 sunt
1779 761 1876 825 illi,
1907 775 2137 830 quorum

550 861 784 914 affinitas
827 858 977 912 nullo
1004 855 1202 912 indicio
1248 855 1454 923 majore
1501 853 1842 924 cognoscitur
1868 867 2026 923 quam
2064 852 2138 908 si-

550 951 823 1007 multate?
865 949 1069 1017 Nempe
1106 962 1226 1002 cum
1264 947 1494 1016 primum
1543 944 1699 1000 bonis
1743 944 1950 1000 actibus
1988 944 2138 1000 locus

551 1051 654 1110 est,
707 1050 763 1097 et
801 1041 868 1095 ad
904 1039 1160 1094 trutinam
1187 1037 1371 1107 judicii
1400 1035 1711 1108 principalis
1759 1049 1994 1106 appensa
2024 1043 2142 1091 tan-

551 1135 672 1190 dem
715 1147 822 1187 non
869 1145 1206 1186 nummorum
1238 1129 1394 1195 libra,
1437 1127 1533 1184 sed
1565 1142 1805 1192 morum;
1835 1141 2141 1183 remansere

554 1226 628 1281 illi
669 1225 756 1295 qui
802 1221 1185 1293 superbissime
1214 1221 1572 1290 opinabantur
1598 1219 1716 1274 solo
1743 1233 1804 1275 se
1828 1232 1994 1274 censu
2021 1233 2141 1275 esse

553 1316 854 1372 censendos
889 1332 902 1369 :
949 1315 1146 1384 quique
1188 1312 1268 1366 sic
1308 1311 1448 1366 vitiis
1489 1320 1545 1365 ut
1573 1309 1774 1364 divitiis
1799 1309 2140 1376 incubantes,

554 1409 743 1464 volunt
774 1406 1023 1462 vanitatis
1053 1405 1223 1460 videri
1246 1404 1476 1459 alienam
1506 1403 1807 1459 surrexisse
1830 1417 2140 1472 personam,

553 1519 674 1560 cum
704 1502 875 1556 nolint
898 1498 1206 1569 cupiditatis
1251 1497 1423 1552 notari
1455 1512 1605 1551 suam
1635 1494 1870 1550 crevisse
1895 1494 2146 1550 substan-

554 1594 703 1650 tiam.
739 1593 795 1647 ln
825 1606 927 1662 qua
969 1600 1145 1645 tamen
1187 1587 1508 1644 detrahendi
1550 1588 1796 1658 palaestra
1841 1587 2138 1652 exercitati,

555 1698 807 1758 tanquam
854 1700 949 1754 per
1000 1683 1211 1747 oleum,
1257 1684 1335 1736 sic
1381 1696 1476 1752 per
1514 1680 1684 1736 infusa
1739 1678 2143 1734 aemulationum

555 1794 763 1836 venena
809 1784 1170 1833 macerantur.
1214 1775 1292 1829 Tu
1339 1788 1466 1829 vero
1497 1773 1638 1830 inter
1668 1773 1784 1829 haec
1811 1780 1988 1828 macte
2008 1811 2024 1839 ,
2052 1772 2146 1843 qui
2177 1783 2226 1846 Β

554 1876 890 1948 praefecturae
919 1873 1089 1928 titulis
1118 1870 1404 1941 ampliatus
1426 1910 1443 1936 ,
1469 1869 1593 1923 licet
1619 1868 1881 1924 hactenus
1903 1880 1935 1922 e
1956 1880 2143 1936 prosa-

552 1971 640 2040 pia
685 1967 906 2024 illustris
932 1974 1324 2034 computarere,
1350 1961 1698 2030 peculiariter
1729 1959 1896 2014 nihilo
1923 1959 2143 2030 segnius

553 2060 866 2125 elaborasti,
888 2066 946 2113 ut
970 2072 1000 2112 a
1024 2066 1075 2112 te
1090 2054 1375 2127 gloriosius
1394 2053 1592 2125 posteri
1611 2054 1688 2108 tui
1705 2062 2141 2108 numerarentur.

553 2160 699 2217 Nihil
738 2159 879 2214 enim
907 2165 992 2213 eSt
1019 2156 1111 2212 illo
1147 2170 1240 2223 per
1269 2155 1587 2210 sententiam
1617 2151 1744 2208 boni
1773 2151 2034 2222 cujusque
2062 2165 2144 2220 ge-

554 2255 831 2317 nerosius,
871 2251 1113 2322 quisquis
1150 2247 1381 2318 ingenii,
1412 2245 1654 2316 corporis
1677 2288 1691 2313 ,
1724 2260 1886 2315 opum
1905 2245 2144 2313 junctam

555 2348 610 2399 in
636 2347 737 2399 hoc
766 2351 1018 2399 constans
1047 2355 1270 2411 operam
1298 2347 1521 2394 exercet
1546 2377 1563 2404 ,
1589 2345 1648 2392 ut
1693 2336 1992 2406 majoribus
2031 2336 2146 2392 suis

556 2445 932 2507 anteponatur.
965 2435 1116 2504 Quod
1147 2443 1434 2504 superest,
1467 2432 1639 2488 Deum
1671 2446 1836 2502 posco
1866 2440 1923 2487 ut
1951 2439 2006 2487 te
2050 2430 2146 2486 filii

559 2541 960 2602 consequantur
979 2572 994 2597 ,
1024 2539 1114 2584 aut
1144 2529 1285 2599 quod
1318 2529 1436 2599 plus
1461 2528 1617 2584 decet
1641 2527 1780 2584 velle
1804 2570 1819 2595 ,
1870 2537 2147 2583 transcen-

557 2625 725 2681 dant:
760 2633 815 2679 et
853 2625 1156 2694 quicunque
1197 2636 1300 2677 non
1332 2621 1559 2676 suStinet
1592 2631 1643 2676 te
1669 2619 1894 2691 diligere
1921 2633 2146 2690 provec-

557 2730 695 2787 tum,
725 2719 1037 2776 medullitus
1067 2726 1359 2773 aestuantes
1387 2732 1416 2771 a
1451 2724 1625 2772 semet
1655 2717 1770 2786 ipso
1796 2715 1980 2772 livoris
2023 2730 2148 2785 pro-

559 2814 660 2885 prii
690 2828 902 2884 semper
932 2813 1108 2883 exigat
1147 2825 1332 2882 pmnas
1365 2827 1380 2866 :
1420 2824 1651 2881 cumque
1679 2809 1850 2864 nullas
1880 2810 1933 2862 in
1965 2817 2017 2864 te
2049 2807 2145 2862 ha-

555 2907 735 2962 buerit
762 2921 993 2977 unquam
1026 2903 1407 2960 misericordiae
1437 2917 1627 2958 causas
1647 2943 1663 2970 ,
1689 2901 1882 2958 habeat
1909 2901 2141 2956 invidiae.

557 2998 835 3068 Siquidem
860 2998 1007 3068 juste
1043 3007 1067 3034 θ
1091 2997 1188 3052 sub
1208 2997 1353 3066 justo
1383 2995 1624 3066 principe
1645 2994 1816 3064 jacet,
1849 2995 1937 3064 qui
1969 3009 2064 3063 per
2087 3008 2145 3048 se

559 3093 832 3157 minimus,
853 3101 908 3147 et
929 3100 1131 3146 tantum
1162 3105 1257 3160 per
1283 3105 1376 3145 sua
1405 3090 1690 3155 maximus,
1718 3087 1898 3144 animo
1921 3088 2145 3158 exiguus

560 3185 708 3250 vivit,
740 3194 794 3241 et
818 3182 1140 3254 patrimonio
1169 3183 1449 3251 plurimus.
1484 3180 1632 3235 Vale.

998 3275 1161 3346 226
1197 3272 1529 3329 EPISTOLA
1573 3272 1706 3327 Vlll.

882 3366 1131 3422 Sidonius
1161 3364 1187 3402 δ
1219 3363 1438 3435 Syagrio
1467 3380 1561 3418 suo
1587 3364 1822 3418 salutem.

631 3461 748 3530 Dic,
794 3459 1082 3517 Gallicana:
1119 3457 1218 3513 llos
1261 3457 1572 3527 juventutis,
1606 3470 1886 3527 quousque
1931 3455 2143 3511 tandem

560 3553 814 3611 ruralium
845 3565 1070 3622 operum
1109 3549 1422 3620 negotiosus
1450 3549 1651 3605 urbana
1690 3547 1946 3603 fastidis?
1975 3563 2146 3619 quan-

559 3648 652 3703 diu
675 3647 881 3702 attritas
904 3653 1228 3701 tesserarum
1258 3643 1524 3714 quondam
1543 3641 1774 3712 jactibus
1794 3655 1983 3697 manus
2013 3657 2144 3696 con-

559 3747 643 3794 tra
677 3739 766 3807 jus
803 3739 985 3808 fasque
1030 3737 1131 3791 sibi
1174 3735 1447 3791 vindicant
1485 3736 1837 3790 instrumenta
1876 3733 2144 3789 cerealia‘l

559 3832 847 3902 Quousque
887 3840 975 3886 tua
1009 3838 1060 3885 te
1105 3841 1127 3868 ο
1160 3829 1499 3886 Taionnacus
1539 3828 1780 3898 patricia:
1805 3828 2009 3897 'stirpis
2040 3827 2147 3882 las-

557 3924 701 3980 sabit
742 3913 1072 3992 agricolam?
1115 3935 1392 3991 quousque
1431 3919 1571 3991 prati
1610 3919 1875 3977 comantis
1916 3917 2143 3975 exuvias

560 4014 800 4070 hibernis
839 4013 1138 4080 novalibus,
1181 4028 1287 4068 non
1330 4022 1386 4067 ut
1426 4027 1614 4082 eques,
1656 4011 1751 4068 sed
1792 4019 1851 4066 ut
1885 4011 2145 4066 bubulcus

561 4107 886 4164 abscondis?
912 4122 1186 4178 quousque
1224 4106 1431 4177 pondus
1468 4106 1659 4176 ligonis
1687 4105 1862 4162 obtusi
1894 4119 1994 4160 nec
2022 4120 2143 4176 per-

560 4203 723 4260 fossis
769 4201 984 4257 antibus
1031 4201 1220 4270 ponis?
1261 4199 1396 4268 Quid
1447 4198 1802 4255 Serranorum
1845 4199 2067 4254 aemulus
2095 4209 2149 4256 et

561 4294 931 4362 Camillorum,
978 4309 1097 4348 cum
1140 4307 1295 4364 regas
1337 4292 1529 4348 stivam
1555 4335 1570 4358 ,
1612 4290 1920 4347 dissimulas
1961 4301 2145 4361 optare

562 4387 884 4458 palmatam?
915 4385 1082 4442 Parce
1109 4394 1312 4441 tantum
1353 4385 1405 4439 in
1444 4385 1736 4440 nobilitatis
1773 4385 2024 4441 invidiam
2056 4402 2148 4441 ru-

563 4480 767 4537 sticari.
801 4479 1000 4550 Agrum
1037 4479 1082 4535 si
1110 4477 1449 4534 mediocriter
1483 4478 1649 4542 colas,
1690 4477 1961 4548 possides;
1993 4480 2037 4535 si
2064 4480 2143 4536 ni-

2244 573 2388 631 inter
2417 573 2662 630 aﬂ'ectus.
2696 576 2801 630 Aut
2829 575 2874 631 si
2904 584 2955 631 te
2982 583 3188 630 tantum
3224 573 3521 631 Cincinnati
3553 576 3841 635 dictatoris

2247 669 2354 725 vita
2378 669 2627 736 delectat,
2649 667 2677 706 ά
2702 670 2804 724 duc
2832 679 2956 725 ante
2980 669 3256 736 Raciliam,
3289 683 3408 739 qua:
3432 669 3599 726 boves
3618 669 3838 741 jungat.

2247 761 2429 832 Neque
2475 761 2698 817 dixerim
2748 762 2976 833 sapienti
3026 761 3140 817 viro
3163 777 3276 816 rem
3327 761 3682 818 domesticam
3727 779 3839 818 non

2247 869 2367 910 esse
2413 854 2701 910 curandam
2733 895 2749 922 ,
2781 855 2872 910 sed
2927 870 2991 910 eo
3042 864 3488 926 temperamento,
3537 856 3676 926 quod
3727 872 3843 912 non

2246 948 2448 1018 solum,
2472 948 2599 1020 quid
2627 949 2848 1018 habere,
2873 950 2968 1005 sed
2993 950 3118 1021 quid
3141 950 3333 1006 debeat
3354 967 3478 1008 esse
3503 952 3838 1010 consideret.

2245 1041 2378 1098 Nam
2409 1044 2454 1098 si
2479 1045 2690 1100 caeteris
2722 1044 2977 1099 nobilium
3008 1045 3304 1099 studiorum
3352 1047 3559 1102 artibus
3587 1048 3844 1117 repudia.

2246 1135 2336 1202 tis,
2383 1135 2494 1190 sola
2539 1143 2590 1190 te
2636 1136 2992 1206 propaganda:
3023 1136 3101 1192 rei
3149 1135 3428 1192 familiaris
3473 1139 3644 1193 urtica
3688 1139 3846 1194 solli-

2247 1227 2411 1282 citat:
2447 1227 2572 1283 licet
2599 1237 2654 1282 tu
2684 1228 2975 1284 deductum
3011 1244 3203 1286 nomen
3227 1246 3255 1282 a
3281 1232 3498 1299 trabeis,
3522 1243 3686 1302 atque
3711 1234 3848 1288 ebo—

2247 1329 2392 1373 ratas
2413 1321 2650 1389 curules,
2682 1330 2738 1376 et
2767 1322 3088 1391 gestatorias
3117 1322 3436 1390 bracteatas,
3466 1333 3523 1380 et
3551 1323 3716 1380 fastos
3752 1338 3846 1380 re-

2246 1411 2394 1467 colas
2445 1413 2881 1483 purpurissatos,
2934 1413 2978 1468 is
3025 1413 3268 1484 profecto
3318 1415 3630 1482 inveniere,
3680 1432 3846 1486 quem

2248 1503 2440 1559 debeat
2477 1506 2555 1560 sic
2599 1505 2938 1574 industrium,
2977 1507 3119 1577 quod
3164 1508 3443 1573 latentem,
3470 1523 3577 1564 non
3608 1517 3714 1565 tam
3747 1513 3847 1566 ho-

2249 1610 2442 1654 norare
2467 1611 2679 1664 censor,
2710 1613 2869 1666 quam
2891 1613 3086 1653 census
3110 1613 3356 1655 onerare.
3386 1599 3535 1656 Vale.

2716 1691 2874 1762 227
2916 1690 3249 1746 EPISTULA
3287 1690 3380 1746 ix.

2540 1778 2788 1834 Sidonius
2820 1790 2842 1818 ε
2874 1780 3171 1848 Lampridio
3198 1799 3292 1836 suo
3321 1783 3558 1838 salutem.

2317 1869 2451 1925 Cum
2476 1869 2704 1940 primum
2733 1871 3085 1941 Burdegalam
3115 1873 3258 1940 veni,
3283 1872 3490 1929 litteras
3512 1874 3643 1931 mihi
3673 1876 3851 1932 tabel-

2247 1965 2414 2020 larius
2445 1975 2569 2021 tuus
2598 1964 2796 2021 obtulit
2828 1966 3017 2036 plenas
3049 1967 3300 2036 nectaris,
3330 1966 3546 2034 florum,
3580 1970 3852 2041 margari-

2249 2067 2424 2113 tarum
2463 2077 2473 2110 :
2515 2058 2705 2130 quibus
2745 2060 3015 2114 silentium
3062 2074 3239 2115 meum
3279 2060 3492 2131 culpas,
3537 2071 3589 2117 et
3635 2062 3853 2133 aliquos

2249 2165 2506 2206 versuum
2539 2166 2779 2206 meorum
2810 2153 3062 2208 versibus
3084 2152 3285 2224 poscis,
3305 2153 3393 2224 qui
3425 2153 3523 2209 tibi
3549 2156 3728 2211 solent
3750 2172 3852 2227 per

2249 2243 2511 2298 musicum
2556 2244 2722 2312 palati
2752 2258 3072 2313 concavum,
3118 2245 3326 2300 variata
3357 2260 3490 2302 voce
3519 2247 3844 2320 tinnientes,

2247 2337 2402 2407 quasi
2435 2336 2578 2392 tibiis
2611 2338 3070 2395 multiforatilibus
3097 2338 3318 2396 effundi.
3356 2340 3462 2397 Sed
3494 2341 3598 2398 hoc
3625 2351 3682 2397 tu
3725 2359 3849 2399 mu-

2249 2429 2518 2487 nificentia
2548 2429 2689 2501 regis
2715 2432 2846 2486 satis
2875 2431 3125 2498 abutens,
3163 2432 3270 2503 jam
3311 2447 3532 2490 securus
3570 2446 3692 2506 post
3721 2452 3848 2492 mu-

2249 2535 2378 2575 nera
2406 2519 2575 2576 facis:
2609 2523 2732 2589 quia
2756 2522 2980 2578 forsitan
3011 2523 3305 2594 satyricum
3339 2524 3468 2580 illud
3497 2527 3565 2581 de
3606 2529 3847 2600 satyrico

2250 2624 2358 2666 non
2389 2612 2689 2667 recordaris
2712 2629 2725 2676 ;

2556 2709 2701 2758 Satur
2726 2714 2820 2773 est,
2848 2721 2958 2759 cum
2979 2710 3095 2760 dicit
3129 2710 3356 2761 Horatius
3380 2725 3523 2762 evoc.

2249 2802 2386 2870 Quid
2427 2803 2628 2859 multa?
2662 2804 2847 2859 Merito
2888 2819 2974 2861 me
3016 2815 3234 2862 cantare
3277 2823 3340 2862 ex
3371 2808 3480 2862 otio
3505 2808 3690 2878 jubes,
3719 2811 3845 2880 quia

2251 2904 2306 2952 te
2347 2897 2456 2967 jam
2507 2896 2704 2952 saltare
2755 2896 3007 2952 delectat.
3053 2897 3319 2968 Quidquid
3371 2899 3499 2954 illud
3545 2911 3648 2966 est,
3682 2917 3846 2970 pareo

2253 2999 2459 3054 tamen;
2492 2989 2648 3059 idque
2677 3003 2784 3044 non
2828 2989 2987 3044 modo
3019 3005 3124 3045 non
3164 3001 3401 3059 coactus,
3449 3007 3635 3047 verum
3678 2995 3843 3049 etiam

2250 3083 2564 3152 spontaliter
2587 3081 2743 3140 facio.
2759 3082 2989 3138 Tantum
3015 3091 3068 3137 tu
3088 3093 3358 3153 utcunque
3375 3085 3656 3141 moderere
3683 3088 3844 3143 (lato-

2171 3169 2220 3234 C
2251 3178 2472 3232 nianum
2521 3177 2885 3246 superciliosae
2922 3178 3111 3232 frontis
3150 3177 3476 3232 arbitrium.’
3500 3178 3650 3234 Nosti
3693 3181 3840 3236 enim

2250 3285 2416 3341 prope
2443 3271 2682 3326 laetitiam
2715 3282 2994 3339 poetarum
3022 3288 3034 3322 :
3065 3283 3295 3340 quorum
3342 3271 3421 3325 sic
3463 3271 3668 3340 ingenia
3698 3288 3840 3326 moe-

2248 3367 2480 3434 roribus,
2523 3377 2582 3421 ut
2606 3366 2847 3436 pisciculi
2893 3367 3097 3423 retibus
3124 3367 3485 3422 amiciuntur:
3517 3376 3571 3422 et
3614 3366 3660 3422 si
3697 3368 3832 3437 quid

2249 3475 2500 3529 asperum
2532 3468 2623 3513 aut
2654 3459 2825 3525 triste,
2858 3474 2963 3514 non
2997 3459 3174 3538 statim
3207 3475 3267 3515 se
3295 3461 3500 3531 poetica
3531 3460 3835 3515 teneritudo

2247 3568 2276 3607 a
2318 3552 2533 3608 vinculo
2572 3552 2773 3607 incursi
2825 3553 3040 3622 angoris
3087 3551 3352 3622 elaqueat.
3407 3553 3641 3608 Necdum
3689 3555 3836 3608 enim

2250 3645 2536 3716 quidquam
2562 3644 2629 3701 de
2657 3643 2972 3700 haereditate
2999 3645 3252 3710 socruali,
3274 3645 3358 3700 vel
3392 3645 3443 3700 in
3479 3660 3629 3700 usum
3662 3647 3838 3701 tertiae

2251 3739 2350 3794 sub
2371 3738 2541 3807 pretio
2565 3738 2866 3793 medietatis
2878 3737 3102 3792 obtinui.
3136 3736 3353 3792 Interim
3371 3745 3427 3792 tu
3448 3739 3648 3793 videris
3670 3754 3833 3808 quam

2255 3832 2349 3887 tibi
2380 3832 2449 3887 sit
2475 3831 2877 3902 epigrammatis
2905 3830 3124 3901 flagitati
3148 3830 3340 3885 lemma
3367 3830 3683 3900 placiturum
3711 3848 3723 3884 :
3751 3847 3841 3887 me
3914 3824 3922 3834 ’

2254 3933 2431 3980 tamen
2481 3937 2818 3994 nequaquam
2859 3921 3166 3978 sollicitudo
3204 3923 3465 3993 permittit
3511 3922 3652 3978 aliud
3698 3938 3842 3978 nunc

2254 4018 2454 4074 habere
2485 4019 2536 4072 in
2562 4016 2794 4082 actione,
2822 4016 2966 4071 aliud
2996 4017 3047 4071 in
3081 4017 3338 4072 carmine.
3380 4015 3510 4071 lllud
3541 4033 3669 4072 sane
3700 4033 3844 4087 prae-

2257 4118 2340 4166 ter
2385 4110 2644 4181 justitiam
2695 4109 2910 4177 feceris,
2962 4109 3007 4164 si
3059 4110 3544 4179 impraesentiarum
3599 4109 3839 4165 vicissim

2256 4203 2454 4272 scripta
2485 4203 2634 4272 quasi
2663 4215 2964 4272 compares.
3009 4205 3172 4275 228
3198 4205 3311 4273 Ago
3340 4203 3688 4269 laboriosum,
3722 4205 3842 4274 agis

2258 4296 2373 4366 ipse
2389 4295 2624 4352 felicem.
2639 4295 2754 4365 Ago
2765 4295 2940 4351 adhuc
2959 4297 3217 4362 exsulem,
3235 4297 3346 4368 agis
3370 4296 3484 4367 ipse
3500 4296 3610 4366 jam
3626 4297 3797 4352 civem
3821 4314 3838 4352 :

2254 4397 2308 4445 et
2334 4388 2404 4445 ob
2432 4390 2533 4444 hoc
2564 4388 2842 4458 inaequalia
2873 4403 3027 4454 cano,
3055 4391 3175 4459 quia
3220 4389 3418 4444 similia
3448 4405 3628 4458 posco,
3658 4399 3711 4444 et
3744 4404 3840 4457 pa-

2256 4484 2336 4539 ria
2365 4499 2468 4540 non
2500 4484 2746 4554 impetro.
2776 4483 2929 4549 Quod
2953 4485 2996 4540 si
3025 4484 3272 4554 qu0piam
3297 4498 3423 4540 casu
3456 4483 3682 4553 ineptias
3706 4485 3840 4539 istas

564 4636 798 4710 Audacis
845 4648 1056 4710 quoque
1100 4633 1307 4710 reliqua
1358 4631 1572 4710 nomina
1611 4631 1830 4710 prodit,
1877 4642 1930 4710 et
1958 4635 2220 4710 nescioD
2319 4645 2346 4677 ιι
2387 4639 2466 4693 Ad
2515 4654 2669 4705 quem
2713 4647 2868 4706 epist.
2922 4639 2974 4703 5,
3031 4639 3119 4693 lib.
3166 4655 3216 4704 v,
3249 4625 3389 4710 quod
3445 4640 3703 4696 fastorum
3737 4642 3842 4696 sub

564 4708 694 4778 quid
722 4704 900 4775 operis
938 4704 1005 4778 ab
1048 4719 1114 4761 eo
1155 4704 1337 4778 Romae
1368 4711 1495 4778 post
1519 4704 1846 4778 barbaricam
1882 4707 2144 4761 incursio-

566 4774 688 4834 nem
717 4774 824 4849 87
869 4777 1164 4848 perfectum
1214 4774 1413 4830 indicat
1445 4775 1528 4828 his
1567 4774 1763 4830 verbis.

848 4915 1226 4970 CASTALIUS
1263 4913 1422 4968 ΙΝΝο

853 4985 1143 5041 CENTIUS
1183 4983 1420 5039 AUDAX
1462 4982 1524 5037 V.
1564 4983 1622 5038 C.

851 5054 1281 5112 PREFECTUS
1321 5052 1523 5110 URBIS

851 5128 1009 5182 ἫοΕ
1047 5126 1270 5181 SACliA
1307 5124 1631 5180 JUDICANS

848 5198 1239 5253 BARBABICA
1277 5195 1682 5251 INCURSIONE

853 5269 1166 5328 SUBLATA
1205 5266 1563 5324 RESTITUIT

539 5435 541 5437 ’
571 5430 718 5487 Hanc
737 5444 800 5483 ex
817 5428 1036 5484 Joannis
1049 5427 1116 5483 de
1139 5427 1313 5482 Marca
1341 5438 1476 5478 nova
1521 5423 1861 5477 collectaneis
1898 5421 2148 5490 deprom-

569 5502 810 5571 psimus:
843 5501 930 5565 qui
965 5499 1147 5553 Romae
1175 5497 1300 5551 olim
1321 5496 1499 5571 (nunc
1524 5495 1663 5571 enim
1695 5509 1798 5547 non
1841 5491 2040 5560 exstat)
2078 5493 2145 5547 ad

568 5564 735 5627 aedem
761 5571 817 5627 S.
849 5564 1026 5625 Mariae
1048 5585 1198 5623 novae
1221 5564 1443 5636 positam
1475 5564 1637 5619 fuisse
1661 5574 1859 5636 monet.

640 5652 666 5679 ι
701 5641 842 5697 Julio
872 5641 1093 5707 Nepote,
1138 5648 1194 5692 ut
1224 5634 1421 5692 dictum
1454 5648 1532 5691 est
1574 5649 1736 5703 supra
1766 5635 1856 5689 lib.
1901 5651 1951 5700 v,
1984 5634 2143 5703 epist.

569 5715 638 5772 16
679 5729 693 5766 :
734 5711 847 5766 Hoc
886 5721 1052 5764 tamen
1094 5718 1263 5763 sancte
1305 5707 1480 5762 Julius
1531 5707 1723 5778 Nepos,
1752 5707 1908 5761 armis
1957 5708 2146 5775 pariter

567 5799 792 5840 summus
819 5784 1072 5839 Auaustus
1095 5790 1139 5837 et
1170 5779 1412 5832 moribus.

2253 4711 2410 4792 ﬁnem
2433 4710 2872 4792 commemoratio
2894 4710 3173 4764 confirmat
3199 4729 3210 4763 ε
3239 4712 3427 4767 alludit
3449 4713 3592 4768 enim‘
3614 4713 3677 4768 ad
3700 4712 3841 4784 Sya-

2253 4783 2425 4852 grium
2459 4782 2735 4837 consulem
2768 4781 2923 4848 hujus
2954 4795 3231 4849 proavum.
3747 4781 3759 4784 '

2330 4864 2350 4924 ς
2397 4852 2527 4924 Vide
2553 4867 2619 4907 an
2661 4851 2847 4924 referr_i
2873 4852 2992 4924 huc
3018 4851 3503 4924 possiti'l'aionnus,
3537 4869 3693 4924 quam
3727 4855 3839 4908 Ta-

2254 4923 2378 5049 gula
2403 4923 2674 4979 itineraria
2707 4926 2756 4977 in
2783 4922 2973 4978 [Eduis
3003 4925 3160 4993 locat,
3190 4922 3328 4978 haud
3353 4924 3535 4993 procul
3558 4922 3840 4996 ’Augusto-

2294 5009 2421 5049 uno.

2294 5009 2421 5050 uno.

2325 5064 2353 5103 ἀ
2394 5066 2470 5120 lta
2501 5065 2710 5120 restitui
2743 5066 2941 5137 veteris
2972 5065 3093 5120 libri
3122 5066 3343 5136 vestigia
3376 5077 3612 5131 secutus,
3646 5067 3697 5121 in
3730 5084 3839 5137 qun

2256 5137 2529 5204 legebatur
2549 5139 2738 5190 ducant
2762 5135 3030 5192 Erciliam.
3061 5135 3424 5191 Hacilia’enim
3456 5154 3650 5194 nomen
3677 5135 3837 5193 uxori

2258 5207 2315 5260 L.
2341 5208 2640 5261 Cincinnati
2669 5209 2808 5274 apud
2842 5206 3048 5261 Livium
3079 5206 3171 5262 lib.
3205 5225 3282 5263 ιιι.

2331 5287 2353 5314 ε
2395 5277 2617 5349 Rhetori
2659 5277 3063 5349 Burdegaleusi,
3096 5279 3292 5335 eximio
3336 5289 3525 5349 poetae,
3560 5290 3617 5336 ut
3657 5290 3736 5334 est
3783 5282 3836 5335 in

2257 5348 2481 5416 epistola
2517 5350 2574 5403 ll
2611 5349 2677 5402 ad
2706 5348 2932 5418 Lupum,
2965 5360 3017 5405 et
3049 5352 3134 5415 15,
3160 5351 3252 5405 lib.
3287 5348 3361 5417 ix,
3393 5352 3457 5405 ad
3487 5351 3833 5406 Tonantium.

2251 5419 2474 5491 Sidonio
2505 5419 2599 5472 fuit
2623 5422 2674 5473 in
2701 5420 2902 5491 intimis
2929 5438 2940 5472 :
2963 5425 3103 5489 quod
3134 5421 3402 5491 praecipue
3421 5421 3695 5477 declarant
3716 5439 3837 5490 qua:

2251 5490 2319 5545 de
2349 5491 2489 5545 illius
2517 5499 2688 5545 morte
2719 5490 2786 5544 ad
2816 5490 3022 5560 Lupum
3052 5490 3256 5547 scribit.
3282 5495 3481 5547 Aberat
3510 5495 3552 5546 is
3577 5492 3680 5547 hoc
3703 5502 3834 5547 tein-

2253 5577 2382 5631 pore
2403 5561 2691 5634 Burdegala
2714 5579 2725 5613 :
2750 5575 2854 5634 quo
2870 5574 2990 5614 cum
3018 5561 3269 5618 Sidonius
3290 5563 3354 5618 ad
3370 5562 3622 5618 Ettricum
3651 5579 3832 5634 regem

2251 5633 2426 5688 exsilii
2474 5631 2996 5704 linemitlagitaturus
3043 5634 3312 5700 venisset,
3364 5649 3594 5704 sequens
3644 5631 3831 5704 poema

2252 5704 2510 5769 condidit,
2539 5703 2736 5773 Oppido
2762 5703 2999 5771 elegans,
3031 5711 3191 5773 atque
3219 5705 3282 5759 ad
3312 5703 3668 5763 continendam
3696 5707 3832 5761 aulae

2251 5774 2492 5831 Gothicae
2520 5773 2920 5843 amplitudinem
2949 5775 3307 5842 aptissimum.
