  <div class='ocr_page' id='page_1' title='image "/cluster/home/n/w/nwhite01/storage/ocr_20150623/58/hvd.32044015706401/306.png"; bbox 0 0 4140 6336; ppageno 0'>
   <div class='ocr_carea' id='block_1_1' title="bbox 291 380 379 438">
    <p class='ocr_par' dir='ltr' id='par_1_1' title="bbox 291 380 379 438">
     <span class='ocr_line' id='line_1_1' title="bbox 291 380 379 438; baseline -0.034 0"><span class='ocrx_word' id='word_1_1' title='bbox 291 380 379 438; x_wconf 77' lang='grc' dir='ltr'>σοι</span> 
     </span>
    </p>
   </div>
   <div class='ocr_carea' id='block_1_2' title="bbox 291 472 1931 571">
    <p class='ocr_par' dir='ltr' id='par_1_2' title="bbox 291 472 1931 571">
     <span class='ocr_line' id='line_1_2' title="bbox 291 472 1931 571; baseline -0.017 -19"><span class='ocrx_word' id='word_1_2' title='bbox 291 508 412 571; x_wconf 81' lang='lat' dir='ltr'><strong>quas</strong></span> <span class='ocrx_word' id='word_1_3' title='bbox 435 493 575 547; x_wconf 91' lang='lat' dir='ltr'><strong>inter</strong></span> <span class='ocrx_word' id='word_1_4' title='bbox 601 485 763 542; x_wconf 82' lang='lat' dir='ltr'><strong>animi</strong></span> <span class='ocrx_word' id='word_1_5' title='bbox 786 481 1044 555; x_wconf 87' lang='lat' dir='ltr'><strong>supplicia</strong></span> <span class='ocrx_word' id='word_1_6' title='bbox 1055 478 1501 571; x_wconf 82' lang='lat' dir='ltr'><strong>conscripsimus,</strong></span> <span class='ocrx_word' id='word_1_7' title='bbox 1519 483 1657 571; x_wconf 82' lang='lat' dir='ltr'><strong>nutu</strong></span> <span class='ocrx_word' id='word_1_8' title='bbox 1683 472 1851 528; x_wconf 83' lang='lat' dir='ltr'><strong>indul-</strong></span> <span class='ocrx_word' id='word_1_9' title='bbox 1876 473 1931 536; x_wconf 76' lang='grc' dir='ltr'><strong>Α</strong></span> 
     </span>
    </p>
   </div>
   <div class='ocr_carea' id='block_1_3' title="bbox 290 568 1847 662">
    <p class='ocr_par' dir='ltr' id='par_1_3' title="bbox 290 568 1847 662">
     <span class='ocr_line' id='line_1_3' title="bbox 290 568 1847 662; baseline -0.015 -19"><span class='ocrx_word' id='word_1_10' title='bbox 290 568 518 662; x_wconf 73' lang='lat' dir='ltr'><strong>gentiore</strong></span> <span class='ocrx_word' id='word_1_11' title='bbox 542 576 862 662; x_wconf 70' lang='lat' dir='ltr'><strong>susceperis,</strong></span> <span class='ocrx_word' id='word_1_12' title='bbox 893 571 1245 646; x_wconf 78' lang='lat' dir='ltr'><strong>persuadebis</strong></span> <span class='ocrx_word' id='word_1_13' title='bbox 1265 569 1416 638; x_wconf 91' lang='lat' dir='ltr'><strong>mihi,</strong></span> <span class='ocrx_word' id='word_1_14' title='bbox 1441 568 1564 662; x_wconf 80' lang='lat' dir='ltr'><strong>quia</strong></span> <span class='ocrx_word' id='word_1_15' title='bbox 1583 574 1847 662; x_wconf 82' lang='lat' dir='ltr'><strong>cantuum</strong></span> 
     </span>
    </p>
   </div>
   <div class='ocr_carea' id='block_1_4' title="bbox 291 659 1856 741">
    <p class='ocr_par' dir='ltr' id='par_1_4' title="bbox 291 659 1856 741">
     <span class='ocr_line' id='line_1_4' title="bbox 291 659 1856 741; baseline -0.015 -4"><span class='ocrx_word' id='word_1_16' title='bbox 291 659 483 741; x_wconf 73' lang='lat' dir='ltr'><strong>similes</strong></span> <span class='ocrx_word' id='word_1_17' title='bbox 522 672 719 730; x_wconf 88' lang='lat' dir='ltr'><strong>fuerint</strong></span> <span class='ocrx_word' id='word_1_18' title='bbox 748 660 1099 732; x_wconf 85' lang='lat' dir='ltr'><strong>olorinorum,</strong></span> <span class='ocrx_word' id='word_1_19' title='bbox 1143 677 1369 737; x_wconf 87' lang='lat' dir='ltr'><strong>quorum</strong></span> <span class='ocrx_word' id='word_1_20' title='bbox 1413 659 1740 717; x_wconf 75' lang='lat' dir='ltr'><strong>modulatior</strong></span> <span class='ocrx_word' id='word_1_21' title='bbox 1769 665 1856 714; x_wconf 90' lang='lat' dir='ltr'><strong>est</strong></span> 
     </span>
    </p>
   </div>
   <div class='ocr_carea' id='block_1_5' title="bbox 252 751 1853 841">
    <p class='ocr_par' dir='ltr' id='par_1_5' title="bbox 252 751 1853 841">
     <span class='ocr_line' id='line_1_5' title="bbox 252 751 1853 841; baseline -0.016 -12"><span class='ocrx_word' id='word_1_22' title='bbox 252 751 255 803; x_wconf 55' lang='lat'>&#39;</span> <span class='ocrx_word' id='word_1_23' title='bbox 290 773 494 841; x_wconf 88' lang='lat' dir='ltr'><strong>clangor</strong></span> <span class='ocrx_word' id='word_1_24' title='bbox 522 765 579 822; x_wconf 92' lang='lat' dir='ltr'><strong>in</strong></span> <span class='ocrx_word' id='word_1_25' title='bbox 607 762 816 834; x_wconf 66' lang='lat' dir='ltr'><strong>panis;</strong></span> <span class='ocrx_word' id='word_1_26' title='bbox 853 758 1055 817; x_wconf 81' lang='lat' dir='ltr'><strong>similes</strong></span> <span class='ocrx_word' id='word_1_27' title='bbox 1088 756 1249 814; x_wconf 88' lang='lat' dir='ltr'><strong>etiam</strong></span> <span class='ocrx_word' id='word_1_28' title='bbox 1278 753 1495 811; x_wconf 73' lang='lat' dir='ltr'><strong>chordae</strong></span> <span class='ocrx_word' id='word_1_29' title='bbox 1524 751 1707 824; x_wconf 78' lang='lat' dir='ltr'><strong>lyricae</strong></span> <span class='ocrx_word' id='word_1_30' title='bbox 1736 751 1853 805; x_wconf 80' lang='lat' dir='ltr'><strong>vio-</strong></span> 
     </span>
    </p>
   </div>
   <div class='ocr_carea' id='block_1_6' title="bbox 292 845 1855 927">
    <p class='ocr_par' dir='ltr' id='par_1_6' title="bbox 292 845 1855 927">
     <span class='ocr_line' id='line_1_6' title="bbox 292 845 1855 927; baseline -0.017 -2"><span class='ocrx_word' id='word_1_31' title='bbox 292 863 480 924; x_wconf 88' lang='lat' dir='ltr'><strong>lentius</strong></span> <span class='ocrx_word' id='word_1_32' title='bbox 508 869 712 923; x_wconf 59' lang='lat' dir='ltr'><strong>tensas,</strong></span> <span class='ocrx_word' id='word_1_33' title='bbox 741 870 859 927; x_wconf 62' lang='lat' dir='ltr'><strong>qua!</strong></span> <span class='ocrx_word' id='word_1_34' title='bbox 884 868 991 926; x_wconf 89' lang='lat' dir='ltr'><strong>quo</strong></span> <span class='ocrx_word' id='word_1_35' title='bbox 1021 853 1140 923; x_wconf 85' lang='lat' dir='ltr'><strong>plus</strong></span> <span class='ocrx_word' id='word_1_36' title='bbox 1180 858 1338 917; x_wconf 90' lang='lat' dir='ltr'><strong>torta,</strong></span> <span class='ocrx_word' id='word_1_37' title='bbox 1370 847 1489 919; x_wconf 86' lang='lat' dir='ltr'><strong>plus</strong></span> <span class='ocrx_word' id='word_1_38' title='bbox 1518 845 1719 901; x_wconf 87' lang='lat' dir='ltr'><strong>musica</strong></span> <span class='ocrx_word' id='word_1_39' title='bbox 1752 853 1855 899; x_wconf 91' lang='lat' dir='ltr'><strong>est.</strong></span> 
     </span>
    </p>
   </div>
   <div class='ocr_carea' id='block_1_7' title="bbox 290 936 1862 1024">
    <p class='ocr_par' dir='ltr' id='par_1_7' title="bbox 290 936 1862 1024">
     <span class='ocr_line' id='line_1_7' title="bbox 290 936 1862 1024; baseline -0.016 -8"><span class='ocrx_word' id='word_1_40' title='bbox 290 961 545 1018; x_wconf 72' lang='lat' dir='ltr'><strong>Caeterum</strong></span> <span class='ocrx_word' id='word_1_41' title='bbox 583 953 630 1009; x_wconf 95' lang='lat' dir='ltr'><strong>si</strong></span> <span class='ocrx_word' id='word_1_42' title='bbox 657 949 870 1024; x_wconf 89' lang='lat' dir='ltr'><strong>probari</strong></span> <span class='ocrx_word' id='word_1_43' title='bbox 898 953 1171 1019; x_wconf 87' lang='lat' dir='ltr'><strong>nequeunt</strong></span> <span class='ocrx_word' id='word_1_44' title='bbox 1199 957 1390 1000; x_wconf 90' lang='lat' dir='ltr'><strong>versus</strong></span> <span class='ocrx_word' id='word_1_45' title='bbox 1416 941 1511 997; x_wconf 93' lang='lat' dir='ltr'><strong>otii</strong></span> <span class='ocrx_word' id='word_1_46' title='bbox 1550 947 1642 994; x_wconf 87' lang='lat' dir='ltr'><strong>aut</strong></span> <span class='ocrx_word' id='word_1_47' title='bbox 1675 936 1862 992; x_wconf 89' lang='lat' dir='ltr'><strong>hilari-</strong></span> 
     </span>
    </p>
   </div>
   <div class='ocr_carea' id='block_1_8' title="bbox 292 1029 1863 1119">
    <p class='ocr_par' dir='ltr' id='par_1_8' title="bbox 292 1029 1863 1119">
     <span class='ocr_line' id='line_1_8' title="bbox 292 1029 1863 1119; baseline -0.016 -11"><span class='ocrx_word' id='word_1_48' title='bbox 292 1051 407 1108; x_wconf 88' lang='lat' dir='ltr'><strong>tatis</strong></span> <span class='ocrx_word' id='word_1_49' title='bbox 450 1053 720 1119; x_wconf 76' lang='lat' dir='ltr'><strong>expertes,</strong></span> <span class='ocrx_word' id='word_1_50' title='bbox 776 1053 832 1098; x_wconf 92' lang='lat' dir='ltr'><strong>tu</strong></span> <span class='ocrx_word' id='word_1_51' title='bbox 861 1054 1073 1112; x_wconf 90' lang='lat' dir='ltr'><strong>quoque</strong></span> <span class='ocrx_word' id='word_1_52' title='bbox 1117 1037 1171 1093; x_wconf 91' lang='lat' dir='ltr'><strong>in</strong></span> <span class='ocrx_word' id='word_1_53' title='bbox 1220 1034 1410 1107; x_wconf 88' lang='lat' dir='ltr'><strong>pagina</strong></span> <span class='ocrx_word' id='word_1_54' title='bbox 1455 1046 1621 1105; x_wconf 91' lang='lat' dir='ltr'><strong>quam</strong></span> <span class='ocrx_word' id='word_1_55' title='bbox 1678 1029 1863 1086; x_wconf 89' lang='lat' dir='ltr'><strong>subter</strong></span> 
     </span>
    </p>
   </div>
   <div class='ocr_carea' id='block_1_9' title="bbox 290 1119 1861 1207">
    <p class='ocr_par' dir='ltr' id='par_1_9' title="bbox 290 1119 1861 1207">
     <span class='ocr_line' id='line_1_9' title="bbox 290 1119 1861 1207; baseline -0.017 -7"><span class='ocrx_word' id='word_1_56' title='bbox 290 1140 484 1200; x_wconf 88' lang='lat' dir='ltr'><strong>attexui</strong></span> <span class='ocrx_word' id='word_1_57' title='bbox 524 1137 655 1195; x_wconf 84' lang='lat' dir='ltr'><strong>nihil</strong></span> <span class='ocrx_word' id='word_1_58' title='bbox 695 1133 837 1207; x_wconf 89' lang='lat' dir='ltr'><strong>quod</strong></span> <span class='ocrx_word' id='word_1_59' title='bbox 865 1132 1078 1205; x_wconf 88' lang='lat' dir='ltr'><strong>placeat</strong></span> <span class='ocrx_word' id='word_1_60' title='bbox 1104 1126 1369 1184; x_wconf 89' lang='lat' dir='ltr'><strong>invenies.</strong></span> <span class='ocrx_word' id='word_1_61' title='bbox 1387 1124 1483 1181; x_wconf 83' lang='lat' dir='ltr'><strong>liis</strong></span> <span class='ocrx_word' id='word_1_62' title='bbox 1506 1122 1680 1179; x_wconf 90' lang='lat' dir='ltr'><strong>adhuc</strong></span> <span class='ocrx_word' id='word_1_63' title='bbox 1701 1119 1861 1186; x_wconf 92' lang='lat' dir='ltr'><strong>adde,</strong></span> 
     </span>
    </p>
   </div>
   <div class='ocr_carea' id='block_1_10' title="bbox 292 1214 1865 1307">
    <p class='ocr_par' dir='ltr' id='par_1_10' title="bbox 292 1214 1865 1307">
     <span class='ocr_line' id='line_1_10' title="bbox 292 1214 1865 1307; baseline -0.015 -16"><span class='ocrx_word' id='word_1_64' title='bbox 292 1234 425 1307; x_wconf 87' lang='lat' dir='ltr'><strong>quod</strong></span> <span class='ocrx_word' id='word_1_65' title='bbox 470 1230 749 1288; x_wconf 90' lang='lat' dir='ltr'><strong>materiam</strong></span> <span class='ocrx_word' id='word_1_66' title='bbox 789 1225 875 1283; x_wconf 92' lang='lat' dir='ltr'><strong>cui</strong></span> <span class='ocrx_word' id='word_1_67' title='bbox 908 1238 1017 1281; x_wconf 89' lang='lat' dir='ltr'><strong>non</strong></span> <span class='ocrx_word' id='word_1_68' title='bbox 1060 1220 1305 1288; x_wconf 85' lang='lat' dir='ltr'><strong>auditor,‘</strong></span> <span class='ocrx_word' id='word_1_69' title='bbox 1334 1217 1429 1274; x_wconf 88' lang='lat' dir='ltr'><strong>sed</strong></span> <span class='ocrx_word' id='word_1_70' title='bbox 1470 1217 1648 1287; x_wconf 91' lang='lat' dir='ltr'><strong>potius</strong></span> <span class='ocrx_word' id='word_1_71' title='bbox 1694 1214 1865 1307; x_wconf 87' lang='lat' dir='ltr'><strong>lector</strong></span> 
     </span>
    </p>
   </div>
   <div class='ocr_carea' id='block_1_11' title="bbox 289 1305 1863 1398">
    <p class='ocr_par' dir='ltr' id='par_1_11' title="bbox 289 1305 1863 1398">
     <span class='ocr_line' id='line_1_11' title="bbox 289 1305 1863 1398; baseline -0.017 -14"><span class='ocrx_word' id='word_1_72' title='bbox 289 1305 555 1398; x_wconf 74' lang='lat' dir='ltr'><strong>obtigerit,</strong></span> <span class='ocrx_word' id='word_1_73' title='bbox 589 1320 719 1379; x_wconf 84' lang='lat' dir='ltr'><strong>nihil</strong></span> <span class='ocrx_word' id='word_1_74' title='bbox 755 1317 993 1376; x_wconf 75' lang='lat' dir='ltr'><strong>absentis</strong></span> <span class='ocrx_word' id='word_1_75' title='bbox 1022 1313 1258 1375; x_wconf 85' lang='lat' dir='ltr'><strong>auctoris</strong></span> <span class='ocrx_word' id='word_1_76' title='bbox 1294 1308 1659 1382; x_wconf 88' lang='lat' dir='ltr'><strong>pronuntiatio</strong></span> <span class='ocrx_word' id='word_1_77' title='bbox 1692 1305 1863 1377; x_wconf 83' lang='lat' dir='ltr'><strong>juvat.</strong></span> 
     </span>
    </p>
   </div>
   <div class='ocr_carea' id='block_1_12' title="bbox 290 1400 1866 1493">
    <p class='ocr_par' dir='ltr' id='par_1_12' title="bbox 290 1400 1866 1493">
     <span class='ocr_line' id='line_1_12' title="bbox 290 1400 1866 1493; baseline -0.015 -14"><span class='ocrx_word' id='word_1_78' title='bbox 290 1422 470 1493; x_wconf 85' lang='lat' dir='ltr'><strong>Neque</strong></span> <span class='ocrx_word' id='word_1_79' title='bbox 495 1420 638 1476; x_wconf 89' lang='lat' dir='ltr'><strong>enim</strong></span> <span class='ocrx_word' id='word_1_80' title='bbox 676 1422 798 1486; x_wconf 89' lang='lat' dir='ltr'><strong>post</strong></span> <span class='ocrx_word' id='word_1_81' title='bbox 834 1427 974 1485; x_wconf 91' lang='lat' dir='ltr'><strong>opus</strong></span> <span class='ocrx_word' id='word_1_82' title='bbox 1003 1410 1226 1467; x_wconf 90' lang='lat' dir='ltr'><strong>missum</strong></span> <span class='ocrx_word' id='word_1_83' title='bbox 1255 1415 1500 1477; x_wconf 89' lang='lat' dir='ltr'><strong>superest</strong></span> <span class='ocrx_word' id='word_1_84' title='bbox 1534 1400 1665 1475; x_wconf 89' lang='lat' dir='ltr'><strong>quid</strong></span> <span class='ocrx_word' id='word_1_85' title='bbox 1708 1410 1866 1471; x_wconf 92' lang='lat' dir='ltr'><strong>poeta</strong></span> 
     </span>
    </p>
   </div>
   <div class='ocr_carea' id='block_1_13' title="bbox 291 1494 1869 1579">
    <p class='ocr_par' dir='ltr' id='par_1_13' title="bbox 291 1494 1869 1579">
     <span class='ocr_line' id='line_1_13' title="bbox 291 1494 1869 1579; baseline -0.011 -10"><span class='ocrx_word' id='word_1_86' title='bbox 291 1514 368 1571; x_wconf 88' lang='lat' dir='ltr'><strong>vel</strong></span> <span class='ocrx_word' id='word_1_87' title='bbox 407 1509 781 1569; x_wconf 86' lang='lat' dir='ltr'><strong>vocalissimus</strong></span> <span class='ocrx_word' id='word_1_88' title='bbox 820 1515 961 1579; x_wconf 90' lang='lat' dir='ltr'><strong>agat,</strong></span> <span class='ocrx_word' id='word_1_89' title='bbox 998 1519 1158 1577; x_wconf 90' lang='lat' dir='ltr'><strong>quem</strong></span> <span class='ocrx_word' id='word_1_90' title='bbox 1198 1499 1451 1558; x_wconf 85' lang='lat' dir='ltr'><strong>distantia</strong></span> <span class='ocrx_word' id='word_1_91' title='bbox 1482 1497 1581 1552; x_wconf 93' lang='lat' dir='ltr'><strong>loci</strong></span> <span class='ocrx_word' id='word_1_92' title='bbox 1630 1510 1728 1552; x_wconf 89' lang='lat' dir='ltr'><strong>nec</strong></span> <span class='ocrx_word' id='word_1_93' title='bbox 1767 1494 1869 1551; x_wconf 89' lang='lat' dir='ltr'><strong>hoc</strong></span> 
     </span>
    </p>
   </div>
   <div class='ocr_carea' id='block_1_14' title="bbox 290 1589 1867 1677">
    <p class='ocr_par' dir='ltr' id='par_1_14' title="bbox 290 1589 1867 1677">
     <span class='ocr_line' id='line_1_14' title="bbox 290 1589 1867 1677; baseline -0.014 -12"><span class='ocrx_word' id='word_1_94' title='bbox 290 1608 460 1665; x_wconf 88' lang='lat' dir='ltr'><strong>facere</strong></span> <span class='ocrx_word' id='word_1_95' title='bbox 492 1605 774 1677; x_wconf 85' lang='lat' dir='ltr'><strong>permittit,</strong></span> <span class='ocrx_word' id='word_1_96' title='bbox 800 1600 945 1674; x_wconf 91' lang='lat' dir='ltr'><strong>quod</strong></span> <span class='ocrx_word' id='word_1_97' title='bbox 967 1599 1145 1655; x_wconf 88' lang='lat' dir='ltr'><strong>solent</strong></span> <span class='ocrx_word' id='word_1_98' title='bbox 1169 1604 1195 1633; x_wconf 76' lang='grc' dir='ltr'><strong>ι</strong></span> <span class='ocrx_word' id='word_1_99' title='bbox 1222 1593 1370 1651; x_wconf 90' lang='lat' dir='ltr'><strong>chori</strong></span> <span class='ocrx_word' id='word_1_100' title='bbox 1395 1589 1867 1663; x_wconf 90' lang='lat' dir='ltr'><strong>pantomimorum,</strong></span> 
     </span>
    </p>
   </div>
   <div class='ocr_carea' id='block_1_15' title="bbox 292 1685 1535 1773">
    <p class='ocr_par' dir='ltr' id='par_1_15' title="bbox 292 1685 1535 1773">
     <span class='ocr_line' id='line_1_15' title="bbox 292 1685 1535 1773; baseline -0.014 -16"><span class='ocrx_word' id='word_1_101' title='bbox 292 1702 370 1773; x_wconf 69' lang='lat' dir='ltr'><strong>qui</strong></span> <span class='ocrx_word' id='word_1_102' title='bbox 394 1701 537 1757; x_wconf 89' lang='lat' dir='ltr'><strong>bono</strong></span> <span class='ocrx_word' id='word_1_103' title='bbox 558 1707 717 1755; x_wconf 92' lang='lat' dir='ltr'><strong>cantu</strong></span> <span class='ocrx_word' id='word_1_104' title='bbox 745 1695 883 1751; x_wconf 92' lang='lat' dir='ltr'><strong>male</strong></span> <span class='ocrx_word' id='word_1_105' title='bbox 910 1692 1109 1750; x_wconf 87' lang='lat' dir='ltr'><strong>dictata</strong></span> <span class='ocrx_word' id='word_1_106' title='bbox 1136 1685 1535 1747; x_wconf 89' lang='lat' dir='ltr'><strong>commendant.</strong></span> 
     </span>
    </p>
   </div>
   <div class='ocr_carea' id='block_1_16' title="bbox 407 1802 1464 1873">
    <p class='ocr_par' dir='ltr' id='par_1_16' title="bbox 407 1802 1464 1873">
     <span class='ocr_line' id='line_1_16' title="bbox 407 1802 1464 1873; baseline -0.014 -10"><span class='ocrx_word' id='word_1_107' title='bbox 407 1810 538 1871; x_wconf 88' lang='lat' dir='ltr'><strong>Quid</strong></span> <span class='ocrx_word' id='word_1_108' title='bbox 563 1806 914 1873; x_wconf 71' lang='lat' dir='ltr'><strong>Cyrrhatn,_vel</strong></span> <span class='ocrx_word' id='word_1_109' title='bbox 940 1804 1170 1873; x_wconf 74' lang='lat' dir='ltr'><strong>Hyantias</strong></span> <span class='ocrx_word' id='word_1_110' title='bbox 1188 1802 1464 1863; x_wconf 76' lang='lat' dir='ltr'><strong>Cammnas,</strong></span> 
     </span>
    </p>
   </div>
   <div class='ocr_carea' id='block_1_17' title="bbox 406 1865 1347 1933">
    <p class='ocr_par' dir='ltr' id='par_1_17' title="bbox 406 1865 1347 1933">
     <span class='ocr_line' id='line_1_17' title="bbox 406 1865 1347 1933; baseline -0.011 -10"><span class='ocrx_word' id='word_1_111' title='bbox 406 1865 536 1933; x_wconf 73' lang='lat' dir='ltr'><strong>Quid</strong></span> <span class='ocrx_word' id='word_1_112' title='bbox 556 1865 725 1921; x_wconf 80' lang='lat' dir='ltr'><strong>doctos</strong></span> <span class='ocrx_word' id='word_1_113' title='bbox 742 1865 1083 1933; x_wconf 77' lang='lat' dir='ltr'><strong>Heliconidum</strong></span> <span class='ocrx_word' id='word_1_114' title='bbox 1105 1865 1347 1929; x_wconf 91' lang='lat' dir='ltr'><strong>liquores,</strong></span> 
     </span>
    </p>
   </div>
   <div class='ocr_carea' id='block_1_18' title="bbox 405 1930 1187 1999">
    <p class='ocr_par' dir='ltr' id='par_1_18' title="bbox 405 1930 1187 1999">
     <span class='ocr_line' id='line_1_18' title="bbox 405 1930 1187 1999; baseline -0.012 -13"><span class='ocrx_word' id='word_1_115' title='bbox 405 1930 629 1999; x_wconf 81' lang='lat' dir='ltr'><strong>Scalplos</strong></span> <span class='ocrx_word' id='word_1_116' title='bbox 647 1932 1052 1999; x_wconf 80' lang='lat' dir='ltr'><strong>alitishinnientis</strong></span> <span class='ocrx_word' id='word_1_117' title='bbox 1070 1930 1187 1988; x_wconf 90' lang='lat' dir='ltr'><strong>ictu,</strong></span> 
     </span>
    </p>
   </div>
   <div class='ocr_carea' id='block_1_19' title="bbox 405 1997 1391 2050">
    <p class='ocr_par' dir='ltr' id='par_1_19' title="bbox 405 1997 1391 2050">
     <span class='ocr_line' id='line_1_19' title="bbox 405 1997 1391 2050; baseline -0.014 -1"><span class='ocrx_word' id='word_1_118' title='bbox 405 1999 443 2049; x_wconf 83' lang='grc' dir='ltr'>Ν</span> <span class='ocrx_word' id='word_1_119' title='bbox 450 1997 548 2048; x_wconf 83' lang='lat' dir='ltr'><strong>une</strong></span> <span class='ocrx_word' id='word_1_120' title='bbox 571 2001 620 2047; x_wconf 91' lang='lat' dir='ltr'><strong>in</strong></span> <span class='ocrx_word' id='word_1_121' title='bbox 643 1997 851 2046; x_wconf 84' lang='lat' dir='ltr'><strong>carmina</strong></span> <span class='ocrx_word' id='word_1_122' title='bbox 872 2004 1181 2043; x_wconf 80' lang='lat' dir='ltr'><strong>commovere</strong></span> <span class='ocrx_word' id='word_1_123' title='bbox 1212 1997 1391 2050; x_wconf 82' lang='lat' dir='ltr'><strong>lentas,</strong></span> 
     </span>
    </p>
   </div>
   <div class='ocr_carea' id='block_1_20' title="bbox 407 2049 1448 2124">
    <p class='ocr_par' dir='ltr' id='par_1_20' title="bbox 407 2049 1448 2124">
     <span class='ocr_line' id='line_1_20' title="bbox 407 2049 1448 2124; baseline -0.009 -14"><span class='ocrx_word' id='word_1_124' title='bbox 407 2061 621 2118; x_wconf 66' lang='lat' dir='ltr'><strong>Nostrae,</strong></span> <span class='ocrx_word' id='word_1_125' title='bbox 645 2056 1016 2124; x_wconf 10' lang='lat' dir='ltr'><strong>orLampridius,</strong></span> <span class='ocrx_word' id='word_1_126' title='bbox 1039 2054 1189 2124; x_wconf 81' lang='lat' dir='ltr'><strong>decus</strong></span> <span class='ocrx_word' id='word_1_127' title='bbox 1223 2049 1403 2124; x_wconf 73' lang='lat' dir='ltr'><strong>Thalia:</strong></span> <span class='ocrx_word' id='word_1_128' title='bbox 1422 2049 1448 2101; x_wconf 78' lang='grc' dir='ltr'><strong><em>τ</em></strong></span> 
     </span>
    </p>
   </div>
   <div class='ocr_carea' id='block_1_21' title="bbox 406 2118 1329 2180">
    <p class='ocr_par' dir='ltr' id='par_1_21' title="bbox 406 2118 1329 2180">
     <span class='ocr_line' id='line_1_21' title="bbox 406 2118 1329 2180; baseline -0.013 -6"><span class='ocrx_word' id='word_1_129' title='bbox 406 2124 467 2174; x_wconf 82' lang='lat' dir='ltr'><strong>Et</strong></span> <span class='ocrx_word' id='word_1_130' title='bbox 496 2136 574 2173; x_wconf 87' lang='lat' dir='ltr'><strong>tne</strong></span> <span class='ocrx_word' id='word_1_131' title='bbox 600 2118 829 2180; x_wconf 54' lang='lat' dir='ltr'><strong>s-r,ibere&#39;</strong></span> <span class='ocrx_word' id='word_1_132' title='bbox 850 2121 919 2167; x_wconf 87' lang='lat' dir='ltr'><strong>sic</strong></span> <span class='ocrx_word' id='word_1_133' title='bbox 947 2118 1154 2180; x_wconf 85' lang='lat' dir='ltr'><strong>subinde</strong></span> <span class='ocrx_word' id='word_1_134' title='bbox 1176 2118 1329 2177; x_wconf 88' lang='lat' dir='ltr'><strong>cogis,</strong></span> 
     </span>
    </p>
   </div>
   <div class='ocr_carea' id='block_1_22' title="bbox 406 2179 1211 2245">
    <p class='ocr_par' dir='ltr' id='par_1_22' title="bbox 406 2179 1211 2245">
     <span class='ocr_line' id='line_1_22' title="bbox 406 2179 1211 2245; baseline -0.01 -10"><span class='ocrx_word' id='word_1_135' title='bbox 406 2186 480 2235; x_wconf 72' lang='lat' dir='ltr'><strong>Ac</strong></span> <span class='ocrx_word' id='word_1_136' title='bbox 506 2187 547 2233; x_wconf 88' lang='lat' dir='ltr'><strong>si</strong></span> <span class='ocrx_word' id='word_1_137' title='bbox 573 2183 803 2245; x_wconf 85' lang='lat' dir='ltr'><strong>Delphica</strong></span> <span class='ocrx_word' id='word_1_138' title='bbox 828 2180 970 2230; x_wconf 90' lang='lat' dir='ltr'><strong>Delio</strong></span> <span class='ocrx_word' id='word_1_139' title='bbox 995 2179 1211 2245; x_wconf 81' lang='lat' dir='ltr'><strong>tulissem</strong></span> 
     </span>
    </p>
   </div>
   <div class='ocr_carea' id='block_1_23' title="bbox 410 2236 1354 2300">
    <p class='ocr_par' dir='ltr' id='par_1_23' title="bbox 410 2236 1354 2300">
     <span class='ocr_line' id='line_1_23' title="bbox 410 2236 1354 2300; baseline -0.013 -3"><span class='ocrx_word' id='word_1_140' title='bbox 410 2236 742 2298; x_wconf 78' lang='lat' dir='ltr'><strong>Instrumenta</strong></span> <span class='ocrx_word' id='word_1_141' title='bbox 765 2254 848 2293; x_wconf 91' lang='lat' dir='ltr'><strong>tuo</strong></span> <span class='ocrx_word' id='word_1_142' title='bbox 869 2257 882 2293; x_wconf 89' lang='lat'>:</span> <span class='ocrx_word' id='word_1_143' title='bbox 909 2255 1160 2300; x_wconf 86' lang='lat' dir='ltr'><strong>novusque</strong></span> <span class='ocrx_word' id='word_1_144' title='bbox 1178 2236 1354 2300; x_wconf 79' lang='lat' dir='ltr'><strong>Apollo</strong></span> 
     </span>
    </p>
   </div>
   <div class='ocr_carea' id='block_1_24' title="bbox 410 2302 1472 2372">
    <p class='ocr_par' dir='ltr' id='par_1_24' title="bbox 410 2302 1472 2372">
     <span class='ocr_line' id='line_1_24' title="bbox 410 2302 1472 2372; baseline -0.011 -13"><span class='ocrx_word' id='word_1_145' title='bbox 410 2310 684 2371; x_wconf 77' lang='lat' dir='ltr'><strong>Cortinam,</strong></span> <span class='ocrx_word' id='word_1_146' title='bbox 706 2307 935 2369; x_wconf 86' lang='lat' dir='ltr'><strong>tripodas,</strong></span> <span class='ocrx_word' id='word_1_147' title='bbox 960 2302 1177 2372; x_wconf 70' lang='lat' dir='ltr'><strong>chelym,</strong></span> <span class='ocrx_word' id='word_1_148' title='bbox 1199 2302 1472 2372; x_wconf 68' lang='lat' dir='ltr'><strong>pharetras,</strong></span> 
     </span>
    </p>
   </div>
   <div class='ocr_carea' id='block_1_25' title="bbox 409 2362 1458 2433">
    <p class='ocr_par' dir='ltr' id='par_1_25' title="bbox 409 2362 1458 2433">
     <span class='ocr_line' id='line_1_25' title="bbox 409 2362 1458 2433; baseline -0.01 -13"><span class='ocrx_word' id='word_1_149' title='bbox 409 2372 586 2429; x_wconf 79' lang='lat' dir='ltr'><strong>Arcus,</strong></span> <span class='ocrx_word' id='word_1_150' title='bbox 612 2362 787 2433; x_wconf 68' lang='lat' dir='ltr'><strong>grypas</strong></span> <span class='ocrx_word' id='word_1_151' title='bbox 805 2362 962 2430; x_wconf 86' lang='lat' dir='ltr'><strong>agam,</strong></span> <span class='ocrx_word' id='word_1_152' title='bbox 986 2362 1244 2433; x_wconf 64' lang='lat' dir='ltr'><strong>(Jupiteque</strong></span> <span class='ocrx_word' id='word_1_153' title='bbox 1274 2362 1458 2433; x_wconf 78' lang='lat' dir='ltr'><strong>frondis</strong></span> 
     </span>
    </p>
   </div>
   <div class='ocr_carea' id='block_1_26' title="bbox 408 2426 1507 2494">
    <p class='ocr_par' dir='ltr' id='par_1_26' title="bbox 408 2426 1507 2494">
     <span class='ocr_line' id='line_1_26' title="bbox 408 2426 1507 2494; baseline -0.01 -11"><span class='ocrx_word' id='word_1_154' title='bbox 408 2434 537 2483; x_wconf 86' lang='lat' dir='ltr'><strong>Hinc</strong></span> <span class='ocrx_word' id='word_1_155' title='bbox 560 2426 727 2483; x_wconf 71' lang='lat' dir='ltr'><strong>baccas</strong></span> <span class='ocrx_word' id='word_1_156' title='bbox 744 2426 975 2494; x_wconf 72' lang='lat' dir='ltr'><strong>quatiam,</strong></span> <span class='ocrx_word' id='word_1_157' title='bbox 1004 2426 1080 2478; x_wconf 84' lang='lat' dir='ltr'><strong>vel</strong></span> <span class='ocrx_word' id='word_1_158' title='bbox 1106 2426 1219 2477; x_wconf 82' lang='lat' dir='ltr'><strong>hinc</strong></span> <span class='ocrx_word' id='word_1_159' title='bbox 1236 2426 1507 2487; x_wconf 87' lang='lat' dir='ltr'><strong>corymbos.</strong></span> 
     </span>
    </p>
   </div>
   <div class='ocr_carea' id='block_1_27' title="bbox 395 2498 1597 2616">
    <p class='ocr_par' dir='ltr' id='par_1_27' title="bbox 395 2498 1597 2616">
     <span class='ocr_line' id='line_1_27' title="bbox 395 2498 1597 2616; baseline -0.007 -61"><span class='ocrx_word' id='word_1_160' title='bbox 395 2498 564 2616; x_wconf 40' lang='lat'><strong>*29</strong></span> <span class='ocrx_word' id='word_1_161' title='bbox 600 2504 669 2555; x_wconf 85' lang='lat' dir='ltr'><strong>Tu</strong></span> <span class='ocrx_word' id='word_1_162' title='bbox 689 2507 805 2565; x_wconf 82' lang='lat' dir='ltr'><strong>jam,</strong></span> <span class='ocrx_word' id='word_1_163' title='bbox 830 2516 860 2551; x_wconf 91' lang='grc' dir='ltr'><strong>ο</strong></span> <span class='ocrx_word' id='word_1_164' title='bbox 881 2502 1069 2565; x_wconf 79' lang='lat' dir='ltr'><strong>Tityre,</strong></span> <span class='ocrx_word' id='word_1_165' title='bbox 1094 2514 1205 2549; x_wconf 89' lang='lat' dir='ltr'><strong>rura</strong></span> <span class='ocrx_word' id='word_1_166' title='bbox 1232 2504 1340 2562; x_wconf 87' lang='lat' dir='ltr'><strong>post</strong></span> <span class='ocrx_word' id='word_1_167' title='bbox 1377 2502 1597 2561; x_wconf 84' lang='lat' dir='ltr'><strong>recepta,</strong></span> 
     </span>
     <span class='ocr_line' id='line_1_28' title="bbox 436 2566 1289 2616; baseline 0 0"><span class='ocrx_word' id='word_1_168' title='bbox 436 2571 592 2616; x_wconf 86' lang='lat' dir='ltr'><strong>lvrtos</strong></span> <span class='ocrx_word' id='word_1_169' title='bbox 616 2574 669 2616; x_wconf 89' lang='lat' dir='ltr'><strong>et</strong></span> <span class='ocrx_word' id='word_1_170' title='bbox 691 2566 942 2616; x_wconf 78' lang='lat' dir='ltr'><strong>platanona</strong></span> <span class='ocrx_word' id='word_1_171' title='bbox 978 2570 1289 2616; x_wconf 73' lang='lat' dir='ltr'><strong>pervagatus.</strong></span> 
     </span>
    </p>
   </div>
   <div class='ocr_carea' id='block_1_28' title="bbox 436 2566 1289 2631">
    <p class='ocr_par' dir='ltr' id='par_1_28' title="bbox 436 2566 1289 2631">
     <span class='ocr_line' id='line_1_29' title="bbox 436 2566 1289 2631; baseline -0.004 -16"><span class='ocrx_word' id='word_1_172' title='bbox 436 2566 592 2631; x_wconf 51' lang='lat' dir='ltr'><strong>tyrios</strong></span> <span class='ocrx_word' id='word_1_173' title='bbox 616 2574 669 2631; x_wconf 87' lang='lat' dir='ltr'><strong>et</strong></span> <span class='ocrx_word' id='word_1_174' title='bbox 691 2566 942 2627; x_wconf 79' lang='lat' dir='ltr'><strong>platanona</strong></span> <span class='ocrx_word' id='word_1_175' title='bbox 978 2570 1289 2631; x_wconf 75' lang='lat' dir='ltr'><strong>pervagatus,</strong></span> 
     </span>
    </p>
   </div>
   <div class='ocr_carea' id='block_1_29' title="bbox 418 2629 1385 2689">
    <p class='ocr_par' dir='ltr' id='par_1_29' title="bbox 418 2629 1385 2689">
     <span class='ocr_line' id='line_1_30' title="bbox 418 2629 1385 2689; baseline -0.005 -11"><span class='ocrx_word' id='word_1_176' title='bbox 418 2629 591 2678; x_wconf 77' lang='lat' dir='ltr'><strong>Pulsas</strong></span> <span class='ocrx_word' id='word_1_177' title='bbox 626 2630 869 2687; x_wconf 84' lang='lat' dir='ltr'><strong>barbiton,</strong></span> <span class='ocrx_word' id='word_1_178' title='bbox 895 2636 1042 2689; x_wconf 83' lang='lat' dir='ltr'><strong>atque</strong></span> <span class='ocrx_word' id='word_1_179' title='bbox 1067 2630 1385 2689; x_wconf 77' lang='lat' dir='ltr'><strong>concinentes</strong></span> 
     </span>
    </p>
   </div>
   <div class='ocr_carea' id='block_1_30' title="bbox 411 2687 1383 2756">
    <p class='ocr_par' dir='ltr' id='par_1_30' title="bbox 411 2687 1383 2756">
     <span class='ocr_line' id='line_1_31' title="bbox 411 2687 1383 2756; baseline -0.009 -14"><span class='ocrx_word' id='word_1_180' title='bbox 411 2692 515 2744; x_wconf 88' lang='lat' dir='ltr'><strong>Ora</strong></span> <span class='ocrx_word' id='word_1_181' title='bbox 541 2698 593 2756; x_wconf 82' lang='lat' dir='ltr'><strong>et</strong></span> <span class='ocrx_word' id='word_1_182' title='bbox 612 2691 793 2756; x_wconf 79' lang='lat' dir='ltr'><strong>plectra</strong></span> <span class='ocrx_word' id='word_1_183' title='bbox 820 2693 904 2740; x_wconf 82' lang='lat' dir='ltr'><strong>tibi</strong></span> <span class='ocrx_word' id='word_1_184' title='bbox 942 2687 1107 2739; x_wconf 84' lang='lat' dir='ltr'><strong>modos</strong></span> <span class='ocrx_word' id='word_1_185' title='bbox 1129 2687 1383 2756; x_wconf 64' lang='lat' dir='ltr'><strong>resultant;</strong></span> 
     </span>
    </p>
   </div>
   <div class='ocr_carea' id='block_1_31' title="bbox 409 2748 1472 2814">
    <p class='ocr_par' dir='ltr' id='par_1_31' title="bbox 409 2748 1472 2814">
     <span class='ocr_line' id='line_1_32' title="bbox 409 2748 1472 2814; baseline -0.008 -13"><span class='ocrx_word' id='word_1_186' title='bbox 409 2748 626 2814; x_wconf 64' lang='lat' dir='ltr'><strong>CIIOI‘da;</strong></span> <span class='ocrx_word' id='word_1_187' title='bbox 665 2767 804 2812; x_wconf 86' lang='lat' dir='ltr'><strong>voce,</strong></span> <span class='ocrx_word' id='word_1_188' title='bbox 830 2761 988 2801; x_wconf 86' lang='lat' dir='ltr'><strong>metro</strong></span> <span class='ocrx_word' id='word_1_189' title='bbox 1009 2750 1251 2814; x_wconf 86' lang='lat' dir='ltr'><strong>stupende</strong></span> <span class='ocrx_word' id='word_1_190' title='bbox 1278 2748 1472 2811; x_wconf 85' lang='lat' dir='ltr'><strong>psaltes.</strong></span> 
     </span>
    </p>
   </div>
   <div class='ocr_carea' id='block_1_32' title="bbox 409 2813 1329 2879">
    <p class='ocr_par' dir='ltr' id='par_1_32' title="bbox 409 2813 1329 2879">
     <span class='ocr_line' id='line_1_33' title="bbox 409 2813 1329 2879; baseline -0.004 -14"><span class='ocrx_word' id='word_1_191' title='bbox 409 2817 518 2867; x_wconf 78' lang='lat' dir='ltr'><strong>Nos</strong></span> <span class='ocrx_word' id='word_1_192' title='bbox 542 2820 645 2868; x_wconf 83' lang='lat' dir='ltr'><strong>istic</strong></span> <span class='ocrx_word' id='word_1_193' title='bbox 669 2819 869 2879; x_wconf 86' lang='lat' dir='ltr'><strong>positos,</strong></span> <span class='ocrx_word' id='word_1_194' title='bbox 901 2813 1158 2879; x_wconf 72' lang='lat' dir='ltr'><strong>semelque</strong></span> <span class='ocrx_word' id='word_1_195' title='bbox 1180 2814 1329 2879; x_wconf 73' lang='lat' dir='ltr'><strong>visos,</strong></span> 
     </span>
    </p>
   </div>
   <div class='ocr_carea' id='block_1_33' title="bbox 406 2876 1382 2941">
    <p class='ocr_par' dir='ltr' id='par_1_33' title="bbox 406 2876 1382 2941">
     <span class='ocr_line' id='line_1_34' title="bbox 406 2876 1382 2941; baseline -0.009 -12"><span class='ocrx_word' id='word_1_196' title='bbox 406 2881 501 2929; x_wconf 71' lang='lat' dir='ltr'><strong>Bis</strong></span> <span class='ocrx_word' id='word_1_197' title='bbox 518 2879 613 2941; x_wconf 86' lang='lat' dir='ltr'><strong>jam</strong></span> <span class='ocrx_word' id='word_1_198' title='bbox 642 2876 888 2928; x_wconf 81' lang='lat' dir='ltr'><strong>menstrua</strong></span> <span class='ocrx_word' id='word_1_199' title='bbox 913 2876 1023 2924; x_wconf 91' lang='lat' dir='ltr'><strong>luna</strong></span> <span class='ocrx_word' id='word_1_200' title='bbox 1043 2876 1382 2941; x_wconf 60' lang='lat' dir='ltr'><strong>conspicatur:</strong></span> 
     </span>
    </p>
   </div>
   <div class='ocr_carea' id='block_1_34' title="bbox 410 2936 1382 2993">
    <p class='ocr_par' dir='ltr' id='par_1_34' title="bbox 410 2936 1382 2993">
     <span class='ocr_line' id='line_1_35' title="bbox 410 2936 1382 2993; baseline -0.007 -4"><span class='ocrx_word' id='word_1_201' title='bbox 410 2936 750 2992; x_wconf 53' lang='lat' dir='ltr'><strong>Nec&#39;multuni</strong></span> <span class='ocrx_word' id='word_1_202' title='bbox 772 2940 967 2989; x_wconf 85' lang='lat' dir='ltr'><strong>domino</strong></span> <span class='ocrx_word' id='word_1_203' title='bbox 993 2944 1130 2986; x_wconf 87' lang='lat' dir='ltr'><strong>vacat</strong></span> <span class='ocrx_word' id='word_1_204' title='bbox 1164 2936 1247 2985; x_wconf 80' lang='lat' dir='ltr'><strong>vel</strong></span> <span class='ocrx_word' id='word_1_205' title='bbox 1274 2936 1382 2993; x_wconf 87' lang='lat' dir='ltr'><strong>ipsi,</strong></span> 
     </span>
    </p>
   </div>
   <div class='ocr_carea' id='block_1_35' title="bbox 415 2999 1386 3067">
    <p class='ocr_par' dir='ltr' id='par_1_35' title="bbox 415 2999 1386 3067">
     <span class='ocr_line' id='line_1_36' title="bbox 415 2999 1386 3067; baseline -0.005 -15"><span class='ocrx_word' id='word_1_206' title='bbox 415 3005 544 3054; x_wconf 83' lang='lat' dir='ltr'><strong>Dum</strong></span> <span class='ocrx_word' id='word_1_207' title='bbox 566 3016 806 3067; x_wconf 82' lang='lat' dir='ltr'><strong>reSponsa</strong></span> <span class='ocrx_word' id='word_1_208' title='bbox 839 3002 962 3067; x_wconf 82' lang='lat' dir='ltr'><strong>petit</strong></span> <span class='ocrx_word' id='word_1_209' title='bbox 983 3000 1212 3067; x_wconf 73' lang='lat' dir='ltr'><strong>subactus</strong></span> <span class='ocrx_word' id='word_1_210' title='bbox 1232 2999 1386 3047; x_wconf 86' lang='lat' dir='ltr'><strong>orbis.</strong></span> 
     </span>
    </p>
   </div>
   <div class='ocr_carea' id='block_1_36' title="bbox 418 3061 1264 3121">
    <p class='ocr_par' dir='ltr' id='par_1_36' title="bbox 418 3061 1264 3121">
     <span class='ocr_line' id='line_1_37' title="bbox 418 3061 1264 3121; baseline -0.011 -4"><span class='ocrx_word' id='word_1_211' title='bbox 418 3067 533 3117; x_wconf 82' lang='lat' dir='ltr'><strong>Istic</strong></span> <span class='ocrx_word' id='word_1_212' title='bbox 554 3061 749 3115; x_wconf 77' lang='lat' dir='ltr'><strong>Saxona</strong></span> <span class='ocrx_word' id='word_1_213' title='bbox 771 3061 1009 3114; x_wconf 65' lang='lat' dir='ltr'><strong>caerulum</strong></span> <span class='ocrx_word' id='word_1_214' title='bbox 1030 3061 1264 3121; x_wconf 81' lang='lat' dir='ltr'><strong>videmus,</strong></span> 
     </span>
    </p>
   </div>
   <div class='ocr_carea' id='block_1_37' title="bbox 423 3124 1385 3185">
    <p class='ocr_par' dir='ltr' id='par_1_37' title="bbox 423 3124 1385 3185">
     <span class='ocr_line' id='line_1_38' title="bbox 423 3124 1385 3185; baseline -0.009 -6"><span class='ocrx_word' id='word_1_215' title='bbox 423 3130 685 3180; x_wconf 85' lang='lat' dir='ltr'><strong>Assuetum</strong></span> <span class='ocrx_word' id='word_1_216' title='bbox 709 3134 824 3177; x_wconf 83' lang='lat' dir='ltr'><strong>ante</strong></span> <span class='ocrx_word' id='word_1_217' title='bbox 842 3124 966 3185; x_wconf 87' lang='lat' dir='ltr'><strong>salo,</strong></span> <span class='ocrx_word' id='word_1_218' title='bbox 994 3124 1148 3173; x_wconf 90' lang='lat' dir='ltr'><strong>solum</strong></span> <span class='ocrx_word' id='word_1_219' title='bbox 1175 3125 1385 3173; x_wconf 88' lang='lat' dir='ltr'><strong>timere:</strong></span> 
     </span>
    </p>
   </div>
   <div class='ocr_carea' id='block_1_38' title="bbox 422 3190 1275 3252">
    <p class='ocr_par' dir='ltr' id='par_1_38' title="bbox 422 3190 1275 3252">
     <span class='ocr_line' id='line_1_39' title="bbox 422 3190 1275 3252; baseline -0.011 -11"><span class='ocrx_word' id='word_1_220' title='bbox 422 3192 568 3252; x_wconf 84' lang='lat' dir='ltr'><strong>Cujus</strong></span> <span class='ocrx_word' id='word_1_221' title='bbox 587 3191 782 3241; x_wconf 84' lang='lat' dir='ltr'><strong>verticis</strong></span> <span class='ocrx_word' id='word_1_222' title='bbox 806 3190 1015 3237; x_wconf 69' lang='lat' dir='ltr'><strong>extimas</strong></span> <span class='ocrx_word' id='word_1_223' title='bbox 1043 3200 1132 3250; x_wconf 86' lang='lat' dir='ltr'><strong>per</strong></span> <span class='ocrx_word' id='word_1_224' title='bbox 1149 3198 1275 3248; x_wconf 84' lang='lat' dir='ltr'><strong>oras,</strong></span> 
     </span>
    </p>
   </div>
   <div class='ocr_carea' id='block_1_39' title="bbox 422 3254 1328 3304">
    <p class='ocr_par' dir='ltr' id='par_1_39' title="bbox 422 3254 1328 3304">
     <span class='ocr_line' id='line_1_40' title="bbox 422 3254 1328 3304; baseline -0.008 -2"><span class='ocrx_word' id='word_1_225' title='bbox 422 3254 527 3303; x_wconf 84' lang='lat' dir='ltr'><strong>Neu</strong></span> <span class='ocrx_word' id='word_1_226' title='bbox 548 3261 777 3303; x_wconf 85' lang='lat' dir='ltr'><strong>contenta</strong></span> <span class='ocrx_word' id='word_1_227' title='bbox 793 3263 907 3301; x_wconf 86' lang='lat' dir='ltr'><strong>suos</strong></span> <span class='ocrx_word' id='word_1_228' title='bbox 925 3256 1102 3300; x_wconf 88' lang='lat' dir='ltr'><strong>tenere</strong></span> <span class='ocrx_word' id='word_1_229' title='bbox 1123 3260 1328 3304; x_wconf 86' lang='lat' dir='ltr'><strong>morsus,</strong></span> 
     </span>
    </p>
   </div>
   <div class='ocr_carea' id='block_1_40' title="bbox 424 3315 1360 3375">
    <p class='ocr_par' dir='ltr' id='par_1_40' title="bbox 424 3315 1360 3375">
     <span class='ocr_line' id='line_1_41' title="bbox 424 3315 1360 3375; baseline -0.009 -10"><span class='ocrx_word' id='word_1_230' title='bbox 424 3315 555 3365; x_wconf 80' lang='lat' dir='ltr'><strong>Altat</strong></span> <span class='ocrx_word' id='word_1_231' title='bbox 580 3315 750 3364; x_wconf 85' lang='lat' dir='ltr'><strong>lamina</strong></span> <span class='ocrx_word' id='word_1_232' title='bbox 775 3315 1043 3375; x_wconf 83' lang='lat' dir='ltr'><strong>marginem</strong></span> <span class='ocrx_word' id='word_1_233' title='bbox 1080 3323 1360 3371; x_wconf 89' lang='lat' dir='ltr'><strong>comarum;</strong></span> 
     </span>
    </p>
   </div>
   <div class='ocr_carea' id='block_1_41' title="bbox 422 3375 1259 3428">
    <p class='ocr_par' dir='ltr' id='par_1_41' title="bbox 422 3375 1259 3428">
     <span class='ocr_line' id='line_1_42' title="bbox 422 3375 1259 3428; baseline -0.007 -1"><span class='ocrx_word' id='word_1_234' title='bbox 422 3378 482 3428; x_wconf 87' lang='lat' dir='ltr'><strong>Et</strong></span> <span class='ocrx_word' id='word_1_235' title='bbox 503 3379 573 3426; x_wconf 90' lang='lat' dir='ltr'><strong>sic</strong></span> <span class='ocrx_word' id='word_1_236' title='bbox 593 3378 807 3425; x_wconf 82' lang='lat' dir='ltr'><strong>crinibus</strong></span> <span class='ocrx_word' id='word_1_237' title='bbox 823 3377 881 3424; x_wconf 87' lang='lat' dir='ltr'><strong>ad</strong></span> <span class='ocrx_word' id='word_1_238' title='bbox 903 3382 1065 3424; x_wconf 91' lang='lat' dir='ltr'><strong>cutem</strong></span> <span class='ocrx_word' id='word_1_239' title='bbox 1089 3375 1259 3423; x_wconf 80' lang='lat' dir='ltr'><strong>recisis</strong></span> 
     </span>
    </p>
   </div>
   <div class='ocr_carea' id='block_1_42' title="bbox 428 3434 1389 3499">
    <p class='ocr_par' dir='ltr' id='par_1_42' title="bbox 428 3434 1389 3499">
     <span class='ocr_line' id='line_1_43' title="bbox 428 3434 1389 3499; baseline -0.005 -12"><span class='ocrx_word' id='word_1_240' title='bbox 428 3439 685 3489; x_wconf 87' lang='lat' dir='ltr'><strong>Decrescit</strong></span> <span class='ocrx_word' id='word_1_241' title='bbox 706 3444 868 3499; x_wconf 88' lang='lat' dir='ltr'><strong>caput,</strong></span> <span class='ocrx_word' id='word_1_242' title='bbox 893 3437 1178 3497; x_wconf 88' lang='lat' dir='ltr'><strong>additurque</strong></span> <span class='ocrx_word' id='word_1_243' title='bbox 1212 3434 1389 3499; x_wconf 79' lang='lat' dir='ltr'><strong>vultus.</strong></span> 
     </span>
    </p>
   </div>
   <div class='ocr_carea' id='block_1_43' title="bbox 428 3498 1393 3560">
    <p class='ocr_par' dir='ltr' id='par_1_43' title="bbox 428 3498 1393 3560">
     <span class='ocr_line' id='line_1_44' title="bbox 428 3498 1393 3560; baseline -0.005 -12"><span class='ocrx_word' id='word_1_244' title='bbox 428 3501 520 3550; x_wconf 83' lang='lat' dir='ltr'><strong>Hic</strong></span> <span class='ocrx_word' id='word_1_245' title='bbox 542 3511 680 3549; x_wconf 87' lang='lat' dir='ltr'><strong>tonso</strong></span> <span class='ocrx_word' id='word_1_246' title='bbox 703 3498 917 3560; x_wconf 74' lang='lat' dir='ltr'><strong>ocCipiti,</strong></span> <span class='ocrx_word' id='word_1_247' title='bbox 941 3511 1096 3560; x_wconf 79' lang='lat' dir='ltr'><strong>senex</strong></span> <span class='ocrx_word' id='word_1_248' title='bbox 1123 3498 1393 3555; x_wconf 75' lang='lat' dir='ltr'><strong>Sicamber,</strong></span> 
     </span>
    </p>
   </div>
   <div class='ocr_carea' id='block_1_44' title="bbox 430 3559 1428 3623">
    <p class='ocr_par' dir='ltr' id='par_1_44' title="bbox 430 3559 1428 3623">
     <span class='ocr_line' id='line_1_45' title="bbox 430 3559 1428 3623; baseline -0.006 -13"><span class='ocrx_word' id='word_1_249' title='bbox 430 3562 687 3623; x_wconf 67' lang='lat' dir='ltr'><strong>Postquam</strong></span> <span class='ocrx_word' id='word_1_250' title='bbox 712 3559 864 3609; x_wconf 88' lang='lat' dir='ltr'><strong>victus</strong></span> <span class='ocrx_word' id='word_1_251' title='bbox 887 3559 961 3621; x_wconf 85' lang='lat' dir='ltr'><strong>es,</strong></span> <span class='ocrx_word' id='word_1_252' title='bbox 999 3559 1136 3607; x_wconf 88' lang='lat' dir='ltr'><strong>elicis</strong></span> <span class='ocrx_word' id='word_1_253' title='bbox 1153 3565 1428 3623; x_wconf 76' lang='lat' dir='ltr'><strong>retrorsum</strong></span> 
     </span>
    </p>
   </div>
   <div class='ocr_carea' id='block_1_45' title="bbox 428 3617 1433 3679">
    <p class='ocr_par' dir='ltr' id='par_1_45' title="bbox 428 3617 1433 3679">
     <span class='ocr_line' id='line_1_46' title="bbox 428 3617 1433 3679; baseline -0.006 -6"><span class='ocrx_word' id='word_1_254' title='bbox 428 3617 683 3673; x_wconf 75' lang='lat' dir='ltr'><strong>Cervicem</strong></span> <span class='ocrx_word' id='word_1_255' title='bbox 706 3622 763 3670; x_wconf 87' lang='lat' dir='ltr'><strong>ad</strong></span> <span class='ocrx_word' id='word_1_256' title='bbox 788 3617 1010 3670; x_wconf 80' lang='lat' dir='ltr'><strong>veterem</strong></span> <span class='ocrx_word' id='word_1_257' title='bbox 1036 3631 1186 3669; x_wconf 75' lang='lat' dir='ltr'><strong>novos</strong></span> <span class='ocrx_word' id='word_1_258' title='bbox 1214 3617 1433 3679; x_wconf 77' lang='lat' dir='ltr'><strong>capillos,</strong></span> 
     </span>
    </p>
   </div>
   <div class='ocr_carea' id='block_1_46' title="bbox 430 3682 1393 3743">
    <p class='ocr_par' dir='ltr' id='par_1_46' title="bbox 430 3682 1393 3743">
     <span class='ocr_line' id='line_1_47' title="bbox 430 3682 1393 3743; baseline -0.004 -12"><span class='ocrx_word' id='word_1_259' title='bbox 430 3683 527 3732; x_wconf 81' lang='lat' dir='ltr'><strong>Hic</strong></span> <span class='ocrx_word' id='word_1_260' title='bbox 564 3683 746 3743; x_wconf 75' lang='lat' dir='ltr'><strong>glaucis</strong></span> <span class='ocrx_word' id='word_1_261' title='bbox 768 3682 981 3743; x_wconf 83' lang='lat' dir='ltr'><strong>Herulus</strong></span> <span class='ocrx_word' id='word_1_262' title='bbox 1003 3684 1147 3743; x_wconf 86' lang='lat' dir='ltr'><strong>genis</strong></span> <span class='ocrx_word' id='word_1_263' title='bbox 1171 3686 1393 3742; x_wconf 88' lang='lat' dir='ltr'><strong>vagatur,</strong></span> 
     </span>
    </p>
   </div>
   <div class='ocr_carea' id='block_1_47' title="bbox 434 3742 1203 3803">
    <p class='ocr_par' dir='ltr' id='par_1_47' title="bbox 434 3742 1203 3803">
     <span class='ocr_line' id='line_1_48' title="bbox 434 3742 1203 3803; baseline -0.003 -11"><span class='ocrx_word' id='word_1_264' title='bbox 434 3742 749 3794; x_wconf 77' lang='lat' dir='ltr'><strong>ImosDceani</strong></span> <span class='ocrx_word' id='word_1_265' title='bbox 775 3742 940 3793; x_wconf 90' lang='lat' dir='ltr'><strong>colens</strong></span> <span class='ocrx_word' id='word_1_266' title='bbox 960 3742 1203 3803; x_wconf 79' lang='lat' dir='ltr'><strong>recessus,</strong></span> 
     </span>
    </p>
   </div>
   <div class='ocr_carea' id='block_1_48' title="bbox 431 3802 1305 3869">
    <p class='ocr_par' dir='ltr' id='par_1_48' title="bbox 431 3802 1305 3869">
     <span class='ocr_line' id='line_1_49' title="bbox 431 3802 1305 3869; baseline -0.003 -14"><span class='ocrx_word' id='word_1_267' title='bbox 431 3806 613 3867; x_wconf 81' lang='lat' dir='ltr'><strong>Algoso</strong></span> <span class='ocrx_word' id='word_1_268' title='bbox 638 3820 787 3869; x_wconf 82' lang='lat' dir='ltr'><strong>prope</strong></span> <span class='ocrx_word' id='word_1_269' title='bbox 812 3805 1033 3855; x_wconf 79' lang='lat' dir='ltr'><strong>concolor</strong></span> <span class='ocrx_word' id='word_1_270' title='bbox 1055 3802 1305 3869; x_wconf 78' lang='lat' dir='ltr'><strong>profundo.</strong></span> 
     </span>
    </p>
   </div>
   <div class='ocr_carea' id='block_1_49' title="bbox 431 3866 1370 3929">
    <p class='ocr_par' dir='ltr' id='par_1_49' title="bbox 431 3866 1370 3929">
     <span class='ocr_line' id='line_1_50' title="bbox 431 3866 1370 3929; baseline -0.005 -11"><span class='ocrx_word' id='word_1_271' title='bbox 431 3866 523 3919; x_wconf 75' lang='lat' dir='ltr'><strong>llic</strong></span> <span class='ocrx_word' id='word_1_272' title='bbox 547 3866 824 3929; x_wconf 78' lang='lat' dir='ltr'><strong>Burgundio</strong></span> <span class='ocrx_word' id='word_1_273' title='bbox 846 3866 1062 3927; x_wconf 80' lang='lat' dir='ltr'><strong>septipes</strong></span> <span class='ocrx_word' id='word_1_274' title='bbox 1082 3866 1370 3927; x_wconf 80' lang='lat' dir='ltr'><strong>frequenter</strong></span> 
     </span>
    </p>
   </div>
   <div class='ocr_carea' id='block_1_50' title="bbox 431 3929 1335 3993">
    <p class='ocr_par' dir='ltr' id='par_1_50' title="bbox 431 3929 1335 3993">
     <span class='ocr_line' id='line_1_51' title="bbox 431 3929 1335 3993; baseline -0.007 -13"><span class='ocrx_word' id='word_1_275' title='bbox 431 3930 589 3981; x_wconf 82' lang='lat' dir='ltr'><strong>Flexo</strong></span> <span class='ocrx_word' id='word_1_276' title='bbox 613 3929 796 3993; x_wconf 85' lang='lat' dir='ltr'><strong>peplite</strong></span> <span class='ocrx_word' id='word_1_277' title='bbox 821 3929 1057 3989; x_wconf 84' lang='lat' dir='ltr'><strong>supplicat</strong></span> <span class='ocrx_word' id='word_1_278' title='bbox 1098 3929 1335 3990; x_wconf 83' lang='lat' dir='ltr'><strong>quietem.</strong></span> 
     </span>
    </p>
   </div>
   <div class='ocr_carea' id='block_1_51' title="bbox 434 3992 1307 4054">
    <p class='ocr_par' dir='ltr' id='par_1_51' title="bbox 434 3992 1307 4054">
     <span class='ocr_line' id='line_1_52' title="bbox 434 3992 1307 4054; baseline -0.009 -10"><span class='ocrx_word' id='word_1_279' title='bbox 434 3995 500 4044; x_wconf 91' lang='lat' dir='ltr'><strong>lst</strong></span> <span class='ocrx_word' id='word_1_280' title='bbox 517 4006 542 4042; x_wconf 93' lang='lat' dir='ltr'><strong>s</strong></span> <span class='ocrx_word' id='word_1_281' title='bbox 562 3992 885 4054; x_wconf 71' lang='lat' dir='ltr'><strong>Ostrogothus</strong></span> <span class='ocrx_word' id='word_1_282' title='bbox 909 3993 1042 4051; x_wconf 77' lang='lat' dir='ltr'><strong>viget</strong></span> <span class='ocrx_word' id='word_1_283' title='bbox 1076 3994 1307 4054; x_wconf 75' lang='lat' dir='ltr'><strong>patronis,</strong></span> 
     </span>
    </p>
   </div>
   <div class='ocr_carea' id='block_1_52' title="bbox 428 4050 1460 4117">
    <p class='ocr_par' dir='ltr' id='par_1_52' title="bbox 428 4050 1460 4117">
     <span class='ocr_line' id='line_1_53' title="bbox 428 4050 1460 4117; baseline -0.006 -14"><span class='ocrx_word' id='word_1_284' title='bbox 428 4050 731 4117; x_wconf 74' lang='lat' dir='ltr'><strong>Vicinosque</strong></span> <span class='ocrx_word' id='word_1_285' title='bbox 755 4050 987 4117; x_wconf 78' lang='lat' dir='ltr'><strong>premens</strong></span> <span class='ocrx_word' id='word_1_286' title='bbox 1004 4050 1214 4101; x_wconf 81' lang='lat' dir='ltr'><strong>subinde</strong></span> <span class='ocrx_word' id='word_1_287' title='bbox 1234 4050 1460 4117; x_wconf 66' lang='lat' dir='ltr'><strong>Chunos,</strong></span> 
     </span>
    </p>
   </div>
   <div class='ocr_carea' id='block_1_53' title="bbox 432 4068 1433 4180">
    <p class='ocr_par' dir='ltr' id='par_1_53' title="bbox 432 4068 1433 4180">
     <span class='ocr_line' id='line_1_54' title="bbox 439 4068 1433 4117; baseline -0.005 -14"><span class='ocrx_word' id='word_1_288' title='bbox 439 4068 568 4105; x_wconf 79' lang='lat' dir='ltr'><strong>Victn</strong></span> <span class='ocrx_word' id='word_1_289' title='bbox 663 4068 727 4104; x_wconf 90' lang='lat' dir='ltr'><strong>ue</strong></span> <span class='ocrx_word' id='word_1_290' title='bbox 755 4068 982 4117; x_wconf 87' lang='lat' dir='ltr'><strong>premens</strong></span> <span class='ocrx_word' id='word_1_291' title='bbox 1004 4068 1214 4101; x_wconf 82' lang='lat' dir='ltr'><strong>somnne</strong></span> <span class='ocrx_word' id='word_1_292' title='bbox 1239 4068 1433 4102; x_wconf 70' lang='lat' dir='ltr'><strong>bnttnos</strong></span> 
     </span>
     <span class='ocr_line' id='line_1_55' title="bbox 432 4068 1433 4180; baseline -0.007 -13"><span class='ocrx_word' id='word_1_293' title='bbox 432 4118 521 4168; x_wconf 80' lang='lat' dir='ltr'><strong>His</strong></span> <span class='ocrx_word' id='word_1_294' title='bbox 534 4068 661 4180; x_wconf 62' lang='lat'><strong>«.333</strong></span> <span class='ocrx_word' id='word_1_295' title='bbox 680 4118 921 4175; x_wconf 77' lang='lat' dir='ltr'><strong>sublitur,</strong></span> <span class='ocrx_word' id='word_1_296' title='bbox 944 4114 1058 4164; x_wconf 85' lang='lat' dir='ltr'><strong>hinc</strong></span> <span class='ocrx_word' id='word_1_297' title='bbox 1077 4115 1303 4176; x_wconf 81' lang='lat' dir='ltr'><strong>superbit</strong></span> <span class='ocrx_word' id='word_1_298' title='bbox 1323 4112 1433 4163; x_wconf 91' lang='lat' dir='ltr'><strong>illis.</strong></span> 
     </span>
    </p>
   </div>
   <div class='ocr_carea' id='block_1_54' title="bbox 379 4247 1886 4319">
    <p class='ocr_par' dir='ltr' id='par_1_54' title="bbox 379 4247 1886 4319">
     <span class='ocr_line' id='line_1_56' title="bbox 379 4247 1886 4319; baseline -0.007 -7"><span class='ocrx_word' id='word_1_299' title='bbox 379 4268 406 4296; x_wconf 75' lang='grc' dir='ltr'>ει</span> <span class='ocrx_word' id='word_1_300' title='bbox 448 4254 727 4312; x_wconf 82' lang='lat' dir='ltr'><strong>Habebam</strong></span> <span class='ocrx_word' id='word_1_301' title='bbox 754 4252 897 4308; x_wconf 92' lang='lat' dir='ltr'><strong>enim</strong></span> <span class='ocrx_word' id='word_1_302' title='bbox 928 4251 1151 4307; x_wconf 87' lang='lat' dir='ltr'><strong>chorum</strong></span> <span class='ocrx_word' id='word_1_303' title='bbox 1181 4264 1335 4305; x_wconf 88' lang='lat' dir='ltr'><strong>suum</strong></span> <span class='ocrx_word' id='word_1_304' title='bbox 1368 4247 1701 4319; x_wconf 89' lang='lat' dir='ltr'><strong>pantomimi,</strong></span> <span class='ocrx_word' id='word_1_305' title='bbox 1732 4248 1886 4318; x_wconf 83' lang='lat' dir='ltr'><strong>cujus</strong></span> 
     </span>
    </p>
   </div>
   <div class='ocr_carea' id='block_1_55' title="bbox 305 4320 1886 4395">
    <p class='ocr_par' dir='ltr' id='par_1_55' title="bbox 305 4320 1886 4395">
     <span class='ocr_line' id='line_1_57' title="bbox 305 4320 1886 4395; baseline -0.008 -8"><span class='ocrx_word' id='word_1_306' title='bbox 305 4344 527 4386; x_wconf 87' lang='lat' dir='ltr'><strong>carmen</strong></span> <span class='ocrx_word' id='word_1_307' title='bbox 554 4335 679 4395; x_wconf 87' lang='lat' dir='ltr'><strong>apto</strong></span> <span class='ocrx_word' id='word_1_308' title='bbox 698 4333 753 4381; x_wconf 91' lang='lat' dir='ltr'><strong>et</strong></span> <span class='ocrx_word' id='word_1_309' title='bbox 770 4323 1070 4393; x_wconf 90' lang='lat' dir='ltr'><strong>composito</strong></span> <span class='ocrx_word' id='word_1_310' title='bbox 1090 4332 1242 4391; x_wconf 88' lang='lat' dir='ltr'><strong>gestu</strong></span> <span class='ocrx_word' id='word_1_311' title='bbox 1268 4320 1510 4393; x_wconf 87' lang='lat' dir='ltr'><strong>corporis</strong></span> <span class='ocrx_word' id='word_1_312' title='bbox 1526 4320 1886 4390; x_wconf 62' lang='lat' dir='ltr'><strong>exponebant.</strong></span> 
     </span>
    </p>
   </div>
   <div class='ocr_carea' id='block_1_56' title="bbox 306 4395 1122 4458">
    <p class='ocr_par' dir='ltr' id='par_1_56' title="bbox 306 4395 1122 4458">
     <span class='ocr_line' id='line_1_58' title="bbox 306 4395 1122 4458; baseline -0.013 0"><span class='ocrx_word' id='word_1_313' title='bbox 306 4400 556 4458; x_wconf 73' lang='lat' dir='ltr'><strong>Manilius</strong></span> <span class='ocrx_word' id='word_1_314' title='bbox 584 4397 677 4452; x_wconf 90' lang='lat' dir='ltr'><strong>lib.</strong></span> <span class='ocrx_word' id='word_1_315' title='bbox 709 4413 737 4449; x_wconf 92' lang='lat' dir='ltr'><strong>v</strong></span> <span class='ocrx_word' id='word_1_316' title='bbox 768 4395 1077 4450; x_wconf 81' lang='lat' dir='ltr'><strong>Astronom.</strong></span> <span class='ocrx_word' id='word_1_317' title='bbox 1110 4409 1122 4421; x_wconf 64' lang='grc' dir='ltr'>θ</span> 
     </span>
    </p>
   </div>
   <div class='ocr_carea' id='block_1_57' title="bbox 436 4504 1645 4568">
    <p class='ocr_par' dir='ltr' id='par_1_57' title="bbox 436 4504 1645 4568">
     <span class='ocr_line' id='line_1_59' title="bbox 436 4504 1645 4568; baseline -0.006 -6"><span class='ocrx_word' id='word_1_318' title='bbox 436 4511 623 4562; x_wconf 89' lang='lat' dir='ltr'><strong>Omnes</strong></span> <span class='ocrx_word' id='word_1_319' title='bbox 641 4508 843 4558; x_wconf 76' lang='lat' dir='ltr'><strong>fortunas</strong></span> <span class='ocrx_word' id='word_1_320' title='bbox 882 4504 1043 4555; x_wconf 85' lang='lat' dir='ltr'><strong>vultus</strong></span> <span class='ocrx_word' id='word_1_321' title='bbox 1068 4518 1157 4568; x_wconf 91' lang='lat' dir='ltr'><strong>per</strong></span> <span class='ocrx_word' id='word_1_322' title='bbox 1179 4504 1397 4556; x_wconf 87' lang='lat' dir='ltr'><strong>membra</strong></span> <span class='ocrx_word' id='word_1_323' title='bbox 1420 4505 1645 4564; x_wconf 86' lang='lat' dir='ltr'><strong>reducet,</strong></span> 
     </span>
    </p>
   </div>
   <div class='ocr_carea' id='block_1_58' title="bbox 435 4571 1126 4636">
    <p class='ocr_par' dir='ltr' id='par_1_58' title="bbox 435 4571 1126 4636">
     <span class='ocr_line' id='line_1_60' title="bbox 435 4571 1126 4636; baseline -0.009 -13"><span class='ocrx_word' id='word_1_324' title='bbox 435 4572 764 4636; x_wconf 59' lang='lat' dir='ltr'><strong>[Equabitque</strong></span> <span class='ocrx_word' id='word_1_325' title='bbox 779 4571 929 4619; x_wconf 86' lang='lat' dir='ltr'><strong>choro</strong></span> <span class='ocrx_word' id='word_1_326' title='bbox 942 4575 1126 4619; x_wconf 88' lang='lat' dir='ltr'><strong>cantus.</strong></span> 
     </span>
    </p>
   </div>
   <div class='ocr_carea' id='block_1_59' title="bbox 308 4667 1899 4736">
    <p class='ocr_par' dir='ltr' id='par_1_59' title="bbox 308 4667 1899 4736">
     <span class='ocr_line' id='line_1_61' title="bbox 308 4667 1899 4736; baseline -0.009 0"><span class='ocrx_word' id='word_1_327' title='bbox 308 4676 686 4736; x_wconf 85' lang='lat' dir='ltr'><strong>Cassiodorius</strong></span> <span class='ocrx_word' id='word_1_328' title='bbox 715 4686 930 4731; x_wconf 88' lang='lat' dir='ltr'><strong>senator</strong></span> <span class='ocrx_word' id='word_1_329' title='bbox 957 4671 1065 4727; x_wconf 82' lang='lat' dir='ltr'><strong>lib.’</strong></span> <span class='ocrx_word' id='word_1_330' title='bbox 1091 4688 1161 4727; x_wconf 90' lang='lat' dir='ltr'><strong>tv.</strong></span> <span class='ocrx_word' id='word_1_331' title='bbox 1208 4670 1416 4726; x_wconf 83' lang='lat' dir='ltr'><strong>Variar.</strong></span> <span class='ocrx_word' id='word_1_332' title='bbox 1449 4672 1630 4725; x_wconf 91' lang='lat' dir='ltr'><strong>ultima</strong></span> <span class='ocrx_word' id='word_1_333' title='bbox 1657 4688 1669 4722; x_wconf 89' lang='lat'><strong>:</strong></span> <span class='ocrx_word' id='word_1_334' title='bbox 1702 4667 1899 4723; x_wconf 84' lang='lat' dir='ltr'><strong>Panto-</strong></span> 
     </span>
    </p>
   </div>
   <div class='ocr_carea' id='block_1_60' title="bbox 310 4741 1900 4815">
    <p class='ocr_par' dir='ltr' id='par_1_60' title="bbox 310 4741 1900 4815">
     <span class='ocr_line' id='line_1_62' title="bbox 310 4741 1900 4815; baseline -0.009 -9"><span class='ocrx_word' id='word_1_335' title='bbox 310 4753 492 4812; x_wconf 84' lang='lat' dir='ltr'><strong>mt&#39;mo,</strong></span> <span class='ocrx_word' id='word_1_336' title='bbox 522 4763 637 4801; x_wconf 87' lang='lat' dir='ltr'><strong>cum</strong></span> <span class='ocrx_word' id='word_1_337' title='bbox 665 4747 883 4815; x_wconf 84' lang='lat' dir='ltr'><strong>primum</strong></span> <span class='ocrx_word' id='word_1_338' title='bbox 909 4746 962 4798; x_wconf 88' lang='lat' dir='ltr'><strong>in</strong></span> <span class='ocrx_word' id='word_1_339' title='bbox 987 4759 1188 4798; x_wconf 86' lang='lat' dir='ltr'><strong>scenam</strong></span> <span class='ocrx_word' id='word_1_340' title='bbox 1209 4743 1490 4815; x_wconf 73' lang='lat' dir='ltr'><strong>aduenerit,</strong></span> <span class='ocrx_word' id='word_1_341' title='bbox 1512 4741 1756 4794; x_wconf 79' lang='lat' dir='ltr'><strong>assistunt</strong></span> <span class='ocrx_word' id='word_1_342' title='bbox 1776 4755 1900 4815; x_wconf 79' lang='lat' dir='ltr'><strong>con-</strong></span> 
     </span>
    </p>
   </div>
   <div class='ocr_carea' id='block_1_61' title="bbox 310 4811 1894 4885">
    <p class='ocr_par' dir='ltr' id='par_1_61' title="bbox 310 4811 1894 4885">
     <span class='ocr_line' id='line_1_63' title="bbox 310 4811 1894 4885; baseline -0.009 -9"><span class='ocrx_word' id='word_1_343' title='bbox 310 4823 425 4876; x_wconf 87' lang='lat' dir='ltr'><strong>soni</strong></span> <span class='ocrx_word' id='word_1_344' title='bbox 452 4811 616 4882; x_wconf 82' lang='lat' dir='ltr'><strong>chori,</strong></span> <span class='ocrx_word' id='word_1_345' title='bbox 644 4811 856 4871; x_wconf 79' lang='lat' dir='ltr'><strong>diversis</strong></span> <span class='ocrx_word' id='word_1_346' title='bbox 886 4811 1324 4885; x_wconf 80' lang='lat' dir='ltr'><strong>organis_eruditi.</strong></span> <span class='ocrx_word' id='word_1_347' title='bbox 1356 4811 1707 4885; x_wconf 63' lang='lat' dir='ltr'><strong>Aristaenetus</strong></span> <span class='ocrx_word' id='word_1_348' title='bbox 1736 4811 1894 4885; x_wconf 72' lang='lat' dir='ltr'><strong>epist.</strong></span> 
     </span>
    </p>
   </div>
   <div class='ocr_carea' id='block_1_62' title="bbox 311 4878 1897 4972">
    <p class='ocr_par' dir='ltr' id='par_1_62' title="bbox 311 4878 1897 4972">
     <span class='ocr_line' id='line_1_64' title="bbox 311 4878 1897 4972; baseline -0.009 -25"><span class='ocrx_word' id='word_1_349' title='bbox 311 4893 401 4956; x_wconf 71' lang='lat'><strong>26,</strong></span> <span class='ocrx_word' id='word_1_350' title='bbox 419 4893 552 4972; x_wconf 60' lang='grc' dir='ltr'><strong>πρρς</strong></span> <span class='ocrx_word' id='word_1_351' title='bbox 578 4878 921 4972; x_wconf 49' lang='grc' dir='ltr'><strong>ὁλοχησξρξξω</strong></span> <span class='ocrx_word' id='word_1_352' title='bbox 943 4878 1043 4972; x_wconf 61' lang='grc' dir='ltr'><strong>ξίαί</strong></span> <span class='ocrx_word' id='word_1_353' title='bbox 1058 4881 1140 4972; x_wconf 55' lang='grc' dir='ltr'><strong>εἶά</strong></span> <span class='ocrx_word' id='word_1_354' title='bbox 1159 4905 1236 4971; x_wconf 54' lang='grc' dir='ltr'><strong>ῖις</strong></span> <span class='ocrx_word' id='word_1_355' title='bbox 1251 4885 1432 4972; x_wconf 55' lang='grc' dir='ltr'><strong>Φάβιος</strong></span> <span class='ocrx_word' id='word_1_356' title='bbox 1452 4884 1709 4969; x_wconf 48' lang='grc' dir='ltr'><strong>ξιρωςεὺς,</strong></span> <span class='ocrx_word' id='word_1_357' title='bbox 1727 4878 1897 4968; x_wconf 59' lang='grc' dir='ltr'><strong>ἄλλαῖς</strong></span> 
     </span>
    </p>
   </div>
   <div class='ocr_carea' id='block_1_63' title="bbox 314 4950 1902 5040">
    <p class='ocr_par' dir='ltr' id='par_1_63' title="bbox 314 4950 1902 5040">
     <span class='ocr_line' id='line_1_65' title="bbox 314 4950 1902 5040; baseline -0.011 -19"><span class='ocrx_word' id='word_1_358' title='bbox 314 4950 442 5040; x_wconf 61' lang='grc' dir='ltr'><strong>πρὸς</strong></span> <span class='ocrx_word' id='word_1_359' title='bbox 462 4950 1025 5040; x_wconf 47' lang='grc' dir='ltr'><strong>ἶὶλλίᾷταϐξϐλῆσραι</strong></span> <span class='ocrx_word' id='word_1_360' title='bbox 1053 4954 1221 5037; x_wconf 49' lang='lat' dir='ltr'><strong>densi:</strong></span> <span class='ocrx_word' id='word_1_361' title='bbox 1247 4950 1376 5037; x_wconf 66' lang='grc' dir='ltr'><strong>πρὸς</strong></span> <span class='ocrx_word' id='word_1_362' title='bbox 1526 4950 1778 5040; x_wconf 43' lang='grc' dir='ltr'><strong>εὖμοιέσοέ</strong></span> <span class='ocrx_word' id='word_1_363' title='bbox 1802 4958 1902 5006; x_wconf 82' lang='grc' dir='ltr'><strong>τῶν</strong></span> 
     </span>
    </p>
   </div>
   <div class='ocr_carea' id='block_1_64' title="bbox 317 5020 1902 5109">
    <p class='ocr_par' dir='ltr' id='par_1_64' title="bbox 317 5020 1902 5109">
     <span class='ocr_line' id='line_1_66' title="bbox 317 5020 1902 5109; baseline -0.011 -17"><span class='ocrx_word' id='word_1_364' title='bbox 317 5020 890 5109; x_wconf 35' lang='lat' dir='ltr'><strong>meammeam.</strong></span> <span class='ocrx_word' id='word_1_365' title='bbox 925 5020 1411 5109; x_wconf 23' lang='lat' dir='ltr'><strong>Augntistinus‘item</strong></span> <span class='ocrx_word' id='word_1_366' title='bbox 1454 5022 1547 5109; x_wconf 82' lang='lat' dir='ltr'><strong>lib.</strong></span> <span class='ocrx_word' id='word_1_367' title='bbox 1577 5020 1630 5109; x_wconf 45' lang='lat' dir='ltr'><strong>‘it</strong></span> <span class='ocrx_word' id='word_1_368' title='bbox 1650 5021 1717 5109; x_wconf 85' lang='lat' dir='ltr'><strong>de</strong></span> <span class='ocrx_word' id='word_1_369' title='bbox 1744 5020 1902 5109; x_wconf 71' lang='lat' dir='ltr'><strong>Synt-</strong></span> 
     </span>
    </p>
   </div>
   <div class='ocr_carea' id='block_1_65' title="bbox 318 5094 1898 5166">
    <p class='ocr_par' dir='ltr' id='par_1_65' title="bbox 318 5094 1898 5166">
     <span class='ocr_line' id='line_1_67' title="bbox 318 5094 1898 5166; baseline -0.009 -6"><span class='ocrx_word' id='word_1_370' title='bbox 318 5094 545 5160; x_wconf 65' lang='lat' dir='ltr'><strong>bolo&#39;ail</strong></span> <span class='ocrx_word' id='word_1_371' title='bbox 571 5094 986 5156; x_wconf 79' lang='lat' dir='ltr'><strong>catechumenos</strong></span> <span class='ocrx_word' id='word_1_372' title='bbox 1014 5094 1077 5160; x_wconf 62' lang='grc' dir='ltr'><strong>ἲ,</strong></span> <span class='ocrx_word' id='word_1_373' title='bbox 1111 5107 1165 5151; x_wconf 91' lang='lat' dir='ltr'><strong>et</strong></span> <span class='ocrx_word' id='word_1_374' title='bbox 1195 5106 1349 5151; x_wconf 86' lang='lat' dir='ltr'><strong>vetus</strong></span> <span class='ocrx_word' id='word_1_375' title='bbox 1379 5105 1534 5166; x_wconf 89' lang='lat' dir='ltr'><strong>poeta</strong></span> <span class='ocrx_word' id='word_1_376' title='bbox 1577 5094 1670 5147; x_wconf 92' lang='lat' dir='ltr'><strong>lib.</strong></span> <span class='ocrx_word' id='word_1_377' title='bbox 1705 5108 1755 5166; x_wconf 83' lang='lat' dir='ltr'><strong>iv</strong></span> <span class='ocrx_word' id='word_1_378' title='bbox 1780 5094 1898 5162; x_wconf 89' lang='lat' dir='ltr'><strong>epi-</strong></span> 
     </span>
    </p>
   </div>
   <div class='ocr_carea' id='block_1_66' title="bbox 318 5165 1862 5246">
    <p class='ocr_par' dir='ltr' id='par_1_66' title="bbox 318 5165 1862 5246">
     <span class='ocr_line' id='line_1_68' title="bbox 318 5165 1862 5246; baseline -0.009 -15"><span class='ocrx_word' id='word_1_379' title='bbox 318 5184 675 5246; x_wconf 87' lang='lat' dir='ltr'><strong>grammatum</strong></span> <span class='ocrx_word' id='word_1_380' title='bbox 696 5168 1027 5227; x_wconf 89' lang='lat' dir='ltr'><strong>collectionis</strong></span> <span class='ocrx_word' id='word_1_381' title='bbox 1052 5167 1365 5234; x_wconf 66' lang='lat' dir='ltr'><strong>Pitltmanae,</strong></span> <span class='ocrx_word' id='word_1_382' title='bbox 1384 5165 1465 5221; x_wconf 84' lang='lat' dir='ltr'><strong>de</strong></span> <span class='ocrx_word' id='word_1_383' title='bbox 1492 5165 1823 5235; x_wconf 75' lang='lat' dir='ltr'><strong>pantomimo</strong></span> <span class='ocrx_word' id='word_1_384' title='bbox 1849 5178 1862 5217; x_wconf 94' lang='lat'><strong>:</strong></span> 
     </span>
    </p>
   </div>
   <div class='ocr_carea' id='block_1_67' title="bbox 446 5277 1603 5346">
    <p class='ocr_par' dir='ltr' id='par_1_67' title="bbox 446 5277 1603 5346">
     <span class='ocr_line' id='line_1_69' title="bbox 446 5277 1603 5346; baseline -0.005 -12"><span class='ocrx_word' id='word_1_385' title='bbox 446 5287 705 5346; x_wconf 84' lang='lat' dir='ltr'><strong>ingressus</strong></span> <span class='ocrx_word' id='word_1_386' title='bbox 728 5293 925 5346; x_wconf 85' lang='lat' dir='ltr'><strong>scenam</strong></span> <span class='ocrx_word' id='word_1_387' title='bbox 948 5279 1175 5346; x_wconf 78' lang='lat' dir='ltr'><strong>populum</strong></span> <span class='ocrx_word' id='word_1_388' title='bbox 1197 5277 1394 5346; x_wconf 81' lang='lat' dir='ltr'><strong>saltator</strong></span> <span class='ocrx_word' id='word_1_389' title='bbox 1418 5277 1603 5339; x_wconf 86' lang='lat' dir='ltr'><strong>adorat,</strong></span> 
     </span>
    </p>
   </div>
   <div class='ocr_carea' id='block_1_68' title="bbox 506 5342 1501 5407">
    <p class='ocr_par' dir='ltr' id='par_1_68' title="bbox 506 5342 1501 5407">
     <span class='ocr_line' id='line_1_70' title="bbox 506 5342 1501 5407; baseline -0.009 -9"><span class='ocrx_word' id='word_1_390' title='bbox 506 5342 704 5398; x_wconf 82' lang='lat' dir='ltr'><strong>Sollerti</strong></span> <span class='ocrx_word' id='word_1_391' title='bbox 729 5344 922 5407; x_wconf 76' lang='lat' dir='ltr'><strong>pendet</strong></span> <span class='ocrx_word' id='word_1_392' title='bbox 936 5342 1315 5407; x_wconf 78' lang='lat' dir='ltr'><strong>prodere_verba</strong></span> <span class='ocrx_word' id='word_1_393' title='bbox 1337 5353 1501 5407; x_wconf 82' lang='lat' dir='ltr'><strong>manu.</strong></span> 
     </span>
    </p>
   </div>
   <div class='ocr_carea' id='block_1_69' title="bbox 448 5399 1694 5467">
    <p class='ocr_par' dir='ltr' id='par_1_69' title="bbox 448 5399 1694 5467">
     <span class='ocr_line' id='line_1_71' title="bbox 448 5399 1694 5467; baseline -0.01 -6"><span class='ocrx_word' id='word_1_394' title='bbox 448 5412 569 5461; x_wconf 77' lang='lat' dir='ltr'><strong>Nam</strong></span> <span class='ocrx_word' id='word_1_395' title='bbox 589 5420 701 5458; x_wconf 87' lang='lat' dir='ltr'><strong>cum</strong></span> <span class='ocrx_word' id='word_1_396' title='bbox 724 5399 863 5467; x_wconf 75' lang='lat' dir='ltr'><strong>grata</strong></span> <span class='ocrx_word' id='word_1_397' title='bbox 881 5399 1063 5454; x_wconf 78' lang='lat' dir='ltr'><strong>chorus</strong></span> <span class='ocrx_word' id='word_1_398' title='bbox 1076 5402 1298 5467; x_wconf 72' lang='lat' dir='ltr'><strong>diffundit</strong></span> <span class='ocrx_word' id='word_1_399' title='bbox 1312 5405 1494 5451; x_wconf 84' lang='lat' dir='ltr'><strong>cantica</strong></span> <span class='ocrx_word' id='word_1_400' title='bbox 1519 5399 1694 5467; x_wconf 83' lang='lat' dir='ltr'><strong>dulcis,</strong></span> 
     </span>
    </p>
   </div>
   <div class='ocr_carea' id='block_1_70' title="bbox 512 5463 1621 5532">
    <p class='ocr_par' dir='ltr' id='par_1_70' title="bbox 512 5463 1621 5532">
     <span class='ocr_line' id='line_1_72' title="bbox 512 5463 1621 5532; baseline -0.009 -11"><span class='ocrx_word' id='word_1_401' title='bbox 512 5473 630 5532; x_wconf 82' lang='lat' dir='ltr'><strong>Quae</strong></span> <span class='ocrx_word' id='word_1_402' title='bbox 649 5463 845 5527; x_wconf 63' lang='lat' dir='ltr'><strong>resonat</strong></span> <span class='ocrx_word' id='word_1_403' title='bbox 868 5473 1053 5524; x_wconf 84' lang='lat' dir='ltr'><strong>cantor,</strong></span> <span class='ocrx_word' id='word_1_404' title='bbox 1077 5465 1290 5515; x_wconf 89' lang='lat' dir='ltr'><strong>motibus</strong></span> <span class='ocrx_word' id='word_1_405' title='bbox 1311 5466 1416 5526; x_wconf 89' lang='lat' dir='ltr'><strong>ipse</strong></span> <span class='ocrx_word' id='word_1_406' title='bbox 1438 5463 1621 5526; x_wconf 83' lang='lat' dir='ltr'><strong>probat.</strong></span> 
     </span>
    </p>
   </div>
   <div class='ocr_carea' id='block_1_71' title="bbox 396 5590 1904 5723">
    <p class='ocr_par' dir='ltr' id='par_1_71' title="bbox 396 5590 1904 5723">
     <span class='ocr_line' id='line_1_73' title="bbox 396 5590 1904 5723; baseline -0.006 -70"><span class='ocrx_word' id='word_1_407' title='bbox 396 5596 426 5636; x_wconf 71' lang='grc' dir='ltr'>δ</span> <span class='ocrx_word' id='word_1_408' title='bbox 472 5599 583 5723; x_wconf 50' lang='grc'><strong>89</strong></span> <span class='ocrx_word' id='word_1_409' title='bbox 637 5597 728 5653; x_wconf 89' lang='lat' dir='ltr'><strong>Sic</strong></span> <span class='ocrx_word' id='word_1_410' title='bbox 786 5594 908 5649; x_wconf 92' lang='lat' dir='ltr'><strong>libri</strong></span> <span class='ocrx_word' id='word_1_411' title='bbox 967 5607 1156 5658; x_wconf 74' lang='lat' dir='ltr'><strong>omnes</strong></span> <span class='ocrx_word' id='word_1_412' title='bbox 1210 5606 1345 5660; x_wconf 87' lang='lat' dir='ltr'><strong>quos</strong></span> <span class='ocrx_word' id='word_1_413' title='bbox 1402 5590 1547 5657; x_wconf 89' lang='lat' dir='ltr'><strong>vidi,</strong></span> <span class='ocrx_word' id='word_1_414' title='bbox 1595 5605 1705 5646; x_wconf 92' lang='lat' dir='ltr'><strong>uno</strong></span> <span class='ocrx_word' id='word_1_415' title='bbox 1744 5599 1904 5660; x_wconf 90' lang='lat' dir='ltr'><strong>atque</strong></span> 
     </span>
     <span class='ocr_line' id='line_1_74' title="bbox 396 5661 1901 5723; baseline -0.003 -2"><span class='ocrx_word' id='word_1_416' title='bbox 396 5684 495 5723; x_wconf 86' lang='lat' dir='ltr'><strong>.ero</strong></span> <span class='ocrx_word' id='word_1_417' title='bbox 559 5668 771 5723; x_wconf 88' lang='lat' dir='ltr'><strong>emotis.</strong></span> <span class='ocrx_word' id='word_1_418' title='bbox 802 5678 1026 5723; x_wconf 84' lang='lat' dir='ltr'><strong>auorum</strong></span> <span class='ocrx_word' id='word_1_419' title='bbox 1044 5664 1204 5719; x_wconf 88' lang='lat' dir='ltr'><strong>lectio</strong></span> <span class='ocrx_word' id='word_1_420' title='bbox 1224 5662 1532 5723; x_wconf 82' lang='lat' dir='ltr'><strong>depravata.</strong></span> <span class='ocrx_word' id='word_1_421' title='bbox 1552 5662 1661 5717; x_wconf 82' lang='lat' dir='ltr'><strong>Nec</strong></span> <span class='ocrx_word' id='word_1_422' title='bbox 1682 5661 1901 5717; x_wconf 86' lang='lat' dir='ltr'><strong>dubium</strong></span> 
     </span>
    </p>
   </div>
   <div class='ocr_carea' id='block_1_72' title="bbox 327 5661 1901 5736">
    <p class='ocr_par' dir='ltr' id='par_1_72' title="bbox 327 5661 1901 5736">
     <span class='ocr_line' id='line_1_75' title="bbox 327 5661 1901 5736; baseline -0.004 -13"><span class='ocrx_word' id='word_1_423' title='bbox 327 5661 771 5736; x_wconf 62' lang='lat' dir='ltr'><strong>altero&#39;demptis,</strong></span> <span class='ocrx_word' id='word_1_424' title='bbox 802 5678 1026 5735; x_wconf 89' lang='lat' dir='ltr'><strong>quorum</strong></span> <span class='ocrx_word' id='word_1_425' title='bbox 1044 5664 1204 5719; x_wconf 88' lang='lat' dir='ltr'><strong>lectio</strong></span> <span class='ocrx_word' id='word_1_426' title='bbox 1224 5662 1532 5732; x_wconf 85' lang='lat' dir='ltr'><strong>depravata.</strong></span> <span class='ocrx_word' id='word_1_427' title='bbox 1552 5661 1901 5736; x_wconf 57' lang='lat' dir='ltr'><strong>Necdubium</strong></span> 
     </span>
    </p>
   </div>
   <div class='ocr_carea' id='block_1_73' title="bbox 330 5731 1905 5810">
    <p class='ocr_par' dir='ltr' id='par_1_73' title="bbox 330 5731 1905 5810">
     <span class='ocr_line' id='line_1_76' title="bbox 330 5731 1905 5810; baseline -0.004 -15"><span class='ocrx_word' id='word_1_428' title='bbox 330 5750 410 5795; x_wconf 77' lang='lat' dir='ltr'><strong>est</strong></span> <span class='ocrx_word' id='word_1_429' title='bbox 438 5741 561 5810; x_wconf 80' lang='lat' dir='ltr'><strong>quin</strong></span> <span class='ocrx_word' id='word_1_430' title='bbox 591 5731 879 5810; x_wconf 57' lang='grc' dir='ltr'><strong>(ιε-Βατίὲο</strong></span> <span class='ocrx_word' id='word_1_431' title='bbox 909 5750 1031 5810; x_wconf 82' lang='lat' dir='ltr'><strong>rege</strong></span> <span class='ocrx_word' id='word_1_432' title='bbox 1065 5736 1133 5789; x_wconf 90' lang='lat' dir='ltr'><strong>sit</strong></span> <span class='ocrx_word' id='word_1_433' title='bbox 1164 5731 1363 5810; x_wconf 66' lang='lat' dir='ltr'><strong>seruio,</strong></span> <span class='ocrx_word' id='word_1_434' title='bbox 1384 5749 1513 5810; x_wconf 82' lang='lat' dir='ltr'><strong>_r_ion</strong></span> <span class='ocrx_word' id='word_1_435' title='bbox 1549 5733 1618 5810; x_wconf 83' lang='lat' dir='ltr'><strong>de</strong></span> <span class='ocrx_word' id='word_1_436' title='bbox 1662 5731 1905 5810; x_wconf 62' lang='lat' dir='ltr'><strong>[hende-</strong></span> 
     </span>
    </p>
   </div>
   <div class='ocr_carea' id='block_1_74' title="bbox 329 5802 1903 5866">
    <p class='ocr_par' dir='ltr' id='par_1_74' title="bbox 329 5802 1903 5866">
     <span class='ocr_line' id='line_1_77' title="bbox 329 5802 1903 5866; baseline -0.004 -2"><span class='ocrx_word' id='word_1_437' title='bbox 329 5802 469 5864; x_wconf 52' lang='lat' dir='ltr'><strong>ricn.’</strong></span> <span class='ocrx_word' id='word_1_438' title='bbox 504 5810 615 5866; x_wconf 90' lang='lat' dir='ltr'><strong>Sub</strong></span> <span class='ocrx_word' id='word_1_439' title='bbox 659 5808 851 5863; x_wconf 83' lang='lat' dir='ltr'><strong>Eurico</strong></span> <span class='ocrx_word' id='word_1_440' title='bbox 880 5802 1022 5863; x_wconf 82' lang='lat' dir='ltr'><strong>enim</strong></span> <span class='ocrx_word' id='word_1_441' title='bbox 1048 5804 1199 5861; x_wconf 77' lang='lat' dir='ltr'><strong>exsul</strong></span> <span class='ocrx_word' id='word_1_442' title='bbox 1244 5803 1339 5858; x_wconf 86' lang='lat' dir='ltr'><strong>fuit</strong></span> <span class='ocrx_word' id='word_1_443' title='bbox 1380 5804 1651 5859; x_wconf 85' lang='lat' dir='ltr'><strong>Sidonius.</strong></span> <span class='ocrx_word' id='word_1_444' title='bbox 1683 5802 1903 5859; x_wconf 87' lang='lat' dir='ltr'><strong>Falsum</strong></span> 
     </span>
    </p>
   </div>
   <div class='ocr_carea' id='block_1_75' title="bbox 333 5875 1899 5947">
    <p class='ocr_par' dir='ltr' id='par_1_75' title="bbox 333 5875 1899 5947">
     <span class='ocr_line' id='line_1_78' title="bbox 333 5875 1899 5947; baseline -0.004 -12"><span class='ocrx_word' id='word_1_445' title='bbox 333 5891 507 5937; x_wconf 87' lang='lat' dir='ltr'><strong>autem</strong></span> <span class='ocrx_word' id='word_1_446' title='bbox 528 5889 629 5940; x_wconf 83' lang='lat' dir='ltr'><strong>est.</strong></span> <span class='ocrx_word' id='word_1_447' title='bbox 660 5888 718 5935; x_wconf 92' lang='lat' dir='ltr'><strong>ut</strong></span> <span class='ocrx_word' id='word_1_448' title='bbox 736 5879 945 5947; x_wconf 82' lang='lat' dir='ltr'><strong>opiner,</strong></span> <span class='ocrx_word' id='word_1_449' title='bbox 978 5878 1229 5932; x_wconf 81' lang='lat' dir='ltr'><strong>Enricum</strong></span> <span class='ocrx_word' id='word_1_450' title='bbox 1258 5875 1576 5934; x_wconf 82' lang='lat' dir='ltr'><strong>Theoderici</strong></span> <span class='ocrx_word' id='word_1_451' title='bbox 1605 5875 1764 5932; x_wconf 89' lang='lat' dir='ltr'><strong>etiam</strong></span> <span class='ocrx_word' id='word_1_452' title='bbox 1798 5890 1899 5930; x_wconf 85' lang='lat' dir='ltr'><strong>no-</strong></span> 
     </span>
    </p>
   </div>
   <div class='ocr_carea' id='block_1_76' title="bbox 1500 352 2331 414">
    <p class='ocr_par' dir='ltr' id='par_1_76' title="bbox 1500 352 2331 414">
     <span class='ocr_line' id='line_1_79' title="bbox 1500 352 2331 414; baseline -0.006 0"><span class='ocrx_word' id='word_1_453' title='bbox 1500 352 1980 414; x_wconf 78' lang='lat' dir='ltr'><strong>EPISTOI.ARUM</strong></span> <span class='ocrx_word' id='word_1_454' title='bbox 2024 354 2153 411; x_wconf 80' lang='lat' dir='ltr'><strong>LIB.</strong></span> <span class='ocrx_word' id='word_1_455' title='bbox 2198 355 2331 412; x_wconf 81' lang='lat' dir='ltr'><strong>VIII.</strong></span> 
     </span>
    </p>
   </div>
   <div class='ocr_carea' id='block_1_77' title="bbox 1901 1872 1953 1936">
    <p class='ocr_par' dir='ltr' id='par_1_77' title="bbox 1901 1872 1953 1936">
     <span class='ocr_line' id='line_1_80' title="bbox 1901 1872 1953 1936; baseline 0 0"><span class='ocrx_word' id='word_1_456' title='bbox 1901 1872 1953 1936; x_wconf 84' lang='grc' dir='ltr'><strong>Β</strong></span> 
     </span>
    </p>
   </div>
   <div class='ocr_carea' id='block_1_78' title="bbox 3441 345 3554 411">
    <p class='ocr_par' dir='ltr' id='par_1_78' title="bbox 3441 345 3554 411">
     <span class='ocr_line' id='line_1_81' title="bbox 3441 345 3554 411; baseline 0 0"><span class='ocrx_word' id='word_1_457' title='bbox 3441 345 3554 411; x_wconf 68' lang='grc' dir='ltr'><strong>βθε</strong></span> 
     </span>
    </p>
   </div>
   <div class='ocr_carea' id='block_1_79' title="bbox 2081 469 3022 533">
    <p class='ocr_par' dir='ltr' id='par_1_79' title="bbox 2081 469 3022 533">
     <span class='ocr_line' id='line_1_82' title="bbox 2081 469 3022 533; baseline 0 -14"><span class='ocrx_word' id='word_1_458' title='bbox 2081 470 2228 533; x_wconf 65' lang='lat' dir='ltr'><strong>Hinc,</strong></span> <span class='ocrx_word' id='word_1_459' title='bbox 2256 470 2491 527; x_wconf 80' lang='lat' dir='ltr'><strong>Romane,</strong></span> <span class='ocrx_word' id='word_1_460' title='bbox 2519 470 2605 521; x_wconf 88' lang='lat' dir='ltr'><strong>tibi</strong></span> <span class='ocrx_word' id='word_1_461' title='bbox 2631 471 2757 533; x_wconf 86' lang='lat' dir='ltr'><strong>petis</strong></span> <span class='ocrx_word' id='word_1_462' title='bbox 2777 469 2985 521; x_wconf 88' lang='lat' dir='ltr'><strong>salutem</strong></span> <span class='ocrx_word' id='word_1_463' title='bbox 3014 512 3022 520; x_wconf 92' lang='lat'><strong>.</strong></span> 
     </span>
    </p>
   </div>
   <div class='ocr_carea' id='block_1_80' title="bbox 2082 531 3024 596">
    <p class='ocr_par' dir='ltr' id='par_1_80' title="bbox 2082 531 3024 596">
     <span class='ocr_line' id='line_1_83' title="bbox 2082 531 3024 596; baseline 0 -14"><span class='ocrx_word' id='word_1_464' title='bbox 2082 531 2143 596; x_wconf 73' lang='lat' dir='ltr'><strong>Et</strong></span> <span class='ocrx_word' id='word_1_465' title='bbox 2160 531 2323 596; x_wconf 81' lang='lat' dir='ltr'><strong>contra</strong></span> <span class='ocrx_word' id='word_1_466' title='bbox 2346 534 2581 594; x_wconf 68' lang='lat' dir='ltr'><strong>Scythica:</strong></span> <span class='ocrx_word' id='word_1_467' title='bbox 2608 531 2762 596; x_wconf 63' lang='lat' dir='ltr'><strong>plaga:</strong></span> <span class='ocrx_word' id='word_1_468' title='bbox 2785 541 3024 596; x_wconf 80' lang='lat' dir='ltr'><strong>catervas,</strong></span> 
     </span>
    </p>
   </div>
   <div class='ocr_carea' id='block_1_81' title="bbox 2081 594 3092 652">
    <p class='ocr_par' dir='ltr' id='par_1_81' title="bbox 2081 594 3092 652">
     <span class='ocr_line' id='line_1_84' title="bbox 2081 594 3092 652; baseline -0.001 -8"><span class='ocrx_word' id='word_1_469' title='bbox 2081 594 2133 644; x_wconf 91' lang='lat' dir='ltr'><strong>Si</strong></span> <span class='ocrx_word' id='word_1_470' title='bbox 2154 608 2276 652; x_wconf 83' lang='lat' dir='ltr'><strong>quos</strong></span> <span class='ocrx_word' id='word_1_471' title='bbox 2302 595 2550 644; x_wconf 79' lang='lat' dir='ltr'><strong>Parrhasis</strong></span> <span class='ocrx_word' id='word_1_472' title='bbox 2568 594 2816 646; x_wconf 27' lang='lat' dir='ltr'><strong>ursa’lert</strong></span> <span class='ocrx_word' id='word_1_473' title='bbox 2841 595 3092 650; x_wconf 87' lang='lat' dir='ltr'><strong>tumultus,</strong></span> 
     </span>
    </p>
   </div>
   <div class='ocr_carea' id='block_1_82' title="bbox 2087 657 3098 777">
    <p class='ocr_par' dir='ltr' id='par_1_82' title="bbox 2087 657 3098 777">
     <span class='ocr_line' id='line_1_85' title="bbox 2087 657 3098 777; baseline -0.005 -60"><span class='ocrx_word' id='word_1_474' title='bbox 2087 657 2248 777; x_wconf 51' lang='lat' dir='ltr'><strong>E30</strong></span> <span class='ocrx_word' id='word_1_475' title='bbox 2273 663 2298 700; x_wconf 74' lang='grc' dir='ltr'>ι)</span> <span class='ocrx_word' id='word_1_476' title='bbox 2327 664 2519 725; x_wconf 84' lang='lat' dir='ltr'><strong>Eroice,</strong></span> <span class='ocrx_word' id='word_1_477' title='bbox 2543 673 2639 715; x_wconf 69' lang='lat' dir='ltr'><strong>tuas</strong></span> <span class='ocrx_word' id='word_1_478' title='bbox 2662 679 2832 715; x_wconf 86' lang='lat' dir='ltr'><strong>manus</strong></span> <span class='ocrx_word' id='word_1_479' title='bbox 2851 674 3098 727; x_wconf 82' lang='lat' dir='ltr'><strong>regantur.</strong></span> 
     </span>
     <span class='ocr_line' id='line_1_86' title="bbox 2135 727 3024 777; baseline 0.001 -2"><span class='ocrx_word' id='word_1_480' title='bbox 2135 738 2151 775; x_wconf 91' lang='lat' dir='ltr'><strong>t</strong></span> <span class='ocrx_word' id='word_1_481' title='bbox 2195 729 2398 777; x_wconf 75' lang='lat' dir='ltr'><strong>Martem</strong></span> <span class='ocrx_word' id='word_1_482' title='bbox 2422 727 2605 777; x_wconf 90' lang='lat' dir='ltr'><strong>validus</strong></span> <span class='ocrx_word' id='word_1_483' title='bbox 2629 740 2717 777; x_wconf 84' lang='lat' dir='ltr'><strong>per</strong></span> <span class='ocrx_word' id='word_1_484' title='bbox 2738 728 3024 777; x_wconf 78' lang='lat' dir='ltr'><strong>inquilinum</strong></span> 
     </span>
    </p>
   </div>
   <div class='ocr_carea' id='block_1_83' title="bbox 2135 727 3024 789">
    <p class='ocr_par' dir='ltr' id='par_1_83' title="bbox 2135 727 3024 789">
     <span class='ocr_line' id='line_1_87' title="bbox 2135 727 3024 789; baseline 0.001 -14"><span class='ocrx_word' id='word_1_485' title='bbox 2135 738 2151 775; x_wconf 91' lang='lat' dir='ltr'><strong>t</strong></span> <span class='ocrx_word' id='word_1_486' title='bbox 2176 729 2398 789; x_wconf 20' lang='lat' dir='ltr'><strong>,Martem</strong></span> <span class='ocrx_word' id='word_1_487' title='bbox 2422 727 2605 777; x_wconf 88' lang='lat' dir='ltr'><strong>validus</strong></span> <span class='ocrx_word' id='word_1_488' title='bbox 2629 740 2717 789; x_wconf 92' lang='lat' dir='ltr'><strong>per</strong></span> <span class='ocrx_word' id='word_1_489' title='bbox 2738 728 3024 789; x_wconf 74' lang='lat' dir='ltr'><strong>inquilinum</strong></span> 
     </span>
    </p>
   </div>
   <div class='ocr_carea' id='block_1_84' title="bbox 2087 788 3036 840">
    <p class='ocr_par' dir='ltr' id='par_1_84' title="bbox 2087 788 3036 840">
     <span class='ocr_line' id='line_1_88' title="bbox 2087 788 3036 840; baseline 0.001 -2"><span class='ocrx_word' id='word_1_490' title='bbox 2087 788 2328 840; x_wconf 83' lang='lat' dir='ltr'><strong>Delenset</strong></span> <span class='ocrx_word' id='word_1_491' title='bbox 2348 796 2551 838; x_wconf 87' lang='lat' dir='ltr'><strong>tenuem</strong></span> <span class='ocrx_word' id='word_1_492' title='bbox 2577 788 2817 839; x_wconf 81' lang='lat' dir='ltr'><strong>Garumna</strong></span> <span class='ocrx_word' id='word_1_493' title='bbox 2836 790 3036 839; x_wconf 89' lang='lat' dir='ltr'><strong>&#39;l‘ibrim.</strong></span> 
     </span>
    </p>
   </div>
   <div class='ocr_carea' id='block_1_85' title="bbox 2088 850 3156 914">
    <p class='ocr_par' dir='ltr' id='par_1_85' title="bbox 2088 850 3156 914">
     <span class='ocr_line' id='line_1_89' title="bbox 2088 850 3156 914; baseline -0.001 -12"><span class='ocrx_word' id='word_1_494' title='bbox 2088 852 2200 914; x_wconf 87' lang='lat' dir='ltr'><strong>ipse</strong></span> <span class='ocrx_word' id='word_1_495' title='bbox 2224 853 2302 901; x_wconf 87' lang='lat' dir='ltr'><strong>hic</strong></span> <span class='ocrx_word' id='word_1_496' title='bbox 2327 855 2348 881; x_wconf 75' lang='grc' dir='ltr'><em>ε</em></span> <span class='ocrx_word' id='word_1_497' title='bbox 2381 850 2635 914; x_wconf 72' lang='lat' dir='ltr'><strong>Parthicus</strong></span> <span class='ocrx_word' id='word_1_498' title='bbox 2682 852 2887 914; x_wconf 60' lang='lat' dir='ltr'><strong>Arsaces</strong></span> <span class='ocrx_word' id='word_1_499' title='bbox 2911 858 3156 912; x_wconf 87' lang='lat' dir='ltr'><strong>precatur,</strong></span> 
     </span>
    </p>
   </div>
   <div class='ocr_carea' id='block_1_86' title="bbox 2088 912 2933 965">
    <p class='ocr_par' dir='ltr' id='par_1_86' title="bbox 2088 912 2933 965">
     <span class='ocr_line' id='line_1_90' title="bbox 2088 912 2933 965; baseline -0.004 -2"><span class='ocrx_word' id='word_1_500' title='bbox 2088 912 2225 965; x_wconf 58' lang='lat' dir='ltr'><strong>Aula;</strong></span> <span class='ocrx_word' id='word_1_501' title='bbox 2259 912 2445 963; x_wconf 86' lang='lat' dir='ltr'><strong>Susidis</strong></span> <span class='ocrx_word' id='word_1_502' title='bbox 2468 920 2523 962; x_wconf 92' lang='lat' dir='ltr'><strong>ut</strong></span> <span class='ocrx_word' id='word_1_503' title='bbox 2541 919 2720 963; x_wconf 88' lang='lat' dir='ltr'><strong>tenere</strong></span> <span class='ocrx_word' id='word_1_504' title='bbox 2739 912 2933 962; x_wconf 89' lang='lat' dir='ltr'><strong>culmen</strong></span> 
     </span>
    </p>
   </div>
   <div class='ocr_carea' id='block_1_87' title="bbox 2092 974 2935 1036">
    <p class='ocr_par' dir='ltr' id='par_1_87' title="bbox 2092 974 2935 1036">
     <span class='ocr_line' id='line_1_91' title="bbox 2092 974 2935 1036; baseline -0.002 -10"><span class='ocrx_word' id='word_1_505' title='bbox 2092 978 2265 1036; x_wconf 83' lang='lat' dir='ltr'><strong>Possit,</strong></span> <span class='ocrx_word' id='word_1_506' title='bbox 2305 975 2496 1025; x_wconf 76' lang='lat' dir='ltr'><strong>lcedere</strong></span> <span class='ocrx_word' id='word_1_507' title='bbox 2520 975 2613 1024; x_wconf 86' lang='lat' dir='ltr'><strong>sub</strong></span> <span class='ocrx_word' id='word_1_508' title='bbox 2634 974 2935 1035; x_wconf 85' lang='lat' dir='ltr'><strong>stipendiali.</strong></span> 
     </span>
    </p>
   </div>
   <div class='ocr_carea' id='block_1_88' title="bbox 2088 1037 3110 1101">
    <p class='ocr_par' dir='ltr' id='par_1_88' title="bbox 2088 1037 3110 1101">
     <span class='ocr_line' id='line_1_92' title="bbox 2088 1037 3110 1101; baseline -0.004 -12"><span class='ocrx_word' id='word_1_509' title='bbox 2088 1039 2208 1089; x_wconf 85' lang='lat' dir='ltr'><strong>Nam</strong></span> <span class='ocrx_word' id='word_1_510' title='bbox 2232 1038 2361 1101; x_wconf 90' lang='lat' dir='ltr'><strong>quod</strong></span> <span class='ocrx_word' id='word_1_511' title='bbox 2390 1038 2604 1099; x_wconf 87' lang='lat' dir='ltr'><strong>partibus</strong></span> <span class='ocrx_word' id='word_1_512' title='bbox 2628 1049 2759 1085; x_wconf 90' lang='lat' dir='ltr'><strong>arma</strong></span> <span class='ocrx_word' id='word_1_513' title='bbox 2784 1037 3110 1101; x_wconf 79' lang='lat' dir='ltr'><strong>Bosphoranis</strong></span> 
     </span>
    </p>
   </div>
   <div class='ocr_carea' id='block_1_89' title="bbox 2093 1100 3091 1162">
    <p class='ocr_par' dir='ltr' id='par_1_89' title="bbox 2093 1100 3091 1162">
     <span class='ocr_line' id='line_1_93' title="bbox 2093 1100 3091 1162; baseline -0.004 -13"><span class='ocrx_word' id='word_1_514' title='bbox 2093 1100 2270 1151; x_wconf 83' lang='lat' dir='ltr'><strong>Grandi</strong></span> <span class='ocrx_word' id='word_1_515' title='bbox 2298 1102 2408 1149; x_wconf 90' lang='lat' dir='ltr'><strong>hinc</strong></span> <span class='ocrx_word' id='word_1_516' title='bbox 2431 1113 2641 1162; x_wconf 84' lang='lat' dir='ltr'><strong>surgere</strong></span> <span class='ocrx_word' id='word_1_517' title='bbox 2666 1100 2816 1148; x_wconf 91' lang='lat' dir='ltr'><strong>sentit</strong></span> <span class='ocrx_word' id='word_1_518' title='bbox 2841 1104 3091 1162; x_wconf 76' lang='lat' dir='ltr'><strong>apparatu,</strong></span> 
     </span>
    </p>
   </div>
   <div class='ocr_carea' id='block_1_90' title="bbox 2096 1158 3099 1222">
    <p class='ocr_par' dir='ltr' id='par_1_90' title="bbox 2096 1158 3099 1222">
     <span class='ocr_line' id='line_1_94' title="bbox 2096 1158 3099 1222; baseline -0.003 -10"><span class='ocrx_word' id='word_1_519' title='bbox 2096 1163 2316 1212; x_wconf 71' lang='lat' dir='ltr'><strong>hiostam</strong></span> <span class='ocrx_word' id='word_1_520' title='bbox 2338 1158 2543 1212; x_wconf 74' lang='lat' dir='ltr'><strong>Persida</strong></span> <span class='ocrx_word' id='word_1_521' title='bbox 2563 1163 2653 1222; x_wconf 90' lang='lat' dir='ltr'><strong>iam</strong></span> <span class='ocrx_word' id='word_1_522' title='bbox 2677 1174 2848 1209; x_wconf 87' lang='lat' dir='ltr'><strong>sonum</strong></span> <span class='ocrx_word' id='word_1_523' title='bbox 2873 1158 2930 1208; x_wconf 80' lang='lat' dir='ltr'><strong>ad</strong></span> <span class='ocrx_word' id='word_1_524' title='bbox 2947 1158 3099 1209; x_wconf 90' lang='lat' dir='ltr'><strong>duelli</strong></span> 
     </span>
    </p>
   </div>
   <div class='ocr_carea' id='block_1_91' title="bbox 2028 1222 3061 1289">
    <p class='ocr_par' dir='ltr' id='par_1_91' title="bbox 2028 1222 3061 1289">
     <span class='ocr_line' id='line_1_95' title="bbox 2028 1222 3061 1289; baseline -0.005 -15"><span class='ocrx_word' id='word_1_525' title='bbox 2028 1228 2037 1235; x_wconf 84' lang='lat'>&#39;</span> <span class='ocrx_word' id='word_1_526' title='bbox 2094 1225 2214 1289; x_wconf 69' lang='lat' dir='ltr'><strong>Ripa</strong></span> <span class='ocrx_word' id='word_1_527' title='bbox 2239 1225 2539 1289; x_wconf 73' lang='lat' dir='ltr'><strong>Euphratide</strong></span> <span class='ocrx_word' id='word_1_528' title='bbox 2559 1226 2637 1289; x_wconf 74' lang='lat' dir='ltr'><strong>vix</strong></span> <span class='ocrx_word' id='word_1_529' title='bbox 2660 1230 2795 1286; x_wconf 86' lang='lat' dir='ltr'><strong>putat</strong></span> <span class='ocrx_word' id='word_1_530' title='bbox 2815 1222 3061 1289; x_wconf 65' lang='lat' dir='ltr'><strong>incidam.</strong></span> 
     </span>
    </p>
   </div>
   <div class='ocr_carea' id='block_1_92' title="bbox 2097 1284 3049 1351">
    <p class='ocr_par' dir='ltr' id='par_1_92' title="bbox 2097 1284 3049 1351">
     <span class='ocr_line' id='line_1_96' title="bbox 2097 1284 3049 1351; baseline -0.005 -13"><span class='ocrx_word' id='word_1_531' title='bbox 2097 1284 2191 1347; x_wconf 82' lang='lat' dir='ltr'><strong>Qui</strong></span> <span class='ocrx_word' id='word_1_532' title='bbox 2214 1284 2418 1351; x_wconf 72' lang='lat' dir='ltr'><strong>c0gt&#39;iata</strong></span> <span class='ocrx_word' id='word_1_533' title='bbox 2442 1286 2560 1337; x_wconf 88' lang='lat' dir='ltr'><strong>licet</strong></span> <span class='ocrx_word' id='word_1_534' title='bbox 2577 1284 2674 1336; x_wconf 83' lang='lat' dir='ltr'><strong>sibi</strong></span> <span class='ocrx_word' id='word_1_535' title='bbox 2685 1294 2819 1351; x_wconf 78' lang='lat' dir='ltr'><strong>astra</strong></span> <span class='ocrx_word' id='word_1_536' title='bbox 2840 1284 3049 1347; x_wconf 85' lang='lat' dir='ltr'><strong>ﬁngens,</strong></span> 
     </span>
    </p>
   </div>
   <div class='ocr_carea' id='block_1_93' title="bbox 2099 1349 2952 1411">
    <p class='ocr_par' dir='ltr' id='par_1_93' title="bbox 2099 1349 2952 1411">
     <span class='ocr_line' id='line_1_97' title="bbox 2099 1349 2952 1411; baseline -0.004 -12"><span class='ocrx_word' id='word_1_537' title='bbox 2099 1349 2325 1411; x_wconf 55' lang='lat' dir='ltr'><strong>Phoebaia</strong></span> <span class='ocrx_word' id='word_1_538' title='bbox 2348 1356 2535 1399; x_wconf 86' lang='lat' dir='ltr'><strong>tumeat</strong></span> <span class='ocrx_word' id='word_1_539' title='bbox 2559 1349 2918 1411; x_wconf 75' lang='lat' dir='ltr'><strong>propinquitate</strong></span> <span class='ocrx_word' id='word_1_540' title='bbox 2941 1364 2952 1405; x_wconf 85' lang='lat'>;</span> 
     </span>
    </p>
   </div>
   <div class='ocr_carea' id='block_1_94' title="bbox 2099 1408 3187 1473">
    <p class='ocr_par' dir='ltr' id='par_1_94' title="bbox 2099 1408 3187 1473">
     <span class='ocr_line' id='line_1_98' title="bbox 2099 1408 3187 1473; baseline -0.006 -11"><span class='ocrx_word' id='word_1_541' title='bbox 2099 1410 2351 1462; x_wconf 73' lang='lat' dir='ltr'><strong>Mortalem</strong></span> <span class='ocrx_word' id='word_1_542' title='bbox 2379 1411 2455 1459; x_wconf 87' lang='lat' dir='ltr'><strong>hic</strong></span> <span class='ocrx_word' id='word_1_543' title='bbox 2493 1408 2659 1459; x_wconf 69' lang='lat' dir='ltr'><strong>tamen</strong></span> <span class='ocrx_word' id='word_1_544' title='bbox 2679 1408 2849 1473; x_wconf 88' lang='lat' dir='ltr'><strong>implet</strong></span> <span class='ocrx_word' id='word_1_545' title='bbox 2871 1408 3187 1458; x_wconf 85' lang='lat' dir='ltr'><strong>obsecrando.</strong></span> 
     </span>
    </p>
   </div>
   <div class='ocr_carea' id='block_1_95' title="bbox 2097 1474 3006 1531">
    <p class='ocr_par' dir='ltr' id='par_1_95' title="bbox 2097 1474 3006 1531">
     <span class='ocr_line' id='line_1_99' title="bbox 2097 1474 3006 1531; baseline -0.004 -8"><span class='ocrx_word' id='word_1_546' title='bbox 2097 1475 2213 1524; x_wconf 69' lang='lat' dir='ltr'><strong>Haec</strong></span> <span class='ocrx_word' id='word_1_547' title='bbox 2236 1476 2388 1531; x_wconf 87' lang='lat' dir='ltr'><strong>inter,</strong></span> <span class='ocrx_word' id='word_1_548' title='bbox 2418 1475 2621 1522; x_wconf 88' lang='lat' dir='ltr'><strong>terimus</strong></span> <span class='ocrx_word' id='word_1_549' title='bbox 2640 1485 2798 1521; x_wconf 89' lang='lat' dir='ltr'><strong>moras</strong></span> <span class='ocrx_word' id='word_1_550' title='bbox 2819 1474 3006 1520; x_wconf 89' lang='lat' dir='ltr'><strong>inanes.</strong></span> 
     </span>
    </p>
   </div>
   <div class='ocr_carea' id='block_1_96' title="bbox 2097 1536 3041 1598">
    <p class='ocr_par' dir='ltr' id='par_1_96' title="bbox 2097 1536 3041 1598">
     <span class='ocr_line' id='line_1_100' title="bbox 2097 1536 3041 1598; baseline -0.004 -12"><span class='ocrx_word' id='word_1_551' title='bbox 2097 1536 2195 1587; x_wconf 87' lang='lat' dir='ltr'><strong>Sed</strong></span> <span class='ocrx_word' id='word_1_552' title='bbox 2223 1543 2295 1595; x_wconf 90' lang='lat' dir='ltr'><strong>tu,</strong></span> <span class='ocrx_word' id='word_1_553' title='bbox 2319 1549 2349 1585; x_wconf 88' lang='grc' dir='ltr'>ο</span> <span class='ocrx_word' id='word_1_554' title='bbox 2373 1537 2560 1598; x_wconf 82' lang='lat' dir='ltr'><strong>&#39;l&#39;ityre,</strong></span> <span class='ocrx_word' id='word_1_555' title='bbox 2588 1548 2733 1598; x_wconf 90' lang='lat' dir='ltr'><strong>parce</strong></span> <span class='ocrx_word' id='word_1_556' title='bbox 2759 1546 3041 1597; x_wconf 78' lang='lat' dir='ltr'><strong>promi-are.</strong></span> 
     </span>
    </p>
   </div>
   <div class='ocr_carea' id='block_1_97' title="bbox 2098 1597 3045 1658">
    <p class='ocr_par' dir='ltr' id='par_1_97' title="bbox 2098 1597 3045 1658">
     <span class='ocr_line' id='line_1_101' title="bbox 2098 1597 3045 1658; baseline -0.005 -10"><span class='ocrx_word' id='word_1_557' title='bbox 2098 1598 2218 1648; x_wconf 86' lang='lat' dir='ltr'><strong>Nam</strong></span> <span class='ocrx_word' id='word_1_558' title='bbox 2247 1612 2339 1647; x_wconf 92' lang='lat' dir='ltr'><strong>non</strong></span> <span class='ocrx_word' id='word_1_559' title='bbox 2365 1597 2859 1658; x_wconf 73' lang='lat' dir='ltr'><strong>invitle0,magisque</strong></span> <span class='ocrx_word' id='word_1_560' title='bbox 2878 1597 3045 1658; x_wconf 88' lang='lat' dir='ltr'><strong>miror,</strong></span> 
     </span>
    </p>
   </div>
   <div class='ocr_carea' id='block_1_98' title="bbox 2101 1657 3163 1721">
    <p class='ocr_par' dir='ltr' id='par_1_98' title="bbox 2101 1657 3163 1721">
     <span class='ocr_line' id='line_1_102' title="bbox 2101 1657 3163 1721; baseline -0.006 -10"><span class='ocrx_word' id='word_1_561' title='bbox 2101 1660 2324 1720; x_wconf 88' lang='lat' dir='ltr'><strong>Quicum</strong></span> <span class='ocrx_word' id='word_1_562' title='bbox 2350 1659 2419 1709; x_wconf 90' lang='lat' dir='ltr'><strong>nil</strong></span> <span class='ocrx_word' id='word_1_563' title='bbox 2444 1672 2660 1718; x_wconf 89' lang='lat' dir='ltr'><strong>mereor,</strong></span> <span class='ocrx_word' id='word_1_564' title='bbox 2687 1657 2963 1721; x_wconf 76' lang='lat' dir='ltr'><strong>precesque</strong></span> <span class='ocrx_word' id='word_1_565' title='bbox 2981 1657 3163 1707; x_wconf 91' lang='lat' dir='ltr'><strong>frustra</strong></span> 
     </span>
    </p>
   </div>
   <div class='ocr_carea' id='block_1_99' title="bbox 2102 1722 3276 1794">
    <p class='ocr_par' dir='ltr' id='par_1_99' title="bbox 2102 1722 3276 1794">
     <span class='ocr_line' id='line_1_103' title="bbox 2102 1722 3276 1794; baseline -0.003 -22"><span class='ocrx_word' id='word_1_566' title='bbox 2102 1723 2353 1787; x_wconf 89' lang='lat' dir='ltr'><strong>lmpendo,</strong></span> <span class='ocrx_word' id='word_1_567' title='bbox 2382 1722 2641 1772; x_wconf 65' lang='lat' dir='ltr'><strong>Meliboeus</strong></span> <span class='ocrx_word' id='word_1_568' title='bbox 2664 1734 2777 1771; x_wconf 87' lang='lat' dir='ltr'><strong>esse</strong></span> <span class='ocrx_word' id='word_1_569' title='bbox 2802 1722 2946 1783; x_wconf 78' lang='lat' dir='ltr'><strong>ccepi.</strong></span> <span class='ocrx_word' id='word_1_570' title='bbox 3249 1768 3276 1794; x_wconf 59' lang='lat'><em>.</em></span> 
     </span>
    </p>
   </div>
   <div class='ocr_carea' id='block_1_100' title="bbox 2051 1826 3569 1899">
    <p class='ocr_par' dir='ltr' id='par_1_100' title="bbox 2051 1826 3569 1899">
     <span class='ocr_line' id='line_1_104' title="bbox 2051 1826 3569 1899; baseline -0.001 -15"><span class='ocrx_word' id='word_1_571' title='bbox 2051 1829 2129 1884; x_wconf 86' lang='lat' dir='ltr'><strong>En</strong></span> <span class='ocrx_word' id='word_1_572' title='bbox 2160 1844 2403 1895; x_wconf 83' lang='lat' dir='ltr'><strong>carmen,</strong></span> <span class='ocrx_word' id='word_1_573' title='bbox 2432 1827 2575 1899; x_wconf 90' lang='lat' dir='ltr'><strong>quod</strong></span> <span class='ocrx_word' id='word_1_574' title='bbox 2605 1840 2896 1883; x_wconf 88' lang='lat' dir='ltr'><strong>recensens</strong></span> <span class='ocrx_word' id='word_1_575' title='bbox 2916 1826 3264 1897; x_wconf 88' lang='lat' dir='ltr'><strong>otiabundus,</strong></span> <span class='ocrx_word' id='word_1_576' title='bbox 3298 1836 3569 1882; x_wconf 80' lang='lat' dir='ltr'><strong>nostrum-</strong></span> 
     </span>
    </p>
   </div>
   <div class='ocr_carea' id='block_1_101' title="bbox 1979 1921 3569 1994">
    <p class='ocr_par' dir='ltr' id='par_1_101' title="bbox 1979 1921 3569 1994">
     <span class='ocr_line' id='line_1_105' title="bbox 1979 1921 3569 1994; baseline -0.002 -15"><span class='ocrx_word' id='word_1_577' title='bbox 1979 1937 2085 1994; x_wconf 89' lang='lat' dir='ltr'><strong>que</strong></span> <span class='ocrx_word' id='word_1_578' title='bbox 2112 1922 2363 1978; x_wconf 88' lang='lat' dir='ltr'><strong>sudorem</strong></span> <span class='ocrx_word' id='word_1_579' title='bbox 2389 1937 2452 1978; x_wconf 92' lang='lat' dir='ltr'><strong>ac</strong></span> <span class='ocrx_word' id='word_1_580' title='bbox 2481 1922 2758 1992; x_wconf 88' lang='lat' dir='ltr'><strong>pulverem</strong></span> <span class='ocrx_word' id='word_1_581' title='bbox 2786 1931 3059 1991; x_wconf 88' lang='lat' dir='ltr'><strong>spectans,</strong></span> <span class='ocrx_word' id='word_1_582' title='bbox 3089 1921 3253 1977; x_wconf 90' lang='lat' dir='ltr'><strong>veluti</strong></span> <span class='ocrx_word' id='word_1_583' title='bbox 3276 1922 3386 1992; x_wconf 85' lang='lat' dir='ltr'><strong>jam</strong></span> <span class='ocrx_word' id='word_1_584' title='bbox 3408 1936 3569 1976; x_wconf 87' lang='lat' dir='ltr'><strong>coro-</strong></span> 
     </span>
    </p>
   </div>
   <div class='ocr_carea' id='block_1_102' title="bbox 1980 2013 3570 2086">
    <p class='ocr_par' dir='ltr' id='par_1_102' title="bbox 1980 2013 3570 2086">
     <span class='ocr_line' id='line_1_106' title="bbox 1980 2013 3570 2086; baseline 0.001 -17"><span class='ocrx_word' id='word_1_585' title='bbox 1980 2025 2138 2070; x_wconf 87' lang='lat' dir='ltr'><strong>natus</strong></span> <span class='ocrx_word' id='word_1_586' title='bbox 2188 2015 2369 2085; x_wconf 82' lang='lat' dir='ltr'><strong>auriga</strong></span> <span class='ocrx_word' id='word_1_587' title='bbox 2423 2015 2491 2070; x_wconf 91' lang='lat' dir='ltr'><strong>de</strong></span> <span class='ocrx_word' id='word_1_588' title='bbox 2542 2013 2723 2085; x_wconf 89' lang='lat' dir='ltr'><strong>podio.</strong></span> <span class='ocrx_word' id='word_1_589' title='bbox 2769 2013 2846 2070; x_wconf 88' lang='lat' dir='ltr'><strong>De</strong></span> <span class='ocrx_word' id='word_1_590' title='bbox 2893 2014 3101 2086; x_wconf 90' lang='lat' dir='ltr'><strong>reliquo</strong></span> <span class='ocrx_word' id='word_1_591' title='bbox 3151 2029 3257 2070; x_wconf 92' lang='lat' dir='ltr'><strong>non</strong></span> <span class='ocrx_word' id='word_1_592' title='bbox 3301 2023 3385 2070; x_wconf 89' lang='lat' dir='ltr'><strong>est</strong></span> <span class='ocrx_word' id='word_1_593' title='bbox 3428 2015 3570 2085; x_wconf 90' lang='lat' dir='ltr'><strong>quod</strong></span> 
     </span>
    </p>
   </div>
   <div class='ocr_carea' id='block_1_103' title="bbox 1980 2106 3570 2180">
    <p class='ocr_par' dir='ltr' id='par_1_103' title="bbox 1980 2106 3570 2180">
     <span class='ocr_line' id='line_1_107' title="bbox 1980 2106 3570 2180; baseline 0 -16"><span class='ocrx_word' id='word_1_594' title='bbox 1980 2107 2272 2178; x_wconf 89' lang='lat' dir='ltr'><strong>suspiceris</strong></span> <span class='ocrx_word' id='word_1_595' title='bbox 2303 2123 2398 2178; x_wconf 87' lang='lat' dir='ltr'><strong>par</strong></span> <span class='ocrx_word' id='word_1_596' title='bbox 2425 2123 2511 2164; x_wconf 92' lang='lat' dir='ltr'><strong>me</strong></span> <span class='ocrx_word' id='word_1_597' title='bbox 2539 2106 2701 2163; x_wconf 91' lang='lat' dir='ltr'><strong>ofﬁcii</strong></span> <span class='ocrx_word' id='word_1_598' title='bbox 2731 2122 2900 2177; x_wconf 89' lang='lat' dir='ltr'><strong>genus</strong></span> <span class='ocrx_word' id='word_1_599' title='bbox 2928 2108 3306 2180; x_wconf 89' lang='lat' dir='ltr'><strong>repetiturum,</strong></span> <span class='ocrx_word' id='word_1_600' title='bbox 3362 2108 3570 2164; x_wconf 89' lang='lat' dir='ltr'><strong>etiamsi</strong></span> 
     </span>
    </p>
   </div>
   <div class='ocr_carea' id='block_1_104' title="bbox 1980 2199 3570 2271">
    <p class='ocr_par' dir='ltr' id='par_1_104' title="bbox 1980 2199 3570 2271">
     <span class='ocr_line' id='line_1_108' title="bbox 1980 2199 3570 2271; baseline 0.001 -16"><span class='ocrx_word' id='word_1_601' title='bbox 1980 2200 2252 2257; x_wconf 91' lang='lat' dir='ltr'><strong>delectere</strong></span> <span class='ocrx_word' id='word_1_602' title='bbox 2279 2200 2555 2270; x_wconf 64' lang='lat' dir='ltr'><strong>praesenti,</strong></span> <span class='ocrx_word' id='word_1_603' title='bbox 2587 2199 2691 2255; x_wconf 93' lang='lat' dir='ltr'><strong>nisi</strong></span> <span class='ocrx_word' id='word_1_604' title='bbox 2720 2200 2869 2271; x_wconf 89' lang='lat' dir='ltr'><strong>prius</strong></span> <span class='ocrx_word' id='word_1_605' title='bbox 2899 2201 3016 2269; x_wconf 89' lang='lat' dir='ltr'><strong>ipse</strong></span> <span class='ocrx_word' id='word_1_606' title='bbox 3047 2200 3342 2257; x_wconf 87' lang='lat' dir='ltr'><strong>destiterim</strong></span> <span class='ocrx_word' id='word_1_607' title='bbox 3379 2200 3570 2256; x_wconf 87' lang='lat' dir='ltr'><strong>vatici-</strong></span> 
     </span>
    </p>
   </div>
   <div class='ocr_carea' id='block_1_105' title="bbox 1980 2292 3178 2366">
    <p class='ocr_par' dir='ltr' id='par_1_105' title="bbox 1980 2292 3178 2366">
     <span class='ocr_line' id='line_1_109' title="bbox 1980 2292 3178 2366; baseline -0.002 -17"><span class='ocrx_word' id='word_1_608' title='bbox 1980 2296 2096 2349; x_wconf 90' lang='lat' dir='ltr'><strong>nari</strong></span> <span class='ocrx_word' id='word_1_609' title='bbox 2129 2294 2300 2366; x_wconf 88' lang='lat' dir='ltr'><strong>magis</strong></span> <span class='ocrx_word' id='word_1_610' title='bbox 2326 2294 2523 2350; x_wconf 90' lang='lat' dir='ltr'><strong>damna</strong></span> <span class='ocrx_word' id='word_1_611' title='bbox 2548 2308 2707 2363; x_wconf 91' lang='lat' dir='ltr'><strong>quam</strong></span> <span class='ocrx_word' id='word_1_612' title='bbox 2738 2292 2998 2348; x_wconf 89' lang='lat' dir='ltr'><strong>carmina.</strong></span> <span class='ocrx_word' id='word_1_613' title='bbox 3032 2292 3178 2349; x_wconf 86' lang='lat' dir='ltr'><strong>Vale.</strong></span> 
     </span>
    </p>
   </div>
   <div class='ocr_carea' id='block_1_106' title="bbox 2546 2428 2992 2485">
    <p class='ocr_par' dir='ltr' id='par_1_106' title="bbox 2546 2428 2992 2485">
     <span class='ocr_line' id='line_1_110' title="bbox 2546 2428 2992 2485; baseline -0.002 0"><span class='ocrx_word' id='word_1_614' title='bbox 2546 2428 2881 2485; x_wconf 78' lang='lat' dir='ltr'><strong>EPISTOLA</strong></span> <span class='ocrx_word' id='word_1_615' title='bbox 2926 2428 2992 2485; x_wconf 78' lang='grc' dir='ltr'><strong>Χ.</strong></span> 
     </span>
    </p>
   </div>
   <div class='ocr_carea' id='block_1_107' title="bbox 2302 2519 3247 2580">
    <p class='ocr_par' dir='ltr' id='par_1_107' title="bbox 2302 2519 3247 2580">
     <span class='ocr_line' id='line_1_111' title="bbox 2302 2519 3247 2580; baseline 0.002 -2"><span class='ocrx_word' id='word_1_616' title='bbox 2302 2522 2548 2578; x_wconf 84' lang='lat' dir='ltr'><strong>Sidonius</strong></span> <span class='ocrx_word' id='word_1_617' title='bbox 2575 2519 2602 2560; x_wconf 74' lang='grc' dir='ltr'><em>ά</em></span> <span class='ocrx_word' id='word_1_618' title='bbox 2634 2523 2850 2579; x_wconf 81' lang='lat' dir='ltr'><strong>Ruricio</strong></span> <span class='ocrx_word' id='word_1_619' title='bbox 2879 2539 2974 2578; x_wconf 78' lang='lat' dir='ltr'><strong>suo</strong></span> <span class='ocrx_word' id='word_1_620' title='bbox 3006 2522 3247 2580; x_wconf 81' lang='lat' dir='ltr'><strong>salutem.</strong></span> 
     </span>
    </p>
   </div>
   <div class='ocr_carea' id='block_1_108' title="bbox 2062 2623 3577 2697">
    <p class='ocr_par' dir='ltr' id='par_1_108' title="bbox 2062 2623 3577 2697">
     <span class='ocr_line' id='line_1_112' title="bbox 2062 2623 3577 2697; baseline -0.001 -17"><span class='ocrx_word' id='word_1_621' title='bbox 2062 2625 2197 2681; x_wconf 86' lang='lat' dir='ltr'><strong>Esse</strong></span> <span class='ocrx_word' id='word_1_622' title='bbox 2238 2624 2332 2680; x_wconf 88' lang='lat' dir='ltr'><strong>tibi</strong></span> <span class='ocrx_word' id='word_1_623' title='bbox 2375 2624 2495 2680; x_wconf 90' lang='lat' dir='ltr'><strong>usui</strong></span> <span class='ocrx_word' id='word_1_624' title='bbox 2538 2623 2741 2697; x_wconf 89' lang='lat' dir='ltr'><strong>pariter</strong></span> <span class='ocrx_word' id='word_1_625' title='bbox 2779 2633 2835 2679; x_wconf 92' lang='lat' dir='ltr'><strong>et</strong></span> <span class='ocrx_word' id='word_1_626' title='bbox 2872 2623 3021 2679; x_wconf 92' lang='lat' dir='ltr'><strong>cordi</strong></span> <span class='ocrx_word' id='word_1_627' title='bbox 3061 2623 3267 2680; x_wconf 90' lang='lat' dir='ltr'><strong>litteras</strong></span> <span class='ocrx_word' id='word_1_628' title='bbox 3305 2624 3577 2695; x_wconf 84' lang='lat' dir='ltr'><strong>granditer</strong></span> 
     </span>
    </p>
   </div>
   <div class='ocr_carea' id='block_1_109' title="bbox 1981 2717 3575 2792">
    <p class='ocr_par' dir='ltr' id='par_1_109' title="bbox 1981 2717 3575 2792">
     <span class='ocr_line' id='line_1_113' title="bbox 1981 2717 3575 2792; baseline 0.003 -21"><span class='ocrx_word' id='word_1_629' title='bbox 1981 2718 2206 2790; x_wconf 77' lang='lat' dir='ltr'><strong>gaudeo.</strong></span> <span class='ocrx_word' id='word_1_630' title='bbox 2244 2717 2358 2772; x_wconf 85' lang='lat' dir='ltr'><strong>Non</strong></span> <span class='ocrx_word' id='word_1_631' title='bbox 2387 2718 2583 2790; x_wconf 89' lang='lat' dir='ltr'><strong>stylum</strong></span> <span class='ocrx_word' id='word_1_632' title='bbox 2608 2728 2848 2773; x_wconf 89' lang='lat' dir='ltr'><strong>vestrum</strong></span> <span class='ocrx_word' id='word_1_633' title='bbox 2881 2728 3078 2787; x_wconf 89' lang='lat' dir='ltr'><strong>quanta</strong></span> <span class='ocrx_word' id='word_1_634' title='bbox 3106 2718 3393 2775; x_wconf 89' lang='lat' dir='ltr'><strong>comitetur</strong></span> <span class='ocrx_word' id='word_1_635' title='bbox 3417 2719 3575 2792; x_wconf 69' lang='lat'><strong>231</strong></span> 
     </span>
    </p>
   </div>
   <div class='ocr_carea' id='block_1_110' title="bbox 1984 2809 3579 2877">
    <p class='ocr_par' dir='ltr' id='par_1_110' title="bbox 1984 2809 3579 2877">
     <span class='ocr_line' id='line_1_114' title="bbox 1984 2809 3579 2877; baseline 0.002 -14"><span class='ocrx_word' id='word_1_636' title='bbox 1984 2810 2067 2865; x_wconf 88' lang='lat' dir='ltr'><strong>vel</strong></span> <span class='ocrx_word' id='word_1_637' title='bbox 2099 2810 2312 2864; x_wconf 86' lang='lat' dir='ltr'><strong>ﬁamma</strong></span> <span class='ocrx_word' id='word_1_638' title='bbox 2344 2825 2624 2875; x_wconf 87' lang='lat' dir='ltr'><strong>sensuum,</strong></span> <span class='ocrx_word' id='word_1_639' title='bbox 2658 2809 2741 2866; x_wconf 81' lang='lat' dir='ltr'><strong>vel</strong></span> <span class='ocrx_word' id='word_1_640' title='bbox 2786 2809 2927 2865; x_wconf 89' lang='lat' dir='ltr'><strong>unda</strong></span> <span class='ocrx_word' id='word_1_641' title='bbox 2975 2824 3309 2877; x_wconf 89' lang='lat' dir='ltr'><strong>sermonum,</strong></span> <span class='ocrx_word' id='word_1_642' title='bbox 3360 2810 3579 2866; x_wconf 89' lang='lat' dir='ltr'><strong>liberius</strong></span> 
     </span>
    </p>
   </div>
   <div class='ocr_carea' id='block_1_111' title="bbox 1984 2892 3577 2974">
    <p class='ocr_par' dir='ltr' id='par_1_111' title="bbox 1984 2892 3577 2974">
     <span class='ocr_line' id='line_1_115' title="bbox 1984 2892 3577 2974; baseline -0.001 -17"><span class='ocrx_word' id='word_1_643' title='bbox 1984 2916 2307 2967; x_wconf 89' lang='lat' dir='ltr'><strong>assererem,</strong></span> <span class='ocrx_word' id='word_1_644' title='bbox 2342 2892 2441 2957; x_wconf 89' lang='lat' dir='ltr'><strong>nisi</strong></span> <span class='ocrx_word' id='word_1_645' title='bbox 2475 2901 2603 2957; x_wconf 94' lang='lat' dir='ltr'><strong>dum</strong></span> <span class='ocrx_word' id='word_1_646' title='bbox 2635 2917 2720 2958; x_wconf 89' lang='lat' dir='ltr'><strong>me</strong></span> <span class='ocrx_word' id='word_1_647' title='bbox 2754 2902 2973 2957; x_wconf 89' lang='lat' dir='ltr'><strong>laudare</strong></span> <span class='ocrx_word' id='word_1_648' title='bbox 3015 2916 3119 2957; x_wconf 91' lang='lat' dir='ltr'><strong>non</strong></span> <span class='ocrx_word' id='word_1_649' title='bbox 3151 2917 3337 2974; x_wconf 88' lang='lat' dir='ltr'><strong>parum</strong></span> <span class='ocrx_word' id='word_1_650' title='bbox 3370 2902 3577 2968; x_wconf 88' lang='lat' dir='ltr'><strong>studes,</strong></span> 
     </span>
    </p>
   </div>
   <div class='ocr_carea' id='block_1_112' title="bbox 1986 2994 3580 3067">
    <p class='ocr_par' dir='ltr' id='par_1_112' title="bbox 1986 2994 3580 3067">
     <span class='ocr_line' id='line_1_116' title="bbox 1986 2994 3580 3067; baseline 0.002 -18"><span class='ocrx_word' id='word_1_651' title='bbox 1986 2994 2191 3050; x_wconf 88' lang='lat' dir='ltr'><strong>laudari</strong></span> <span class='ocrx_word' id='word_1_652' title='bbox 2217 2996 2507 3065; x_wconf 89' lang='lat' dir='ltr'><strong>plurimum</strong></span> <span class='ocrx_word' id='word_1_653' title='bbox 2534 3005 2585 3051; x_wconf 92' lang='lat' dir='ltr'><strong>te</strong></span> <span class='ocrx_word' id='word_1_654' title='bbox 2608 3005 2840 3051; x_wconf 88' lang='lat' dir='ltr'><strong>vetares.</strong></span> <span class='ocrx_word' id='word_1_655' title='bbox 2864 2996 2928 3050; x_wconf 79' lang='lat' dir='ltr'><strong>Et</strong></span> <span class='ocrx_word' id='word_1_656' title='bbox 2951 3009 3252 3067; x_wconf 79' lang='lat' dir='ltr'><strong>quanquam</strong></span> <span class='ocrx_word' id='word_1_657' title='bbox 3279 2996 3329 3050; x_wconf 91' lang='lat' dir='ltr'><strong>in</strong></span> <span class='ocrx_word' id='word_1_658' title='bbox 3355 2996 3580 3067; x_wconf 89' lang='lat' dir='ltr'><strong>epistola</strong></span> 
     </span>
    </p>
   </div>
   <div class='ocr_carea' id='block_1_113' title="bbox 1988 3088 3581 3159">
    <p class='ocr_par' dir='ltr' id='par_1_113' title="bbox 1988 3088 3581 3159">
     <span class='ocr_line' id='line_1_117' title="bbox 1988 3088 3581 3159; baseline -0.001 -15"><span class='ocrx_word' id='word_1_659' title='bbox 1988 3099 2078 3145; x_wconf 89' lang='lat' dir='ltr'><strong>tua</strong></span> <span class='ocrx_word' id='word_1_660' title='bbox 2106 3098 2285 3145; x_wconf 87' lang='lat' dir='ltr'><strong>servet</strong></span> <span class='ocrx_word' id='word_1_661' title='bbox 2312 3090 2507 3144; x_wconf 85' lang='lat' dir='ltr'><strong>caritas</strong></span> <span class='ocrx_word' id='word_1_662' title='bbox 2528 3088 2892 3154; x_wconf 91' lang='lat' dir='ltr'><strong>dulcedinem,</strong></span> <span class='ocrx_word' id='word_1_663' title='bbox 2921 3097 3113 3143; x_wconf 89' lang='lat' dir='ltr'><strong>natura</strong></span> <span class='ocrx_word' id='word_1_664' title='bbox 3138 3088 3461 3156; x_wconf 85' lang='lat' dir='ltr'><strong>facundiam,</strong></span> <span class='ocrx_word' id='word_1_665' title='bbox 3486 3103 3581 3159; x_wconf 82' lang='lat' dir='ltr'><strong>pe-</strong></span> 
     </span>
    </p>
   </div>
   <div class='ocr_carea' id='block_1_114' title="bbox 1987 3180 3581 3253">
    <p class='ocr_par' dir='ltr' id='par_1_114' title="bbox 1987 3180 3581 3253">
     <span class='ocr_line' id='line_1_118' title="bbox 1987 3180 3581 3253; baseline -0.001 -16"><span class='ocrx_word' id='word_1_666' title='bbox 1987 3182 2108 3237; x_wconf 92' lang='lat' dir='ltr'><strong>ritia</strong></span> <span class='ocrx_word' id='word_1_667' title='bbox 2155 3182 2525 3253; x_wconf 88' lang='lat' dir='ltr'><strong>disciplinam;</strong></span> <span class='ocrx_word' id='word_1_668' title='bbox 2571 3184 2624 3236; x_wconf 93' lang='lat' dir='ltr'><strong>in</strong></span> <span class='ocrx_word' id='word_1_669' title='bbox 2669 3180 2781 3236; x_wconf 88' lang='lat' dir='ltr'><strong>sola</strong></span> <span class='ocrx_word' id='word_1_670' title='bbox 2824 3180 3065 3236; x_wconf 72' lang='lat' dir='ltr'><strong>materia:</strong></span> <span class='ocrx_word' id='word_1_671' title='bbox 3108 3189 3287 3237; x_wconf 88' lang='lat' dir='ltr'><strong>tamen</strong></span> <span class='ocrx_word' id='word_1_672' title='bbox 3318 3181 3581 3236; x_wconf 87' lang='lat' dir='ltr'><strong>electione</strong></span> 
     </span>
    </p>
   </div>
   <div class='ocr_carea' id='block_1_115' title="bbox 1909 3264 3579 3348">
    <p class='ocr_par' dir='ltr' id='par_1_115' title="bbox 1909 3264 3579 3348">
     <span class='ocr_line' id='line_1_119' title="bbox 1909 3264 3579 3348; baseline 0 -18"><span class='ocrx_word' id='word_1_673' title='bbox 1909 3264 1958 3330; x_wconf 85' lang='lat' dir='ltr'><strong><em>C</em></strong></span> <span class='ocrx_word' id='word_1_674' title='bbox 1990 3274 2232 3348; x_wconf 89' lang='lat' dir='ltr'><strong>peccasti</strong></span> <span class='ocrx_word' id='word_1_675' title='bbox 2277 3290 2291 3329; x_wconf 90' lang='lat'><strong>:</strong></span> <span class='ocrx_word' id='word_1_676' title='bbox 2333 3274 2459 3329; x_wconf 90' lang='lat' dir='ltr'><strong>licet</strong></span> <span class='ocrx_word' id='word_1_677' title='bbox 2506 3273 2557 3330; x_wconf 87' lang='lat' dir='ltr'><strong>id</strong></span> <span class='ocrx_word' id='word_1_678' title='bbox 2601 3274 2777 3344; x_wconf 90' lang='lat' dir='ltr'><strong>ipsum</strong></span> <span class='ocrx_word' id='word_1_679' title='bbox 2828 3275 2996 3344; x_wconf 87' lang='lat' dir='ltr'><strong>possit</strong></span> <span class='ocrx_word' id='word_1_680' title='bbox 3034 3275 3314 3345; x_wconf 64' lang='lat' dir='ltr'><strong>praidicari</strong></span> <span class='ocrx_word' id='word_1_681' title='bbox 3346 3274 3400 3329; x_wconf 91' lang='lat' dir='ltr'><strong>iu</strong></span> <span class='ocrx_word' id='word_1_682' title='bbox 3432 3283 3579 3342; x_wconf 81' lang='lat' dir='ltr'><strong>voto,</strong></span> 
     </span>
    </p>
   </div>
   <div class='ocr_carea' id='block_1_116' title="bbox 1994 3366 3581 3441">
    <p class='ocr_par' dir='ltr' id='par_1_116' title="bbox 1994 3366 3581 3441">
     <span class='ocr_line' id='line_1_120' title="bbox 1994 3366 3581 3441; baseline 0.003 -18"><span class='ocrx_word' id='word_1_683' title='bbox 1994 3368 2139 3441; x_wconf 91' lang='lat' dir='ltr'><strong>quod</strong></span> <span class='ocrx_word' id='word_1_684' title='bbox 2171 3369 2368 3426; x_wconf 90' lang='lat' dir='ltr'><strong>videris</strong></span> <span class='ocrx_word' id='word_1_685' title='bbox 2391 3383 2601 3424; x_wconf 88' lang='lat' dir='ltr'><strong>errasse</strong></span> <span class='ocrx_word' id='word_1_686' title='bbox 2624 3366 2852 3440; x_wconf 89' lang='lat' dir='ltr'><strong>judicio.</strong></span> <span class='ocrx_word' id='word_1_687' title='bbox 2899 3369 3147 3440; x_wconf 85' lang='lat' dir='ltr'><strong>lugentes</strong></span> <span class='ocrx_word' id='word_1_688' title='bbox 3188 3370 3581 3441; x_wconf 69' lang='lat' dir='ltr'><strong>praeconiorum</strong></span> 
     </span>
    </p>
   </div>
   <div class='ocr_carea' id='block_1_117' title="bbox 1994 3460 3582 3533">
    <p class='ocr_par' dir='ltr' id='par_1_117' title="bbox 1994 3460 3582 3533">
     <span class='ocr_line' id='line_1_121' title="bbox 1994 3460 3582 3533; baseline 0.002 -17"><span class='ocrx_word' id='word_1_689' title='bbox 1994 3461 2180 3517; x_wconf 88' lang='lat' dir='ltr'><strong>titulos</strong></span> <span class='ocrx_word' id='word_1_690' title='bbox 2222 3460 2463 3516; x_wconf 81' lang='lat' dir='ltr'><strong>moribus</strong></span> <span class='ocrx_word' id='word_1_691' title='bbox 2495 3460 2629 3516; x_wconf 90' lang='lat' dir='ltr'><strong>meis</strong></span> <span class='ocrx_word' id='word_1_692' title='bbox 2658 3460 2915 3530; x_wconf 88' lang='lat' dir='ltr'><strong>applicas.</strong></span> <span class='ocrx_word' id='word_1_693' title='bbox 2949 3460 3054 3516; x_wconf 84' lang='lat' dir='ltr'><strong>Sed</strong></span> <span class='ocrx_word' id='word_1_694' title='bbox 3078 3466 3121 3516; x_wconf 88' lang='lat' dir='ltr'><strong>si</strong></span> <span class='ocrx_word' id='word_1_695' title='bbox 3153 3461 3370 3533; x_wconf 85' lang='lat' dir='ltr'><strong>pudoris</strong></span> <span class='ocrx_word' id='word_1_696' title='bbox 3412 3464 3582 3519; x_wconf 90' lang='lat' dir='ltr'><strong>nostri</strong></span> 
     </span>
    </p>
   </div>
   <div class='ocr_carea' id='block_1_118' title="bbox 1995 3553 3583 3626">
    <p class='ocr_par' dir='ltr' id='par_1_118' title="bbox 1995 3553 3583 3626">
     <span class='ocr_line' id='line_1_122' title="bbox 1995 3553 3583 3626; baseline 0.001 -16"><span class='ocrx_word' id='word_1_697' title='bbox 1995 3554 2218 3611; x_wconf 86' lang='lat' dir='ltr'><strong>fecisses</strong></span> <span class='ocrx_word' id='word_1_698' title='bbox 2267 3565 2537 3624; x_wconf 90' lang='lat' dir='ltr'><strong>utcunque</strong></span> <span class='ocrx_word' id='word_1_699' title='bbox 2580 3553 2868 3623; x_wconf 89' lang='lat' dir='ltr'><strong>rationem,</strong></span> <span class='ocrx_word' id='word_1_700' title='bbox 2903 3564 2927 3593; x_wconf 76' lang='grc' dir='ltr'><strong><em>ο</em></strong></span> <span class='ocrx_word' id='word_1_701' title='bbox 2952 3554 3422 3626; x_wconf 85' lang='lat' dir='ltr'><strong>Symmachianum</strong></span> <span class='ocrx_word' id='word_1_702' title='bbox 3455 3557 3583 3612; x_wconf 92' lang='lat' dir='ltr'><strong>illud</strong></span> 
     </span>
    </p>
   </div>
   <div class='ocr_carea' id='block_1_119' title="bbox 1993 3637 3586 3717">
    <p class='ocr_par' dir='ltr' id='par_1_119' title="bbox 1993 3637 3586 3717">
     <span class='ocr_line' id='line_1_123' title="bbox 1993 3637 3586 3717; baseline 0.002 -16"><span class='ocrx_word' id='word_1_703' title='bbox 1993 3654 2048 3702; x_wconf 90' lang='lat' dir='ltr'><strong>te</strong></span> <span class='ocrx_word' id='word_1_704' title='bbox 2074 3646 2311 3716; x_wconf 87' lang='lat' dir='ltr'><strong>cogitare</strong></span> <span class='ocrx_word' id='word_1_705' title='bbox 2354 3661 2441 3716; x_wconf 86' lang='lat' dir='ltr'><strong>pai</strong></span> <span class='ocrx_word' id='word_1_706' title='bbox 2477 3645 2648 3702; x_wconf 89' lang='lat' dir='ltr'><strong>fuerat</strong></span> <span class='ocrx_word' id='word_1_707' title='bbox 2684 3662 2700 3704; x_wconf 87' lang='lat'><strong>:</strong></span> <span class='ocrx_word' id='word_1_708' title='bbox 2743 3645 2810 3702; x_wconf 88' lang='lat' dir='ltr'><strong>Ut</strong></span> <span class='ocrx_word' id='word_1_709' title='bbox 2838 3637 2957 3700; x_wconf 68' lang='lat' dir='ltr'><strong>vera</strong></span> <span class='ocrx_word' id='word_1_710' title='bbox 2985 3646 3097 3701; x_wconf 83' lang='lat' dir='ltr'><strong>laus</strong></span> <span class='ocrx_word' id='word_1_711' title='bbox 3127 3658 3294 3711; x_wconf 84' lang='lat' dir='ltr'><strong>ornat,</strong></span> <span class='ocrx_word' id='word_1_712' title='bbox 3336 3650 3409 3702; x_wconf 86' lang='lat' dir='ltr'><strong>ita</strong></span> <span class='ocrx_word' id='word_1_713' title='bbox 3452 3648 3586 3717; x_wconf 79' lang='lat' dir='ltr'><strong>falsa</strong></span> 
     </span>
    </p>
   </div>
   <div class='ocr_carea' id='block_1_120' title="bbox 1995 3738 3585 3809">
    <p class='ocr_par' dir='ltr' id='par_1_120' title="bbox 1995 3738 3585 3809">
     <span class='ocr_line' id='line_1_124' title="bbox 1995 3738 3585 3809; baseline 0.002 -17"><span class='ocrx_word' id='word_1_714' title='bbox 1995 3739 2232 3809; x_wconf 83' lang='lat' dir='ltr'><strong>castigat.</strong></span> <span class='ocrx_word' id='word_1_715' title='bbox 2273 3738 2391 3803; x_wconf 87' lang='lat' dir='ltr'><strong>Quo</strong></span> <span class='ocrx_word' id='word_1_716' title='bbox 2436 3739 2538 3793; x_wconf 90' lang='lat' dir='ltr'><strong>loci</strong></span> <span class='ocrx_word' id='word_1_717' title='bbox 2581 3747 2780 3803; x_wconf 90' lang='lat' dir='ltr'><strong>tamen,</strong></span> <span class='ocrx_word' id='word_1_718' title='bbox 2824 3738 2868 3792; x_wconf 90' lang='lat' dir='ltr'><strong>si</strong></span> <span class='ocrx_word' id='word_1_719' title='bbox 2911 3739 3148 3792; x_wconf 91' lang='lat' dir='ltr'><strong>animum</strong></span> <span class='ocrx_word' id='word_1_720' title='bbox 3180 3746 3416 3795; x_wconf 89' lang='lat' dir='ltr'><strong>vestrum</strong></span> <span class='ocrx_word' id='word_1_721' title='bbox 3450 3739 3585 3795; x_wconf 89' lang='lat' dir='ltr'><strong>bene</strong></span> 
     </span>
    </p>
   </div>
   <div class='ocr_carea' id='block_1_121' title="bbox 1997 3829 3586 3900">
    <p class='ocr_par' dir='ltr' id='par_1_121' title="bbox 1997 3829 3586 3900">
     <span class='ocr_line' id='line_1_125' title="bbox 1997 3829 3586 3900; baseline 0.002 -15"><span class='ocrx_word' id='word_1_722' title='bbox 1997 3830 2211 3894; x_wconf 92' lang='lat' dir='ltr'><strong>metior,</strong></span> <span class='ocrx_word' id='word_1_723' title='bbox 2242 3844 2403 3900; x_wconf 89' lang='lat' dir='ltr'><strong>super</strong></span> <span class='ocrx_word' id='word_1_724' title='bbox 2430 3829 2678 3884; x_wconf 79' lang='lat' dir='ltr'><strong>affectum</strong></span> <span class='ocrx_word' id='word_1_725' title='bbox 2700 3844 2858 3899; x_wconf 86' lang='lat' dir='ltr'><strong>quem</strong></span> <span class='ocrx_word' id='word_1_726' title='bbox 2889 3831 3178 3885; x_wconf 90' lang='lat' dir='ltr'><strong>maximum</strong></span> <span class='ocrx_word' id='word_1_727' title='bbox 3201 3830 3459 3899; x_wconf 89' lang='lat' dir='ltr'><strong>ostendis,</strong></span> <span class='ocrx_word' id='word_1_728' title='bbox 3483 3830 3586 3888; x_wconf 90' lang='lat' dir='ltr'><strong>hoc</strong></span> 
     </span>
    </p>
   </div>
   <div class='ocr_carea' id='block_1_122' title="bbox 2000 3919 3581 3994">
    <p class='ocr_par' dir='ltr' id='par_1_122' title="bbox 2000 3919 3581 3994">
     <span class='ocr_line' id='line_1_126' title="bbox 2000 3919 3581 3994; baseline 0.003 -19"><span class='ocrx_word' id='word_1_729' title='bbox 2000 3930 2056 3976; x_wconf 92' lang='lat' dir='ltr'><strong>tu</strong></span> <span class='ocrx_word' id='word_1_730' title='bbox 2089 3932 2140 3977; x_wconf 90' lang='lat' dir='ltr'><strong>et</strong></span> <span class='ocrx_word' id='word_1_731' title='bbox 2167 3930 2285 3977; x_wconf 91' lang='lat' dir='ltr'><strong>arte</strong></span> <span class='ocrx_word' id='word_1_732' title='bbox 2315 3922 2509 3977; x_wconf 81' lang='lat' dir='ltr'><strong>iecisti.</strong></span> <span class='ocrx_word' id='word_1_733' title='bbox 2546 3919 2679 3977; x_wconf 81' lang='lat' dir='ltr'><strong>Nam</strong></span> <span class='ocrx_word' id='word_1_734' title='bbox 2708 3923 2873 3977; x_wconf 86' lang='lat' dir='ltr'><strong>moris</strong></span> <span class='ocrx_word' id='word_1_735' title='bbox 2899 3931 2983 3978; x_wconf 87' lang='lat' dir='ltr'><strong>est</strong></span> <span class='ocrx_word' id='word_1_736' title='bbox 3020 3922 3396 3992; x_wconf 87' lang='lat' dir='ltr'><strong>eloquentibus</strong></span> <span class='ocrx_word' id='word_1_737' title='bbox 3430 3925 3581 3994; x_wconf 88' lang='lat' dir='ltr'><strong>viris,</strong></span> 
     </span>
    </p>
   </div>
   <div class='ocr_carea' id='block_1_123' title="bbox 2000 4012 3588 4085">
    <p class='ocr_par' dir='ltr' id='par_1_123' title="bbox 2000 4012 3588 4085">
     <span class='ocr_line' id='line_1_127' title="bbox 2000 4012 3588 4085; baseline 0.003 -16"><span class='ocrx_word' id='word_1_738' title='bbox 2000 4012 2337 4085; x_wconf 89' lang='lat' dir='ltr'><strong>ingeniorum</strong></span> <span class='ocrx_word' id='word_1_739' title='bbox 2362 4013 2669 4068; x_wconf 86' lang='lat' dir='ltr'><strong>facultatem</strong></span> <span class='ocrx_word' id='word_1_740' title='bbox 2691 4014 3026 4083; x_wconf 84' lang='lat' dir='ltr'><strong>negotiorum</strong></span> <span class='ocrx_word' id='word_1_741' title='bbox 3052 4015 3281 4085; x_wconf 84' lang='lat' dir='ltr'><strong>probare</strong></span> <span class='ocrx_word' id='word_1_742' title='bbox 3305 4015 3588 4073; x_wconf 87' lang='lat' dir='ltr'><strong>difﬁculta-</strong></span> 
     </span>
    </p>
   </div>
   <div class='ocr_carea' id='block_1_124' title="bbox 2001 4104 3584 4178">
    <p class='ocr_par' dir='ltr' id='par_1_124' title="bbox 2001 4104 3584 4178">
     <span class='ocr_line' id='line_1_128' title="bbox 2001 4104 3584 4178; baseline 0.003 -18"><span class='ocrx_word' id='word_1_743' title='bbox 2001 4105 2164 4173; x_wconf 89' lang='lat' dir='ltr'><strong>tibus,</strong></span> <span class='ocrx_word' id='word_1_744' title='bbox 2189 4115 2242 4161; x_wconf 89' lang='lat' dir='ltr'><strong>et</strong></span> <span class='ocrx_word' id='word_1_745' title='bbox 2267 4105 2376 4160; x_wconf 91' lang='lat' dir='ltr'><strong>illic</strong></span> <span class='ocrx_word' id='word_1_746' title='bbox 2395 4105 2592 4178; x_wconf 88' lang='lat' dir='ltr'><strong>stylum</strong></span> <span class='ocrx_word' id='word_1_747' title='bbox 2616 4104 2864 4173; x_wconf 89' lang='lat' dir='ltr'><strong>peritum,</strong></span> <span class='ocrx_word' id='word_1_748' title='bbox 2882 4105 3036 4176; x_wconf 88' lang='lat' dir='ltr'><strong>quasi</strong></span> <span class='ocrx_word' id='word_1_749' title='bbox 3059 4107 3342 4178; x_wconf 92' lang='lat' dir='ltr'><strong>quemdam</strong></span> <span class='ocrx_word' id='word_1_750' title='bbox 3373 4108 3584 4165; x_wconf 83' lang='lat' dir='ltr'><strong>fecundi</strong></span> 
     </span>
    </p>
   </div>
   <div class='ocr_carea' id='block_1_125' title="bbox 1995 4249 3673 4323">
    <p class='ocr_par' dir='ltr' id='par_1_125' title="bbox 1995 4249 3673 4323">
     <span class='ocr_line' id='line_1_129' title="bbox 1995 4249 3673 4323; baseline 0.001 -17"><span class='ocrx_word' id='word_1_751' title='bbox 1995 4251 2143 4306; x_wconf 89' lang='lat' dir='ltr'><strong>mine</strong></span> <span class='ocrx_word' id='word_1_752' title='bbox 2165 4265 2192 4303; x_wconf 87' lang='lat' dir='ltr'><strong>a</strong></span> <span class='ocrx_word' id='word_1_753' title='bbox 2224 4264 2490 4323; x_wconf 85' lang='lat' dir='ltr'><strong>quoquam</strong></span> <span class='ocrx_word' id='word_1_754' title='bbox 2523 4249 2644 4307; x_wconf 90' lang='lat' dir='ltr'><strong>sine</strong></span> <span class='ocrx_word' id='word_1_755' title='bbox 2666 4249 2796 4307; x_wconf 88' lang='lat' dir='ltr'><strong>vitio</strong></span> <span class='ocrx_word' id='word_1_756' title='bbox 2829 4250 3172 4323; x_wconf 85' lang='lat' dir='ltr'><strong>appellatum.</strong></span> <span class='ocrx_word' id='word_1_757' title='bbox 3218 4249 3398 4319; x_wconf 87' lang='lat' dir='ltr'><strong>Quare</strong></span> <span class='ocrx_word' id='word_1_758' title='bbox 3436 4260 3584 4308; x_wconf 90' lang='lat' dir='ltr'><strong>certa</strong></span> <span class='ocrx_word' id='word_1_759' title='bbox 3670 4262 3673 4265; x_wconf 86' lang='lat'>&#39;</span> 
     </span>
    </p>
   </div>
   <div class='ocr_carea' id='block_1_126' title="bbox 2000 4321 2444 4377">
    <p class='ocr_par' dir='ltr' id='par_1_126' title="bbox 2000 4321 2444 4377">
     <span class='ocr_line' id='line_1_130' title="bbox 2000 4321 2444 4377; baseline -0.005 0"><span class='ocrx_word' id='word_1_760' title='bbox 2000 4332 2085 4377; x_wconf 91' lang='lat' dir='ltr'><strong>est</strong></span> <span class='ocrx_word' id='word_1_761' title='bbox 2112 4321 2444 4377; x_wconf 89' lang='lat' dir='ltr'><strong>emendatio.</strong></span> 
     </span>
    </p>
   </div>
   <div class='ocr_carea' id='block_1_127' title="bbox 2074 4391 3580 4465">
    <p class='ocr_par' dir='ltr' id='par_1_127' title="bbox 2074 4391 3580 4465">
     <span class='ocr_line' id='line_1_131' title="bbox 2074 4391 3580 4465; baseline 0.001 -19"><span class='ocrx_word' id='word_1_762' title='bbox 2074 4404 2096 4431; x_wconf 76' lang='grc' dir='ltr'>ε</span> <span class='ocrx_word' id='word_1_763' title='bbox 2142 4394 2254 4447; x_wconf 73' lang='lat' dir='ltr'><strong>ilex</strong></span> <span class='ocrx_word' id='word_1_764' title='bbox 2276 4391 2574 4465; x_wconf 85' lang='lat' dir='ltr'><strong>Persarum</strong></span> <span class='ocrx_word' id='word_1_765' title='bbox 2604 4410 2617 4447; x_wconf 91' lang='lat'><strong>:</strong></span> <span class='ocrx_word' id='word_1_766' title='bbox 2644 4409 2750 4449; x_wconf 92' lang='lat' dir='ltr'><strong>non</strong></span> <span class='ocrx_word' id='word_1_767' title='bbox 2784 4394 2924 4465; x_wconf 88' lang='lat' dir='ltr'><strong>quod</strong></span> <span class='ocrx_word' id='word_1_768' title='bbox 2956 4395 3228 4465; x_wconf 89' lang='lat' dir='ltr'><strong>proprium</strong></span> <span class='ocrx_word' id='word_1_769' title='bbox 3256 4393 3308 4449; x_wconf 92' lang='lat' dir='ltr'><strong>id</strong></span> <span class='ocrx_word' id='word_1_770' title='bbox 3338 4394 3454 4464; x_wconf 88' lang='lat' dir='ltr'><strong>ejus</strong></span> <span class='ocrx_word' id='word_1_771' title='bbox 3484 4408 3580 4448; x_wconf 89' lang='lat' dir='ltr'><strong>no-</strong></span> 
     </span>
    </p>
   </div>
   <div class='ocr_carea' id='block_1_128' title="bbox 2002 4464 3582 4535">
    <p class='ocr_par' dir='ltr' id='par_1_128' title="bbox 2002 4464 3582 4535">
     <span class='ocr_line' id='line_1_132' title="bbox 2002 4464 3582 4535; baseline 0.003 -18"><span class='ocrx_word' id='word_1_772' title='bbox 2002 4480 2125 4518; x_wconf 92' lang='lat' dir='ltr'><strong>men</strong></span> <span class='ocrx_word' id='word_1_773' title='bbox 2154 4464 2313 4518; x_wconf 88' lang='lat' dir='ltr'><strong>luerit</strong></span> <span class='ocrx_word' id='word_1_774' title='bbox 2343 4481 2356 4517; x_wconf 89' lang='lat'><strong>:</strong></span> <span class='ocrx_word' id='word_1_775' title='bbox 2388 4464 2646 4533; x_wconf 83' lang='lat' dir='ltr'><strong>regnabat</strong></span> <span class='ocrx_word' id='word_1_776' title='bbox 2683 4466 2825 4521; x_wconf 92' lang='lat' dir='ltr'><strong>enim</strong></span> <span class='ocrx_word' id='word_1_777' title='bbox 2881 4468 2982 4521; x_wconf 88' lang='lat' dir='ltr'><strong>hoc</strong></span> <span class='ocrx_word' id='word_1_778' title='bbox 3032 4464 3272 4535; x_wconf 87' lang='lat' dir='ltr'><strong>tempore</strong></span> <span class='ocrx_word' id='word_1_779' title='bbox 3318 4465 3582 4530; x_wconf 82' lang='lat' dir='ltr'><strong>Perozes;</strong></span> 
     </span>
    </p>
   </div>
   <div class='ocr_carea' id='block_1_129' title="bbox 1926 4535 3589 4629">
    <p class='ocr_par' dir='ltr' id='par_1_129' title="bbox 1926 4535 3589 4629">
     <span class='ocr_line' id='line_1_133' title="bbox 1926 4535 3589 4629; baseline 0.001 -40"><span class='ocrx_word' id='word_1_780' title='bbox 1926 4566 1981 4629; x_wconf 64' lang='grc' dir='ltr'><strong>Β</strong></span> <span class='ocrx_word' id='word_1_781' title='bbox 2121 4535 2263 4621; x_wconf 77' lang='lat' dir='ltr'><strong>quod</strong></span> <span class='ocrx_word' id='word_1_782' title='bbox 2285 4538 2499 4622; x_wconf 56' lang='lat' dir='ltr'><strong>Arsacen</strong></span> <span class='ocrx_word' id='word_1_783' title='bbox 2521 4550 2709 4629; x_wconf 69' lang='lat' dir='ltr'><strong>omnes</strong></span> <span class='ocrx_word' id='word_1_784' title='bbox 2731 4552 2758 4590; x_wconf 91' lang='lat' dir='ltr'><strong>a</strong></span> <span class='ocrx_word' id='word_1_785' title='bbox 2789 4538 2958 4624; x_wconf 71' lang='lat' dir='ltr'><strong>primo</strong></span> <span class='ocrx_word' id='word_1_786' title='bbox 2980 4536 3233 4629; x_wconf 57' lang='lat' dir='ltr'><strong>appellati</strong></span> <span class='ocrx_word' id='word_1_787' title='bbox 3250 4535 3378 4629; x_wconf 58' lang='lat' dir='ltr'><strong>sint;</strong></span> <span class='ocrx_word' id='word_1_788' title='bbox 3395 4536 3589 4625; x_wconf 71' lang='lat' dir='ltr'><strong>Strabo</strong></span> 
     </span>
    </p>
   </div>
   <div class='ocr_carea' id='block_1_130' title="bbox 2008 4605 3589 4682">
    <p class='ocr_par' dir='ltr' id='par_1_130' title="bbox 2008 4605 3589 4682">
     <span class='ocr_line' id='line_1_134' title="bbox 2008 4605 3589 4682; baseline 0 -23"><span class='ocrx_word' id='word_1_789' title='bbox 2008 4605 2183 4682; x_wconf 32' lang='lat' dir='ltr'><strong>IibJAV</strong></span> <span class='ocrx_word' id='word_1_790' title='bbox 2198 4606 2494 4682; x_wconf 44' lang='grc' dir='ltr'><strong>ξ’Δρσᾴκαι</strong></span> <span class='ocrx_word' id='word_1_791' title='bbox 2516 4607 2785 4682; x_wconf 49' lang='grc' dir='ltr'><strong>κοιλῇ-δεμ</strong></span> <span class='ocrx_word' id='word_1_792' title='bbox 2814 4605 3027 4682; x_wconf 33' lang='grc' dir='ltr'><strong>πάντ-ιςέ</strong></span> <span class='ocrx_word' id='word_1_793' title='bbox 3057 4606 3159 4682; x_wconf 77' lang='grc' dir='ltr'><strong>ἰδίᾳ</strong></span> <span class='ocrx_word' id='word_1_794' title='bbox 3182 4606 3236 4682; x_wconf 62' lang='lat' dir='ltr'><strong>di</strong></span> <span class='ocrx_word' id='word_1_795' title='bbox 3262 4606 3287 4661; x_wconf 85' lang='grc' dir='ltr'>ὁ</span> <span class='ocrx_word' id='word_1_796' title='bbox 3316 4610 3405 4677; x_wconf 78' lang='grc' dir='ltr'><strong>μὲν</strong></span> <span class='ocrx_word' id='word_1_797' title='bbox 3432 4608 3589 4681; x_wconf 77' lang='grc' dir='ltr'><strong>Ὀρὼ·</strong></span> 
     </span>
    </p>
   </div>
   <div class='ocr_carea' id='block_1_131' title="bbox 1999 4675 3587 4750">
    <p class='ocr_par' dir='ltr' id='par_1_131' title="bbox 1999 4675 3587 4750">
     <span class='ocr_line' id='line_1_135' title="bbox 1999 4675 3587 4750; baseline -0.003 -18"><span class='ocrx_word' id='word_1_798' title='bbox 1999 4676 2112 4741; x_wconf 72' lang='lat' dir='ltr'><strong>duc,</strong></span> <span class='ocrx_word' id='word_1_799' title='bbox 2138 4676 2162 4731; x_wconf 81' lang='grc' dir='ltr'>ὁ</span> <span class='ocrx_word' id='word_1_800' title='bbox 2193 4675 2246 4731; x_wconf 72' lang='grc' dir='ltr'><strong>δᾶ</strong></span> <span class='ocrx_word' id='word_1_801' title='bbox 2276 4675 2591 4750; x_wconf 47' lang='lat' dir='ltr'><strong>meum</strong></span> <span class='ocrx_word' id='word_1_802' title='bbox 2618 4675 2671 4730; x_wconf 79' lang='grc' dir='ltr'><strong><em>δὲ</em></strong></span> <span class='ocrx_word' id='word_1_803' title='bbox 2694 4675 2888 4750; x_wconf 55' lang='grc' dir='ltr'>ἄλλοτε.</span> <span class='ocrx_word' id='word_1_804' title='bbox 2922 4675 3147 4750; x_wconf 63' lang='lat' dir='ltr'><strong>Arsacis,</strong></span> <span class='ocrx_word' id='word_1_805' title='bbox 3181 4675 3377 4750; x_wconf 56' lang='lat' dir='ltr'><strong>inquit,</strong></span> <span class='ocrx_word' id='word_1_806' title='bbox 3405 4675 3587 4729; x_wconf 74' lang='lat' dir='ltr'><strong>vocan-</strong></span> 
     </span>
    </p>
   </div>
   <div class='ocr_carea' id='block_1_132' title="bbox 2002 4744 3585 4815">
    <p class='ocr_par' dir='ltr' id='par_1_132' title="bbox 2002 4744 3585 4815">
     <span class='ocr_line' id='line_1_136' title="bbox 2002 4744 3585 4815; baseline 0.002 -17"><span class='ocrx_word' id='word_1_807' title='bbox 2002 4756 2085 4799; x_wconf 87' lang='lat' dir='ltr'><strong>tur</strong></span> <span class='ocrx_word' id='word_1_808' title='bbox 2113 4761 2286 4799; x_wconf 80' lang='lat' dir='ltr'><strong>omnes</strong></span> <span class='ocrx_word' id='word_1_809' title='bbox 2314 4744 2338 4800; x_wconf 63' lang='grc' dir='ltr'><em>ξ</em></span> <span class='ocrx_word' id='word_1_810' title='bbox 2368 4747 2604 4810; x_wconf 83' lang='lat' dir='ltr'><strong>privatim</strong></span> <span class='ocrx_word' id='word_1_811' title='bbox 2629 4756 2799 4800; x_wconf 83' lang='lat' dir='ltr'><strong>autem</strong></span> <span class='ocrx_word' id='word_1_812' title='bbox 2822 4747 2908 4801; x_wconf 83' lang='lat' dir='ltr'><strong>hic</strong></span> <span class='ocrx_word' id='word_1_813' title='bbox 2954 4746 3172 4813; x_wconf 84' lang='lat' dir='ltr'><strong>Orodes,</strong></span> <span class='ocrx_word' id='word_1_814' title='bbox 3196 4744 3283 4801; x_wconf 79' lang='lat' dir='ltr'><strong>ille</strong></span> <span class='ocrx_word' id='word_1_815' title='bbox 3310 4744 3585 4815; x_wconf 83' lang='lat' dir='ltr'><strong>Phraates,</strong></span> 
     </span>
    </p>
   </div>
   <div class='ocr_carea' id='block_1_133' title="bbox 2002 4815 2430 4871">
    <p class='ocr_par' dir='ltr' id='par_1_133' title="bbox 2002 4815 2430 4871">
     <span class='ocr_line' id='line_1_137' title="bbox 2002 4815 2430 4871; baseline 0.005 -2"><span class='ocrx_word' id='word_1_816' title='bbox 2002 4816 2093 4869; x_wconf 83' lang='lat' dir='ltr'><strong>alii</strong></span> <span class='ocrx_word' id='word_1_817' title='bbox 2123 4815 2229 4869; x_wconf 87' lang='lat' dir='ltr'><strong>alia</strong></span> <span class='ocrx_word' id='word_1_818' title='bbox 2258 4818 2430 4871; x_wconf 88' lang='lat' dir='ltr'><strong>modo.</strong></span> 
     </span>
    </p>
   </div>
   <div class='ocr_carea' id='block_1_134' title="bbox 2072 4885 3584 4957">
    <p class='ocr_par' dir='ltr' id='par_1_134' title="bbox 2072 4885 3584 4957">
     <span class='ocr_line' id='line_1_138' title="bbox 2072 4885 3584 4957; baseline 0 -16"><span class='ocrx_word' id='word_1_819' title='bbox 2072 4885 2098 4922; x_wconf 74' lang='grc' dir='ltr'>ἀ</span> <span class='ocrx_word' id='word_1_820' title='bbox 2141 4886 2480 4941; x_wconf 87' lang='lat' dir='ltr'><strong>Lemovicum</strong></span> <span class='ocrx_word' id='word_1_821' title='bbox 2524 4895 2707 4953; x_wconf 91' lang='lat' dir='ltr'><strong>postea</strong></span> <span class='ocrx_word' id='word_1_822' title='bbox 2762 4886 3034 4957; x_wconf 91' lang='lat' dir='ltr'><strong>episcopo,</strong></span> <span class='ocrx_word' id='word_1_823' title='bbox 3077 4895 3133 4942; x_wconf 92' lang='lat' dir='ltr'><strong>ut</strong></span> <span class='ocrx_word' id='word_1_824' title='bbox 3177 4886 3378 4941; x_wconf 91' lang='lat' dir='ltr'><strong>dictum</strong></span> <span class='ocrx_word' id='word_1_825' title='bbox 3406 4895 3490 4942; x_wconf 90' lang='lat' dir='ltr'><strong>est</strong></span> <span class='ocrx_word' id='word_1_826' title='bbox 3518 4890 3584 4941; x_wconf 92' lang='lat' dir='ltr'><strong>ad</strong></span> 
     </span>
    </p>
   </div>
   <div class='ocr_carea' id='block_1_135' title="bbox 2000 4957 3589 5026">
    <p class='ocr_par' dir='ltr' id='par_1_135' title="bbox 2000 4957 3589 5026">
     <span class='ocr_line' id='line_1_139' title="bbox 2000 4957 3589 5026; baseline 0.001 -15"><span class='ocrx_word' id='word_1_827' title='bbox 2000 4957 2159 5026; x_wconf 89' lang='lat' dir='ltr'><strong>epist.</strong></span> <span class='ocrx_word' id='word_1_828' title='bbox 2195 4957 2377 5012; x_wconf 77' lang='lat' dir='ltr'><strong>lfilib.</strong></span> <span class='ocrx_word' id='word_1_829' title='bbox 2413 4973 2484 5024; x_wconf 84' lang='lat' dir='ltr'><strong>tv,</strong></span> <span class='ocrx_word' id='word_1_830' title='bbox 2523 4957 2722 5013; x_wconf 77' lang='lat' dir='ltr'><strong>Ruricii</strong></span> <span class='ocrx_word' id='word_1_831' title='bbox 2752 4957 2815 5009; x_wconf 85' lang='lat' dir='ltr'><strong>ad</strong></span> <span class='ocrx_word' id='word_1_832' title='bbox 2856 4958 3133 5015; x_wconf 86' lang='lat' dir='ltr'><strong>Sidonium</strong></span> <span class='ocrx_word' id='word_1_833' title='bbox 3175 4958 3314 5013; x_wconf 91' lang='lat' dir='ltr'><strong>inter</strong></span> <span class='ocrx_word' id='word_1_834' title='bbox 3340 4957 3474 5011; x_wconf 84' lang='lat' dir='ltr'><strong>alias</strong></span> <span class='ocrx_word' id='word_1_835' title='bbox 3503 4968 3589 5013; x_wconf 90' lang='lat' dir='ltr'><strong>est</strong></span> 
     </span>
    </p>
   </div>
   <div class='ocr_carea' id='block_1_136' title="bbox 2001 5027 3589 5098">
    <p class='ocr_par' dir='ltr' id='par_1_136' title="bbox 2001 5027 3589 5098">
     <span class='ocr_line' id='line_1_140' title="bbox 2001 5027 3589 5098; baseline 0.001 -15"><span class='ocrx_word' id='word_1_836' title='bbox 2001 5028 2160 5097; x_wconf 89' lang='lat' dir='ltr'><strong>epist.</strong></span> <span class='ocrx_word' id='word_1_837' title='bbox 2186 5028 2242 5094; x_wconf 88' lang='lat'><strong>9,</strong></span> <span class='ocrx_word' id='word_1_838' title='bbox 2272 5027 2364 5082; x_wconf 93' lang='lat' dir='ltr'><strong>lib.</strong></span> <span class='ocrx_word' id='word_1_839' title='bbox 2396 5044 2434 5092; x_wconf 91' lang='lat' dir='ltr'><strong>t,</strong></span> <span class='ocrx_word' id='word_1_840' title='bbox 2467 5043 2568 5098; x_wconf 91' lang='lat' dir='ltr'><strong>qua</strong></span> <span class='ocrx_word' id='word_1_841' title='bbox 2596 5044 2716 5082; x_wconf 91' lang='lat' dir='ltr'><strong>eum</strong></span> <span class='ocrx_word' id='word_1_842' title='bbox 2752 5028 2975 5084; x_wconf 87' lang='lat' dir='ltr'><strong>miriﬁce</strong></span> <span class='ocrx_word' id='word_1_843' title='bbox 3006 5028 3220 5083; x_wconf 90' lang='lat' dir='ltr'><strong>laudat:</strong></span> <span class='ocrx_word' id='word_1_844' title='bbox 3249 5037 3307 5083; x_wconf 89' lang='lat' dir='ltr'><strong>ut</strong></span> <span class='ocrx_word' id='word_1_845' title='bbox 3326 5028 3496 5084; x_wconf 87' lang='lat' dir='ltr'><strong>videri</strong></span> <span class='ocrx_word' id='word_1_846' title='bbox 3526 5044 3589 5085; x_wconf 91' lang='lat' dir='ltr'><strong>ea</strong></span> 
     </span>
    </p>
   </div>
   <div class='ocr_carea' id='block_1_137' title="bbox 2004 5098 3347 5179">
    <p class='ocr_par' dir='ltr' id='par_1_137' title="bbox 2004 5098 3347 5179">
     <span class='ocr_line' id='line_1_141' title="bbox 2004 5098 3347 5179; baseline 0.001 -27"><span class='ocrx_word' id='word_1_847' title='bbox 2004 5101 2196 5179; x_wconf 61' lang='lat' dir='ltr'><strong>possit,</strong></span> <span class='ocrx_word' id='word_1_848' title='bbox 2219 5099 2305 5154; x_wconf 91' lang='lat' dir='ltr'><strong>cui</strong></span> <span class='ocrx_word' id='word_1_849' title='bbox 2337 5099 2588 5179; x_wconf 74' lang='lat' dir='ltr'><strong>Sidonius</strong></span> <span class='ocrx_word' id='word_1_850' title='bbox 2616 5100 2718 5154; x_wconf 89' lang='lat' dir='ltr'><strong>hoc</strong></span> <span class='ocrx_word' id='word_1_851' title='bbox 2740 5102 2867 5179; x_wconf 63' lang='lat' dir='ltr'><strong>loco</strong></span> <span class='ocrx_word' id='word_1_852' title='bbox 2893 5098 3208 5179; x_wconf 64' lang='lat' dir='ltr'><strong>respondet.</strong></span> <span class='ocrx_word' id='word_1_853' title='bbox 3255 5168 3295 5179; x_wconf 81' lang='lat'>_</span> <span class='ocrx_word' id='word_1_854' title='bbox 3338 5170 3347 5179; x_wconf 36' lang='lat'><em>.</em></span> 
     </span>
    </p>
   </div>
   <div class='ocr_carea' id='block_1_138' title="bbox 2078 5168 3588 5242">
    <p class='ocr_par' dir='ltr' id='par_1_138' title="bbox 2078 5168 3588 5242">
     <span class='ocr_line' id='line_1_142' title="bbox 2078 5168 3588 5242; baseline 0.001 -18"><span class='ocrx_word' id='word_1_855' title='bbox 2078 5180 2101 5206; x_wconf 71' lang='grc' dir='ltr'><strong><em>ε</em></strong></span> <span class='ocrx_word' id='word_1_856' title='bbox 2143 5169 2257 5224; x_wconf 82' lang='grc' dir='ltr'><strong>Νοη</strong></span> <span class='ocrx_word' id='word_1_857' title='bbox 2299 5179 2476 5226; x_wconf 79' lang='lat' dir='ltr'><strong>exstat</strong></span> <span class='ocrx_word' id='word_1_858' title='bbox 2510 5171 2577 5242; x_wconf 77' lang='lat' dir='ltr'><strong>in</strong></span> <span class='ocrx_word' id='word_1_859' title='bbox 2603 5170 2858 5241; x_wconf 85' lang='lat' dir='ltr'><strong>Operibus</strong></span> <span class='ocrx_word' id='word_1_860' title='bbox 2890 5168 3220 5242; x_wconf 78' lang='lat' dir='ltr'><strong>Symmachi.</strong></span> <span class='ocrx_word' id='word_1_861' title='bbox 3255 5168 3375 5225; x_wconf 84' lang='lat' dir='ltr'><strong>Fuit</strong></span> <span class='ocrx_word' id='word_1_862' title='bbox 3399 5177 3588 5242; x_wconf 80' lang='lat' dir='ltr'><strong>tamen</strong></span> 
     </span>
    </p>
   </div>
   <div class='ocr_carea' id='block_1_139' title="bbox 2005 5240 3588 5297">
    <p class='ocr_par' dir='ltr' id='par_1_139' title="bbox 2005 5240 3588 5297">
     <span class='ocr_line' id='line_1_143' title="bbox 2005 5240 3588 5297; baseline 0.001 -2"><span class='ocrx_word' id='word_1_863' title='bbox 2005 5241 2058 5295; x_wconf 93' lang='lat' dir='ltr'><strong>in</strong></span> <span class='ocrx_word' id='word_1_864' title='bbox 2082 5256 2178 5295; x_wconf 94' lang='lat' dir='ltr'><strong>ore</strong></span> <span class='ocrx_word' id='word_1_865' title='bbox 2205 5242 2517 5296; x_wconf 92' lang='lat' dir='ltr'><strong>multorum.</strong></span> <span class='ocrx_word' id='word_1_866' title='bbox 2545 5240 2755 5297; x_wconf 88' lang='lat' dir='ltr'><strong>Citatur</strong></span> <span class='ocrx_word' id='word_1_867' title='bbox 2782 5240 2991 5296; x_wconf 38' lang='lat' dir='ltr'><strong>enim‘a</strong></span> <span class='ocrx_word' id='word_1_868' title='bbox 3029 5240 3260 5296; x_wconf 67' lang='lat' dir='ltr'><strong>Caesarie</strong></span> <span class='ocrx_word' id='word_1_869' title='bbox 3290 5240 3588 5297; x_wconf 66' lang='lat' dir='ltr'><strong>Arelatensi</strong></span> 
     </span>
    </p>
   </div>
   <div class='ocr_carea' id='block_1_140' title="bbox 2008 5310 3586 5382">
    <p class='ocr_par' dir='ltr' id='par_1_140' title="bbox 2008 5310 3586 5382">
     <span class='ocr_line' id='line_1_144' title="bbox 2008 5310 3586 5382; baseline 0.002 -18"><span class='ocrx_word' id='word_1_870' title='bbox 2008 5310 2225 5382; x_wconf 65' lang='lat' dir='ltr'><strong>humilia</strong></span> <span class='ocrx_word' id='word_1_871' title='bbox 2258 5328 2384 5377; x_wconf 77' lang='lat' dir='ltr'><strong>xxv,</strong></span> <span class='ocrx_word' id='word_1_872' title='bbox 2408 5321 2463 5367; x_wconf 91' lang='lat' dir='ltr'><strong>et</strong></span> <span class='ocrx_word' id='word_1_873' title='bbox 2490 5329 2519 5367; x_wconf 89' lang='lat' dir='ltr'><strong>a</strong></span> <span class='ocrx_word' id='word_1_874' title='bbox 2550 5313 2765 5382; x_wconf 86' lang='lat' dir='ltr'><strong>Pelagio</strong></span> <span class='ocrx_word' id='word_1_875' title='bbox 2795 5328 2929 5382; x_wconf 89' lang='lat' dir='ltr'><strong>papa</strong></span> <span class='ocrx_word' id='word_1_876' title='bbox 2968 5311 3127 5380; x_wconf 88' lang='lat' dir='ltr'><strong>epist.</strong></span> <span class='ocrx_word' id='word_1_877' title='bbox 3160 5310 3226 5366; x_wconf 87' lang='lat' dir='ltr'><strong>ad</strong></span> <span class='ocrx_word' id='word_1_878' title='bbox 3258 5311 3586 5380; x_wconf 89' lang='lat' dir='ltr'><strong>Sapaudum.</strong></span> 
     </span>
    </p>
   </div>
   <div class='ocr_carea' id='block_1_141' title="bbox 2006 5380 3591 5454">
    <p class='ocr_par' dir='ltr' id='par_1_141' title="bbox 2006 5380 3591 5454">
     <span class='ocr_line' id='line_1_145' title="bbox 2006 5380 3591 5454; baseline 0.002 -20"><span class='ocrx_word' id='word_1_879' title='bbox 2006 5380 2088 5435; x_wconf 84' lang='lat' dir='ltr'><strong>Ea</strong></span> <span class='ocrx_word' id='word_1_880' title='bbox 2108 5392 2297 5447; x_wconf 84' lang='lat' dir='ltr'><strong>autem,</strong></span> <span class='ocrx_word' id='word_1_881' title='bbox 2324 5383 2518 5454; x_wconf 90' lang='lat' dir='ltr'><strong>inquit,</strong></span> <span class='ocrx_word' id='word_1_882' title='bbox 2537 5400 2651 5452; x_wconf 63' lang='lat' dir='ltr'><strong>quia</strong></span> <span class='ocrx_word' id='word_1_883' title='bbox 2670 5380 2722 5438; x_wconf 72' lang='lat' dir='ltr'><strong>in</strong></span> <span class='ocrx_word' id='word_1_884' title='bbox 2749 5380 2937 5437; x_wconf 77' lang='lat' dir='ltr'><strong>nostris</strong></span> <span class='ocrx_word' id='word_1_885' title='bbox 2958 5382 3199 5436; x_wconf 75' lang='lat' dir='ltr'><strong>laudibus</strong></span> <span class='ocrx_word' id='word_1_886' title='bbox 3221 5382 3467 5454; x_wconf 70' lang='lat' dir='ltr'><strong>famndia</strong></span> <span class='ocrx_word' id='word_1_887' title='bbox 3488 5385 3591 5437; x_wconf 86' lang='lat' dir='ltr'><strong>oris</strong></span> 
     </span>
    </p>
   </div>
   <div class='ocr_carea' id='block_1_142' title="bbox 2005 5454 3591 5524">
    <p class='ocr_par' dir='ltr' id='par_1_142' title="bbox 2005 5454 3591 5524">
     <span class='ocr_line' id='line_1_146' title="bbox 2005 5454 3591 5524; baseline 0.002 -19"><span class='ocrx_word' id='word_1_888' title='bbox 2005 5455 2158 5507; x_wconf 77' lang='lat' dir='ltr'><strong>vestri</strong></span> <span class='ocrx_word' id='word_1_889' title='bbox 2184 5455 2443 5520; x_wconf 79' lang='lat' dir='ltr'><strong>disseruit,</strong></span> <span class='ocrx_word' id='word_1_890' title='bbox 2468 5471 2754 5524; x_wconf 85' lang='lat' dir='ltr'><strong>quanquam</strong></span> <span class='ocrx_word' id='word_1_891' title='bbox 2784 5469 2881 5509; x_wconf 77' lang='lat' dir='ltr'><strong>eoa:</strong></span> <span class='ocrx_word' id='word_1_892' title='bbox 2916 5463 3272 5523; x_wconf 85' lang='lat' dir='ltr'><strong>congruentem</strong></span> <span class='ocrx_word' id='word_1_893' title='bbox 3308 5454 3445 5507; x_wconf 81' lang='lat' dir='ltr'><strong>vobis</strong></span> <span class='ocrx_word' id='word_1_894' title='bbox 3483 5468 3591 5508; x_wconf 83' lang='lat' dir='ltr'><strong>rem</strong></span> 
     </span>
    </p>
   </div>
   <div class='ocr_carea' id='block_1_143' title="bbox 2006 5524 3592 5596">
    <p class='ocr_par' dir='ltr' id='par_1_143' title="bbox 2006 5524 3592 5596">
     <span class='ocr_line' id='line_1_147' title="bbox 2006 5524 3592 5596; baseline 0.002 -20"><span class='ocrx_word' id='word_1_895' title='bbox 2006 5525 2186 5596; x_wconf 77' lang='lat' dir='ltr'><strong>fecisse</strong></span> <span class='ocrx_word' id='word_1_896' title='bbox 2229 5526 2551 5596; x_wconf 72' lang='lat' dir='ltr'><strong>ntanifrstum</strong></span> <span class='ocrx_word' id='word_1_897' title='bbox 2587 5525 2688 5589; x_wconf 84' lang='lat' dir='ltr'><strong>sit;</strong></span> <span class='ocrx_word' id='word_1_898' title='bbox 2737 5541 2828 5578; x_wconf 88' lang='lat' dir='ltr'><strong>nos</strong></span> <span class='ocrx_word' id='word_1_899' title='bbox 2867 5533 3034 5579; x_wconf 82' lang='lat' dir='ltr'><strong>tamen</strong></span> <span class='ocrx_word' id='word_1_900' title='bbox 3061 5524 3194 5578; x_wconf 81' lang='lat' dir='ltr'><strong>nihil</strong></span> <span class='ocrx_word' id='word_1_901' title='bbox 3220 5536 3503 5578; x_wconf 73' lang='lat' dir='ltr'><strong>n08&#39;t‘0t&#39;tlm</strong></span> <span class='ocrx_word' id='word_1_902' title='bbox 3530 5541 3592 5579; x_wconf 82' lang='lat' dir='ltr'><strong>ea:</strong></span> 
     </span>
    </p>
   </div>
   <div class='ocr_carea' id='block_1_144' title="bbox 2008 5595 3591 5668">
    <p class='ocr_par' dir='ltr' id='par_1_144' title="bbox 2008 5595 3591 5668">
     <span class='ocr_line' id='line_1_148' title="bbox 2008 5595 3591 5668; baseline 0.002 -21"><span class='ocrx_word' id='word_1_903' title='bbox 2008 5595 2237 5668; x_wconf 80' lang='lat' dir='ltr'><strong>omnibus</strong></span> <span class='ocrx_word' id='word_1_904' title='bbox 2261 5595 2668 5668; x_wconf 29' lang='lat' dir='ltr'><strong>qute‘dtctasunt</strong></span> <span class='ocrx_word' id='word_1_905' title='bbox 2690 5607 3040 5668; x_wconf 81' lang='lat' dir='ltr'><strong>agnoscentes,</strong></span> <span class='ocrx_word' id='word_1_906' title='bbox 3054 5595 3405 5649; x_wconf 83' lang='lat' dir='ltr'><strong>verecundiam</strong></span> <span class='ocrx_word' id='word_1_907' title='bbox 3428 5598 3591 5668; x_wconf 82' lang='lat' dir='ltr'><strong>nmgis</strong></span> 
     </span>
    </p>
   </div>
   <div class='ocr_carea' id='block_1_145' title="bbox 2007 5664 3585 5736">
    <p class='ocr_par' dir='ltr' id='par_1_145' title="bbox 2007 5664 3585 5736">
     <span class='ocr_line' id='line_1_149' title="bbox 2007 5664 3585 5736; baseline 0.001 -19"><span class='ocrx_word' id='word_1_908' title='bbox 2007 5664 2333 5736; x_wconf 71' lang='lat' dir='ltr'><strong>incurrimus,</strong></span> <span class='ocrx_word' id='word_1_909' title='bbox 2354 5665 2489 5720; x_wconf 84' lang='lat' dir='ltr'><strong>illud</strong></span> <span class='ocrx_word' id='word_1_910' title='bbox 2516 5664 2798 5721; x_wconf 70' lang='lat' dir='ltr'><strong>doctissitni</strong></span> <span class='ocrx_word' id='word_1_911' title='bbox 2824 5668 2917 5720; x_wconf 87' lang='lat' dir='ltr'><strong>viri</strong></span> <span class='ocrx_word' id='word_1_912' title='bbox 2947 5667 3014 5720; x_wconf 87' lang='lat' dir='ltr'><strong>ad</strong></span> <span class='ocrx_word' id='word_1_913' title='bbox 3037 5669 3263 5720; x_wconf 87' lang='lat' dir='ltr'><strong>animum</strong></span> <span class='ocrx_word' id='word_1_914' title='bbox 3291 5664 3585 5736; x_wconf 62' lang='lat' dir='ltr'><strong>referentes,</strong></span> 
     </span>
    </p>
   </div>
   <div class='ocr_carea' id='block_1_146' title="bbox 2009 5734 3587 5808">
    <p class='ocr_par' dir='ltr' id='par_1_146' title="bbox 2009 5734 3587 5808">
     <span class='ocr_line' id='line_1_150' title="bbox 2009 5734 3587 5808; baseline 0.001 -19"><span class='ocrx_word' id='word_1_915' title='bbox 2009 5734 2155 5808; x_wconf 85' lang='lat' dir='ltr'><strong>Sicut</strong></span> <span class='ocrx_word' id='word_1_916' title='bbox 2182 5753 2309 5808; x_wconf 61' lang='lat' dir='ltr'><strong>uera</strong></span> <span class='ocrx_word' id='word_1_917' title='bbox 2322 5738 2434 5790; x_wconf 84' lang='lat' dir='ltr'><strong>laus</strong></span> <span class='ocrx_word' id='word_1_918' title='bbox 2460 5746 2628 5803; x_wconf 86' lang='lat' dir='ltr'><strong>ornat,</strong></span> <span class='ocrx_word' id='word_1_919' title='bbox 2662 5738 2733 5791; x_wconf 84' lang='lat' dir='ltr'><strong>sic</strong></span> <span class='ocrx_word' id='word_1_920' title='bbox 2759 5736 2894 5807; x_wconf 80' lang='lat' dir='ltr'><strong>falsa</strong></span> <span class='ocrx_word' id='word_1_921' title='bbox 2922 5740 3157 5808; x_wconf 84' lang='lat' dir='ltr'><strong>castigat.</strong></span> <span class='ocrx_word' id='word_1_922' title='bbox 3193 5739 3304 5792; x_wconf 84' lang='lat' dir='ltr'><strong>Non</strong></span> <span class='ocrx_word' id='word_1_923' title='bbox 3327 5734 3587 5792; x_wconf 87' lang='lat' dir='ltr'><strong>dissimile</strong></span> 
     </span>
    </p>
   </div>
   <div class='ocr_carea' id='block_1_147' title="bbox 2009 5806 3588 5879">
    <p class='ocr_par' dir='ltr' id='par_1_147' title="bbox 2009 5806 3588 5879">
     <span class='ocr_line' id='line_1_151' title="bbox 2009 5806 3588 5879; baseline 0.004 -20"><span class='ocrx_word' id='word_1_924' title='bbox 2009 5815 2090 5879; x_wconf 81' lang='lat' dir='ltr'><strong>est</strong></span> <span class='ocrx_word' id='word_1_925' title='bbox 2117 5806 2244 5860; x_wconf 89' lang='lat' dir='ltr'><strong>il&#39;ud</strong></span> <span class='ocrx_word' id='word_1_926' title='bbox 2273 5806 2658 5879; x_wconf 80' lang='lat' dir='ltr'><strong>Tlieopliylacti</strong></span> <span class='ocrx_word' id='word_1_927' title='bbox 2690 5806 2975 5864; x_wconf 62' lang='lat' dir='ltr'><strong>Simocataa</strong></span> <span class='ocrx_word' id='word_1_928' title='bbox 3010 5806 3067 5864; x_wconf 80' lang='lat' dir='ltr'><strong>in</strong></span> <span class='ocrx_word' id='word_1_929' title='bbox 3094 5808 3325 5879; x_wconf 87' lang='lat' dir='ltr'><strong>llistoria</strong></span> <span class='ocrx_word' id='word_1_930' title='bbox 3350 5823 3588 5865; x_wconf 68' lang='lat' dir='ltr'><strong>(acume-</strong></span> 
     </span>
    </p>
   </div>
   <div class='ocr_carea' id='block_1_148' title="bbox 2010 5877 3262 5956">
    <p class='ocr_par' dir='ltr' id='par_1_148' title="bbox 2010 5877 3262 5956">
     <span class='ocr_line' id='line_1_152' title="bbox 2010 5877 3262 5956; baseline 0.005 -25"><span class='ocrx_word' id='word_1_931' title='bbox 2010 5877 2151 5943; x_wconf 87' lang='lat' dir='ltr'><strong>nica,</strong></span> <span class='ocrx_word' id='word_1_932' title='bbox 2179 5877 2720 5945; x_wconf 16' lang='grc' dir='ltr'><strong>ἐπὶπλγστοςήὲπαινος</strong></span> <span class='ocrx_word' id='word_1_933' title='bbox 2745 5881 3045 5956; x_wconf 74' lang='grc' dir='ltr'><strong>ἀτιμότερος</strong></span> <span class='ocrx_word' id='word_1_934' title='bbox 3079 5878 3262 5953; x_wconf 64' lang='grc' dir='ltr'><strong>ψόγον.</strong></span> 
     </span>
    </p>
   </div>
  </div>
