4140 6336
478 290 589 350 605

1755 283 1813 341 Si
1826 283 2000 340 DUNH
2039 282 2489 351 APOLUHAPJS

3648 287 3763 349 604

481 408 714 481 pectoris
743 419 1011 459 vomerem
1044 404 1231 474 (igere,
1272 403 1363 459 ubi
1407 404 1645 459 materiai
1675 404 1873 460 sterilis
1898 418 2060 474 argn-
2093 403 2140 467 Α
2169 401 2330 457 etiam
2376 401 2721 465 matrimonio
2760 410 2906 467 tenet
2944 424 2957 462 :
2992 417 3227 475 cumque
3264 402 3355 483 hic
3394 404 3625 477 origine,
3656 409 3761 467 iste

483 510 745 560 mentum,
788 495 935 551 velut
978 494 1127 550 arida
1163 495 1384 566 cespitis
1431 494 1811 566 macrigleba,
1838 495 2060 567 jejunat.

486 593 722 650 Scaturit
749 588 980 645 mundus
1007 589 1274 645 similibus
1296 587 1584 658 exemplis;
1617 587 1856 644 medicus
1887 587 1939 642 in
1971 587 2067 642 de-

482 689 820 760 speratione,
863 684 1194 755 gubernator
1237 686 1287 739 in
1332 692 1650 753 tempestate
1690 681 2065 752 cognoscitur;

484 784 673 839 horum
714 780 951 835 omnium
984 780 1177 835 famam
1212 778 1570 848 prmcedentia
1614 776 1848 847 pericula
1892 777 2067 832 extol-

482 876 604 931 lunt
638 892 648 926 :
683 889 801 944 quae
834 872 1071 943 profecto
1108 871 1398 941 delitescit,
1428 871 1528 925 nisi
1560 870 1648 924 ubi
1677 869 1953 939 probetur,
1988 869 2073 924 in-

484 966 713 1021 venerit.
761 964 852 1020 Sic
894 973 948 1019 et
988 958 1211 1036 magnus
1251 972 1451 1031 orator,
1497 964 1542 1019 si
1576 964 1843 1033 negotium
1886 977 2073 1033 aggre-

483 1058 660 1114 diatur
680 1066 985 1128 angustum,
1010 1066 1137 1112 tunc
1158 1058 1393 1125 amplum
1411 1056 1741 1126 plausibilius
1764 1055 2071 1111 manifestat

486 1144 782 1221 ingenium.
828 1151 897 1205 Μ.
928 1150 1132 1205 Tullius
1162 1149 1215 1205 in
1247 1148 1547 1215 actionibus
1578 1148 1787 1203 caeteris
1817 1158 2070 1214 cmteros,

486 1252 512 1280 λ
544 1258 641 1311 pro
670 1243 733 1295 A.
778 1238 1021 1295 Cluentio
1052 1240 1164 1309 ipse
1194 1256 1253 1296 se
1280 1240 1424 1293 vicit.
1468 1239 1536 1293 bl.
1571 1240 1772 1294 Fronto
1799 1254 1919 1293 cum
1948 1240 2073 1294 reli—

485 1335 603 1403 quis
642 1332 975 1387 orationibus
1012 1333 1298 1397 cmiueret,
1339 1331 1392 1385 in
1426 1331 1677 1400 Pelopem
1707 1347 1766 1387 se
1796 1332 1895 1386 sibi
1930 1348 2071 1400 pra:-

486 1426 622 1481 tulit.
648 1424 710 1479 C.
740 1425 939 1479 Plinius
974 1441 1069 1494 pro
1093 1425 1235 1479 Attia
1268 1422 1471 1479 Variola
1500 1424 1619 1492 plus
1642 1424 1827 1494 gloriae
1854 1424 1921 1478 dc
1947 1439 2073 1479 cen-

486 1518 759 1573 tumvirali
810 1528 1056 1588 suggestu
1102 1516 1319 1571 domum
1372 1517 1573 1585 retulit,
1606 1532 1781 1586 Β(ιιιειιιι
1831 1531 1951 1571 cum
2000 1516 2071 1571 M.

492 1612 647 1682 Ulpio
707 1612 1110 1681 incomparabili
1159 1611 1388 1681 principi
1441 1611 1857 1681 comparabilem
1914 1611 2073 1685 232

486 1707 864 1777 panegyricum
916 1706 1071 1759 dixit.
1112 1705 1201 1760 Sic
1232 1714 1287 1760 et
1329 1707 1443 1774 ipse
1487 1704 1682 1771 fecisti,
1715 1706 1802 1774 qui
1837 1705 1961 1759 dttm
1993 1707 2069 1759 vis

2174 494 2456 567 coniugio;
2504 496 2696 553 melius
2734 495 2900 565 illud,
2938 496 3088 569 quod
3138 496 3364 569 uterque
3406 499 3632 569 judicio.
3686 502 3765 561 Te

2171 598 2370 657 Buten,
2402 604 2629 647 munere
2668 590 2784 657 Dei,
2812 589 2957 649 inter
2984 589 3088 651 ista
3108 589 3326 653 felicem
3350 608 3365 646 :
3386 590 3458 648 de
3485 607 3607 661 quo.
3633 592 3761 651 diu»

2172 678 2277 739 tius
2325 680 2640 752 occupando
2679 679 3132 752 possidendoque,
3183 696 3365 752 operae
3402 683 3633 757 pretium
3676 690 3770 742 est

2173 772 2353 828 votiva
2400 772 2720 843 p0pulorum
2752 772 2929 829 studia
2957 772 3268 843 conﬂigere.
3315 774 3396 837 Tu
3436 790 3566 835 vero
3598 777 3769 837 wn-

2174 882 2280 938 que
2303 867 2646 937 praesentiam
2669 875 2813 925 tuam
2835 867 3114 939 disposite,
3144 868 3491 939 vicissimque
3512 870 3766 939 partitus.

2176 974 2323 1025 nunc
2358 970 2380 1000 ο
2414 960 2741 1032 Drepanium
2772 960 2899 1028 illis,
2933 960 3093 1021 modo
3136 960 3256 1017 istis
3298 960 3535 1025 restituis
3562 961 3770 1024 Anthe-

2174 1052 2321 1117 dium
2351 1070 2365 1107 :
2397 1062 2451 1110 et
2488 1053 2534 1109 si
2576 1068 2607 1109 a
2658 1062 2711 1108 te
2750 1053 3034 1117 instructio
3071 1053 3341 1115 rhetorica
3392 1062 3677 1124 poscatur,
3712 1054 3771 1117 hi

2172 1142 2201 1187 ιι
2227 1145 2530 1211 Paulinum,
2562 1146 2637 1207 illi
2668 1146 2936 1211 Alcinmm
2966 1162 3072 1205 non
3099 1147 3401 1218 requirunt.
3420 1128 3771 1211 Uudeiema-

2174 1238 2257 1307 gis
2278 1237 2465 1301 miror,
2485 1252 2645 1306 quem
2669 1238 2908 1305 quotidie
2936 1238 3246 1305 multiplicis
3269 1238 3614 1303 bibliotheca:
3637 1255 3773 1297 ven-

2178 1330 2328 1389 tilata
2362 1330 2525 1387 lassat
2562 1330 2792 1399 egeries,
2824 1329 3025 1399 aliquid
3058 1345 3087 1385 a
3126 1346 3212 1391 me
3247 1339 3487 1389 veterum
3522 1332 3774 1403 ﬂagitare

2178 1424 2596 1480 cantilenarum.
2625 1423 2798 1481 Pareo
2824 1424 3067 1494 quidem,
3098 1424 3227 1487 licet
3268 1425 3648 1496 intempestiva
3687 1426 3776 1483 vi-

2181 1515 2371 1575 deatur
2392 1515 2696 1571 recordatio
2721 1516 2965 1586 iocorum
2998 1526 3243 1587 tempore
3270 1518 3495 1575 dolenti.
3522 1519 3777 1590 Lampri-

2180 1608 2301 1664 dius
2328 1618 2510 1663 orator
2538 1610 2699 1667 modo
2728 1611 2886 1683 233
2927 1612 3159 1680 primum
3182 1612 3313 1668 mihi
3342 1613 3579 1673 occisum
3606 1629 3779 1685 agno-

2183 1703 2351 1757 scitur
2381 1719 2396 1760 :
2428 1702 2581 1772 cujus
2610 1703 2856 1758 interitus
2884 1720 3121 1759 amorem
3148 1720 3327 1759 meum
3355 1706 3577 1762 summis
3602 1707 3781 1762 conﬁ-

490 1813 745 1856 excrcere
787 1798 1067 1854 scientiam
1107 1808 1272 1863 tuam,
1321 1813 1427 1852 non
1476 1798 1683 1853 veritus
1723 1814 1780 1853 es
1825 1800 1935 1853 fore
1984 1798 2074 1853 tibi
2105 1800 2155 1873 β
2183 1804 2331 1850 ceret
2361 1796 2671 1865 angoribus,
2697 1796 2907 1851 etiamsi
2951 1811 3055 1850 non
3086 1813 3206 1851 eum
3232 1798 3397 1852 rebus
3424 1797 3675 1854 humanis
3696 1798 3783 1856 vis

490 1896 876 1965 impedimento
903 1897 1062 1949 etiam
1087 1894 1469 1949 conscientiam
1503 1908 1696 1947 meam.
1723 1893 1858 1960 Quin
1900 1892 2077 1963 potius

490 1987 841 2058 supplicando
890 1988 1023 2042 meis
1071 1987 1287 2042 medere
1333 1986 1674 2057 languoribus
1712 2005 1725 2039 :
1759 2000 1931 2057 neque
1982 2001 2078 2056 per

491 2081 793 2151 decipulum
828 2080 969 2134 male
998 2079 1326 2135 blandientis
1348 2078 1550 2149 eloquii
1573 2079 1881 2148 aegrotantis
1901 2076 2079 2135 adhuc

491 2176 683 2231 animze
734 2174 1073 2245 fragilitatem
1124 2174 1308 2244 gloriae
1354 2173 1503 2229 l’alste
1554 2173 1793 2243 pondere
1839 2188 2075 2243 premas.

492 2267 633 2321 Sane
675 2281 796 2320 cum
843 2265 937 2319 tibi
982 2279 1230 2320 sermone
1268 2266 1492 2335 pulchro
1529 2267 1637 2321 vita
1672 2270 1744 2321 sit
1784 2266 2075 2336 pulchrior,

495 2362 610 2429 plus
639 2360 766 2415 mihi
811 2360 1076 2428 indulges,
1124 2359 1167 2414 si
1208 2360 1311 2415 mei
1338 2374 1499 2416 causa
1540 2375 1695 2415 orare
1728 2360 1905 2431 potius
1946 2360 2078 2416 velis

495 2471 652 2526 quam
685 2469 957 2524 perorare.
993 2454 1142 2511 Vale.

1061 2546 1388 2613 EPISTOLA
1435 2549 1524 2607 XI.

881 2638 1129 2695 Sidonius
1159 2639 1309 2711 Lupo
1332 2658 1422 2699 suo
1454 2643 1691 2705 salutem.
2049 2705 2053 2707 λ

567 2729 701 2799 Quid
732 2741 893 2802 agunt
914 2730 1268 2803 Nitiobroges,
1294 2731 1322 2777 δ
1345 2734 1473 2805 quid
1499 2733 1789 2797 Vesunnici
1820 2734 1921 2803 tui,
1961 2735 2078 2809 qui-

499 2825 596 2881 bus
625 2824 691 2880 de
720 2833 772 2881 te
795 2826 897 2881 sibi
930 2826 1250 2899 altrinsecus
1268 2828 1588 2884 vindicando
1616 2832 1852 2891 nascitur
1866 2844 2081 2902 semper

499 2927 682 2975 sancta
711 2919 1018 2974 contentio?
1047 2919 1195 2977 Unus
1226 2929 1277 2975 te
1307 2922 1630 2990 patrimonio
1657 2924 1901 2997 populus,
1944 2926 2083 2985 alter

640 3054 715 3111 Η.
738 3055 908 3128 Tullii
937 3055 1101 3128 oratio
1126 3057 1321 3123 optima
1345 3060 1539 3127 fertur,
1575 3075 1690 3128 qua:
1720 3060 1975 3126 maxima,
2007 3065 2083 3117 ait

502 3127 706 3185 Plinius
728 3127 908 3196 junior
934 3126 1384 3198 deVCltteutiana:
1413 3130 1499 3198 qtti
1532 3126 1655 3186 alibi
1685 3147 1896 3198 quoque
1926 3147 2077 3189 suant

541 3213 600 3252 ro
632 3197 839 3252 Variola
868 3197 1192 3270 praecipuam
1227 3201 1365 3253 inter
1392 3197 1577 3261 omnes
1606 3197 1840 3271 habitam
1874 3206 2079 3263 scribit.

504 3214 701 3321 gerum
735 3269 869 3321 luce.
897 3280 951 3321 ut
982 3266 1211 3321 Cornelii
1246 3269 1532 3321 Frontonis
1558 3273 1696 3321 actio
1731 3289 1775 3321 ιη
1809 3270 2078 3321 Pelnnnm.

553 3266 951 3343 erttrn_lttce,'ut
982 3266 1532 3343 CorneliiFrotttonis
1558 3268 1696 3325 aetio
1731 3289 1775 3326 tn
1809 3270 2082 3343 Pelopem,

498 3338 795 3400 intercidit,
819 3355 938 3393 eum
964 3339 1173 3396 caeteris
1195 3341 1433 3409 ejusdem
1457 3358 1574 3410 quae
1604 3343 1883 3398 laudantur
1904 3338 2086 3402 a'Cha-

508 3411 677 3485 risio,
730 3410 785 3485 Et
810 3410 1011 3485 lgentio
1048 3422 1122 3485 et.
1150 3428 1177 3464 a
1221 3413 1514 3468 Constantii
1563 3417 1921 3485 pauegyriste,
1963 3434 2085 3473 cum

506 3480 608 3559 hoc
630 3481 826 3559 elogio,
848 3479 1044 3559 Ifrouto
1071 3480 1316 3545 Romana:
1335 3479 1634 3556 eloquentia:
1658 3479 1756 3541 τιὗὴ
1782 3479 2084 3559 secundum,

504 3552 592 3606 sed
613 3554 830 3605 alterum
861 3553 1032 3607 decus.

575 3622 602 3663 δ
646 3625 793 3700 llunc
817 3624 992 3678 locum
1024 3626 1169 3689 olim,
1200 3640 1321 3680 cum
1345 3626 1527 3697 quidve
1558 3626 1773 3683 Sonnici
1796 3629 2087 3700 legeretur,

506 3696 903 3772 ex__rottjeetttr.i
934 3699 1288 3772 correximus,
1323 3696 1707 3772 partimunius
1749 3696 1948 3757 codicis
1988 3719 2090 3772 ope

506 3764 921 3841 adjuti,'partitn
958 3764 1342 3841 exgutriusque
1382 3770 1561 3841 populi
1594 3772 1807 3828 vicinia.
1856 3764 2089 3835 Proximi

506 3842 647 3914 enim
676 3837 1201 3914 sunt‘Nitiobrigtbus
1233 3837 1892 3914 Vesunnici.Ptolemaeus
1924 3862 1937 3903 :
1968 3849 2091 3902 ἰ’πό

507 3913 629 3968 τοὺς
662 3907 987 3983 Καδούρκους
1018 3912 1644 3986 Harpoxéptm,_mi1r6).tc
1678 3907 1966 3986 Οὔεσᾳιινα,
1990 3919 2091 3971 ὑπὸ

510 3983 885 4060 Ψηρςχορὶοιίς
905 3983 1199 4060 magnarius;
1220 3983 1654 4060 Νἰῖιόϐριγεςλκαὶ
1674 3984 2090 4060 πόλις-’ίΛγιπινονζ

508 4049 618 4103 Soli
641 4049 912 4122 gadio-cis,
930 4049 1120 4118 inquit,
1137 4064 1259 4122 sunt
1281 4049 1585 4119 Petr'oéor'ii,
1600 4066 1645 4109 et
1670 4056 1790 4110 urbs
1823 4049 2095 4122 Vesuvina;

510 4123 599 4196 sit!)
634 4118 913 4196 Petrocorii
939 4122 1021 4196 siti
1051 4132 1169 4174 sunt
1211 4120 1544 4196 Nitiobriges,
1578 4137 1622 4177 et
1661 4126 1778 4178 urbs
1810 4118 2090 4196 Agimmm.

510 4189 680 4253 Quam
724 4190 1155 4246 emendationem
1196 4207 1316 4247 cum
1364 4189 1827 4255 ad'docttssimum
1857 4189 2093 4254 'l’etrutn

510 4257 803 4332 Pithmum,
838 4270 890 4312 ιιι
918 4276 1030 4314 mos
1064 4271 1197 4323 erat,
1225 4264 1618 4329 retulissetnus,
1649 4268 1718 4321 ita
1748 4268 2009 4332 probavit,
2038 4278 2096 4324 ut

512 4330 759 4407 mercede
783 4342 1177 4407 muneraretur,
1219 4336 1437 4407 antiqua
1473 4330 1828 4407 inscriptione
1858 4330 2095 4395 nondum

513 4400 833 4526 tune)_edita,
864 4417 983 4471 qua:
1017 4404 1277 4461 \‘esunnzc
1321 4400 1580 4467 hactenus
1608 4400 1974 4474 conservatur,
2014 4413 2097 4467 Itis

515 4485 611 4526 ver
652 4485 734 4526 IS:

515 4485 696 4528 νθτοιε
722 4490 734 4525 ζ

1077 4569 1352 4625 TU-TELE
1393 4571 1535 4628 AUG

1128 4641 1470 4700 VESUNNA'I

1131 4712 1487 4771 SECUNDUS

987 4784 1209 4839 SOTER
1249 4785 1307 4839 L.
1354 4786 1413 4840 D.
1457 4788 1515 4843 S.
1558 4789 1622 4843 Ι).

511 4896 621 4969 89
668 4894 735 4953 Ut
799 4913 927 4971 ergo
980 4900 1241 4957 Vesuuina:
1295 4918 1492 4961 nomen
1547 4906 1685 4971 male
1727 4916 1882 4963 antea
1922 4908 2098 4965 divul-

514 4983 632 5025 sum
666 4970 1026 5052 restitttitnus,
1088 4974 1159 5052 ita
1190 4974 1662 5052 restituidebetin
1694 4977 2090 5052 Postuminus.

516 5054 737 5115 nummo
769 5040 1061 5110 inscriptio,
1086 5041 1138 5097 in
1166 5059 1268 5111 qua
1302 5045 1661 5105 HERCULES
1690 5040 2099 5115 DEUSONIEN-

516 5110 618 5169 SIS
645 5126 673 5164 τι
708 5111 953 5185 Deusone
1004 5110 1240 5177 veterum
1282 5115 1611 5177 Francorum
1659 5129 1805 5177 trans
1854 5110 2097 5177 Rhenum

520 5185 651 5253 urbe
697 5195 1055 5255 nuncupatur,
1083 5186 1145 5237 ad
1178 5202 1335 5254 quam
1367 5202 1536 5247 caesos
1563 5190 1691 5249 olim
1730 5192 2098 5248 Valentiniano

519 5254 774 5323 regnante
802 5269 830 5309 a
870 5254 1089 5323 Francts
1124 5254 1361 5313 Saxones
1400 5272 1589 5317 auctor
1625 5272 1707 5319 est
1747 5263 1799 5318 in
1830 5264 2099 5319 Chronico

521 5323 897 5397 Hieronymus.
928 5327 1065 5383 Male
1091 5327 1231 5391 etiitn
1263 5330 1328 5391 ait
1377 5329 1614 5397 "liberto
1647 5331 1851 5391 Goltzio
1894 5335 2099 5389 divulsa

521 5395 1064 5471 vocenleetumatquc
1094 5400 1143 5453 in
1177 5396 1459 5463 Thesauro
1484 5395 1759 5461 exaratum
1790 5414 1893 5471 est,
1923 5406 2101 5461 DEUS

522 5462 1121 5547 QNIENSIS.__Vidimu_s
1152 5482 1202 5526 et
1232 5472 1364 5547 alios
1384 5462 1512 5547 ,tum
1539 5489 1738 5547 aeneus,
1771 5462 2102 5547 tum'argen-

525 5536 969 5635 isg‘SLAll‘i‘ﬂt‘liPuS
1000 5541 1187 5635 eadem
1233 5542 1534 5614 inscriptio,
1560 5546 1655 5600 sed
1687 5536 1825 5603 nuda
1856 5536 2102 5604 Herculis

525 5611 1304 5762 Pglcgiiioiirepanii
1332 5694 1508 5762 e_rstat
1533 5690 1886 5762 panegyricus
1925 5691 2097 5747 Theo-

527 5748 679 5804 dosio
708 5747 891 5804 Romae
919 5750 1114 5833 dictus,
1141 5747 1191 5811 in
1220 5747 1755 5833 quo_Transalpintim
1782 5775 1842 5816 se
1872 5764 2099 5833 Aquita-

529 5774 679 5804 υυδιυ
708 5774 891 5804 nuntiat:
919 5774 1114 5820 utcuts,
1141 5774 1191 5811 ιιι
1220 5774 1327 5826 quo
1350 5774 1569 5814 transat
1612 5775 1755 5815 mum
1782 5775 1842 5816 se
1872 5774 2095 5833 Aquita-

529 5834 762 5892 nutnque
805 5836 911 5897 non
961 5822 1187 5897 obscure
1219 5829 1526 5898 proﬁtetur.
1575 5774 1833 5890 Eumdetu
1882 5845 2095 5904 poetam

2184 1889 2411 1957 impacta
2444 1888 2731 1956 rapuisset.
2757 1887 2855 1943 Hic
2888 1903 2972 1943 me
3004 1888 3271 1960 quondam
3300 1890 3380 1961 (ut
3406 1891 3547 1946 inter
3574 1892 3784 1948 amicos

2180 1979 2322 2051 ioca)
2366 1979 2626 2037 Phoebum
2673 1980 2920 2050 vocabat,
2965 1981 3079 2052 ipse
3123 1996 3153 2036 a
3193 1983 3349 2038 nobis
3387 1984 3524 2038 vatis
3560 1983 3782 2057 Odrysii

2184 2074 2399 2130 nomine
2429 2082 2669 2143 accepto.
2712 2074 2868 2141 Quod
2901 2088 2967 2130 eo
2997 2076 3247 2144 congruit
3291 2078 3675 2143 ante—narrari,
3711 2094 3786 2134 ne

2186 2168 2447 2224 vocabula
2479 2169 2703 2238 ﬁgurata
2742 2168 3015 2224 subditum
3048 2183 3266 2224 carmen
3297 2169 3609 2225 obscurent.
3644 2170 3785 2227 lluie

2186 2263 2417 2334 quodam
2448 2272 2688 2333 tempore
2729 2263 3077 2334 Burdegalam
3116 2264 3352 2321 invisens
3379 2274 3403 2302 ο
3435 2267 3784 2322 metatoriam

2195 2362 2466 2433 paginam,
2512 2361 2663 2431 quasi
2702 2377 2823 2416 cum
2864 2360 3009 2415 Musa
3054 2361 3249 2431 praevia
3286 2361 3431 2417 misi.
3478 2362 3614 2416 Puto
3643 2362 3787 2419 hanc

2189 2454 2282 2508 tibi
2313 2454 2536 2509 liberius
2565 2452 2744 2509 offerri
2777 2468 2938 2525 quam
2969 2453 3012 2508 si
3043 2452 3239 2526 aliquid
3270 2469 3435 2525 super
3464 2455 3782 2512 decedentis

2188 2561 2384 2601 occasu
2436 2546 2663 2616 lugubre
2709 2560 3061 2615 componens,
3102 2546 3192 2617 qui
3220 2561 3327 2604 non
3367 2546 3641 2617 placebam
3688 2562 3787 2619 per
3886 2540 3895 2553 ’

2189 2640 2574 2712 eloquentiam,
2608 2654 2704 2710 per
2735 2640 3013 2694 materiam
3038 2638 3402 2710 displicerem.

2310 2772 2329 2810 ῐ
2362 2773 2566 2837 Dilecta:
2582 2774 2741 2837 nimis,
2761 2776 2815 2837 _et
2835 2772 3076 2837 peculiari

2312 2835 2515 2901 Pluebus
2538 2834 2948 2888 commonitorium
2978 2835 3185 2887 Thaliae.

2314 2941 2517 2992 Paulum
2537 2943 2794 3006 depositis,
2820 2940 3032 3002 alumna,
3055 2941 3259 3005 plectris

2189 3068 2442 3124 eximium
2492 3069 2745 3139 praedicat
2789 3068 3295 3142 Ausoniusldyllio
3344 3070 3396 3124 7.
3454 3070 3785 3131 Anthedium

2190 3155 2403 3207 quoque
2432 3142 2604 3210 poetis
2644 3151 2961 3195 annumerat
3000 3140 3253 3196 Sidonius
3282 3142 3334 3196 in
3383 3144 3622 3201 carmine
3650 3146 3686 3199 9
3714 3145 3787 3202 ad

2195 3211 2499 3287 Felicem,
2529 3221 2581 3266 et
2610 3212 2661 3265 in
2703 3212 2925 3287 epistola
2976 3212 3040 3267 ad
3091 3213 3373 3271 Leontium
3404 3229 3520 3283 qua:
3548 3215 3786 3287 Burgum

2150 3299 2167 3320 ο
2193 3284 2383 3354 (carm.
2414 3282 2509 3354 22)
2542 3283 2833 3338 antecedit.

2265 3351 2291 3389 ἀ
2320 3351 2555 3407 Alcimus
2588 3355 2775 3410 rhetor
2802 3355 2847 3410 is
2876 3355 3085 3412 videtur
3129 3369 3287 3425 quem
3330 3372 3449 3411 cum
3492 3355 3774 3423 Delphidio

2194 3426 2243 3479 in
2280 3424 2566 3494 Aquitania
2590 3425 2967 3481 ﬂorentissime
2997 3424 3246 3482 docuisse
3276 3428 3461 3483 scribit
3483 3427 3617 3483 idem
3646 3427 3777 3483 ilic-

2194 3493 2467 3567 ronyntus.
2524 3493 2799 3551 Fortitudo
2842 3497 3072 3564 Alcimi,
3130 3498 3221 3552 lib.
3273 3515 3327 3563 ν,
3375 3500 3531 3567 epist.
3584 3499 3668 3553 10.
3700 3499 3784 3555 De

2197 3566 2462 3631 Paulino,
2506 3582 2791 3635 quemnam
2842 3569 2984 3624 dicat
3033 3570 3210 3623 minus
3254 3566 3608 3639 exploratum.
3651 3570 3787 3627 Nam

2195 3648 2393 3705 prmier
2432 3639 2691 3692 Nolanum
2716 3681 2733 3703 ,
2767 3640 2945 3709 plures
2976 3641 3063 3695 alii
3094 3641 3308 3710 scriptis
3333 3643 3497 3696 etiam
3527 3642 3636 3697 suis
3669 3644 3785 3696 noti

2194 3711 2393 3765 saeculo
2421 3710 2739 3781 Sidoniano:
2764 3719 2821 3765 ut
2851 3710 3103 3767 Paulinus
3132 3710 3414 3781 episeopus
3442 3712 3786 3779 Biterrensis,

2194 3781 2348 3847 cujus
2378 3780 2659 3849 epistolam
2690 3782 2790 3837 sub
2813 3798 3010 3837 annum
3042 3780 3238 3837 Christi
3269 3782 3371 3839 4ἳο
3396 3793 3789 3839 commemorat

2196 3852 2415 3924 ldatius.
2444 3851 2695 3905 Paulinus
2722 3861 2908 3924 auctor
2938 3854 3190 3909 carminis
3223 3853 3595 3920 Eucharistici,
3622 3871 3787 3924 quem

2197 3923 2420 3994 Ausonii
2471 3939 2536 3977 ex
2572 3924 2679 3978 lilio
2725 3923 2984 3993 Hesperio
3031 3934 3280 3993 nepotem
3326 3926 3513 3981 videor
3554 3941 3619 3981 ex
3647 3923 3787 3994 ejus

2196 3993 2945 4066 versibus,deprehendisse;
3005 3995 3259 4049 Paulinus
3304 3996 3573 4065 denique,
3626 3993 3784 4066 cujus

2199 4074 2323 4116 sunt
2356 4064 2472 4117 libri
2506 4081 2553 4117 vt
2583 4064 2649 4119 de
2676 4065 2790 4119 Vita
2817 4066 2873 4121 S.
2908 4067 3155 4135 Martini,
3190 4076 3360 4120 metro
3399 4064 3526 4122 item
3555 4064 3783 4137 scripti,

2198 4150 2356 4205 quem
2404 4149 2522 4188 cum
2568 4145 2748 4191 vetera
2790 4139 3151 4205 exemplaria,
3201 4137 3513 4193 Vaticanum
3552 4149 3605 4195 et
3648 4143 3789 4193 Cor-

2200 4204 2434 4271 beiense,
2469 4206 2745 4261 Paulinum
2772 4204 3158 4264 PetricOrdium
3197 4210 3490 4275 nominent,
3528 4210 3791 4264 Petroco-

2202 4276 2339 4330 rium
2375 4276 2621 4345 fortasse,
2658 4279 2759 4333 hoc
2796 4288 2880 4334 est
2911 4279 3267 4335 Vcsunnicum
3317 4278 3474 4336 liceat
3503 4280 3790 4345 suspicari.

2202 4346 2308 4401 Sed
2356 4345 2609 4403 Paulinus
2640 4349 2842 4403 Sidonii
2890 4350 3173 4405 rhetorica:
3200 4351 3329 4405 artis
3358 4352 3573 4406 nomine
3599 4345 3792 4405 lauda-

2204 4428 2308 4485 tttr,
2339 4433 2446 4473 non
2470 4420 2715 4489 poeticas.

2276 4499 2299 4527 ο
2327 4489 2616 4565 Epistulam
2643 4507 2799 4565 quam
2834 4490 3094 4549 adventus
3132 4497 3213 4550 sui
3245 4503 3485 4565 nuntiam
3516 4494 3800 4563 pramise-

2203 4571 2304 4649 rat,
2332 4563 2484 4643 quasi
2514 4561 2862 4619 diversorium
2904 4568 2987 4620 καὶ
3025 4572 3326 4649 κατςςγςιισχίϋ
3362 4561 3793 4649 designaturatn,

2202 4630 2255 4685 id
2298 4632 2439 4686 enim
2486 4647 2689 4713 munus
2731 4643 3071 4713 metatorum.
3134 4630 3331 4713 Plinius
3391 4630 3676 4713 πρᾷὂρρμον
3739 4630 3800 4692 et

2203 4704 2596 4779 prwcursoriom
2640 4703 2774 4759 dixit
2822 4706 2913 4760 lib.
2968 4723 3038 4779 tv,
3071 4717 3229 4779 eptst.
3263 4708 3296 4762 9
3323 4715 3377 4761 et
3409 4703 3492 4764 f5.
3521 4703 3801 4779 Symma-

2123 4752 2179 4815 D
2202 4752 3391 4845 ἓίιῦἑίῷὧέᾶὶᾶιῖηξ1ριθὲἐιιίίιιῖιξσέξιῇοἶνῶἶι
3442 4752 3797 4845 “inii.”

2205 4844 2409 4919 nunties
2451 4845 2664 4919 litteras,
2709 4856 2765 4919 ut
2792 4846 3041 4903 Sidonius
3073 4852 3287 4914 prmvias
3318 4851 3368 4903 iu
3400 4852 3556 4919 epist.
3587 4844 3653 4903 ad
3688 4850 3799 4905 Pa-

2205 4916 2475 4984 pianillam
2508 4916 2604 4971 lib.
2633 4933 2683 4981 v,
2716 4916 3012 4973 Licinianus
3042 4921 3234 4975 litteras
3267 4916 3508 4974 adventus
3538 4922 3620 4974 sui
3654 4938 3804 4988 pra:-

2202 4988 2311 5061 vias
2342 4988 2495 5061 misit.
2520 4990 2635 5052 Quo
2663 4990 3007 5057 epistolarutu
3034 5006 3228 5061 genere
3259 4992 3393 5045 inter
3420 4993 3620 5046 amicos
3652 4992 3801 5049 nihil

2204 5058 2480 5144 usitatius.
2504 5062 2572 5113 At
2599 5071 2791 5144 contra
2810 5101 2823 5123 ,
2854 5058 3335 5144 qtt:e_yéuientibtts
3364 5063 3549 5118 amicis
3576 5062 3805 5144 obviam

2206 5128 2581 5201 mittebantur,
2603 5128 2930 5186 adventoria:
2958 5131 3117 5187 dicta:
3140 5173 3154 5197 ,
3186 5136 3240 5189 αὶ
3266 5137 3587 5191 detractant
3605 5176 3621 5201 ,
3650 5133 3806 5189 Maia

2207 5199 2315 5252 tiali
2345 5199 2438 5255 lib.
2471 5215 2542 5254 xu
2572 5200 2625 5255 in
2650 5204 2912 5268 prtimmio
2939 5221 2950 5255 :
2977 5214 3030 5258 et
3053 5205 3292 5267 Ausonio
3319 5207 3384 5261 ad
3408 5199 3629 5263 Paulum
3654 5207 3807 5261 San-

2206 5277 2360 5344 tonos
2376 5271 2764 5344 adventantem
2794 5276 2950 5344 epist.
2985 5274 3073 5333 18.
3118 5306 3123 5309 Α
3562 5332 3563 5335 η

2284 5338 2301 5377 ί
2331 5341 2619 5417 Distichnm
2651 5344 2752 5400 hoc
2780 5360 2808 5399 a
2830 5338 3049 5414 'reliquo
3078 5355 3322 5414 poemate
3351 5348 3555 5417 seiungi
3586 5346 3805 5404 debere

2212 5412 2706 5493 tanquam__t_itnlum
2745 5412 3163 5493 et_iﬁt1,0q?73?,
3205 5420 3313 5493 jam
3363 5412 3547 5473 m'onui
3582 5419 3646 5493 ad
3680 5419 3808 5472 Eu-

2208 5482 2444 5560 nodium_
2476 5484 2567 5560 lib.
2617 5501 2651 5539 tt
2677 5528 2692 5551 ,
2746 5488 2903 5558 epist.
2935 5482 3383 5560 ill'tujus'etiam
3429 5490 3640 5560 generis
3664 5503 3810 5551 sunt

2210 5561 2317 5608 tres
2368 5554 2522 5631 primi
2550 5570 2739 5631 versus
2781 5554 3035 5617 carminis
3065 5554 3113 5613 9⁷
3134 5559 3199 5615 ad
3230 5554 3495 5627 Felicem;
3536 5568 3590 5615 et
3634 5562 3811 5631 primi

2209 5639 2421 5705 [ursum
2455 5626 2743 5705 inaliquot
2766 5630 3030 5705 epistolis
3054 5631 3294 5705 Ausonii.
3338 5633 3445 5704 90
3476 5626 3606 5705 item
3634 5626 3809 5705 apud

2207 5695 2475 5776 [turicium
2519 5699 2570 5753 in
2606 5695 3063 5774 hendecasyllabis
3091 5702 3156 5756 ad
3184 5695 3435 5767 Sedetani
3469 5695 3804 5776 episcopum

2204 5766 2644 5825 Netnausettsem.

2448 5850 2625 5903 Sancto
2661 5834 2887 5907 Ruricius
2909 5853 3065 5905 cliens
3088 5862 3293 5919 patrono
