4060 6332
481 366 582 425 607

1747 357 1990 418 SIDONII
2028 356 2481 415 APOLLINARIS

3654 351 3761 409 608

483 482 579 538 llic
609 487 667 535 ut
693 486 963 547 arreptum
992 481 1232 529 suaserat
1258 485 1412 542 opus,
1440 481 1465 507 ³
1502 470 1738 527 ethicam
1770 471 2061 535 dictionem
2094 480 2148 543 Α
2175 470 2332 525 amici
2365 468 2637 525 nascentis
2660 484 2823 535 anno,
2847 480 3215 538 quemcunque
3234 465 3555 522 clementem
3577 464 3764 535 plane-

484 590 583 644 pro
612 584 877 644 personae,
911 567 1166 638 temporis
1186 575 1240 623 et
1263 564 1366 621 loci
1393 565 1648 637 qualitate
1678 565 1947 631 variabat;
1988 563 2071 619 id-

485 681 587 736 que
617 678 723 720 non
748 661 924 718 verbis
952 660 1449 733 qualibuscumque,
1480 659 1571 715 sed
1603 658 1921 729 grandibus,
1953 657 2070 727 pul-

382 768 385 771 '
484 757 669 822 chris,
709 753 1054 812 elucubratis.
1107 753 1162 808 ln
1212 753 1434 808 materia
1461 751 1867 808 controversiali
1916 750 2071 807 fortis

486 859 541 905 et
568 848 864 904 lacertosus
900 864 913 899 :
952 845 1282 915 insatyrica
1323 843 1586 899 sollicitus
1619 852 1671 898 et
1719 842 1977 909 mordax;
2020 842 2073 895 in

488 940 691 1012 tragica
730 955 902 997 saevus
943 950 999 995 et
1035 939 1246 995 ﬂebilis.
1288 939 1342 995 In
1374 938 1586 995 comica
1615 937 1851 993 urbanus
1890 936 2077 992 multi-

488 1034 810 1105 formisque;
854 1032 907 1087 in
950 1032 1261 1088 fescennina
1313 1045 1545 1086 vernans
1593 1030 1793 1096 verbis,
1843 1037 2077 1085 aestuans

490 1128 659 1195 votis;
699 1128 753 1183 in
807 1126 1047 1182 bucolica
1090 1124 1308 1196 vigilax,
1340 1140 1555 1195 parcus,
1588 1122 2075 1189 carminabundus;

491 1223 546 1279 in
587 1222 837 1293 georgica
887 1220 966 1276 sic
1010 1220 1275 1275 rusticans
1325 1219 1547 1275 multum
1575 1261 1592 1287 ,
1638 1219 1778 1291 quod
1827 1218 1961 1274 nihil
1990 1234 2081 1273 ru-

492 1314 679 1370 sticus.
712 1312 980 1369 Praeterea
1012 1311 1152 1382 quod
1182 1311 1247 1366 ad
1287 1311 1680 1382 epigrammata
1712 1321 1942 1381 Spectat,
1974 1326 2082 1368 non

495 1408 670 1477 copia,
716 1405 809 1460 sed
856 1403 1099 1461 acumine
1150 1404 1407 1473 placens;
1449 1419 1568 1473 qua:
1612 1417 1711 1458 nec
1757 1402 1972 1458 brevius
2000 1401 2084 1457 di-

497 1499 712 1566 sticho,
763 1512 862 1553 nec
928 1496 1137 1569 longius
1186 1496 1499 1552 tetrasticho
1555 1496 1878 1553 finiebantur
1928 1512 1944 1550 :
1994 1511 2085 1552 ea-

498 1592 727 1660 demque
782 1605 903 1645 cum
959 1603 1064 1643 non
1121 1604 1287 1659 pauca
1339 1589 1621 1660 piperata,
1681 1589 1870 1644 mellea
1920 1587 2083 1643 multa

499 1684 875 1755 conspiceres,
922 1683 1102 1738 omnia
1145 1691 1321 1738 tamen
1370 1683 1511 1737 salsa
1540 1683 1819 1738 cernebas.
1866 1683 1921 1737 In
1953 1682 2085 1754 lyri-

501 1779 579 1834 cis
642 1786 819 1832 autem
871 1775 1120 1855 Flaccum
1190 1785 1406 1831 secutus
1438 1817 1453 1842 ,
1499 1791 1641 1833 nunc
1706 1775 1979 1831 ferebatur
2028 1776 2086 1831 in

2174 565 2403 620 ticorum
2434 563 2669 619 siderum
2698 562 2913 636 globum
2959 562 3011 618 in
3037 561 3353 619 diastemata
3381 559 3615 616 Zodiaco
3640 574 3765 639 pro-

2174 675 2302 731 sper
2350 668 2502 715 ortus
2547 671 2826 727 erexerat;
2872 660 3013 715 hunc
3042 660 3095 715 iu
3124 673 3318 735 occasu
3364 657 3603 714 cruentis
3630 657 3768 728 igni-

2175 754 2276 810 bus
2307 753 2704 809 inrubescentes
2726 794 2740 819 ,
2782 768 2877 808 seu
2903 751 2931 792 δ
2972 768 3135 824 super
3174 752 3438 809 diametro
3465 750 3771 807 Mercurius

2181 848 2496 919 asyndetus,
2543 862 2637 902 seu
2684 861 2846 916 super
2874 855 3149 917 tetragono
3188 845 3452 903 Saturnus
3496 854 3772 915 retrogra-

2178 939 2297 1006 dus,
2325 954 2419 995 seu
2454 953 2612 1006 super
2638 947 2824 993 centro
2860 938 2997 993 Mars
3032 938 3425 1007 apocatasticus
3449 938 3776 995 exacerbas-

2180 1040 2320 1087 sent.
2348 1030 2452 1087 Sed
2481 1031 2547 1086 de
2573 1030 2867 1101 hisqualia,
2887 1046 3097 1101 quoque
3128 1031 3287 1086 modo
3308 1032 3434 1099 sint,
3462 1046 3775 1103 quanquam

2180 1126 2288 1181 sint
2327 1125 2559 1179 maxime
2594 1134 2616 1163 ο
2651 1124 2805 1194 falsa,
2856 1124 3083 1194 ideoque
3124 1123 3387 1192 fallentia,
3431 1125 3477 1181 si
3503 1124 3630 1196 quid
3663 1124 3771 1193 ple

2181 1222 2303 1276 nius
2345 1220 2657 1289 planiusque
2696 1220 2957 1284 coluerat,
3005 1217 3135 1274 licet
3181 1228 3237 1273 et
3265 1218 3379 1287 ipse
3409 1217 3768 1272 arithmetica:

2182 1314 2419 1381 studeas,
2466 1322 2521 1368 et
2552 1329 2670 1381 quae
2695 1322 2785 1368 tua
2812 1312 3108 1383 diligentia,
3160 1308 3189 1349 ἀ
3210 1310 3522 1377 Vertacum,
3557 1308 3775 1364 Thrasi-

2184 1407 2390 1475 bulum,
2417 1405 2759 1461 Saturninum
2779 1405 3037 1461 sollicitus
3065 1404 3283 1460 evolvas
3303 1443 3319 1469 ,
3352 1413 3407 1459 ut
3429 1404 3521 1473 qui
3559 1417 3776 1471 semper

2189 1502 2264 1556 nil
2292 1500 2396 1556 nisi
2445 1516 2698 1557 arcanum
2749 1498 3059 1569 celsumque
3109 1496 3390 1552 meditere.
3447 1494 3662 1551 Interim
3705 1495 3773 1549 ad

2190 1608 2426 1665 praesens
2448 1594 2521 1649 nil
2546 1591 2979 1663 coniecturaliter
2999 1599 3231 1661 gestum,
3260 1589 3333 1644 nil
3362 1604 3456 1660 per
3480 1586 3740 1658 ambages
3764 1604 3780 1643 :

2189 1687 2615 1759 quandoquidem
2651 1688 2792 1742 hunc
2823 1693 3065 1740 nostrum
3094 1682 3439 1739 temerarium
3472 1681 3782 1736 futurorum

2192 1782 2599 1847 sciscitatorem,
2633 1789 2688 1836 et
2717 1779 2805 1834 diu
2836 1779 3029 1833 frustra
3075 1776 3533 1847 tergiversantem,
3568 1784 3786 1843 tempus

504 1872 731 1928 iambico
760 1873 930 1939 citus,
962 1887 1103 1927 nunc
1147 1871 1199 1926 in
1239 1871 1604 1927 choriambico
1633 1871 1840 1943 gravis,
1874 1885 2014 1925 nunc
2045 1872 2097 1926 in
2126 1864 2175 1927 B
2199 1882 2254 1930 et
2279 1874 2506 1944 qualitas
2527 1871 2795 1943 praedictae
2816 1870 3001 1926 mortis
3033 1869 3291 1924 innexuit.
3317 1866 3446 1922 Nam
3464 1866 3609 1922 domi
3631 1881 3790 1937 pres-

505 1967 707 2022 alcaico
751 1967 1060 2035 fluxuosus,
1094 1980 1233 2020 nunc
1278 1965 1331 2020 in
1374 1964 1630 2036 sapphico
1674 1963 1906 2018 inflatus.
1957 1962 2094 2030 Quid

511 2060 697 2130 plura?
754 2058 1015 2123 Subtilis,
1062 2067 1256 2128 aptus,
1307 2059 1627 2123 instructus;
1686 2071 1899 2128 quaque
1944 2070 2096 2111 mens

509 2151 705 2222 stylum
761 2150 964 2215 ferret,
1028 2149 1502 2219 eloquentissimus
1558 2162 1817 2220 prorsus,
1872 2156 1929 2202 ut
1974 2162 2094 2202 eum

508 2242 629 2311 jure
675 2255 931 2297 censeres
971 2250 1093 2309 post
1122 2238 1446 2294 Horatianos
1475 2248 1530 2293 et
1560 2237 1874 2293 Pindaricos
1899 2251 2099 2310 cycnos

512 2333 701 2403 gloriae
728 2330 917 2402 pennis
948 2332 1302 2386 evolaturum.
1344 2329 1493 2385 Alea:
1518 2370 1535 2397 ,
1567 2328 1795 2399 sphaerae
1821 2369 1835 2395 ,
1868 2344 1974 2402 non
2012 2330 2099 2397 ju-

515 2434 603 2477 xta
650 2422 879 2477 deditus.
933 2421 1064 2476 Nam
1114 2435 1237 2476 cum
1286 2421 1508 2477 tesseris
1556 2420 1624 2475 ad
1671 2421 1908 2476 laborem
1940 2435 2103 2476 occu-

515 2527 753 2585 paretur,
800 2515 906 2586 pila
949 2522 1156 2569 tantum
1207 2514 1273 2568 ad
1322 2514 1685 2585 voluptatem;
1740 2513 1994 2584 fatigabat
2040 2514 2103 2568 li-

519 2608 732 2676 benter,
776 2606 1026 2679 quodque
1069 2607 1189 2676 plus
1228 2606 1417 2673 dulce,
1465 2605 1715 2662 libentius
1763 2605 2097 2677 fatigabatur.

516 2699 796 2756 Scribebat
841 2699 1094 2767 assidue,
1147 2714 1452 2771 quanquam
1498 2698 1829 2768 frequentius
1877 2699 2105 2767 scriptu-

518 2794 672 2849 riret.
735 2793 969 2865 Legebat
1024 2792 1185 2848 etiam
1245 2791 1575 2847 incessanter
1634 2800 1919 2855 auctores,
1980 2802 2103 2845 cum

520 2888 817 2943 reverentia
864 2886 1136 2957 antiquos,
1179 2884 1296 2940 sine
1338 2883 1535 2955 invidia
1566 2891 1833 2940 recentes.
1863 2882 1931 2937 Et
1962 2881 2105 2953 quod

522 2983 661 3039 inter
706 2984 864 3055 237
916 2983 1159 3038 homines
1206 2982 1581 3038 dillicillimum
1630 2991 1752 3049 est,
1801 2980 1932 3037 nulli
1962 2979 2105 3035 diffi-

490 3078 491 3081 “
522 3077 694 3132 culter
737 3076 932 3146 ingenii
978 3075 1188 3132 laudem
1235 3076 1477 3132 cedebat.
1508 3076 1525 3108 ί
1562 3074 1697 3131 Illud
1727 3090 1858 3131 sane
1889 3089 1993 3130 non
2020 3087 2108 3129 so-

464 3206 469 3219 .
526 3170 634 3223 lum
660 3168 922 3238 culpabile
949 3170 1000 3223 in
1034 3170 1149 3224 viro
1178 3170 1311 3237 fuit,
1344 3170 1437 3225 sed
1470 3169 1925 3241 peremptorium;
1966 3167 2107 3237 quod

529 3260 933 3316 mathematicos
962 3262 1229 3331 quondam
1275 3263 1341 3318 de
1371 3264 1491 3318 vitae
1534 3278 1645 3318 sua:
1677 3264 1782 3319 line
1811 3261 2102 3330 consuluit,
2134 3262 2182 3327 C
2212 3277 2447 3325 aestuans
2491 3268 2664 3322 ﬂuxus
2691 3264 3040 3320 exinanisset.
3077 3263 3182 3321 Sed
3214 3263 3455 3333 protinus
3494 3271 3677 3333 capto,
3712 3262 3803 3339 qui

480 6042 500 6068 ο

529 3353 736 3408 urbium
765 3354 906 3407 cives
939 3354 1338 3420 Africanarum;
1378 3355 1572 3425 quibus
1600 3363 1659 3410 ut
1686 3364 1770 3410 est
1799 3356 1946 3425 regio
1965 3396 1979 3420 ,
2026 3354 2104 3409 sic

528 3448 738 3503 animus
783 3446 1055 3501 ardentior.
1095 3464 1108 3500 :
1162 3448 1250 3517 qui
1303 3448 1709 3503 constellatione
1756 3456 2105 3519 percunctan-

529 3542 597 3596 tis
628 3542 889 3611 inspecta,
920 3541 1122 3612 pariter
1149 3556 1368 3607 annum,
1394 3556 1636 3598 mensem
1670 3541 1920 3612 diemque
1956 3540 2108 3596 dixe-

529 3643 682 3699 runt,
713 3650 844 3703 quos
873 3634 892 3706 (
918 3643 971 3687 ut
997 3634 1161 3689 verbo
1191 3633 1494 3691 matheseos
1524 3634 1684 3705 utar)
1716 3635 2109 3690 climactericos

528 3734 671 3779 esset
700 3724 976 3781 habiturus
1002 3734 1218 3794 :utpote
1238 3727 1431 3797 quibus
1461 3726 1698 3783 themate
1727 3728 1928 3793 oblato,
1953 3726 2109 3797 quasi

530 3819 880 3889 sanguinariae
899 3819 1158 3890 geniturae
1178 3821 1392 3877 schema
1414 3822 1699 3891 patuisset:
1715 3821 1840 3892 quia
1859 3822 2112 3878 videlicet

532 3971 792 4040 nopmgnii
844 3969 1130 4023 Ausoniani
1164 3987 1185 4040 γε
1238 3969 1341 4025 nisi
1407 3967 1551 4040 quod
1616 3966 1794 4040 omnia
1848 3965 1931 4040 ibi
1990 3973 2117 4040 sunt

535 4038 863 4095 liexametra.
898 4040 1003 4096 Sed
1048 4042 1092 4096 si
1124 4039 1264 4094 idem
1294 4042 1385 4093 liat
1413 4039 1465 4092 in
1497 4039 1685 4105 elegis,
1717 4039 1986 4107 specimen
2016 4038 2121 4091 erit

533 4114 715 4235 :peris
764 4112 1143 4181 Lampridiani.
1194 4110 1360 4168 Vetus
1416 4111 1747 4180 epitaphium
1806 4107 2119 4179 Eutychetis

570 4197 764 4235 urinae:

570 4197 728 4252 urtgte
751 4199 764 4236 :

660 4315 886 4365 Invidere
909 4316 1033 4366 meis
1055 4316 1193 4366 anuis
1229 4313 1451 4364 crudelia
1480 4314 1595 4376 fata,

723 4377 841 4428 Fata
857 4378 1035 4440 quibus
1056 4386 1278 4441 nequeas
1301 4379 1588 4440 opposuisse
1619 4388 1790 4427 manus

541 4526 766 4581 Possent
805 4526 964 4581 etiam
1014 4526 1080 4581 ad
1128 4525 1482 4595 anadiplosim
1528 4528 1745 4594 referri,
1778 4539 1914 4598 quos
1955 4540 2117 4597 supra

539 4599 880 4654 eclioicorum
909 4599 1027 4652 loco
1059 4598 1392 4668 protulimus.

614 4678 639 4706 ἰ
666 4671 799 4724 Male
826 4679 979 4724 antea
1009 4679 1057 4723 et
1089 4668 1172 4721 hic
1202 4669 1537 4725 additionem.
1575 4668 1982 4723 Emendationis
2007 4668 2117 4737 jam

544 4739 1052 4796 commonefecimus
1096 4741 1148 4795 in
1195 4741 1334 4795 notis
1376 4741 1441 4795 ad
1503 4740 1823 4795 Ennodium.
1876 4740 2118 4795 Etliicam

540 4812 848 4894 dictionem.
876 4814 1037 4894 ἡθρεὸγ
1068 4813 1234 4894 lor/ou,
1266 4813 1521 4894 rhetores_
1540 4820 1732 4866 vocant
1760 4814 1847 4868 τὸν
1876 4812 2116 4894 ἑπςόμενον
2144 4786 2196 4849 D

541 4884 734 4954 ἑκάστῳ
760 4882 903 4946 ﬁeri;
933 4882 1184 4938 Sidonius
1215 4897 1479 4949 persnnze,
1509 4884 1656 4947 loco,
1709 4884 1938 4951 tempori
1959 4953 1962 4954 ν
1984 4898 2114 4937 con-

542 4953 843 5021 grueutem.
872 4954 1073 5008 Morata
1104 4954 1274 5007 oratio
1305 4955 1498 5008 dicitur
1525 4969 1553 5007 a
1582 4954 1803 5020 Latinis,
1827 4953 1969 5021 quod
2000 4968 2114 5006 mo-

543 5039 629 5078 res
658 5024 937 5091 exprimat.
970 5024 1089 5090 Quo
1115 5024 1166 5078 in
1196 5039 1396 5095 genere
1420 5065 1436 5090 ,
1476 5024 1734 5080 Varronis
1760 5025 1963 5092 judicio
1985 5066 1999 5089 ,
2037 5024 2117 5078 in-

545 5104 625 5149 ter
671 5099 907 5151 comicos
949 5094 1215 5151 excelluit
1249 5094 1551 5151 Terentius.
1582 5096 1672 5150 Sic
1722 5097 1864 5149 enim
1913 5095 1982 5149 de
2029 5096 2119 5149 illo

543 5166 728 5221 scribit
756 5167 897 5236 apud
934 5166 1169 5237 Nonium
1204 5180 1218 5219 :
1261 5164 1325 5219 In
1359 5168 1668 5237 argumentis
1698 5165 1933 5237 Caecilius
1962 5167 2122 5235 poscit

544 5235 799 5305 palmam,
829 5238 881 5291 in
904 5238 1099 5292 ethesin
1128 5235 1497 5301 Terentius,‘in
1520 5238 1831 5293 sermonibus
1864 5236 2122 5302 Plautus;

541 5318 597 5362 et
626 5310 765 5363 inter
793 5309 1021 5378 pictores
1052 5308 1313 5365 Aristides
1334 5350 1348 5373 ,
1375 5308 1441 5363 de
1469 5325 1575 5378 quo
1602 5308 1804 5364 Plinius
1832 5308 1921 5362 lib.
1956 5324 2117 5370 xxxv,

544 5393 660 5451 cap.
695 5378 792 5433 10:
815 5378 1077 5451 Equat’is,
1106 5380 1290 5450 inquit,
1327 5380 1517 5449 Apellis
1552 5381 1800 5435 Aristides
1826 5378 2116 5433 Thebanus.

546 5448 602 5502 Is
646 5451 866 5502 omnium
902 5448 1106 5522 primus
1144 5448 1375 5504 animum
1397 5452 1589 5522 pinxit,
1626 5460 1673 5504 et
1703 5467 1880 5522 sensus
1908 5466 2116 5522 omnes,

545 5536 671 5594 quos
690 5531 867 5594 uocant
887 5520 1054 5594 (ἐνωεί
1073 5522 1185 5576 etiis
1199 5537 1217 5594 ς
1233 5523 1350 5594 item
1367 5520 1785 5594 perturbationes.
1801 5520 1927 5575 Hac
1942 5520 2120 5594 ethica

548 5591 749 5670 pictura
796 5592 897 5646 dici
947 5602 1165 5670 posset._
1197 5591 1413 5649 Ethicas
1459 5607 1673 5670 quoque
1716 5592 2117 5648 controversias

547 5662 682 5733 dixit
710 5662 909 5716 Seneca
937 5662 1089 5733 pater
1114 5664 1203 5719 lib.
1234 5681 1292 5730 ll,
1323 5662 1658 5722 controvﬁﬁ.

617 5731 645 5771 δ
668 5731 950 5806 astrorum
978 5745 1223 5804 aspectus
1273 5735 1603 5793 mentiuntur
1648 5736 1902 5806 astrologi
1932 5749 1996 5790 ex
2031 5734 2116 5789 in-

549 5805 773 5861 tervallo
810 5818 905 5860 seu
942 5806 1251 5861 diastemata
1295 5810 1530 5877 ipsorum
1562 5809 1702 5865 inter
1735 5823 1813 5864 se.
1847 5805 2118 5882 Διάμετρον

2198 1981 2290 2022 sus
2345 1965 2809 2036 strangulatusque
2850 1975 3127 2019 servorum
3171 1960 3449 2024 manibus,
3508 1959 3795 2014 obstructo

2198 2060 2456 2127 anhelitu,
2484 2065 2698 2129 gutture
2726 2057 3006 2122 obstricto,
3041 2068 3107 2109 ne
3133 2053 3307 2109 dicam
3335 2051 3572 2118 Lentuli,
3596 2051 3799 2121 Jugur-

2198 2155 2304 2210 thre
2333 2162 2492 2222 atque
2522 2151 2703 2222 suam
2726 2192 2741 2217 ,
2770 2159 2919 2205 certe
2960 2145 3269 2203 Numantini
3311 2146 3474 2218 238
3520 2144 3798 2217 Scipionis

2200 2248 2350 2301 exitu
2398 2244 2575 2315 periit.
2611 2243 2737 2297 Haec
2788 2242 2841 2296 in
2874 2241 2973 2294 hac
3016 2238 3164 2295 caede
3194 2238 3365 2293 tristia
3418 2237 3619 2302 minus,
3652 2236 3799 2306 quod

2201 2341 2351 2397 nefas
2389 2340 2563 2409 ipsqu
2610 2352 2727 2391 cum
2772 2343 2992 2391 auctore
3034 2332 3155 2388 facti
3186 2331 3520 2402 parricidalis
3548 2330 3796 2385 diluculo

2203 2438 2475 2491 inventum
2503 2443 2604 2488 est.
2632 2432 2759 2486 Nam
2782 2430 2901 2501 quis
2924 2429 2991 2483 ab
3010 2429 3293 2491 hominum
3323 2435 3429 2480 tam
3460 2425 3649 2495 procul
3670 2440 3798 2480 sen-

2204 2546 2295 2597 su,
2329 2529 2449 2601 quis
2494 2528 2565 2581 ita
2606 2525 2823 2597 gemino
2852 2524 3042 2577 obtutu
3070 2520 3414 2583 eluminatus,
3465 2517 3560 2589 qui
3602 2518 3801 2573 exani-

2205 2621 2333 2677 mati
2360 2619 2621 2675 cadavere
2648 2618 2910 2686 inspecto,
2940 2629 3047 2669 non
3088 2612 3265 2667 statim
3309 2612 3461 2681 signa
3485 2610 3613 2665 vita:
3645 2610 3801 2663 colli-

2203 2720 2353 2782 geret
2389 2710 2644 2768 extortas?
2690 2709 2903 2764 Etenim
2955 2704 3197 2775 protinus
3257 2711 3578 2774 argumento
3646 2703 3802 2758 fuere

2207 2805 2366 2860 livida
2399 2803 2563 2872 cutis,
2586 2801 2725 2857 oculi
2757 2800 3201 2871 protuberantes,
3246 2808 3301 2855 et
3331 2800 3385 2853 in
3413 2797 3609 2853 obruto
3649 2798 3798 2851 vultu

2208 2914 2312 2954 non
2347 2899 2551 2953 minora
2586 2898 2679 2951 ira;
2712 2894 2952 2965 vestigia,
3001 2908 3157 2964 quam
3186 2892 3412 2947 doloris.
3458 2892 3677 2948 Inventa
3720 2900 3805 2950 est

2215 2992 2430 3063 quidem
2459 3000 2599 3045 terra
2625 2989 2747 3043 tabo
2776 2985 3072 3042 madefacta
3100 2984 3345 3049 deciduo,
3376 2983 3498 3054 quia
3524 2993 3646 3054 post
3677 2983 3803 3039 faci-

2212 3099 2312 3139 nus
2344 3083 2443 3153 ipsi
2488 3083 2724 3136 latrones
2753 3081 2818 3134 ad
2850 3080 3212 3149 pavimentum
3242 3091 3504 3133 conversa
3550 3075 3795 3132 defuncti

2212 3195 2306 3235 ora
2366 3183 2759 3247 pronaverant,
2817 3183 3068 3244 tanquam
3117 3170 3391 3242 sanguinis
3434 3186 3557 3227 eum
3608 3184 3804 3239 super-

2211 3363 2383 3418 fuerat
2414 3361 2581 3430 ipsius
2602 3358 2846 3413 factionis
2877 3358 3065 3423 fomes,
3094 3358 3359 3423 incentor,
3393 3356 3792 3439 antesignanus.

2212 3452 2531 3522 ueterisque
2558 3450 2909 3522 complicibus
2950 3449 3246 3519 oppressis,
3294 3458 3638 3515 searsumque
3686 3447 3793 3503 dis-

2210 3545 2402 3613 cussis,
2434 3544 2675 3600 criminis
2705 3547 2985 3599 veritatem
3012 3542 3078 3599 de
3108 3543 3413 3613 pectoribus
3460 3541 3645 3597 invitis
3673 3548 3791 3595 tor-

2215 3645 2516 3691 mentorum
2549 3644 2721 3690 terror
2742 3634 2988 3690 extraxit.
3014 3636 3188 3705 Atque
3209 3634 3412 3689 utinam
3444 3633 3587 3688 hunc
3620 3632 3804 3697 linem,

2216 3728 2341 3783 dum
2392 3727 2692 3782 inconsulte
2725 3726 2855 3781 lides
2882 3740 3020 3780 vana
3050 3725 3339 3793 consultat,
3370 3739 3475 3779 non
3525 3724 3806 3778 meruisset

2217 3820 2488 3892 excipere.
2520 3818 2653 3874 Nam
2680 3818 2905 3889 quisque
2945 3816 3345 3887 praesumpserit
3393 3814 3711 3881 interdicta,
3733 3827 3807 3868 se

2222 3966 2525 4036 oppositum
2555 3970 2735 4028 vocat,
2766 3960 2941 4036 quiﬁt
2968 3960 3019 4013 in
3051 3959 3202 4036 signo
3228 3956 3371 4036 quod
3400 3962 3483 4010 est
3512 3955 3807 4036 septimum

2222 4028 2489 4112 a'primo;
2529 4028 3122 4112 rpiymvou'triquetrum
3151 4028 3445 4112 in‘quinto;
3486 4028 3778 4112 rsrpéymo

2220 4100 2537 4183 quadratum
2563 4100 2572 4112 '
2598 4100 2651 4159 in
2683 4100 2931 4183 ﬂuat-tu;
3405 4170 3417 4181 υ
3449 4100 3698 4183 sextilein
3755 4101 3812 4183 ip

2223 4170 2415 4243 tertio,
2447 4191 2566 4241 quae
2608 4170 2753 4230 nulla
2782 4170 3372 4242 ejusmodi—radiatione
3399 4170 3716 4239 junguntur,
3742 4170 3809 4243 ei

2222 4241 2425 4305 Grrecis
2437 4246 2669 4304 ἆϐλεπτα
2685 4251 2767 4302 καὶ
2784 4241 3038 4301 emam
3051 4243 3315 4298 dicuntur.
3330 4244 3356 4297 J
3363 4256 3447 4295 am
3463 4250 3673 4308 contra,
3688 4241 3813 4297 coeli

2224 4320 2471 4375 cardines
2508 4329 2632 4391 sunt
2666 4327 2924 4391 quatuor:
2963 4317 3290 4391 clipeo-261m,
3330 4321 3517 4391 ortus;
3554 4316 3815 4391 μεσουρᾲ-

2219 4414 2373 4462 νημαι,
2399 4389 2649 4446 meridies
2666 4382 2883 4462 (suae,
2907 4382 3157 4462 occasus;
3187 4382 3441 4462 ὐπόγεεον,
3466 4382 3630 4438 imum
3652 4382 3813 4440 cteli:

2225 4456 2346 4534 quae
2375 4462 2552 4516 omnia
2584 4460 2894 4529 perstringit
2933 4456 3182 4534 Sidonius
3201 4498 3223 4534 _,
3273 4456 3365 4534 sed
3394 4464 3641 4509 centrum
3675 4470 3813 4534 pro.

2223 4527 2338 4601 prie
2384 4527 2623 4606 nominat
2652 4534 2707 4586 τὸ
2734 4527 3085 4606 μεὰουράνιον,
3127 4530 3247 4598 quia
3294 4527 3341 4582 is
3384 4536 3546 4596 caput
3571 4539 3628 4581 et
3658 4529 3812 4597 prin-

2224 4619 2355 4671 ceps
2381 4603 2683 4658 cardinum.

2298 4668 2322 4714 δ
2364 4675 2649 4743 Propterea
2678 4673 2871 4727 divinis
2901 4681 2954 4727 et
2986 4671 3231 4743 humanis
3259 4669 3467 4740 legibus
3500 4668 3661 4743 veti_ta
3693 4684 3819 4743 ma-

2225 4745 2459 4810 theseos,
2473 4739 2535 4799 ut
2555 4744 2860 4799 vanissimas
2880 4742 3265 4815 occupationis,
3290 4739 3573 4815 περιεργίᾳ.
3592 4739 3811 4815 Tertul-

2227 4818 2405 4872 lianus
2426 4817 2495 4871 de
2534 4815 2834 4870 idololatria
2861 4833 2873 4867 :
2905 4812 3056 4867 Nihil
3078 4814 3207 4877 scis,
3251 4812 3622 4872 mathematice.
3646 4813 3691 4864 si
3724 4829 3820 4865 ne-

2220 4889 2411 4942 sciebas
2443 4899 2488 4940 te
2517 4888 2747 4957 futurum
2778 4884 3145 4957 Christianum.
3186 4883 3282 4938 Sin
3302 4883 3521 4957 sciebas,
3564 4883 3660 4936 hoc
3684 4900 3819 4949 quo-

2220 4976 2319 5028 que
2343 4960 2472 5012 scire
2497 4955 2763 5026 debueras,
2809 4957 2942 5009 nihil
2968 4955 3055 5008 tibi
3092 4958 3313 5028 futurum
3344 4968 3457 5007 cum
3483 4955 3581 5007 ista
3618 4959 3819 5028 profes-

2223 5026 2385 5083 sione.
2434 5028 2559 5099 Ipsa
2588 5039 2633 5081 te
2678 5031 2740 5082 de
2764 5028 2991 5099 periculo
3010 5042 3103 5081 suo
3130 5026 3418 5099 instrueret,
3446 5041 3558 5093 qua:
3586 5026 3816 5078 aliorum

2222 5098 2560 5155 climacterica
2591 5100 2844 5167 prwcavit.
2883 5098 3004 5152 Non
3046 5106 3118 5150 est
3144 5098 3231 5150 tibi
3256 5112 3395 5167 pars,
3428 5112 3592 5166 neque
3616 5112 3729 5149 sors
3759 5099 3817 5150 in

2223 5174 2322 5226 ista
2349 5173 2546 5225 ratione
2575 5187 2593 5224 :
2624 5188 2724 5224 non
2755 5180 2914 5239 potest
2942 5183 3098 5239 regna
3128 5170 3369 5222 calorum
3400 5183 3632 5234 sperare,
3663 5170 3819 5239 cujus
3863 5212 3869 5235 τ

2229 5243 2419 5312 digitus
2451 5251 2535 5295 aut
2560 5243 2736 5294 radius
2757 5242 2981 5294 abutitur
3007 5239 3149 5293 ctelo.

2297 5310 2325 5350 ἀ
2364 5312 2629 5366 lulianum
2664 5312 2941 5366 Vertacum
2972 5314 3108 5365 inter
3133 5310 3540 5364 mathematicos
3569 5308 3818 5363 nominat

2229 5384 2280 5437 in
2310 5384 2533 5451 cpistola
2565 5382 2628 5435 ad
2659 5382 2951 5437 Polemium
2984 5383 3221 5435 carmine
3244 5381 3345 5445 22;
3376 5381 3612 5449 itemque
3636 5379 3815 5433 Fullo.

2224 5457 2367 5509 nium
2412 5456 2777 5509 Saturninmn.
2816 5457 2887 5507 lle
2934 5453 3251 5521 Thrasybuli
3296 5460 3452 5505 :rtate
3483 5452 3661 5504 docuit
3712 5466 3816 5504 nos

2226 5526 2563 5596 Lampridius
2604 5527 2653 5580 in
2688 5525 3012 5581 Alexandro.
3060 5524 3428 5596 Thrasybulus,
3481 5523 3671 5596 inqut,
3701 5539 3816 5573 ma-

2221 5593 2521 5653 thematicus
2549 5597 2629 5651 illi
2659 5597 2997 5651 amicissimus
3031 5597 3123 5664 fuit
3168 5613 3186 5648 :
3229 5593 3316 5660 qui
3344 5610 3456 5645 cum
3488 5594 3532 5645 ei
3562 5593 3813 5664 dixisset,

2222 5669 2569 5722 necessitatem
2596 5685 2703 5724 esse
2730 5678 2782 5721 ut
2804 5668 2978 5738 gladio
3005 5662 3266 5720 b'arbamn
3299 5668 3501 5738 periret,
3526 5665 3689 5735 primo
3711 5662 3812 5738 la:-

2226 5748 2359 5792 talus
2388 5750 2482 5804 est,
2526 5739 2663 5809 quod
2690 5739 2783 5793 sibi
2805 5736 3024 5792 mortem
3070 5738 3300 5791 bellicam
3338 5746 3385 5790 et
3431 5736 3813 5807 imperatoriam

2222 5810 2446 5865 crederet
2472 5811 2761 5874 imminere,
2793 5820 2897 5864 etc.

619 5907 634 5936 ⁸
665 5903 744 5960 Ad
777 5902 918 5960 hunc
953 5902 1124 5961 locum
1164 5900 1358 5959 videsis
1386 5901 1713 5961 Cotelerium
1740 5903 1806 5960 ad
1838 5900 2367 5971 Recogttil.Clentrnl.
2395 5901 2485 5958 lib.
2522 5918 2578 5969 x,
2610 5916 2728 5973 cap.
2765 5902 2852 5969 ll,
2885 5911 2995 5956 not.
3028 5902 3078 5954 5.
