4060 6332
264 413 353 471 ϐυτ)

1362 376 1368 385 ’
1449 406 1932 467 εριετοιηιιιυιι
1972 404 2103 464 LIB.
2149 406 2288 465 vut.

3411 407 3513 473 6l0

261 534 413 591 creta,
460 522 621 578 vetita
667 522 870 588 rimari,
905 537 1092 577 vereor
1136 520 1437 591 liujusmodi
1485 537 1514 576 a
1544 521 1822 577 catholica:
1848 522 1900 592 Α
1926 518 2087 591 240
2132 518 2605 588 proﬁciscendum;
2642 522 2722 579 vel
2767 521 2813 579 si
2842 536 2983 580 nunc
3024 523 3321 581 etiamtum
3350 538 3513 582 naves

260 616 367 671 ﬁdei
395 614 589 684 regulis
602 615 1042 677 exorbitaturum,
1065 621 1117 667 et
1133 612 1273 668 eilici
1295 612 1533 681 dignum,
1556 613 1607 666 in
1624 621 1820 668 statum

259 708 398 777 cujus
429 705 851 777 respondeantur
879 705 1125 770 adversa,
1163 705 1287 759 dum
1329 704 1669 775 requiruntur
1715 706 1821 761 illi-

256 802 369 857 cita.
402 800 593 856 Secuta
623 800 836 871 quidem
866 810 946 855 est
976 799 1107 854 ultio
1127 799 1443 854 exstincmm
1475 816 1488 851 :
1521 799 1613 853 sed
1645 798 1815 869 magis

257 901 467 963 prosunt
496 893 593 948 ista
623 894 861 948 victuris.
890 891 1020 947 Nam
1053 892 1259 962 quoties
1289 890 1550 945 homicida
1582 890 1819 958 punitur,

252 993 453 1038 nonest
485 983 806 1050 remedium,
842 982 935 1037 sed
966 982 1215 1037 solatium
1242 981 1519 1037 vindicari.
1569 981 1824 1051 Longius-

249 1076 355 1130 cnle
384 1089 469 1129 me
498 1074 743 1145 progredi
767 1090 918 1128 amor
940 1073 1169 1142 impulit,
1196 1075 1349 1144 cujus
1377 1088 1630 1142 angorem
1659 1075 1823 1128 silen-

249 1167 313 1221 tio
335 1166 590 1221 exhalare
621 1181 725 1222 non
756 1166 917 1221 valui.
943 1165 1023 1220 Tu
1054 1166 1291 1233 interim,
1324 1166 1369 1221 si
1395 1165 1521 1235 quid
1570 1165 1687 1220 istic
1730 1180 1823 1220 co-

243 1260 382 1329 gnitu
413 1259 634 1329 dignum
670 1268 771 1325 est,
803 1260 940 1315 citus
979 1259 1153 1315 indica
1182 1276 1196 1312 :
1240 1259 1430 1315 saltem
1459 1258 1530 1313 ob
1558 1261 1658 1314 hoc
1687 1260 1821 1315 scri-

243 1351 388 1412 bens,
427 1360 485 1405 ut
536 1352 770 1406 animum
830 1366 1007 1406 meum
1059 1351 1340 1406 tristudine
1389 1366 1604 1421 gravem
1663 1352 1820 1407 lectio

242 1442 396 1496 levet.
433 1441 594 1513 239
623 1442 862 1511 Namque
890 1442 1115 1497 confuso
1144 1442 1347 1511 pectori
1380 1457 1600 1507 maeror,
1624 1451 1678 1497 et
1703 1444 1822 1513 qui-

239 1532 349 1588 dem
376 1532 502 1601 jure
530 1532 791 1603 plurimus
820 1543 958 1600 erat,
991 1548 1110 1588 cum
1142 1533 1346 1605 paginis
1374 1534 1474 1589 ista
1502 1532 1822 1591 committe-

237 1642 339 1684 rem
366 1625 503 1681 sola.
536 1624 717 1695 Neque
742 1626 884 1682 enim
929 1627 1061 1683 satis
1090 1628 1219 1683 mihi
1250 1627 1393 1682 aliud
1440 1628 1540 1683 hoc
1571 1637 1811 1698 tempore

235 1736 412 1786 manu,
446 1736 727 1788 sermone,
768 1720 1024 1788 consilio,
1075 1723 1317 1779 scribere
1399 1722 1572 1793 loqui,
1605 1721 1820 1778 volvere

236 1808 377 1871 libe’t.
444 1813 596 1870 Vale.

783 1906 1110 1963 EPISTOLA
1152 1907 1264 1962 XII.

552 2044 792 2101 Sidonius
824 2054 846 2081 ει
879 2043 1101 2116 Trigetio
1130 2063 1223 2100 suo
1262 2048 1495 2102 salutem.

299 2182 605 2238 Tantumne
657 2188 710 2237 te
747 2180 1016 2235 Vasatium
1055 2180 1244 2235 civitas
1274 2198 1379 2237 non
1408 2182 1597 2253 cespiti
1642 2183 1813 2256 impo-

226 2274 344 2342 sita,
381 2274 481 2330 sed
534 2274 772 2344 pulveri?
799 2272 1024 2327 Tantum
1066 2273 1306 2343 Syrticus
1347 2290 1492 2345 ager,
1536 2290 1598 2330 ac
1627 2291 1814 2347 vagum

223 2367 394 2422 solum
422 2408 436 2431 ,
485 2377 539 2421 et
573 2365 819 2422 volatiles
853 2366 1027 2420 ventis
1069 2366 1450 2422 altercantibus
1493 2384 1669 2425 arente
1715 2370 1818 2425 sibi

222 2458 494 2527 possident
524 2499 538 2523 ,
570 2467 626 2511 ιιι
656 2467 706 2513 te
736 2458 941 2527 magnis
983 2458 1273 2528 flagitatum
1316 2460 1592 2529 precibus,
1641 2463 1817 2532 parvis

218 2558 523 2618 separatum
554 2549 762 2618 spatiis,
794 2549 975 2603 multis
1002 2559 1370 2618 exspectatum
1398 2551 1620 2620 diebus,
1650 2563 1816 2609 attra-

218 2636 344 2696 bere
377 2638 751 2709 Burdegalam,
790 2654 897 2694 non
928 2647 1243 2709 potestates,
1273 2656 1375 2695 non
1406 2643 1675 2711 amicitiae,
1709 2659 1813 2700 non

217 2733 456 2798 upimata
486 2731 699 2785 vivariis
727 2739 904 2785 ostrea
949 2732 1192 2800 queant?
1232 2733 1313 2786 An
1359 2734 1690 2803 temporibus
1722 2737 1803 2788 IlI-

215 2819 405 2877 bernis
437 2822 642 2876 viarum
692 2832 742 2876 te
794 2821 953 2876 dubia
1000 2822 1370 2890 suspendunt?
1418 2834 1471 2878 et
1509 2826 1633 2895 quia
1679 2812 1833 2881 solet.

215 2912 525 2984 Bigerricus
555 2913 713 2968 turbo
744 2895 1018 2967 mobilium
1056 2928 1304 2983 aggerum
1347 2914 1542 2969 indicia
1582 2917 1809 2971 confun.

213 3002 380 3067 dere,
431 3001 697 3071 quoddam
738 3003 938 3056 vereris
984 3003 1036 3055 in
1080 3002 1270 3057 itinere
1311 3013 1523 3058 terreno
1567 3005 1812 3074 pedestre

212 3094 586 3164 naufragium?
620 3092 749 3158 Ubi,
784 3106 1115 3161 quaesumus,
1175 3095 1355 3148 animo
1407 3104 1512 3149 tam
1559 3096 1810 3151 celeriter

211 3188 453 3243 excessit
480 3186 719 3255 vestigiis
757 3188 859 3240 tuis
906 3202 1074 3256 nuper
1104 3186 1319 3241 subacta
1348 3186 1570 3258 Calpis?
1596 3188 1680 3243 ubi
1708 3190 1806 3242 ﬁxa

1924 621 2106 678 stagna
2136 608 2380 664 Nilotidis
2407 626 2558 680 aquae
2589 626 2684 681 per
2707 612 2982 686 indigenas
3010 613 3298 672 formidata
3321 630 3511 673 croco-

1922 702 2062 756 diIos
2094 702 2519 759 transfretarent.
2555 704 2621 760 Et
2666 721 2789 762 cum
2820 723 2920 765 nec
2966 709 3252 767 duodecim
3282 709 3509 767 millium

1921 794 2133 863 objectu
2164 794 2240 849 sic
2266 794 2576 864 retarderis,
2610 797 2734 865 quid
2782 809 3029 869 putamus
3069 817 3199 863 cum,
3237 801 3510 859 exeercitu

1925 894 1946 922 ε
1972 884 2039 938 Μ.
2070 884 2284 942 Catonis
2315 886 2367 940 in
2399 886 2673 958 Leptitana
2701 889 2860 961 Syrte
2887 893 3259 951 fecissesISed
3285 894 3513 967 quamliv

1922 974 2012 1030 bet
2056 975 2171 1030 sola
2224 976 2530 1032 hiemalium
2582 980 2846 1036 mensium
2896 986 3112 1041 nomina
3151 995 3371 1055 tremas,
3399 994 3511 1043 tam

1918 1064 2153 1122 clemens
2182 1075 2265 1121 est
2288 1067 2448 1123 facies
2469 1069 2625 1135 cmli,
2654 1078 2761 1125 tam
2785 1071 2985 1141 tepida,
3019 1082 3125 1129 tam
3156 1076 3312 1143 suda,
3342 1085 3399 1132 et
3428 1077 3509 1133 sic

1919 1172 2078 1214 auras
2130 1174 2279 1229 mage
2310 1176 2467 1230 quam
2511 1173 2701 1219 ventos
2744 1163 2941 1231 habet,
2990 1174 3049 1221 ut
3098 1175 3154 1224 te
3197 1183 3308 1225 non
3335 1170 3510 1228 valeat

1919 1248 2127 1305 enixius
2161 1251 2394 1308 retinere
2439 1261 2667 1325 tempus,
2710 1269 2868 1326 quam
2917 1254 3147 1314 invitare
3189 1262 3499 1330 temperies.

1920 1338 2028 1395 Sed
2078 1342 2122 1395 si
2154 1339 2183 1379 ά
2233 1343 2513 1412 epistolam
2562 1345 2771 1415 spernis
2808 1348 3169 1405 evocatoriam
3191 1391 3206 1416 ,
3234 1352 3400 1408 credo
3422 1353 3509 1409 vel

1923 1432 2169 1488 versibus
2215 1449 2321 1489 non
2375 1435 2739 1503 reluctaberis,
2771 1440 3154 1511 impulsoribus
3195 1441 3427 1512 blandis,
3455 1453 3509 1502 et

1918 1520 2168 1580 desiderii
2212 1525 2349 1592 mei,
2380 1539 2637 1597 quantum
2667 1531 2928 1600 suspicor,
2959 1532 3191 1589 strenuis
3217 1543 3503 1591 exsecuto-

1917 1614 2101 1681 ribus;
2130 1629 2359 1685 quorum
2392 1617 2444 1672 in
2474 1627 2526 1676 te
2557 1629 2730 1675 castra
2776 1618 2905 1691 post
2938 1621 3157 1679 biduum
3190 1612 3493 1681 commove-

1916 1703 2134 1760 buntur.
2168 1706 2303 1763 Ecce
2348 1709 2460 1778 jam
2513 1718 2536 1747 °
2588 1710 2842 1768 Leontius
2896 1728 3048 1769 meus
3100 1713 3252 1770 facile
3295 1715 3497 1785 primus

1919 1794 2323 1865 Aquitanorum,
2350 1814 2475 1855 ecce
2499 1800 2609 1870 jam
2639 1816 2825 1871 parum
2855 1803 3077 1860 inferior
3108 1815 3326 1876 parente
3361 1807 3497 1861 Pau-

1847 1883 2081 1975 Blinus,
2128 1892 2193 1945 ad
2244 1892 2417 1947 locum
2470 1908 2626 1963 quem
2676 1910 2835 1964 supra
2882 1894 3017 1963 dixi,
3066 1911 3163 1966 per
3210 1897 3495 1954 Garumnae

1921 1983 2120 2038 ﬂuenta
2145 1983 2440 2051 refluentia,
2492 2000 2596 2055 non
2630 1987 2791 2043 modo
2830 1987 2924 2043 tibi
2951 2003 3073 2044 cum
3096 1988 3285 2058 classe,
3318 2006 3502 2049 verum

1917 2077 2077 2129 etiam
2104 2091 2224 2131 cum
2257 2078 2474 2132 flumine
2501 2087 2802 2134 occurrent.
2831 2078 2928 2135 lIic
2958 2088 3073 2136 tuas
3107 2081 3291 2138 laudes
3331 2082 3502 2139 modi-

1921 2169 2077 2222 licato
2104 2168 2424 2235 celeumate,
2459 2169 2617 2225 simul
2666 2169 2806 2226 inter
2853 2181 3080 2227 transtra
3110 2174 3372 2245 remiges,
3399 2189 3502 2245 gu~

1923 2258 2233 2314 bernatores
2276 2260 2414 2317 inter
2442 2261 2702 2330 aplustria
2742 2274 2954 2318 canent.
2986 2263 3081 2320 Hic
3110 2274 3161 2322 te
3208 2250 3500 2324 aediﬁcatus

1928 2352 2139 2406 culcitis
2168 2361 2336 2417 torus,
2374 2352 2462 2409 bic
2491 2354 2668 2409 tabula
2696 2352 2914 2411 calculis
2943 2364 3110 2412 strata
3139 2357 3498 2429 bicoloribus,

1922 2444 2009 2499 hic
2040 2446 2509 2516 teeserairequens
2559 2447 2796 2502 eburatis
2842 2448 3162 2505 resultatura
3211 2466 3500 2523 pyrgorum

1920 2540 2172 2609 gradibus
2223 2549 2498 2611 exspectat
2530 2558 2542 2593 :
2592 2541 2697 2609 hic,
2746 2557 2813 2597 ne
2853 2540 2948 2597 tibi
2978 2543 3265 2613 pendulum
3299 2545 3500 2615 tinguat

1920 2631 2166 2687 volubilis
2195 2633 2402 2688 sentina
2429 2633 2739 2705 vestigium,
2775 2634 2932 2705 pandi
2962 2635 3267 2692 carinarum
3287 2645 3501 2694 ventres

1919 2723 2265 2795 abiegnarum
2298 2725 2529 2780 trabium
2555 2737 2698 2780 textu
2730 2726 3163 2797 pulpitabuntur:
3197 2726 3282 2782 hic
3311 2742 3500 2799 super-

1919 2815 2062 2870 flexa
2098 2817 2116 2853 τ
2148 2826 2295 2871 crate
2328 2817 2642 2886 paradarum
2679 2819 2858 2873 sereni
2890 2819 3146 2875 brumalis
3173 2819 3333 2876 infida
3364 2820 3499 2876 vita-

1920 2906 2021 2960 bis.
2051 2907 2187 2973 Quid
2216 2906 2457 2961 delicatc
2488 2906 2715 2977 pigritiae
2739 2917 2842 2962 tua:
2869 2909 2985 2977 plus
3009 2911 3205 2980 poterit
3236 2911 3492 2982 impendi,

1918 3014 2074 3066 qttam
2104 3010 2158 3052 ut
2186 3008 2235 3053 te
2263 3001 2570 3068 pervenisse
2601 3000 2837 3055 invenias
2858 3041 2871 3064 ,
2902 3016 3023 3057 cum
3055 3003 3237 3058 venire
3263 3005 3347 3058 vix
3373 3019 3497 3059 sen-

1920 3094 2019 3145 tias
2043 3092 2066 3145 τ
2089 3092 2222 3158 Quid
2247 3092 2531 3147 mussitas?
2559 3092 2684 3163 quid
2727 3095 2991 3149 moraris?
3033 3094 3150 3165 Ipse
3196 3105 3343 3152 tuutn
3366 3098 3496 3153 mihi

1916 3181 2162 3237 videntur
2190 3184 2346 3257 25.1
2392 3185 2677 3240 adventum
2724 3186 2942 3257 reptiles
2968 3187 3203 3245 cochleas
3238 3202 3359 3244 cum
3403 3191 3497 3245 (ιο.

162 3266 169 3271 ’
209 3284 449 3336 tentoria
504 3280 555 3333 in
587 3278 825 3334 occiduis
883 3280 1075 3333 finibus
1116 3277 1534 3334 Gaditanorum?
1583 3282 1669 3334 ulti
1721 3280 1808 3336 ille
1835 3298 1882 3364 ρ
1915 3275 2089 3329 mibus
2121 3278 2314 3331 nativis
2354 3286 2734 3334 antecessum.
2767 3278 3136 3349 Estpraeterea
3167 3279 3259 3335 tibi
3306 3281 3493 3351 copio-

210 3374 458 3443 'l‘rigetio
490 3387 608 3426 meo
657 3373 795 3427 idem
848 3372 938 3440 qui
992 3372 1206 3426 llerculi
1238 3372 1502 3442 quondam
1548 3373 1802 3427 terminus

208 3464 630 3535 peregrinandi?
660 3463 958 3517 Tantumne
990 3477 1017 3515 a
1062 3471 1112 3516 te
1140 3464 1254 3532 ipso
1285 3465 1400 3531 ipse
1429 3473 1482 3518 ιιι
1507 3464 1802 3534 discrepas,

207 3567 274 3612 tit
308 3566 395 3610 tot
418 3573 457 3610 ES
489 3556 539 3607 in
577 3554 791 3608 desidiae
818 3556 937 3623 jura
965 3556 1328 3618 concesseris;
1358 3571 1463 3624 quo
1493 3567 1804 3626 peragrante

207 3656 432 3702 secreta
461 3636 735 3715 regionum
772 3645 1156 3711 fabulosarum,
1188 3645 1332 3713 prius
1363 3646 1528 3700 defuit
1554 3648 1693 3701 actio
1725 3649 1800 3701 la-

208 3740 374 3794 boris
415 3751 569 3807 quam
609 3735 923 3806 fatigationis
962 3735 1217 3789 intentio?
1252 3736 1316 3789 Et
1340 3745 1458 3805 post
1498 3737 1611 3791 haec
1635 3736 1662 3775 δ
1688 3754 1808 3806 por-

208 3842 331 3886 tum
368 3829 642 3899 Alingonis
666 3838 770 3882 tam
803 3829 947 3899 piger
973 3827 1168 3895 calcas,
1198 3844 1260 3882 ac
1295 3829 1340 3883 si
1371 3829 1463 3883 tibi
1495 3844 1634 3883 nunc
1662 3838 1808 3885 esset

207 3923 276 3976 ad
322 3921 547 3975 limitem
580 3919 914 3974 Danubiuum
944 3929 1129 3973 contra
1158 3919 1462 3975 incursaces
1489 3919 1809 3990 Massagetas

296 4043 323 4069 δι
370 4032 450 4086 Illi
508 4031 640 4099 ipsi,
675 4030 885 4101 opinor,
917 4020 1075 4101 quem
1123 4029 1370 4099 Prosperi
1413 4031 1800 4100 fragmentum,

210 4103 364 4173 quod
396 4103 487 4156 lib.
520 4119 567 4167 ι,
598 4102 752 4170 epist.
785 4102 848 4168 9,
888 4100 1252 4173 produximus2
1291 4101 1678 4173 praefectorium
1704 4118 1800 4156 vo-

210 4170 325 4239 cat,
355 4175 692 4243 legatumque
722 4173 786 4225 ail
820 4172 1035 4243 Attilam
1062 4186 1182 4225 cum
1223 4170 1491 4243 S._Leone
1517 4181 1570 4226 et
1599 4172 1803 4228 Avieno

211 4241 448 4300 missum
478 4241 718 4298 testatur.
765 4242 1052 4297 Prtefectus
1103 4257 1232 4311 ergo
1278 4241 1469 4297 fuerat.
1521 4243 1799 4298 Militarem

211 4331 437 4385 quoque
454 4315 958 4367 administrationem
988 4321 1250 4385 gesserat,
1277 4322 1336 4367 ut
1363 4328 1427 4367 ex
1450 4314 1655 4385 Sidonii
1683 4330 1803 4368 ver-

211 4384 300 4441 bis
361 4386 644 4455 colligitur.
732 4385 959 4455 Prosper
1018 4384 1156 4455 idem
1204 4392 1392 4455 quarto
1448 4384 1799 4443 Valentiniani

211 4454 520 4521 consulatu,
558 4469 738 4525 pacem
762 4470 882 4509 cum
903 4454 1266 4525 Vandalisper
1290 4454 1580 4525 Trigetium
1606 4455 1802 4511 factam

213 4527 426 4583 docet:
471 4527 611 4595 quod
668 4524 817 4578 Pauli
864 4539 1075 4595 quoque
1118 4523 1325 4579 diaconi
1387 4523 1668 4581 confirmat
1722 4528 1806 4581 lti-

210 4597 388 4654 storia
399 4637 413 4651 .

287 4668 320 4707 δ
366 4668 570 4722 Nomen
610 4667 804 4734 oppido
831 4674 1007 4721 manet
1030 4665 1094 4718 ad
1121 4663 1442 4719 Garumnam
1469 4666 1524 4721 in
1552 4667 1799 4722 Vasatum

215 4740 470 4795 dioecesi.
513 4738 814 4807 Lengonem
848 4736 1262 4807 ltodievocitattt
1290 4753 1303 4787 :
1336 4751 1365 4788 a
1401 4752 1506 4805 quo
1535 4738 1802 4806 Burdega-

216 4812 327 4864 iam
354 4811 594 4863 secundo
622 4806 839 4861 lluminc
877 4806 1056 4860 brevis
1082 4816 1164 4860 est
1204 4820 1410 4860 cursus.
1441 4807 1676 4861 Meminit
1705 4811 1794 4860 liu-

1910 3368 2118 3422 sissima
2151 3383 2337 3439 penus,
2371 3369 2637 3438 aggeratis
2666 3369 2885 3441 opipare
2908 3369 3104 3426 referta
3125 3369 3354 3442 deliciis,
3377 3386 3492 3427 mo.

1907 3456 1976 3511 do
2004 3457 2072 3511 sit
2100 3458 2441 3514 eventilando
2462 3473 2557 3528 par
2578 3458 2786 3514 animus
2813 3460 3107 3531 impendio.
3126 3459 3262 3529 Quid
3296 3461 3494 3517 multa?

1912 3550 2073 3612 Veni,
2103 3560 2273 3605 utaut
2297 3553 2556 3622 pascaris,
2578 3560 2670 3607 aut
2697 3567 2883 3623 pascas
2911 3571 2924 3608 :
2963 3554 3071 3609 imo
3098 3555 3242 3625 quod
3268 3556 3491 3624 gratius,

1909 3652 1967 3696 ut
1998 3653 2298 3713 utrumque.
2328 3644 2466 3727 Veni
2509 3659 2631 3700 cum
2675 3645 3071 3703 mediterraneo
3112 3647 3375 3702 instructu
3426 3648 3493 3705 ad

1909 3734 2251 3789 debellandos
2296 3735 2766 3806 subiugandosque
2797 3736 2930 3792 istos
2974 3737 3254 3794 Medulicae
3283 3740 3493 3809 suppel~

1909 3824 2101 3881 lectilis
2146 3825 2422 3895 epulones.
2475 3826 2571 3881 llic
2624 3827 2902 3883 Aturricus
2955 3828 3117 3898 piscis
3163 3825 3492 3887 Garumnicis

1910 3918 2194 3986 mugilibus
2215 3916 2468 3971 insultet:
2524 3916 2610 3972 hic
2649 3918 2713 3972 ad
2765 3918 2946 3988 copias
3003 3928 3029 3968 tt
3059 3918 3479 3989 Lapurdensium

1910 4036 2077 4104 talum
2106 4025 2536 4104 evocabant,§au_t
2558 4028 2811 4104 principis
2833 4028 3191 4104 ambientibus
3215 4041 3488 4104 aspectum

1911 4097 2157 4153 veniendi
2206 4097 2450 4152 fiduciam
2498 4097 2895 4156 dabant.‘Nam
2942 4102 3059 4157 sine
3088 4097 3387 4165 evocatoria
3414 4110 3483 4163 ad

1906 4171 2214 4239 comitatum
2239 4172 2418 4223 venire
2438 4170 2688 4226 omnibus
2709 4185 2815 4225 non
2832 4171 3045 4239 licebat,
3061 4172 3099 4228 Ι.
3118 4188 3176 4229 ιιι
3191 4175 3251 4229 C.
3277 4175 3483 4235 Theod.

1905 4236 1971 4294 de
1996 4240 2375 4314 decurionibus
2402 4240 2804 4314 etksilenliariis.
2831 4236 3115 4314 Utriusque
3142 4247 3355 4314 generis
3378 4246 3486 4304 for-

1906 4312 2108 4388 mulam
2152 4311 2399 4381 proponit
2441 4311 2668 4388 senator
2705 4313 2895 4388 livau
2925 4311 3245 4383 Variarutn;
3289 4319 3481 4388 prioris

1904 4379 2203 4452 exemplum
2245 4394 2326 4436 est
2367 4384 2504 4451 apud
2533 4379 2857 4439 .Iornand8m
2898 4388 2951 4439 in
2980 4379 3485 4445 evocatoria'Zeno-

1906 4454 2060 4534 nis,“
2093 4468 2193 4521 qua
2271 4452 2657 4509 Theodoricum
2718 4453 3232 4526 Constantinopolim
3303 4462 3484 4517 venire

1932 4525 2086 4577 ussit.

1970 4539 1993 4575 s
2049 4539 2086 4575 t.

1903 4539 2233 4646 ωεἶῃΡοηιίἰ
2291 4592 2500 4647 Leontii
2559 4603 2781 4649 matrem
2840 4594 3039 4649 Liviam
3096 4595 3378 4653 didicimus
3416 4614 3485 4655 ex

1904 4661 2061 4730 epist.
2109 4664 2168 4716 ll
2208 4677 2271 4716 ex
2306 4664 2405 4716 hac
2436 4663 2599 4715 tilium
2627 4665 2742 4730 ejus
2770 4665 3080 4731 Paulinum;
3121 4681 3188 4721 ex
3212 4682 3380 4724 carm.
3408 4666 3480 4722 22

1904 4733 2116 4803 generis
2146 4733 2443 4803 principem
2466 4732 2711 4787 Pontium
2742 4732 3041 4803 Paulinum.

1980 4799 2001 4838 ι
2044 4800 2257 4874 Par-adre
2283 4799 2405 4874 sunt
2435 4802 2790 4871 integumenta
2814 4800 3163 4874 navigiorum,
3194 4806 3261 4862 ad
3287 4822 3483 4866 arcen-

215 4848 969 4949 ίδῑιδῑῖῑςςίιῖεξδξῖέβῑειῖς
987 4848 1803 4949 ἰδῖδξιδῑιιῑιῑιῑξηῖνίῖξέιίξηῗξα
1828 4848 1881 4910 ι)
1905 4848 2256 4949 mgna;
2283 4848 3267 4949 ’ῆίέιίξξει-έεῇξῑαςῖςςιινίιῆιῑέεξξ
3287 4848 3476 4935 m3:

215 4942 526 5006 Amandum
556 4942 710 5018 epiSt.
736 4942 1015 5018 2.,Supra
1057 4942 1372 5014 Alingonem
1404 4962 1550 5015 ergo,
1603 4950 1655 5001 in
1699 4947 1804 5001 No-

215 5023 566 5091 vcmpopulis
592 5016 691 5074 _cst
716 5017 901 5091 Cossio
934 5016 1236 5091 Vasatium;
1271 5018 1584 5073 remotiores
1605 5018 1668 5072 ad
1686 5019 1807 5091 psal-

217 5087 650 5146 tum’Pirencum
687 5089 916 5158 Bigerri,
959 5102 1100 5141 nunc
1145 5087 1522 5159 Bigorrenses,
1554 5104 1583 5141 a
1609 5089 1803 5159 quibus

214 5165 436 5231 spirans
459 5172 647 5215 ventus
676 5160 920 5231 Vasatum
939 5172 1129 5231 arenas
1149 5158 1381 5231 Syrtium
1413 5174 1562 5214 more
1588 5158 1799 5215 miscet.

298 5243 321 5270 ε
367 5233 559 5287 Strabo
594 5230 682 5285 lib.
716 5245 819 5283 xvu
848 5230 913 5284 de
942 5229 1198 5285 Berenice
1227 5248 1238 5284 :
1266 5230 1348 5285 Ἐκ
1377 5239 1466 5292 τῆς
1495 5233 1686 5292 ταύτης
1711 5240 1804 5292 τῆς

216 5304 419 5378 πολεως
447 5309 802 5378 τριακοσταῑος
848 5302 973 5370 πέζῃ
1007 5301 1446 5378 ,περιώδευσιιτὴν
1472 5305 1804 5378 ΣύρτινᾳΜὰρ·

217 5396 305 5435 zu;
340 5372 541 5437 Κάτών,
560 5376 789 5448 terga/ma
808 5372 1053 5448 στρειτιάν
1074 5372 1308 5448 adstova
1380 5372 1569 5448 μυρίώγ
1590 5372 1802 5448 ἀνδρῶν.

222 5446 309 5497 Ea:
349 5446 445 5497 hac
476 5446 594 5497 urbe
644 5441 847 5498 N.(.'ato
874 5441 1097 5509 'Syrtem
1141 5446 1275 5495 intra
1311 5441 1463 5495 diem"
1495 5441 1804 5497 tricesimum

218 5516 536 5585 peragravit,
576 5511 1086 5585 exercitnmtluctuns
1115 5511 1376 5585 hominum
1398 5514 1805 5585 amplius‘dec‘em

221 5582 472 5637 millium.
503 5585 635 5640 Item
660 5582 882 5651 prodigii
912 5582 1139 5635 similem
1194 5584 1339 5635 habit
1366 5596 1451 5635 am
1484 5583 1635 5639 multi
1663 5582 1804 5638 cele-

224 5655 480 5711 brarunt.
510 5657 685 5725 Ipsum
708 5654 866 5708 etiam
896 5652 1117 5706 Catonis
1142 5652 1465 5721 epitaphium
1493 5671 1505 5708 :

356 5736 507 5783 Avins
528 5737 713 5785 incerto
737 5734 1013 5796 peragravit
1032 5735 1225 5783 tramite
1248 5733 1434 5796 Syrtes.

299 5818 702 5879 d.Evocatorim
762 5819 1057 5888 principum
1114 5818 1220 5889 93
1275 5817 1512 5887 epistola:
1556 5817 1621 5873 ad
1671 5832 1805 5887 quas

222 5889 439 5954 alludit,
467 5905 544 5945 eae
591 5890 898 5945 dicebantur
926 5892 1117 5961 quibus
1148 5899 1238 5945 aut
1283 5891 1531 5945 absentes
1554 5889 1619 5945 ad
1642 5890 1808 5946 comi-

1905 4942 2028 4997 nius
2055 4941 2257 4997 Tlteoni
2292 4943 2452 5011 epist.
2482 4943 2515 4997 6
2541 4960 2554 4995 ε

2025 5034 2347 5099 Puppecitus
2371 5046 2594 5099 propera,
2617 5038 2909 5099 sinuosaque
2934 5037 3083 5089 lintea
3109 5039 3206 5089 veli

2128 5095 2549 5174 aude,_!edulliui
2568 5106 2631 5174 te
2647 5095 2905 5174 [eret‘aura
2924 5100 3053 5174 Noti,

2026 5157 2312 5230 Expositum
2333 5160 2748 5230 subterparadas,
2773 5160 3004 5225 lectoque
3030 5157 3298 5224 iacentem,

2156 5224 2311 5281 rporis
2327 5227 2378 5270 ut
2400 5224 2521 5271 tanti
2544 5235 2640 5272 non
2665 5224 3073 5274 moveaturouus.

1978 5333 2004 5371 κ
2029 5322 2422 5380 Baionensium.
2451 5325 2577 5393 Qua:
2604 5327 2744 5382 enim
2770 5327 2927 5383 hodie
2957 5328 3153 5384 Baiona
3185 5339 3268 5385 est
3290 5332 3477 5388 civitas

1905 5394 1960 5449 in
1974 5393 2407 5472 Novempopulis,
2431 5399 2555 5472 olim
2574 5407 2688 5452 erat
2703 5410 2933 5472 castrum
2952 5399 3276 5472 Lapurdum,
3299 5403 3352 5457 in
3366 5420 3477 5472 quo

1906 5466 2678 5543 stationemnltabuitjribunus
2700 5469 2937 5543 cohortis
2961 5466 3474 5543 Novempopulatiie,

1908 5545 1967 5613 ut
1992 5545 2083 5613 _e_st_
2105 5536 2376 5613 in_Notitia
2401 5538 2723 5613 Occidentis.
2753 5541 3072 5597 Baionenses
3092 5536 3217 5597 item
3236 5536 3476 5613 episcopi

1906 5606 1961 5661 in
1992 5607 2208 5662 'l‘abulis
2249 5608 2476 5681 antiquis
2517 5609 2886 5681 Lapurdenses
2925 5606 3291 5681 appellantur:
3328 5606 3477 5670 Deni.

1909 5693 2013 5754 que
2034 5687 2232 5754 tractus
2278 5679 2396 5747 ipse
2421 5681 2532 5754 agri
2574 5679 2881 5754 Baionensis
2910 5679 3077 5751 patria
3105 5681 3475 5754 indigenarum

1909 5747 2082 5817 lingua
2134 5750 2393 5823 integrum
2436 5749 2664 5820 Lapurdi
2713 5747 3147 5809 nomen'retinet.
3173 5747 3475 5823 Lapurdena

1914 5833 2000 5895 ses
2021 5834 2150 5895 ergo
2206 5819 2458 5895 locustas,
2511 5819 2735 5879 earabos
2782 5822 2948 5893 dicit,
3003 5824 3092 5895 qui
3148 5819 3358 5884 Baiana:
3409 5826 3474 5885 ad

1917 5889 2096 5945 Aturri
2126 5889 2262 5947 ostia
2283 5890 2643 5961 capiebantur.
2916 5889 2939 5893 λ’
3020 5889 3035 5895 ⁷
3487 5966 3493 5971 .

3488 5986 3517 6025 ἃ
