4060 6332
481 402 587 464 615

1726 388 1973 450 SIDONII
2013 387 2459 445 APOLLINARIS

3642 384 3752 444 616

477 522 636 594 digna
684 516 913 590 prolatu.
978 512 1133 574 Unde
1199 523 1495 584 cognosce.
1546 508 1687 581 quod
1733 509 1835 565 etsi
1885 519 2064 566 tacere
2091 513 2146 575 Α
2170 507 2396 564 fecerit?
2428 508 2534 562 Nos
2556 508 2811 577 opuscula
2836 479 3380 564 sermoneedidimns
3403 504 3571 570 arido,
3596 506 3750 572 exili,

476 614 704 674 necdum
730 611 990 682 cepimus,
1012 616 1161 664 certe
1191 606 1463 662 taciturire
1479 605 1589 676 jam
1615 603 2060 671 deliberavimus,

477 701 671 776 duplici
703 718 771 758 ex
799 716 959 758 causa
988 716 1003 755 :
1040 708 1099 755 ut
1125 699 1168 754 si
1197 699 1494 768 placemus,
1527 711 1692 768 pauca
1738 695 1954 751 lecturis
1978 695 2062 750 in-

476 799 641 871 citent
670 794 1031 864 voluptatem;
1070 790 1118 845 si
1147 789 1468 857 refutamur,
1503 804 1607 844 non
1639 788 1872 844 excitent
1899 787 2062 841 multa

476 888 746 947 fastidium
777 903 791 941 :
822 887 1019 956 quippe
1064 885 1120 939 in
1172 884 1274 939 hoc
1316 882 1496 955 stylo,
1539 883 1622 938 cui
1672 899 1776 938 non
1828 881 2066 936 urbanus

476 982 624 1051 lepos
650 980 814 1045 inest,
840 978 934 1034 sed
963 991 1165 1048 pagana
1192 974 1528 1045 simplicitas.
1564 973 1715 1030 Unde
1737 973 1881 1029 enim
1909 971 2066 1028 nobis

476 1072 604 1128 illud
640 1067 891 1139 loquendi
925 1068 1173 1123 tetricum
1200 1080 1366 1137 genus
1392 1079 1455 1120 ac
1485 1062 1893 1135 perantiqnum?
1918 1061 2069 1118 Unde

476 1164 624 1220 illa"
653 1160 816 1217 verba
836 1160 1081 1223 Saliaria,
1116 1158 1213 1213 veL
1232 1156 1518 1229 Sibyllina,
1546 1156 1633 1211 vel
1663 1154 1882 1211 Sabinis
1913 1153 2072 1208 abus-

479 1270 586 1327 que
606 1252 838 1310 Curibus
868 1250 1073 1307 accita?
1101 1265 1220 1320 quae
1266 1250 1536 1319 magistris
1586 1248 1902 1319 plerumque
1946 1246 2072 1302 reti-

481 1348 726 1404 centibus
757 1343 1052 1414 promptius
1080 1340 1283 1397 iecialis
1326 1340 1537 1410 aliquis,
1588 1348 1682 1395 aut
1718 1340 1933 1407 ﬂamen,
1982 1347 2075 1394 aut

480 1453 801 1502 vetennosus
821 1465 831 1474 -
851 1440 1097 1513 legalium
1129 1439 1485 1510 quaestionum
1517 1438 1868 1510 aenigmatista
1920 1447 2073 1508 pate-

483 1608 683 1663 dabant
727 1605 902 1676 qualia
953 1611 1231 1672 suntquae
1279 1600 1440 1676 vulgo
1489 1598 1683 1676 studia
1702 1606 1791 1676 aut
1838 1594 2070 1676 cabineta

483 1680 731 1734 dicimus.
747 1667 943 1732 'Utitur
971 1667 1164 1731 iterum
1203 1667 1400 1729 eadem
1420 1686 1551 1727 voce
1592 1668 1847 1726 Sidonius
1872 1667 1963 1722 lib.
1991 1682 2065 1731 rx,

488 1750 573 1817 Η,
602 1756 884 1818 exstatque
914 1748 968 1800 in
998 1745 1272 1820 Tiburtina
1299 1744 1645 1820 inscriptione
1678 1754 1836 1809 quam
1867 1737 2071 1820 Savaro

484 1808 718 1893 protulit,
748 1808 812 1875 et'
833 1822 885 1873 in
918 1820 1017 1873 hac
1068 1817 1287 1872 Reatina
1329 1808 1563 1869 nondum
1611 1808 1871 1866 haetenus
1902 1808 2065 1864 edita.

859 1909 943 1964 Tt.
972 1909 1208 1983 CLAUDIO
1240 1910 1372 1963 Avo.
1415 1905 1476 1961 L.
1519 1905 1705 1959 Faucr

693 1981 1005 2039 SCAPULANO
1045 1981 1213 2034 υζιιι.
1254 1995 1302 2042 ρ.
1348 1994 1425 2032 llt.
1465 1990 1848 2040 QUINQUENNALI

805 2068 985 2109 INKUNI
1022 2064 1355 2106 TBIPLICARIO
1394 2065 1565 2104 BENE!!!
1575 2063 1766 2102 ERENTI

823 2140 894 2180 EX
918 2137 1179 2180 CONSENSU
1211 2136 1449 2177 υεοωιιιιζ
1472 2134 1745 2174 υΝινειιδΕ

2171 611 2317 657 certe
2363 601 2594 656 maxima
2644 616 2707 658 ex
2751 610 2901 671 parte
2927 601 3189 673 vulgato:
3220 599 3375 669 cujus
3420 598 3547 655 hinc
3583 597 3755 655 honor

2171 708 2344 762 rarus,
2378 693 2516 761 quod
2547 692 2799 764 frequens
2826 709 2982 760 usus;
3008 693 3131 748 hinc
3155 691 3388 748 difﬁcilis
3416 692 3607 762 gratia,
3632 692 3751 761 quia
3788 743 3795 757 ς

2171 785 2341 841 facilis
2391 784 2628 841 inventio
2658 794 2759 841 est.
2799 785 2943 843 Sane
2993 784 3250 857 proﬁteor
3295 785 3571 848 audenter,
3620 783 3756 837 sicut

2174 876 2292 933 istic
2320 880 2393 935 nil
2424 895 2569 948 acre,
2622 881 2696 937 nil
2725 881 2888 953 248
2915 882 3203 952 eloquens;
3237 882 3307 937 ita
3339 880 3467 935 nihil
3505 879 3754 947 inditum,

2178 987 2284 1028 non
2311 972 2378 1027 ab
2408 975 2679 1045 exemplo.
2705 974 2810 1031 Sed
2839 974 2967 1044 quid
2996 973 3113 1030 haec
3133 974 3419 1045 pluribus?
3448 971 3615 1027 Dictio
3639 984 3758 1025 inca

2181 1063 2342 1135 (quod
2379 1064 2509 1119 mihi
2538 1065 2759 1137 sufﬁcit)
2793 1066 2971 1136 placet
3009 1067 3218 1122 amicis.
3260 1065 3317 1121 In
3358 1064 3553 1136 quibus
3580 1072 3759 1119 tamen

2176 1166 2463 1229 utrumque
2493 1159 2841 1230 complector,
2873 1161 2987 1217 sive
3014 1176 3118 1216 non
3148 1159 3339 1216 fallunt
3366 1158 3632 1222 examine,
3661 1170 3762 1211 seu

2176 1253 2398 1308 caritate
2419 1252 2673 1309 falluntur
2698 1272 2709 1307 :
2737 1254 3009 1325 Deumque
3032 1254 3171 1326 quod
3198 1260 3381 1323 restat,
3410 1252 3461 1307 in
3486 1260 3760 1322 posterum

2176 1362 2380 1417 quieso,
2412 1356 2469 1402 ut
2497 1348 2733 1404 secuturi
2764 1358 2855 1404 aut
2886 1349 3137 1405 fallantur
3182 1346 3451 1415 similiter,
3494 1355 3587 1401 aut
3628 1358 3762 1400 cen-

2177 1448 2347 1496 seant.
2382 1441 2529 1498 Vale.

2588 1612 2806 1655 HONOBIS
2844 1614 3037 1655 οΑυδεΛ
3076 1613 3352 1654 ΖΟΤΒΕΟΔἏ

2330 1728 2331 1731 η
2700 1686 2919 1726 PUBLICE
2961 1685 3244 1726 DEDERUNT

2404 1742 2684 1797 Armsrus
2720 1759 2775 1797 ι.
2820 1757 2918 1797 sua
2956 1758 3180 1798 PECUNIA
3219 1755 3513 1797 ADOBNAVIT

2108 1900 2154 1962 Β
2252 1908 2276 1935 ⁸
2308 1897 2662 1970 Symmachus
2690 1900 2785 1961 lib.
2818 1915 2875 1955 tu
2905 1899 2972 1956 ad
2999 1899 3273 1957 Siburium
3306 1916 3321 1954 :
3353 1899 3413 1955 Si
3443 1862 3534 1953 tibi
3554 1906 3744 1952 vetusta

2181 1971 2244 2025 tis
2275 1979 2449 2025 tantus
2481 1981 2555 2025 est
2577 1987 2739 2043 amor,
2767 1972 2880 2043 pari
2909 1972 3082 2043 studio
3105 1973 3157 2025 in
3188 1973 3335 2026 verba
3376 1972 3547 2041 prisca
3589 1972 3739 2043 redea

2181 2057 2318 2116 mus,
2347 2043 2524 2116 quibus
2559 2042 2709 2116 Salii
2757 2041 2967 2107 canunt,
3017 2060 3237 2116 augures
3284 2058 3425 2096 avem
3475 2041 3746 2094 consulunt

2182 2112 2469 2169 Decemviri
2496 2113 2696 2169 tabulas
2718 2116 3077 2169 condiderunt.

494 2249 3755 2284 ____________________________.___________..__...____

1573 2341 2049 2454 LIBER
2122 2339 2669 2450 NONUS.

889 2532 1048 2608 25,9
1085 2531 1418 2589 EPlSTOLA
1458 2528 1689 2583 PRIMA.

815 2630 1062 2686 Sidonius
1086 2636 1112 2664 σι
1144 2625 1382 2679 Firmino
1413 2640 1508 2679 suo
1534 2621 1772 2675 salutem.

566 2724 771 2796 Exigis,
802 2721 1019 2777 domine
1050 2721 1145 2785 ﬁli,
1180 2729 1237 2772 ut
1266 2717 1612 2789 epistolarum
1640 2716 1875 2785 priorum
1910 2710 2082 2769 limite

495 2819 721 2889 irrupto,
756 2816 929 2886 stylus
961 2822 1145 2868 noster
1172 2813 1223 2869 in
1254 2811 1509 2865 ulteriora
1540 2815 1839 2879 procurrat,
1874 2803 2083 2859 numeri

494 2925 654 2981 supra
698 2909 825 2964 dicti
869 2905 1151 2978 privilegio
1180 2920 1287 2964 non
1317 2913 1601 2981 contentus
1650 2899 1869 2956 includi.
1915 2896 2084 2953 Addis

494 2978 787 3066 et‘causas,
815 2998 1010 3069 quibus
1057 2998 1143 3052 hic
1176 2997 1311 3052 liber
1356 2978 1553 3052 nonus.
1580 3002 1702 3049 octo
1749 2991 2085 3061 superiorum

496 3090 855 3148 voluminibus
876 3096 1150 3144 accrescat
1176 3107 1188 3140 :
1221 3103 1287 3145 eo
1310 3087 1451 3159 quod
1471 3085 1500 3125 ι)
1522 3084 1583 3141 C.
1611 3084 1909 3151 Secundus,
1932 3083 2086 3152 cujus

496 3199 594 3239 nos
624 3183 825 3238 orbitas
851 3182 1000 3251 sequi
1028 3181 1130 3236 hoc
1152 3195 1325 3251 opere
1344 3181 1672 3248 pronuntias,
1710 3176 1928 3248 paribus
1954 3174 2081 3229 titu-

497 3277 564 3334 lis
593 3293 725 3345 opus
755 3277 1041 3346 epistulare
1070 3274 1413 3330 determinet.
1445 3277 1575 3340 Qua:
1598 3272 1756 3342 jubes
1784 3286 1894 3326 non
1924 3268 2085 3344 250

2192 2526 2406 2593 ignosce
2456 2524 2670 2594 negotio
2717 2523 2860 2593 quod
2916 2523 3167 2593 imponis,
3209 2535 3273 2578 ac
3317 2520 3638 2577 ministerio.
3667 2518 3777 2577 Nos

2190 2632 2343 2685 vero,
2382 2618 2426 2672 si
2474 2616 2615 2687 quod
2665 2616 2941 2687 exemplar
2992 2615 3251 2672 manibus
3281 2616 3602 2680 occurrerit,
3652 2614 3779 2671 libri

2190 2710 2521 2782 marginibus
2547 2709 2725 2766 octavi
2746 2709 2993 2765 celeriter
3021 2708 3279 2765 addemus
3305 2724 3319 2763 :
3350 2718 3405 2765 et
3427 2708 3473 2764 si
3504 2706 3780 2779 Apollina-

2188 2805 2263 2862 ris
2292 2814 2437 2873 tuus,
2472 2815 2493 2843 ο
2524 2805 2610 2861 cui
2657 2804 2891 2861 studium
2938 2804 2989 2858 in
3017 2803 3226 2859 caeteris
3252 2803 3435 2870 rebus,
3465 2810 3550 2858 est
3593 2803 3645 2856 in
3676 2800 3780 2856 hac

2187 2908 2334 2955 certe
2363 2895 2851 2969 negligentissimus
2884 2914 2898 2949 :
2929 2897 3123 2966 quippe
3167 2895 3259 2965 qui
3306 2893 3656 2965 perexiguum
3700 2892 3780 2947 le-

2187 2995 2367 3050 ctione
2397 3002 2664 3056 teneatur,
2695 2990 2780 3047 vel
2810 2999 3049 3054 coactns,
3080 2988 3161 3044 vel
3197 2986 3528 3043 voluntarius
3562 3004 3574 3039 :
3606 2999 3781 3055 quan-

2188 3093 2300 3141 tum
2330 3092 2510 3139 tamen
2541 3081 2677 3137 mibi
2711 3081 2946 3149 videtur,
2980 3081 3068 3151 qui
3116 3079 3354 3150 patribus
3380 3079 3444 3133 iis
3483 3076 3631 3149 jungi
3669 3090 3777 3131 non

2188 3177 2573 3245 recusaverim,
2606 3191 2833 3249 quorum
2867 3176 3067 3244 studio,
3100 3184 3245 3243 voto,
3294 3174 3471 3230 timori
3506 3171 3779 3228 laudabile

2188 3272 2388 3344 aliquid
2420 3273 2474 3329 in
2500 3271 2647 3340 ﬁliis,
2677 3273 2801 3328 licet
2823 3269 3045 3326 difﬁcile
3073 3268 3477 3340 persuadeatur,
3501 3265 3776 3322 difﬁcilius

499 3376 621 3423 sunt
668 3366 1038 3435 improbabilia
1077 3384 1089 3418 :
1137 3379 1437 3435 quanquam
1485 3374 1540 3420 et
1585 3362 1687 3418 hoc
1728 3362 1904 3433 ipsum
1943 3360 2083 3431 quod
2115 3362 2162 3429 C
2193 3367 2408 3423 sufﬁcit.
2436 3365 2589 3422 Vale.

500 3460 588 3531 pie
616 3458 874 3529 injungis,
906 3456 1132 3512 arduum
1163 3457 1381 3522 existat,
1410 3470 1475 3512 ac
1503 3454 1643 3511 laudi
1680 3453 2087 3526 quantulaecun-

499 3569 603 3623 que
642 3552 754 3623 jam
801 3552 966 3607 semel
1021 3560 1186 3622 partae
1234 3566 1340 3607 non
1390 3560 1772 3622 Opportunum.
1822 3548 2084 3613 Primum,

501 3644 642 3715 quod
678 3642 938 3714 opusculo
968 3644 1114 3713 prius
1155 3642 1302 3699 edito
1328 3642 1611 3712 praesentis
1657 3639 1928 3710 augmenti
1969 3653 2089 3695 sera

500 3736 803 3808 coniunctio
833 3743 944 3801 est;
980 3734 1171 3791 deinde
1208 3734 1349 3805 quod
1388 3734 1620 3791 arbitros
1656 3741 1780 3789 ante
1816 3747 2087 3803 quoscun-

2670 3460 2829 3531 251
2870 3455 3196 3514 ensrona
3231 3456 3295 3511 ll.
3324 3420 3327 3421 ν

2336 3550 2581 3606 Sidonius
2604 3551 2809 3605 domino
2834 3566 2981 3620 papa:
3005 3547 3031 3586 ά
3066 3547 3362 3620 Euphronio
3390 3546 3622 3602 salutem.

2261 3642 2447 3698 Albiso
2483 3643 2725 3707 antistes,
2780 3642 3145 3712 Proculusque
3188 3642 3405 3709 levites,
3458 3640 3576 3696 ideo
3616 3638 3774 3695 nobis

2192 3753 2401 3794 morum
2431 3737 2667 3809 magistri
2693 3736 3097 3807 pronuntiandi,
3143 3734 3263 3807 quia
3290 3735 3460 3790 vestri
3498 3742 3776 3790 merentur

500 3847 623 3904 qua,
675 3830 776 3887 nisi
830 3831 1084 3897 fallimur,
1142 3832 1637 3889 indecentissimum
1694 3841 1797 3899 est,
1849 3830 2090 3885 materia:
2192 3846 2313 3887 esse
2342 3830 2612 3900 discipuli,
2643 3830 2850 3886 litteras
2876 3828 3201 3894 detulerunt,
3234 3843 3459 3898 quarum
3487 3843 3576 3883 me
3598 3842 3779 3883 sacro-

501 3926 657 3980 unius
684 3924 908 3994 simplex
935 3925 1273 3994 principium,
1307 3924 1545 3994 triplices
1568 3923 1809 3993 epilogos
1832 3920 2087 3977 inveniri.

504 4015 712 4074 Pariter
737 4027 791 4073 et
818 4018 999 4073 nescio
1029 4018 1261 4089 qualiter
1295 4018 1407 4073 ﬁeri
1438 4017 1703 4074 veniabile
1733 4026 1915 4087 queat,
1948 4015 2089 4087 quod

506 4109 742 4166 coerceri
770 4118 951 4165 nostra
991 4110 1274 4180 garrulitas
1300 4124 1400 4164 nec
1430 4119 1553 4178 post
1580 4109 1949 4164 denuntiatum
1982 4117 2090 4163 ter-

508 4201 713 4257 minum
742 4199 998 4267 sustinet;
1033 4202 1131 4256 nisi
1163 4203 1287 4271 quia
1329 4200 1551 4256 forsitan
1596 4202 1686 4271 qui
1719 4201 1909 4255 modus
1943 4201 2090 4271 pagi-

2193 3933 2378 3981 sancto
2404 3925 2645 3981 donastis
2675 3924 2865 3990 affatu;
2897 3941 3017 3991 quae
3045 3934 3221 3981 tamen
3266 3923 3458 3978 litterae
3486 3922 3777 3993 plurimum

2193 4019 2349 4074 nobis
2381 4019 2623 4085 honoris,
2660 4018 2778 4087 plus
2807 4020 2989 4072 oneris
3020 4012 3320 4088 imponunt.
3354 4014 3507 4072 Unde
3544 4023 3603 4071 et
3640 4016 3781 4086 ipsa-

2192 4128 2310 4169 rum
2343 4112 2422 4167 sic
2465 4110 2840 4167 benedictione
2889 4112 3060 4178 Iretor,
3092 4110 3233 4181 quod
3273 4109 3606 4180 iniunctione
3650 4122 3781 4163 con-

2196 4204 2388 4259 fundor
2419 4223 2431 4258 :
2465 4204 2663 4275 quippe
2704 4204 2792 4274 qni
2824 4219 2891 4258 ex
2918 4218 3041 4259 asse
3071 4204 3335 4271 turbatus,
3380 4202 3465 4258 vel
3511 4217 3586 4258 ex
3627 4209 3783 4273 parte

510 4293 596 4348 nis
627 4308 732 4349 non
775 4299 951 4363 potest
993 4295 1115 4363 poni
1149 4293 1264 4364 ipse
1302 4294 1566 4349 amicitiis.
1615 4295 1948 4363 Quapropter
1974 4308 2094 4351 esse
2194 4311 2300 4351 non
2326 4311 2507 4365 pareo.
2534 4296 2739 4351 Jubetis
2760 4295 2903 4351 enim
2937 4304 3043 4351 tam
3071 4295 3281 4351 diversa
3323 4309 3483 4367 quam
3515 4294 3735 4349 minima
3763 4309 3777 4346 :

508 4385 642 4442 tein
666 4385 896 4456 quadam
928 4386 1138 4441 tuendae
1181 4384 1449 4456 opinionis
1498 4402 1631 4442 mete
1680 4387 1831 4456 quasi
1877 4386 2092 4456 specula
2194 4390 2562 4461 explicarique
2607 4388 2896 4445 decernitis
2936 4402 3091 4460 opus,
3141 4387 3281 4459 quod
3327 4388 3394 4442 ab
3441 4386 3782 4443 extremitate

509 4478 682 4544 decet,
733 4478 1069 4549 curiosisque
1118 4479 1239 4534 tacti
1292 4477 1516 4549 hujusce
1560 4479 1822 4535 rationem
1871 4478 2095 4534 manife-

2193 4499 2312 4541 mea
2343 4492 2450 4539 tam
2482 4481 2697 4537 difﬁcile
2722 4480 3040 4551 completur.
3072 4495 3229 4551 quam
3274 4479 3612 4550 impudenter
3653 4477 3785 4534 intri-

510 4580 655 4627 stare
683 4588 698 4625 :
731 4570 926 4641 quidve
959 4572 1023 4626 ad
1066 4571 1170 4626 hoc
1216 4571 1449 4626 sentiant
1494 4570 1681 4641 optimi
1722 4571 1936 4643 quique,
1983 4585 2096 4627 res-
2194 4578 2358 4648 pitur.
2385 4575 2492 4633 Sed
2518 4575 2563 4631 si
2592 4574 3002 4645 amplitudinem
3034 4574 3085 4629 iu
3116 4574 3267 4629 vobis
3298 4574 3513 4643 pietatis
3540 4584 3783 4643 experire

513 4663 684 4734 ετίριο
709 4678 869 4739 (illam
900 4662 1335 4734 frequentissimo
1366 4663 1493 4717 mihi
1524 4663 1777 4733 Pandere-
1806 4663 1975 4718 Ρθιτο
2000 4678 2095 4718 δυ·
2195 4671 2331 4728 bene
2356 4671 2571 4737 metior,
2596 4670 2716 4740 plus
2740 4668 3023 4725 laborastis
3054 4677 3111 4723 nt
3132 4668 3355 4725 affectus
3387 4667 3567 4723 cordis
3590 4666 3780 4737 vestri,

510 4765 642 4820 tem,
674 4755 743 4821 si,
774 4767 860 4810 me
889 4755 1094 4825 garrire
1118 4755 1419 4827 compulSO,
1447 4755 1561 4825 ipse
1584 4757 1811 4812 reticere
1840 4771 2090 4827 perseve-
2117 4746 2172 4809 Ῑ)
2197 4778 2354 4835 quam
2380 4763 2549 4819 nostri
2579 4762 2757 4832 operis
2781 4760 3002 4817 eﬁ‘ectus
3023 4760 3403 4829 publicaretur.
3431 4759 3616 4831 Neque
3637 4760 3781 4815 enim

512 4846 676 4910 rabis,
696 4856 749 4901 te
774 4861 985 4918 quoque
1011 4847 1207 4903 silentii
1232 4850 1402 4902 nostri
1423 4847 1622 4904 talione
1643 4848 1710 4903 ad
1732 4850 1902 4904 vicem
1926 4848 2090 4919 plecti

512 4958 614 4995 non
662 4939 1008 5010 perinjurium
1057 4951 1159 4997 est.
1219 4941 1402 5011 Itaque
1452 4950 1505 4996 tu
1572 4943 1811 5013 primus,
1858 4943 2091 5000 maxime

586 5123 611 5154 ί
652 5115 970 5180 Arelatensi,
994 5115 1110 5169 viro
1135 5128 1333 5184 genere
1373 5128 1434 5169 ac
1455 5114 1652 5185 pietate
1680 5115 1896 5170 illustri.
1944 5115 2093 5170 Hunc

511 5188 657 5243 enim
688 5202 809 5243 esse
837 5186 1066 5256 conjicio
1093 5201 1252 5257 quem
1306 5187 1359 5240 in
1392 5185 1452 5240 Β.
1502 5187 1715 5241 Cresarii
1746 5185 1899 5257 Vita,
1914 5187 2096 5242 laudat
2198 5186 2340 5243 Idem
2370 5188 2463 5244 lib.
2490 5204 2568 5253 vr,
2601 5187 2652 5253 7,
2690 5196 2875 5242 auctor
2918 5195 2996 5241 est
3038 5185 3353 5243 Ferreolum

512 5258 831 5385 Cg'prianus,
855 5266 909 5315 et
934 5272 965 5312 a
985 5272 1089 5327 quo
1116 5256 1421 5327 Susceptum
1451 5258 1777 5340 Caesarium,
1793 5256 2095 5327 opibusque
2196 5273 2409 5342 censent
2437 5257 2746 5340 episcopum
2794 5258 2960 5311 libros
2987 5258 3191 5341 aliquot
3225 5256 3598 5340 epistolarum,
3632 5257 3788 5327 quasi
3824 5256 3831 5295 ⁵

513 5345 542 5384 a
586 5339 751 5385 tutum
802 5338 1047 5385 testatur.
1096 5328 1179 5385 Ad
1222 5329 1473 5385 eumdem
1523 5338 1648 5384 sunt
1694 5329 1935 5385 epistolae
1974 5329 2096 5384 dua:
2197 5328 2476 5384 Sidonium
2509 5329 2767 5383 mutando
2813 5342 3184 5385 composuisse
3214 5347 3226 5382 :
3255 5328 3351 5385 sed
3391 5328 3649 5385 librorum
3682 5343 3787 5383 nu-
3824 5318 3831 5367 ⁸

513 5328 751 5399 adiutum
802 5338 1047 5388 testatur.
1096 5328 1179 5385 Ad
1222 5329 1473 5385 eumdem
1523 5338 1648 5384 sunt
1694 5328 1935 5399 epistolae
1974 5329 2096 5384 dua:
2197 5328 2476 5384 Sidonium
2509 5328 2767 5400 imitando
2813 5330 3184 5400 composuisse
3214 5347 3226 5382 :
3255 5328 3351 5386 sed
3391 5328 3649 5385 librorum
3682 5343 3787 5383 nu-
3824 5328 3835 5397 ξ

518 5400 768 5455 Ennodii.
1896 5446 1906 5451 -

586 5468 613 5509 δ
646 5470 798 5527 Plinii
826 5471 1170 5542 epistolarum
1219 5471 1386 5528 libros
1429 5470 1687 5528 habemus
1735 5472 1952 5536 decem;
1994 5470 2089 5526 sed

514 5543 781 5599 decimum
828 5544 919 5612 qui
961 5552 1106 5599 totus
1150 5554 1234 5600 est
1287 5544 1354 5599 ad
1401 5542 1689 5614 Trajanum
1739 5559 1769 5597 e
1817 5542 2090 5613 provincia

515 5614 765 5682 scriptus,
789 5614 999 5670 caeteris
1027 5631 1134 5671 non
1162 5626 1498 5672 annumerat.
1527 5615 1727 5670 Eodem
1758 5614 1914 5669 modo
1934 5617 2093 5684 Sym-

496 5683 691 5758 Ituachi
716 5685 1062 5758 epistolarnm
1106 5687 1225 5743 libri
1258 5690 1472 5758 proprie
1500 5698 1625 5742 sunt
1664 5700 1874 5758 novem,
1899 5683 1992 5758 qui
2024 5685 2089 5758 ad

516 5754 750 5827 privatos
778 5772 793 5808 :
821 5756 1058 5811 decimus
1080 5754 1373 5814 relationes
1392 5762 1630 5813 continet
1653 5756 1718 5812 ad
1744 5755 2010 5827 principes
2035 5757 2088 5811 in

514 5824 830 5954 praefectura
849 5826 977 5910 Urbi
999 5829 1215 5910 missas.
1241 5830 1391 5912 Hunc
1421 5824 1777 5912 ipsum'porro
1806 5841 2087 5882 numerum
2122 5886 2125 5889 _

534 5899 770 5954 tbrorum
808 5899 897 5954 alit
942 5909 1102 5954 etiam
1151 5908 1269 5954 post
1316 5899 1597 5954 Sidonium
1645 5899 1982 5954 aﬂ‘ectarunt.
2032 5907 2089 5954 ut

534 5917 548 5954 ι

554 5899 770 5955 brorum
808 5899 897 5954 alii
942 5899 1102 5957 etiam
1151 5908 1269 5971 post
1316 5899 1597 5957 Sidonium
1645 5899 1982 5967 aﬁ‘ectarunt,
2032 5907 2089 5955 ut

2196 4870 2317 4911 cum
2350 4855 2707 4925 Hieronymus
2738 4852 3027 4922 interpres,
3072 4850 3383 4908 dialecticus
3430 4852 3780 4921 Augustinus,

2199 4945 2519 5016 allegoricus
2542 4943 2801 5016 Origenes
2844 4944 3091 5015 gravidas
3122 4943 3217 5000 tibi
3250 4943 3606 5014 spiritualium
3654 4958 3786 4999 sen-

2198 5116 2386 5172 Avitus
2414 5115 2757 5183 Viennensis,
2789 5122 2925 5170 teste
2953 5113 3212 5183 Gregorio
3238 5114 3442 5171 Turon.
3482 5114 3575 5170 lib.
3606 5130 3667 5179 u,
3696 5114 3786 5171 55.

3430 5200 3606 5257 noque
3649 5186 3788 5243 Uce-

2199 5414 2403 5455 merum
2438 5414 2543 5455 non
2567 5399 2832 5469 designat.

2273 5482 2295 5509 "-
2337 5471 2442 5527 Alii
2469 5470 2681 5543 codices
2710 5470 2923 5543 diverso
2942 5484 3130 5543 sensu,
3156 5472 3308 5543 cujus
3348 5472 3550 5527 animus
3574 5479 3691 5525 cum
3729 5470 3787 5524 in

2198 5544 2391 5615 ueteris
2418 5542 2597 5615 rebus,
2613 5550 2719 5596 tum
2744 5553 2820 5615 est
2848 5542 2900 5596 in
2919 5542 3027 5615 [iac
3045 5552 3179 5597 certe
3199 5542 3682 5615 negligentissimus.

2270 5613 2297 5651 ά
2328 5613 2800 5685 Augustodunensi
2845 5613 3100 5683 episcOpo
3147 5631 3162 5670 :
3208 5612 3277 5669 ad
3326 5612 3483 5685 quem
3522 5615 3680 5683 epist.
3723 5612 3781 5676 8.

2200 5686 2293 5741 lib.
2331 5703 2419 5740 vn.
2451 5684 2686 5755 Rogatus
2714 5685 2782 5740 ab
2812 5699 2877 5739 eo
2901 5685 3173 5750 Sidonius,
3220 5695 3277 5740 ut
3322 5684 3553 5754 aliquem
3599 5696 3784 5738 sacra-

2195 5773 2313 5812 rum
2342 5754 2668 5812 Litterarum
2694 5765 2898 5830 partem
2926 5765 3243 5828 exponeret,
3273 5755 3663 5813 modestissime
3686 5754 3788 5808 (ιε-

2194 5837 2463 5898 precatur.

3824 5318 3833 5355 l

3828 5450 3837 5461 vc

3832 5472 3842 5488 τ

3830 5494 3843 5544 l

3822 5548 3844 5587 ἲ
