4060 6332
206 375 300 432 617

1450 364 1933 424 EPISTOLARUM
1973 364 2103 422 LIB.
2124 365 2235 435 ,1Χ.

3164 288 3189 337 Ρ

3374 374 3476 427 ωτι

202 500 341 544 suum
370 481 537 551 spicas
566 479 824 536 doctrina:
851 478 1079 534 salubris
1104 484 1287 535 messe
1308 480 1628 548 parturiant,
1656 494 1758 535 non
1791 483 1840 544 Α
1871 480 2010 536 forte
2036 479 2321 550 responsio
2351 491 2882 552 quantulumcunque
2912 484 2981 538 ad
3012 485 3336 557 interrogata
3371 500 3473 545 tre-

201 579 392 635 scilicet
414 574 503 629 tibi
534 571 774 643 partibus
803 572 938 626 meis
959 571 1107 626 arida
1135 571 1431 641 jejunantis
1460 572 1652 643 linguae
1674 575 1770 627 sti-

200 670 312 741 puta
337 664 658 737 erepitabit?
700 664 813 720 Hoc
857 678 1008 719 more
1052 672 1108 719 tu
1157 673 1212 719 et
1261 663 1485 719 olorinis
1523 663 1769 718 cantibus

197 776 400 820 anseres
445 774 625 825 ravos,
670 766 728 814 et
768 756 1092 813 modiﬁcatis
1141 756 1485 812 lusciniarum
1531 756 1766 827 querelis

195 854 535 925 improborum
586 865 860 921 passerum
909 844 1301 918 fringultientes
1348 862 1600 905 susurros
1643 848 1765 918 jure

194 945 487 1007 sociaveris.
509 943 648 1013 Quid
668 943 810 1014 quod
836 958 1051 1014 quoque
1079 951 1401 1013 arroganter
1429 940 1579 997 fieret
1608 940 1764 1001 inde-

193 1048 480 1108 centerque,
531 1036 577 1091 si
620 1035 819 1106 negotii
861 1034 1117 1104 praecepti
1168 1033 1380 1104 pondus
1420 1033 1761 1105 aggrederer,

191 1146 345 1188 novus
365 1128 611 1194 clericus,
638 1139 887 1198 peccator
917 1127 1193 1196 antiquus,
1217 1126 1441 1181 scientia
1465 1125 1590 1194 levi,
1612 1127 1763 1198 gravi

188 1218 544 1281 conscientia?
573 1218 824 1275 videlicet
846 1228 905 1273 ut
932 1218 977 1273 si
1007 1217 1266 1289 scriptum
1296 1233 1615 1289 quocunque
1662 1217 1764 1273 mi-

185 1317 381 1378 sissem,
410 1326 642 1383 persona
672 1326 789 1367 mea
836 1324 935 1366 nec
984 1318 1111 1365 tunc
1152 1311 1366 1366 abesset
1424 1311 1586 1383 252
1630 1310 1761 1366 risui

183 1408 671 1480 judicantum,cum
721 1403 979 1460 defuisset
1020 1404 1251 1460 obtutui.
1296 1403 1374 1459 Ne
1411 1417 1619 1474 quaeso,
1661 1403 1762 1459 do-

183 1505 315 1560 mine
338 1517 498 1573 papa,
529 1500 690 1557 nimis
735 1500 919 1571 exigas
949 1499 1333 1556 verecundiam
1362 1514 1555 1567 meam,
1588 1498 1759 1570 quali-

182 1604 459 1665 tercunque
490 1593 811 1657 latitantem,
841 1592 1004 1661 empti
1051 1591 1232 1662 operis
1271 1590 1497 1661 hujusce
1544 1590 1761 1647 temeri-

180 1698 278 1745 tate
302 1685 645 1744 devenustari
679 1702 692 1739 :
725 1685 849 1756 quia
874 1692 1056 1740 tantus
1082 1692 1167 1740 est
1193 1684 1331 1740 livor
1353 1683 1757 1754 derogatorum,

178 1792 228 1838 ut
252 1781 469 1838 materia
499 1795 658 1851 quam
690 1779 881 1848 mittis,
915 1779 1155 1835 velocius
1201 1776 1462 1834 sortiatur
1508 1776 1756 1833 inchoata

1872 571 2155 641 pidamrit,
2177 586 2296 643 qua:
2320 587 2425 628 non
2459 574 2798 630 inveniantur
2825 586 3042 646 sertpta,
3071 580 3318 637 mandata
3348 597 3470 638 cre-

1869 663 2069 719 duntur
2102 681 2115 718 :
2148 679 2212 720 ac
2238 678 2334 736 per
2358 663 2459 720 hoc
2490 669 2722 723 sustinet
2754 669 3001 739 injuriam
3035 672 3351 746 plerumque
3380 678 3470 746 qui

1862 756 2125 831 mittitur;
2158 757 2247 827 qui
2293 757 2486 824 mittit,
2519 760 2774 815 invidiam
2809 779 2822 815 :
2856 762 3083 834 plusque
3111 765 3165 821 in
3194 766 3295 823 hoc
3326 776 3467 824 tem-

1869 863 2001 919 pore
2022 891 2039 916 ,
2082 864 2190 920 quo
2214 851 2561 906 aemulantum
2609 852 2834 907 invicem
2863 868 2983 911 sese
3011 858 3215 926 pridem
3263 861 3466 918 hedera

1868 947 2068 997 statuta
2091 956 2381 1013 regnorum
2409 944 2587 997 denuo
2609 957 2704 1011 per
2740 944 3073 1002 conditiones
3110 949 3466 1011 discordiosas

1867 1033 2121 1105 ancipitia
2152 1035 2469 1091 redduntur.
2523 1035 2725 1091 Praeter
2757 1037 2857 1092 hoc
2880 1078 2897 1104 ,
2930 1039 3042 1109 ipsa
3089 1057 3240 1098 mens
3282 1056 3463 1103 nostra

1866 1124 2177 1182 domesticis
2204 1125 2331 1181 hinc
2359 1126 2483 1181 inde
2512 1125 2808 1194 dispendiis
2828 1128 3006 1184 saucia
3026 1128 3189 1199 jacet.
3215 1132 3344 1188 Nam
3369 1152 3463 1206 per

1866 1218 2029 1275 ofﬁcii
2058 1218 2344 1290 imaginem
2370 1218 2453 1275 vel
2505 1218 2676 1289 (quod
2708 1227 2792 1275 est
2818 1219 3036 1291 verius)
3064 1225 3461 1292 necessitatem,

1865 1310 1984 1367 solo
2014 1310 2183 1380 patrio
2206 1320 2447 1375 exactus,
2476 1309 2579 1365 hoc
2608 1310 2876 1381 relegatus
2898 1351 2913 1378 ,
2945 1313 3106 1369 variis
3132 1330 3460 1385 quaquaver-

1864 1419 1984 1460 sum
2007 1404 2330 1475 fragoribus,
2351 1403 2477 1475 quia
2498 1404 2672 1475 patior
2694 1404 2781 1461 hic
2804 1406 3140 1462 incommoda
3171 1410 3462 1479 peregrini,

1863 1495 1972 1551 illic
2013 1494 2207 1550 damna
2247 1494 2553 1564 proscripti.
2604 1496 2866 1562 Quocirca
2893 1497 3105 1554 solvere
3135 1499 3295 1555 modo
3322 1499 3461 1556 litte-

1865 1601 1954 1642 ras
1981 1586 2141 1656 paulo
2170 1586 2445 1657 politiOres
2486 1595 2579 1642 aut
2618 1588 2992 1658 intempestive
3022 1598 3175 1659 petor
3198 1630 3214 1656 ,
3244 1601 3340 1645 aut
3365 1592 3461 1647 im~

1865 1679 2129 1752 pudenter
2154 1680 2436 1752 aggredior
2467 1699 2478 1733 :
2506 1696 2639 1752 quas
2669 1682 2757 1737 vel
2776 1682 2900 1752 joco
2929 1682 3137 1754 lepidas
3155 1724 3171 1750 ,
3203 1684 3287 1739 vel
3317 1685 3462 1755 stylo

1861 1776 2035 1833 cultas
2062 1776 2363 1843 alternare,
2403 1775 2636 1832 felicium
2667 1784 2770 1832 est.
2831 1776 2999 1832 Porro
3029 1786 3210 1833 autem
3241 1778 3462 1847 quidam

176 1875 436 1947 probrum,
467 1885 628 1945 quam
656 1872 943 1928 terminata
980 1870 1312 1944 suffragium.
1348 1870 1549 1926 Memor
1579 1867 1748 1926 nostri
1778 1867 1826 1931 Β
1856 1878 1879 1908 ε
1900 1866 2266 1923 barbarismus
2293 1878 2376 1923 est
2407 1882 2639 1932 morum,
2673 1881 2853 1923 sermo
2872 1866 3143 1937 jucundus
3175 1877 3228 1921 et
3252 1869 3461 1923 animus

174 1982 284 2025 esse
307 1966 555 2039 dignare,
578 1963 797 2021 domine
823 1978 983 2033 papa.

728 2074 1063 2132 EPISTOLA
1093 2075 1183 2131 ΙΙΙ.

336 2192 591 2249 Sidonius
619 2191 827 2247 domino
863 2207 1011 2263 papa:
1050 2200 1076 2229 ⁸
1109 2189 1306 2246 Fausto
1336 2192 1568 2246 salutem.

1702 2262 1727 2279 Ὅ

230 2330 416 2387 Servat
444 2328 895 2386 consuetudinem
938 2341 1090 2382 suam
1136 2334 1243 2381 tam
1285 2325 1530 2382 facundia
1573 2333 1789 2390 vestra,

167 2439 313 2495 quam
351 2424 557 2493 pietas;
611 2428 771 2492 atque
799 2419 869 2476 ob
894 2420 998 2475 hoc
1024 2418 1298 2491 granditer
1324 2460 1340 2485 ,
1382 2417 1524 2489 quod
1553 2416 1753 2473 diserte

165 2517 423 2584 scribitis,
458 2513 730 2586 eloquium
772 2512 1093 2583 suscipimus
1117 2553 1133 2580 ,
1169 2512 1311 2582 quod
1355 2512 1583 2567 libenter
1621 2509 1754 2567 affe-

165 2620 318 2666 ctum.
350 2610 621 2665 Caeterum
641 2606 709 2662 ad
740 2620 995 2677 praesens.
1024 2588 1188 2674 petita
1218 2604 1369 2660 venia
1403 2604 1551 2673 prius
1578 2606 1752 2677 impe-

164 2712 431 2774 trataque,
466 2697 836 2757 cautissimum
864 2712 990 2752 reor
1015 2710 1079 2751 ac
1112 2695 1557 2762 saluberrimum,
1597 2696 1625 2736 δ
1657 2714 1755 2769 per

166 2796 254 2849 has
270 2795 508 2848 maxime
526 2790 769 2847 civitates
785 2803 904 2859 qua:
924 2788 1154 2842 multum
1172 2787 1279 2841 situ
1301 2801 1549 2858 segreges
1568 2798 1751 2860 agunt,

163 2886 280 2941 dum
319 2895 452 2941 sunt
491 2883 729 2955 gentium
783 2879 1017 2935 motibus
1065 2879 1255 2933 itinera
1293 2889 1576 2949 suspecta,
1612 2882 1755 2952 style

162 2975 507 3047 frequentiori
556 2972 905 3037 renuntiare;
965 2970 1233 3036 dilataque
1279 2970 1540 3040 tantisper
1586 2974 1753 3028 mutui

160 3067 443 3123 sedulitate
466 3066 764 3129 sermonis,
808 3077 992 3120 curam
1023 3064 1198 3132 potius
1225 3076 1502 3119 assumere
1522 3064 1756 3120 contice-

158 3160 360 3214 scendi.
388 3157 547 3227 Quod
581 3158 722 3213 inter
741 3155 1027 3212 obstrictas
1047 3153 1246 3231 ajfectu
1274 3156 1544 3212 mediante
1565 3171 1749 3228 perso-

1859 1957 2109 2015 afllictus.
2142 1957 2281 2026 Quin
2314 1959 2495 2030 potius
2524 1959 2757 2013 animam
2789 1960 2931 2014 male
2959 1959 3060 2014 sibi
3089 1960 3382 2025 consciam,
3407 1970 3461 2017 et

1859 2069 1955 2125 per
1985 2054 2148 2110 horas
2187 2054 2253 2109 ad
2306 2053 2586 2110 recordata
2635 2054 2863 2122 poenalis
2892 2053 3015 2109 vita:
3044 2053 3221 2109 debita
3248 2038 3460 2110 centre.

1860 2152 2179 2207 miscentem
2208 2192 2225 2217 ,
2258 2148 2707 2219 frequentissimis
2738 2149 2841 2204 tuis
2870 2148 2975 2205 illis
3001 2160 3057 2205 et
3080 2149 3459 2206 valentissimis

1858 2243 2164 2297 orationum
2196 2255 2483 2297 munerare
2511 2240 2802 2312 suffragiis,
2831 2256 3047 2310 precum
3082 2243 3283 2312 peritus
3310 2243 3459 2298 insu-

1861 2333 2125 2397 lanarum,
2149 2348 2283 2403 quas
2306 2331 2375 2387 de
2401 2332 2649 2402 palaestra
2675 2334 3110 2402 congregationis
3131 2334 3454 2401 eremitidis,

1859 2435 1915 2483 et
1942 2425 2012 2482 de
2042 2434 2235 2481 senatu
2277 2424 2639 2481 Lirinensium
2695 2424 3122 2490 cellulanorum,
3169 2426 3221 2480 in
3270 2426 3458 2482 urbem

1860 2533 2075 2589 quoque
2103 2519 2258 2588 cujus
2288 2517 2548 2573 Ecclesia:
2576 2532 2729 2573 sacra
2757 2517 3141 2588 superinspicis
3166 2560 3181 2583 ,
3222 2526 3458 2575 transtu-

1858 2610 1967 2667 listi
1992 2651 2006 2675 ,
2041 2610 2210 2666 nil‘ab
2237 2610 2431 2665 abbate
2458 2616 2692 2665 mutatus
2722 2623 2818 2680 per
2844 2609 3182 2665 sacerdotem
3214 2628 3227 2665 :
3260 2611 3458 2681 quippe

1859 2721 1981 2761 cum
2008 2702 2033 2743 ἀ
2067 2719 2227 2759 novre
2245 2703 2520 2774 dignitatis
2550 2702 2795 2769 obtentu,
2820 2703 3049 2773 rigorem
3076 2703 3274 2759 veteris
3298 2704 3455 2759 disci-

1861 2796 2021 2867 plinae
2046 2810 2151 2850 non
2180 2793 2526 2850 relaxaveris.
2573 2794 2665 2849 llis
2693 2794 2857 2863 igitur
2878 2835 2891 2858 ,
2919 2804 2976 2848 ut
3004 2793 3308 2863 supradixi,
3339 2809 3454 2863 pre~
3514 2808 3523 2819 '

1859 2887 2068 2944 catibus
2089 2883 2480 2942 efficacissimis
2507 2883 2875 2955 25hobtine
2904 2893 2960 2938 ut
2991 2885 3163 2953 portio
3187 2894 3368 2939 nostra
3387 2885 3456 2939 sit

1860 2978 2151 3043 Dominus;
2181 2985 2344 3048 atque
2374 2986 2435 3030 ut
2454 2970 2676 3046 ascripti
2703 2975 2893 3030 turmis
2913 2975 3290 3030 contribulium
3322 2976 3454 3030 levi-

1862 3084 2036 3127 tarum
2062 3112 2078 3137 ,
2109 3085 2221 3126 non
2251 3082 2624 3124 remaneamus
2653 3068 2850 3123 terreni
2879 3108 2894 3133 ,
2924 3066 3118 3138 quibus
3164 3074 3302 3121 terra
3348 3083 3455 3122 non

1860 3169 2107 3219 remanet
2140 3178 2153 3214 :
2187 3158 2623 3228 inchoemusque,
2654 3167 2714 3212 ut
2740 3173 2770 3212 a
2801 3158 2981 3212 steculi
3011 3138 3205 3222 lucris,
3222 3157 3298 3213 sic
3321 3172 3453 3227 quo-

158 3268 249 3308 nas
276 3251 640 3324 asperrimum
672 3265 975 3322 quanquam
1020 3259 1181 3320 atque
1207 3250 1615 3307 acerbissimum
1642 3259 1747 3321 est,
1774 3251 1822 3316 Ο
1853 3269 1958 3325 que
1984 3268 2015 3307 a
2046 3253 2217 3322 culpis
2249 3251 2600 3322 peregrinari.
2655 3249 2833 3305 Tertia
2862 3258 2945 3305 est
2974 3263 3135 3305 causa
3168 3251 3251 3304 vel
3283 3251 3453 3305 maxi-

155 3361 257 3421 non
289 3358 474 3403 tamen
504 3346 682 3402 causis
724 3345 954 3401 efﬁcitur
982 3343 1471 3414 qualibuscumque,
1502 3344 1596 3400 sed
1627 3344 1745 3414 plu-

155 3437 323 3504 rimis,
354 3437 522 3493 certis
549 3446 603 3493 et
623 3436 966 3503 necessariis,
1005 3451 1229 3506 quaeque
1259 3435 1494 3491 diversis
1535 3438 1746 3506 prolici-

150 3538 379 3583 scuntur
420 3543 485 3581 ex
513 3527 830 3596 originibus.
874 3525 1111 3593 Quarum
1141 3526 1240 3579 ista
1269 3526 1477 3582 calculo
1503 3529 1746 3597 primore

147 3617 548 3683 numerabitur,
594 3616 737 3687 quod
784 3615 1057 3671 custodias
1101 3631 1355 3686 aggerum
1404 3617 1743 3685 publicorum

144 3721 496 3780 nequaquam
530 3705 832 3761 tabellarius
881 3705 1066 3759 transit
1113 3704 1452 3773 irrcquisitus
1487 3723 1498 3758 :
1529 3709 1618 3777 qui
1646 3710 1750 3764 etsi

146 3797 378 3871 periculi
406 3797 563 3863 nihil,
587 3806 646 3852 ut
668 3806 791 3867 pote
819 3795 1044 3851 crimine
1059 3810 1274 3863 vacans,
1308 3797 1596 3863 plurimum
1618 3813 1749 3856 sane

147 3886 360 3963 perpeti
385 3891 549 3964 253
576 3890 713 3945 solet
744 3882 1262 3954 diflicnltatis;dnm
1292 3901 1557 3947 secretum
1588 3909 1749 3950 onmc

150 3984 463 4054 gerulorum
511 3981 733 4054 pervigil
778 3982 1085 4052 explorator
1134 3981 1369 4054 indagat.
1425 3983 1662 4050 Quorum
1702 3987 1748 4043 si

214 4145 329 4216 96
381 4151 419 4216 ειν
445 4142 657 4197 Rciensi
696 4140 749 4195 in
795 4140 1063 4208 provincia
1091 4140 1136 4195 ll
1162 4140 1518 4216 episc_o_po_ex
1553 4143 1746 4201 abbate

152 4212 427 4271 Lir'tn'ensi
463 4232 475 4266 :
508 4227 613 4283 quo
644 4227 869 4283 munere
896 4222 1122 4281 utroque
1153 4223 1271 4279 post
1302 4212 1588 4267 Maximum
1618 4216 1741 4269 tunc

152 4296 263 4342 ctus
288 4295 380 4342 est
410 4303 425 4339 :
460 4282 582 4340 ideo
624 4282 837 4338 Maximi
879 4283 960 4336 bis
1001 4298 1282 4337 successor
1312 4284 1507 4337 dicitur
1538 4285 1593 4339 in
1620 4300 1743 4340 car-

153 4360 292 4412 mine
325 4354 700 4411 Eucharistico
729 4353 828 4408 sub
869 4354 1045 4407 linem.
1097 4355 1247 4407 llunc
1286 4353 1458 4408 adhuc
1494 4356 1741 4411 abbatem

152 4428 330 4495 quanti
365 4427 559 4481 iecerit
584 4425 813 4480 Hilarius
837 4423 1183 4495 Arelatensis.
1208 4424 1440 4479 declarat
1470 4426 1585 4495 ejus
1610 4426 1744 4481 Vita:

153 4493 338 4551 auctor
391 4498 479 4551 his
528 4497 703 4550 verbis
755 4512 766 4546 :
826 4493 890 4547 In
939 4495 1132 4547 eodem‘
1164 4496 1275 4549 loco
1332 4505 1451 4549 tunc
1502 4493 1746 4562 temporis

154 4568 212 4621 S.
242 4569 538 4631 Faustum,
568 4567 913 4637 presbyterum
944 4566 1134 4633 pariter
1165 4574 1216 4619 et
1247 4565 1477 4620 abbatem
1504 4568 1578 4620 ita
1604 4568 1745 4637 [utu-

151 4655 320 4693 rornm
348 4636 604 4699 prwscius
629 4637 892 4690 honoravit
915 4675 929 4699 ,
968 4646 1020 4688 ut
1043 4636 1173 4689 inter
1201 4652 1252 4689 se
1275 4648 1318 4690 et
1344 4649 1545 4692 sanctos
1571 4655 1742 4691 sacer-

152 4712 287 4764 dotes
315 4705 653 4763 Theodorum
678 4715 722 4761 et
752 4705 1037 4759 Maximum
1069 4707 1292 4759 medium
1321 4708 1639 4776 compelleret
1665 4725 1744 4762 re-

152 4781 329 4835 sidere.
385 4779 498 4835 Sed
528 4778 595 4832 de
624 4778 822 4831 Fausto
864 4777 1101 4845 pluribus
1136 4778 1288 4829 alias.
1336 4776 1488 4831 Nunc
1514 4778 1643 4831 satis
1674 4780 1741 4832 sit

152 4865 407 4935 monere,
436 4859 662 4935 praeter
712 4850 853 4935 hunc
898 4848 1209 4935 seniorem,
1259 4847 1485 4935 alterum
1533 4863 1745 4935 quoque
1771 4875 1825 4935 Β

154 4919 405 4976 Faustum
436 4917 487 4975 in
516 4919 705 4974 eadem
728 4918 970 4972 Heieusis
989 4917 1233 4971 ecclesiae
1256 4917 1509 4971 cathedra
1536 4918 1606 4971 80
1633 4919 1743 4971 cir-

151 4991 279 5046 citer
310 5002 440 5061 post
466 5002 635 5044 annos
664 4989 890 5061 sedisse.
935 4986 1089 5054 Quod
1115 5002 1186 5061 _ne
1217 4988 1429 5061 penitus
1475 4985 1746 5061 ignorare-

154 5077 264 5116 mus
283 5057 641 5129 ,docuerunt
668 5074 768 5114 nos
805 5059 1022 5127 integra:
1048 5057 1471 5125 subscriptiones
1500 5059 1688 5127 synodi
1712 5076 1743 5112 v

152 5131 562 5188 Aurelianensis
593 5148 604 5182 ε
636 5131 726 5185 ubi
778 5131 914 5184 inter
958 5139 1184 5197 caeteros
1222 5129 1309 5198 qui
1351 5144 1448 5196 pro
1477 5130 1745 5199 episcopis

153 5204 471 5259 absentibus
497 5202 884 5271 subscripsere,
915 5199 1240 5254 Claudianus
1264 5199 1463 5271 legitur
1487 5198 1744 5271 diaconus

152 5273 386 5328 directus
417 5288 450 5327 a
482 5270 677 5326 Fausto
706 5269 957 5339 episcOpo
981 5271 1235 5325 Ecclesiae
1263 5269 1509 5324 Reicnsis
1544 5287 1556 5323 :
1589 5270 1633 5324 is
1666 5275 1745 5326 ni-

156 5345 345 5399 mirum
375 5345 470 5414 qui
493 5342 731 5410 ejusdem
759 5351 940 5411 postea
968 5341 1111 5396 sedis
1133 5340 1227 5394 fuit
1246 5340 1741 5414 antistes,_Parisia5

154 5411 409 5485 censique
440 5413 669 5485 concilio
699 5414 751 5468 iu
779 5427 885 5482 quo
912 5423 1087 5485 actum
1113 5420 1197 5466 est
1224 5412 1292 5465 de
1312 5426 1477 5485 causa
1503 5411 1738 5485 l’romoti

154 5480 389 5555 episcopi
441 5484 703 5539 Dunensis
725 5522 742 5550 ,
788 5480 1032 5537 interfuit
1056 5522 1072 5548 ,
1112 5491 1169 5538 ut
1193 5481 1401 5537 concilii
1433 5480 1590 5550 hujus
1620 5498 1739 5553 qua:

152 5558 286 5611 nacti
309 5571 502 5611 sumus
525 5564 641 5609 acta
669 5561 953 5609 testantur.
1082 5574 1090 5583 ~

219 5625 248 5665 δ
288 5627 573 5682 Assentior
597 5624 878 5692 Savaroni,
900 5624 1153 5693 scriptam
1183 5620 1351 5693 videri
1382 5622 1517 5677 banc
1540 5623 1739 5692 episto-

153 5698 255 5753 lam
283 5696 619 5767 Burdegalte,
643 5710 764 5750 eum
794 5697 845 5749 in
867 5709 929 5749 ea
958 5695 1089 5750 urbe
1115 5692 1559 5767 apud‘lturicum,
1585 5705 1639 5747 ut
1659 5703 1741 5767 est

152 5767 205 5822 in
234 5770 395 5839 epist.
431 5763 492 5836 9:
518 5767 610 5821 lib.
640 5782 730 5820 vnt
749 5809 762 5832 ,
790 5767 1164 5839 exsulageret
1183 5763 1457 5839 Sidonius,
1493 5773 1612 5839 post
1640 5766 1736 5820 de-

154 5834 615 5899 dites-Arvernam
641 5851 768 5906 pace
792 5853 912 5890 eum
944 5834 1410 5892 ltdmanisiterum
1439 5834 1665 5891 turbata.

439 5930 711 5993 Ριτιοι.
757 5927 969 5990 LVIII.

1852 3364 1960 3416 ma,
1985 3347 2181 3405 exinde
2205 3346 2445 3403 scribere
2473 3344 2566 3399 tibi
2588 3358 2683 3400 cur
2708 3342 3109 3415 supersederim
3142 3361 3153 3396 :
3186 3344 3326 3414 quod
3356 3344 3454 3398 im-

1851 3454 2010 3495 mane
2047 3438 2284 3509 suspicio
2323 3435 2555 3492 dictandi
2596 3436 2736 3490 istud
2784 3435 2835 3489 in
2878 3435 3030 3490 vobis
3064 3435 3452 3505 tropologicum

1851 3548 2019 3604 genus
2064 3546 2129 3588 ac
2182 3532 2463 3600 ﬁguratum
2491 3572 2506 3596 ,
2549 3529 2854 3598 limatisque
2905 3528 3232 3597 plurifariam
3273 3530 3450 3585 verbis

1853 3622 2378 3685 eminentissimum,
2430 3620 2572 3688 quod
2630 3628 2807 3673 vestra
2835 3659 2850 3683 ,
2899 3633 3058 3688 quam
3103 3620 3448 3689 sumpsimus,

1856 3715 2085 3785 epistola
2134 3713 2390 3768 ostendit.
2450 3712 2598 3766 Licet
2642 3711 2783 3765 enim
2834 3710 3242 3780 praedicationes
3296 3698 3450 3777 tuas‘,

1856 3821 1997 3859 nunc
2023 3802 2333 3874 repentinas
2359 3843 2374 3866 ,
2416 3815 2559 3855 nunc
2586 3815 2707 3853 cum
2741 3799 2876 3855 ratio
2905 3800 3240 3870 poposcisset
3265 3802 3451 3857 elucu-

1856 3898 2057 3965 bratas,
2091 3910 2284 3951 raucus
2316 3894 2495 3964 plosor
2524 3892 2816 3955 audierim;
2852 3903 2977 3947 tunc
3010 3894 3300 3963 prtecipue,
3327 3910 3451 3951 cum

1857 3988 1912 4043 in
1941 3999 1965 4026 ε
1998 3987 2372 4059 Lugdunensis
2400 3984 2642 4040 ecclesiae.
2672 3984 2931 4039 dedicata:
2975 3983 3126 4040 festis
3157 3985 3450 4041 hebdoma-

1928 4158 1949 4186 ι
1993 4147 2111 4201 Pari
2160 4147 2420 4216 elegantia
2476 4145 2777 4217 soloecismi
2817 4160 3001 4217 vocem
3050 4144 3116 4199 ad
3156 4145 3259 4200 alia
3304 4163 3450 4217 saepe

1852 4217 2186 4273 transferunt
2208 4214 2395 4282 optimi
2423 4230 2689 4273 auctores.
2721 4214 2908 4271 Cicero
2932 4215 3023 4270 lib.
3058 4232 3090 4270 ll
3116 4218 3181 4270 ad
3209 4214 3446 4273 Atticum

1852 4289 1912 4343 11
1952 4306 1964 4341 :
2003 4286 2173 4343 Ludos
2201 4288 2343 4342 Antii
2372 4299 2603 4354 spectare
2642 4303 2743 4340 non
2782 4287 2947 4351 placet
2979 4303 2998 4340 :
3026 4296 3100 4341 est
3139 4290 3275 4342 enim
3319 4291 3449 4345 ὐπο-

1851 4361 2102 4422 σὸλοιχον.
2140 4375 2254 4413 cum
2283 4359 2430 4414 velim
2462 4360 2619 4413 vitare
2650 4374 2850 4411 omnem
2876 4356 3173 4411 deliciarum
3200 4361 3449 4425 suspicio-

1851 4446 1986 4485 nem.
2045 4429 2399 4501 Hieronymus
2444 4428 2496 4483 in
2547 4428 2843 4483 llelvidium
2890 4443 2904 4480 :
2946 4429 3099 4496 Apud
3128 4429 3445 4485 Christianos

1851 4501 2163 4554 soloecismus
2188 4510 2261 4554 est
2284 4517 2494 4568 magnus
2515 4510 2559 4554 et
2581 4501 2778 4561 vitium,
2804 4510 2949 4568 turpe
2971 4501 3091 4564 quid
3112 4501 3187 4551 uel
3212 4516 3444 4564 narrare,

1853 4573 1928 4652 uel
1956 4572 2143 4639 facere.
2178 4571 2348 4652 Sicget
2382 4571 2645 4652 Lueianus
2668 4573 2789 4652 περὶ
2819 4571 3089 4652 apiriam);
3116 4608 3130 4629 ,
3162 4568 3446 4652 Herculem

1855 4642 1909 4694 in
1938 4656 2095 4695 scena
2122 4640 2392 4710 μονῳδιῑν,
2414 4641 2669 4710 σολοικίαν
2700 4639 2774 4710 ait
2799 4639 2988 4710 videri,
3010 4652 3132 4691 Cum
3161 4639 3448 4710 ἰιιλᾼηύω-

1852 4711 2042 4764 mache
2085 4706 2139 4764 et
2187 4706 2401 4762 Hecuba
2442 4709 2569 4762 ferri
2619 4708 2804 4774 possit.
2859 4706 3077 4760 Polemo
3122 4707 3348 4774 sopbist.
3379 4709 3448 4762 de

1855 4780 2147 4845 histrione,
2179 4780 2268 4847 qui
2301 4784 2340 4831 ὠ
2372 4784 2455 4841 ζεῦ
2488 4778 2671 4831 dicens
2692 4820 2705 4842 ,
2740 4778 2804 4829 ad
2830 4786 3047 4847 terram,
3080 4785 3134 4847 et
3162 4780 3202 4829 ὠ
3231 4784 3297 4847 γᾶ
3323 4794 3445 4831 cum

1851 4850 2075 4913 diceret,
2100 4844 2315 4902 manum
2337 4850 2402 4900 ad
2425 4849 2621 4902 caelum
2647 4846 3013 4915 protenderet,
3040 4844 3444 4914 0610;,inquii,

1847 4929 1910 4995 τῇ
1942 4923 2086 4994 χειρὶ
2114 4920 2389 4974 ἀσολοίκωι
2413 4958 2429 4985 ,
2468 4918 2607 4987 quod
2654 4926 2834 4971 narrat
2872 4918 2923 4971 in
2964 4917 3079 4985 ejus
3123 4916 3236 4970 Vita
3269 4917 3447 4972 Philo-

1848 5002 2068 5044 Stratus.

1922 5062 1946 5096 α
2001 5060 2139 5115 Sunt
2181 5059 2374 5127 quibus
2418 5074 2481 5114 ex
2530 5058 2631 5113 hoc
2672 5059 2789 5112 loco
2818 5057 2939 5112 elici
2982 5071 3140 5125 posse
3180 5058 3444 5122 videatur,

1850 5130 2106 5185 Faustum
2137 5131 2203 5185 ad
2233 5132 2598 5199 episcopatum
2640 5144 2743 5183 non
2783 5129 2949 5183 multo
2981 5140 3104 5199 ante
3132 5137 3443 5195 provectum

1849 5201 2016 5256 fuisse
2045 5217 2204 5272 quant
2254 5198 2368 5254 haec
2411 5198 2673 5256 Scriberet
2704 5200 2986 5272 Sidonius.
3020 5198 3217 5272 Verum
3251 5214 3443 5253 novam

1849 5268 2160 5340 dignitatem
2193 5271 2443 5340 appellat,
2476 5286 2581 5325 non
2612 5279 2738 5325 tunc
2765 5270 3022 5338 temporis
3051 5268 3322 5336 adeptam,
3348 5273 3442 5325 sed

1849 5358 1970 5412 qua:
1989 5344 2221 5410 antiqua:
2242 5342 2448 5396 abbatis
2469 5341 2711 5411 dignitati
2733 5347 3087 5412 successerat.
3122 5340 3440 5412 Veteranum

1849 5409 1991 5467 enim
2019 5458 2033 5479 ,
2087 5409 2187 5468 hoc
2236 5423 2320 5467 est
2356 5409 2616 5467 annorum
2646 5428 2805 5477 supra
2842 5410 2904 5464 ιε
2935 5410 3243 5479 cpiSCOpum
3275 5409 3440 5468 fuisse

1846 5483 2131 5549 Faustum,
2159 5498 2279 5537 cum
2325 5482 2439 5537 lucc
2478 5483 2693 5549 scripsit
2720 5481 2973 5537 Sidonius
2998 5522 3012 5544 ,
3049 5480 3244 5535 docent
3271 5480 3437 5537 Hilari

1844 5570 1998 5625 papae
2028 5553 2268 5623 episton
2290 5594 2304 5619 ,
2348 5569 2467 5624 qua:
2498 5552 2679 5607 Fausti
2714 5552 2818 5624 jam
2847 5552 3084 5625 episcopi
3112 5564 3234 5605 cum
3264 5559 3439 5606 Auxa-

1844 5623 1935 5680 nio
1964 5624 2259 5679 Romanam
2298 5624 2618 5694 legationem
2658 5638 2801 5678 anno
2839 5623 2945 5678 462
2983 5633 3258 5691 peractam
3292 5637 3438 5678 com-

1846 5705 2167 5750 memorant.

1917 5774 1943 5803 ο
1983 5769 2026 5820 Α
2057 5767 2294 5821 Patientc
2321 5771 2642 5819 constructae
2672 5777 2725 5820 et
2762 5763 3020 5820 dedicatae
3050 5764 3140 5819 lib.
3172 5780 3241 5831 ιι,
3272 5766 3431 5833 epist.

1850 5837 1934 5893 10.
1977 5835 2258 5892 Sacrarutu
2300 5833 2478 5893 Fausti
2510 5837 2824 5893 concionum
2856 5836 3102 5892 meminit
3128 5834 3318 5891 iterum
3352 5836 3434 5892 Si-

2852 5928 2929 5988 20
