4060 6332
590 389 691 443 (oili

1855 362 2097 440 sinenn
2136 356 2586 442 APOLLI‘NARIS

3766 376 3866 447 69.9

591 504 816 571 dalilius,
857 498 1175 571 collegarum
1216 492 1678 556 sacrosanctorum
1708 488 1894 572 rogatu
1924 500 2175 556 e'xorare-
2200 500 2249 563 Α
2282 501 2463 556 bulum
2494 544 2508 566 ,
2558 504 2642 568 qui
2695 502 2881 556 invitat
2927 498 2994 559 ad
3042 501 3259 559 coelum.
3315 500 3519 560 Memor
3544 498 3715 559 nostri
3744 520 3864 562 esse

591 603 662 654 ris
693 604 747 652 ut
775 588 1051 666 perorares
1086 611 1099 647 :
1135 594 1204 649 ibi
1235 603 1287 649 te
1321 594 1457 648 inter
1488 593 1754 663 spiritales
1784 592 1997 665 regulas
2026 636 2038 657 ,
2089 592 2174 648 v'el

591 690 830 745 forenses
853 678 1233 741 medioximum
1258 672 1511 756 quiddam
1532 678 1962 750 coincionantem,
1980 687 2176 756 quippe

592 776 935 850 utrarumqlte
964 770 1331 834 doctissimum
1364 778 1799 849 disciplinarum,
1832 766 2032 847 pariter
2060 793 2177 832 ere-

591 870 690 930 ctis
718 872 963 928 sensibus
992 871 1314 941 auribusque
1346 860 1579 926 curvatis
1610 860 1977 926 ambiebamus
2003 912 2017 937 ,
2052 856 2176 925 hinc

592 962 783 1037 pa’rittn'
827 958 1152 1018 factitantet'u
1204 963 1473 1019 desiderio
1521 958 1745 1029 nostro,
1798 965 1917 1032 quia
1973 944 2179 1033 judicio

592 1048 953 1111 satisfeceras.
991 1054 1082 1109 llis
1112 1055 1179 1109 de
1208 1055 1384 1109 causis
1418 1053 1708 1124 temperavi
1741 1054 1882 1125 stylo
1911 1054 2176 1124 tempera-

597 1150 788 1218 boque,
825 1142 1055 1200 breviter
1085 1148 1288 1200 locutu‘s
1320 1154 1376 1199 ut
1410 1146 1642 1214 paream,
1677 1144 1892 1214 longum
1922 1144 2180 1198 taciturus

598 1249 653 1293 ut
679 1238 902 1296 discant.
933 1236 1069 1291 Sunt
1094 1237 1162 1291 de
1190 1240 1384 1292 caetero
1416 1245 1522 1291 tute
1553 1245 1751 1306 partes,
1773 1235 1989 1291 domine
2022 1230 2177 1307 papa,

598 1332 857 1387 doctrinae
906 1331 1151 1385 :almaris
1198 1330 1624 1400 singularisque,
1676 1330 1893 1385 victuris
1932 1322 2181 1399 operibus

599 1422 909 1477 incumbere
934 1418 1084 1476 satis.
1138 1420 1317 1491 Neque
1357 1423 1498 1475 cnim
1528 1418 1765 1492 qitisquis'
1795 1421 2056 1477 ausettltat
2086 1418 2182 1474 d0-

600 1510 819 1570 centem'
842 1524 892 1567 te
923 1510 1276 1583 di‘Sputaut‘em
1303 1518 1385 1580 me
1411 1556 1425 1579 ,
1460 1515 1577 1584 plus
1607 1514 1747 1582 loqui
1779 1514 1931 1569 diScit
1959 1554 1972 1579 ,
2024 1526 2179 1584 quam

604 1600 776 1663 facere
804 1605 1087 1660 laudanda.
1122 1600 1271 1659 None
1298 1598 1443 1670 vero,
1478 1596 1615 1672 quod
1650 1612 1837 1671 restat,
1867 1604 2061 1658 donate
2094 1619 2182 1659 ve-

604 1701 689 1753 nia
717 1696 960 1768 paginam
995 1686 1364 1761 rusticantem,
1394 1690 1544 1749 vehis
1575 1694 2023 1750 obsecundantem
2062 1692 2183 1750 :cni

602 1802 689 1845 me
716 1792 924 1858 quoque
970 1799 1187 1843 auctore
1213 1830 1227 1853 ,
1269 1788 1313 1842 si
1348 1786 1537 1842 vestris
1584 1784 1773 1841 litteris
1818 1788 2177 1857 cottipziret'ur,

602 1856 771 1953 stylus
803 1856 1193 1935 infantissimus
1239 1880 1395 1935 inest.
1440 1868 1549 1935 Séd
1606 1878 1707 1933 ista’
1733 1876 1893 1951 255
1929 1856 2179 1949 quorsum
2213 1856 2259 1936 δ

602 1972 829 2028 stolidus
852 1972 1058 2043 allego?
1104 1971 1239 2026 Nam
1268 1966 1425 2025 nimis
1468 1970 1743 2041 deprecari
1787 1971 2014 2040 ineptias
2043 1976 2184 2039 ipsas

603 2072 684 2118 est
709 2060 1103 2133 ineptissimum
1128 2084 1139 2119 :
1168 2065 1219 2116 in
1248 2061 1439 2132 Quibus
1468 2072 1521 2115 tu
1544 2066 1722 2115 merus
1752 2062 1970 2126 arbiter,
1999 2062 2041 2114 si
2071 2060 2183 2115 rem

603 2170 671 2210 ex
698 2164 816 2210 asse
846 2154 1112 2223 discingas
1140 2196 1153 2216 ,
1186 2153 1380 2208 ridebis
1421 2152 1640 2221 plurima
1669 2192 1683 2214 ,
1728 2152 1876 2222 plura
1920 2151 2181 2221 culpabis.

603 2249 710 2303 Sed
757 2258 812 2303 et
862 2247 990 2301 illud
1020 2247 1335 2315 amplector,
1370 2247 1413 2299 si
1462 2252 1556 2313 pro
1603 2246 1823 2300 caritate
1857 2250 1958 2315 qua
1990 2245 2181 2315 polles,

608 2354 714 2392 non
744 2338 907 2391 fueris
938 2350 1317 2405 usquequaque
1364 2336 1620 2391 censendi
1652 2336 2181 2399 continentissimus;

607 2430 659 2483 id
686 2439 763 2484 est
792 2471 805 2495 ,
843 2430 885 2482 si
916 2428 1181 2483 sententia
1220 2436 1306 2481 tua
1335 2427 1604 2496 quippiam
1650 2441 1810 2495 super
1838 2429 1918 2481 bis
1949 2427 2186 2495 apicibus

588 2522 865 2587 antiquet.
888 2518 1043 2589 Tunc
1075 2520 1215 2573 enim
1245 2521 1442 2573 eertius
1472 2529 1521 2572 te
1552 2520 1806 2588 probasse
1836 2519 2033 2587 reliqua
2058 2533 2186 2589 gau-

609 2611 785 2677 debo,
818 2611 861 2666 si
906 2612 1157 2665 liturasse
1200 2610 1374 2681 aliqua
1421 2600 1741 2680 cognovero.
1792 2612 1991 2665 Memor
2018 2611 2185 2665 nostri

608 2719 727 2759 esse
755 2703 1003 2773 dignare,
1034 2704 1252 2758 domine
1282 2718 1434 2773 papa.

1178 2795 1501 2853 EPISTOLA
1530 2782 1615 2850 tv.

819 2891 1066 2947 Sidonius
1103 2891 1308 2945 domino
1340 2902 1487 2961 papa:
1522 2890 1701 2944 erco
1736 2890 1969 2944 salutem.

678 2982 861 3037 Viator
911 2994 1091 3039 noster
1133 2998 1195 3038 ac
1227 2983 1533 3038 tabellarius
1572 2983 1694 3038 terit
1736 2983 1933 3037 orbitas
1982 2983 2186 3037 itineris

609 3077 803 3131 assueti
831 3121 844 3145 ,
878 3076 1107 3145 spatium
1149 3078 1247 3131 vim
1276 3078 1655 3147 regionumque
1700 3076 1839 3146 quod
1870 3075 2063 3145 oppida
2092 3089 2187 3128 no-

610 3178 715 3221 stra
748 3168 1105 3233 discriminat,
1135 3183 1276 3236 saepe
1306 3168 1608 3237 relegendo.
1643 3168 1900 3234 Quocirca
1930 3170 2025 3220 n'os
2055 3170 2187 3235 quo-

2279 592 2515 663 dignare,
2543 592 2758 648 domine
2792 592 2944 665 papa.

2857 680 3186 746 EPISTOLA
3230 676 3293 746 v.

2459 778 2704 837 Sidonius
2733 782 2938 837 domino
2977 782 3123 853 papa:
3154 774 3185 821 εί
3211 778 3423 838 Iuliano
3451 786 3663 839 salutem

2353 874 2462 929 EtSi
2506 874 2801 944 plusculum
2854 873 2999 930 forte
3037 875 3267 930 discreta
3294 917 3309 942 ,
3357 889 3516 946 quam
3565 879 3867 932 communis

2281 966 2516 1023 animum
2547 964 2783 1038 Optabat,
2815 972 2941 1026 sede
2970 971 3332 1039 consistimus,
3363 966 3467 1026 non
3499 980 3675 1028 tamen
3704 970 3865 1028 medii

2280 1058 2488 1116 itineris
2516 1060 2725 1129 obiectu
2749 1105 2761 1126 ,
2795 1073 3047 1132 quantum
3074 1054 3145 1119 ad
3170 1064 3481 1119 solvendum
3511 1054 3717 1136 spectat
3747 1065 3864 1120 offi-

2282 1154 2460 1219 ciunt,
2497 1152 2673 1209 nostra
2703 1157 2956 1210 sedulitas
3000 1158 3347 1228 impediretur
3374 1200 3389 1225 ,
3425 1159 3525 1214 nisi
3570 1158 3665 1229 per
3704 1175 3869 1229 regna

2282 1240 2459 1311 divisi,
2488 1262 2517 1301 a
2547 1251 2870 1304 commercio
2900 1248 3276 1321 frequentioris
3313 1246 3598 1317 sermonis,
3628 1253 3868 1307 diversa-

2284 1336 2398 1394 rum
2440 1342 2659 1396 sortimn
2701 1344 2825 1412 jure
2863 1359 3241 1399 revocaremur
3272 1364 3284 1397 ε
3316 1362 3435 1416 quae
3475 1362 3615 1400 nunc
3655 1347 3869 1414 saltem,

2284 1426 2401 1501 post
2440 1430 2583 1501 pacis
2621 1429 2806 1488 initam
2848 1436 3186 1504 pactionem,
3228 1437 3349 1508 quia
3393 1432 3639 1493 fidelibus
3677 1434 3869 1491 animis

2285 1518 2723 1591 ftederabuntur,
2791 1526 2970 1596 apices
3039 1528 3207 1583 nostri
3262 1524 3514 1599 incipient
3565 1528 3869 1583 commeare

2283 1612 2485 1687 Crebri,
2520 1612 2765 1688 quaniam
2799 1629 3008 1673 cessant
3038 1618 3159 1675 esse
3188 1621 3438 1690 suspecti.
3472 1616 3703 1675 Proinde
3725 1662 3740 1685 ,
3776 1621 3871 1674 do-

2285 1712 2429 1765 mine
2457 1726 2611 1780 papa,
2636 1706 2761 1765 cum
2784 1708 3142 1766 sacrosancus
3171 1704 3425 1767 fratribus
3450 1713 3640 1766 vestris
3671 1710 3869 1780 pariter

2284 1804 2499 1858 Christo
2548 1786 2937 1876 supplicaturas
2985 1805 3192 1873 jungite
3242 1806 3425 1873 preces
3472 1824 3483 1858 :
3529 1814 3583 1857 ttt
3627 1802 3868 1872 dignatus

2292 1898 2611 1965 proslierare‘
2645 1912 2763 1964 qua:
2804 1896 3039 1967 gerimus
3060 1938 3074 1961 ,
3108 1894 3379 1973 nostrique
3408 1894 3629 1950 dominii
3670 1898 3870 1964 tempe-

2289 1994 2411 2044 rans
2441 1990 2560 2044 lites
2587 2030 2599 2051 .
2635 2004 2782 2043 arma
2811 2003 3161 2059 compescens
3186 2031 3201 2055 ,
3235 1987 3352 2043 illos
3379 1982 3689 2043 muneretur
3719 1986 3870 2041 intio«

2288 2082 2463 2137 rentia
2493 2126 2506 2145 ,
2557 2095 2653 2135 uos
2685 2081 2865 2150 quiete
2889 2122 2902 2145 ,
2933 2084 3075 2135 totos
3120 2080 3423 2135 Secaritate.
3472 2079 3676 2134 Memor
3708 2078 3869 2132 nostri

2288 2187 2407 2243 esse
2437 2171 2676 2243 dignare,
2704 2171 2919 2226 domine
2951 2185 3105 2240 papa.

2302 2240 2337 2265 '
2498 2240 2513 2243 θ
2736 2266 2893 2338 257
2944 2263 3275 2319 EPISTOLA
3318 2264 3407 2320 VI.

2432 2355 2680 2411 Sidonius
2720 2356 2928 2410 domino
2961 2372 3108 2424 papw
3132 2354 3161 2394 δ
3190 2348 3454 2409 Ambrosio
3490 2357 3729 2410 salutem.

2359 2447 2537 2519 Viguit
2581 2466 2677 2519 pro
2708 2440 3057 2504 dilectissimo
3088 2446 3271 2505 nostro
3320 2450 3465 2523 (quid
3516 2451 3706 2521 loquar
3733 2492 3748 2516 ,
3787 2468 3869 2505 no-

2290 2534 2435 2608 men,
2467 2543 2784 2610 personam?
2826 2553 2880 2596 tu
2911 2556 3261 2610 recognosces
3291 2541 3505 2612 cuncta)
3553 2538 3693 2613 apud
3722 2528 3871 2597 Chri-

2289 2628 2433 2687 stum
2478 2630 2563 2695 tua
2610 2630 2865 2688 san‘rtitas
2910 2632 3308 2699 intercessionis
3356 2624 3546 2688 eﬂ‘ectu
3580 2650 3592 2688 :
3624 2632 3691 2688 de
3722 2633 3871 2703 cujus

2292 2724 2540 2780 facilitate
2570 2736 2590 2763 ι·
2620 2723 2841 2793 juvenili
2882 2738 3024 2793 saepe
3051 2718 3188 2777 nunc
3231 2724 3443 2778 arbitris
3487 2722 3659 2793 palam
3695 2723 3873 2777 ascitis

2290 2816 2685 2887 Conquerebare
2712 2856 2725 2879 ,
2760 2829 2900 2868 nunc
2933 2818 3125 2869 tacitus
3156 2812 3563 2885 ingemiscebas.
3600 2816 3764 2885 Igitur
3792 2815 3871 2870 hic

2292 2912 2531 2980 proxime
2570 2910 2793 2976 abrupto
2833 2908 3183 2963 contubernio
3214 2908 3416 2963 ancilla:
3457 2908 3870 2978 prapudiosissi-

2292 3019 2389 3055 tua:
2431 3003 2515 3055 cui
2556 3018 2613 3056 se
2653 3012 2820 3056 totum
2860 3000 3245 3057 coiisuctudine
3278 3001 3509 3057 obscena
3538 3003 3754 3071 junctus
3782 3001 3870 3055 ad-

2288 3091 2491 3145 diierat
2517 3133 2531 3157 ,
2564 3093 2913 3161 patrimonio,
2944 3092 3195 3160 posteris,
3229 3091 3407 3159 fatum,
3439 3094 3613 3147 subita
3645 3093 3724 3147 sui
3755 3109 3869 3146 eor-

2292 3183 2527 3237 recﬁone
2556 3182 2845 3237 consuluit.
2892 3183 3129 3251 Namque
3162 3198 3253 3251 per
3277 3178 3354 3237 rei
3379 3180 3653 3237 familiaris
3679 3181 3870 3237 damna

611 3272 713 3325 'lue
734 3257 889 3312 dcc“
917 3258 1080 3312 semel
1110 3259 1393 3327 υτυβοείίη
1426 3256 1721 3311 sedulitatis
1748 3258 1921 3311 “mela
1952 3260 2140 3311 έθοῑίπί
2167 3271 2183 3308 ε
2212 3242 2259 3310 0
2294 3283 2564 3335 vacuatus,
2601 3276 2654 3327 ut
2687 3274 2915 3343 primum
2946 3274 3240 3342 intelligere
3267 3270 3447 3341 coepit,
3479 3283 3531 3328 et
3559 3280 3871 3337 retractare,

612 3358 727 3415 qua:
780 3362 900 3401 cum
971 3347 1187 3416 reliquis
1242 3348 1701 3411 eonnneantibus,
1759 3357 1871 3401 tum
1922 3348 2187 3417 praecipue

614 3442 858 3495 Amantio
885 3441 1293 3507 intercurrente.
1307 3441 1578 3511 geminare
1602 3457 1719 3494 cum
1739 3441 1962 3509 quadam
1995 3442 2187 3496 mentis

613 3533 904 3589 intentione
933 3533 1190 3589 debemus
1222 3551 1235 3588 :
1269 3548 1335 3590 ne
1368 3534 1506 3590 forte
1546 3534 1786 3590 videatur
1813 3536 1926 3604 ipse
1956 3538 2077 3606 plus
2103 3536 2188 3591 lit-

614 3628 753 3681 teras
774 3639 1008 3690 ex.QO
1031 3624 1345 3701 deposcere,
1368 3643 1524 3702 quam
1549 3643 1644 3688 nos
1670 3644 1733 3689 ex
1760 3640 1940 3692 arnore
1961 3629 2181 3690 dietarc.

614 3721 739 3779 Med
764 3727 980 3781 domine
1007 3741 1169 3796 papa,
1204 3736 1501 3781 vestrorum
1532 3728 1648 3796 plus
1680 3726 2022 3795 mementote,
2055 3732 2188 3798 quos

613 3821 750 3873 inter
797 3819 1167 3890 prmsumimus
1214 3820 1511 3889 computari
1542 3836 1556 3871 :
1589 3820 1784 3889 quique
1825 3820 1961 3874 sicut
1998 3814 2187 3874 vestris

613 3913 867 3981 erigimur
914 3908 1203 3977 secundis,
1247 3914 1315 3965 ita
1362 3912 1711 3981 deprimimur
1748 3911 2005 3965 adversis.
2056 3910 2186 3965 Nam

613 4004 750 4072 quod
781 4018 949 4072 nuper
976 4003 1345 4072 quorumpiam
1392 4000 1612 4057 fratrum
1644 4003 1965 4058 necessitate
1993 4000 2186 4058 multos

613 4093 936 4161 pertuleritis
961 4108 1184 4161 angores
1211 4133 1228 4160 ,
1276 4093 1434 4147 ﬂebili
1464 4093 1529 4146 ad
1561 4092 1748 4147 ﬂentes
1780 4094 2041 4148 relatione
2069 4109 2188 4162 per-

614 4186 775 4237 venit.
829 4182 934 4237 Sed
967 4191 1021 4236 tu
1040 4223 1055 4247 ,
1090 4182 1186 4235 ﬂos
1214 4182 1549 4238 sacerdotum
1576 4223 1591 4249 ,
1622 4199 1829 4251 gemma
1856 4185 2186 4253 pontificum,

613 4274 837 4328 scientia
866 4273 1015 4327 fortis
1036 4316 1050 4337 ,
1084 4272 1272 4327 fortior
1300 4272 1627 4327 conscientia
1650 4313 1665 4336 ,
1714 4274 1887 4327 minas
1915 4275 2189 4344 undasque

614 4364 774 4436 256
802 4363 1150 4418 mundialium
1180 4378 1371 4433 Sperne
1405 4365 1701 4419 nimborum
1737 4383 1750 4419 :
1782 4366 1904 4435 quia
1931 4369 2185 4436 ireque"—

615 4448 694 4510 ter
720 4455 832 4524 ipse
857 4452 1103 4518 docuisti,
1136 4454 1275 4524 quod
1303 4455 1368 4508 ad
1402 4458 1657 4522 promissa
1694 4457 1932 4510 convivia
1966 4458 2189 4524 patriar-

590 4542 832 4605 'cttarum
860 4590 875 4616 ,
925 4549 1008 4604 vel
1055 4550 1120 4603 ad
1172 4559 1353 4603 nectar
1379 4549 1673 4605 cmleStium
1715 4552 2020 4619 poculorum
2047 4593 2062 4615 ,
2096 4567 2188 4618 per

615 4640 1025 4696 amar;tudinum
1050 4650 1376 4695 terrenarum
1408 4642 1603 4697 calices
1629 4644 2013 4711 perveniretur.
2051 4644 2188 4701 Veiis
2215 4637 2269 4696 D

615 4737 751 4793 nolis
772 4778 788 4803 ,
830 4736 1052 4808 quisque
1084 4735 1373 4806 contempti
1404 4735 1709 4791 mediatoris
1737 4740 2076 4807 Consequitur
2104 4754 2188 4793 te-

611 4844 796 4899 gnum,
819 4830 1055 4897 sequitur
1082 4830 1406 4897 exemplum.
1432 4830 1799 4895 Quantaslibet
1828 4830 1981 4886 uobis
2003 4832 2189 4886 anxie-

514 4942 527 4953 ο
576 4930 778 4975 ιιαιιιηι
846 4928 1050 4989 pateras
1106 4921 1227 4972 vitae
1291 4920 1566 4988 przesentis
1633 4919 1874 4989 prapinet
1948 4922 2186 4987 afﬂictio,

582 5002 583 5005 “
613 5026 775 5081 parva
804 5011 1114 5076 toleramus,
1140 5011 1183 5062 si
1216 5011 1557 5065 recordamur
1585 5012 1709 5079 quid
1740 5012 1929 5067 biberit
1957 5014 2022 5067 ad
2054 5014 2190 5082 pati-

611 5142 802 5197 donius
826 5142 877 5196 in
907 5140 1285 5214 Eucltaristico.
1322 5142 1488 5197 Hodie
1511 5144 1719 5213 quidem
1748 5161 1865 5214 qua:
1892 5145 2067 5201 Fausti
2090 5165 2186 5203 tto-

613 5229 733 5267 men
762 5220 978 5282 gerant,
1013 5213 1253 5267 Homilize
1282 5228 1383 5265 non
1414 5224 1622 5267 exstant
1652 5233 1663 5265 :
1694 5213 1981 5270 oceurrunt
2009 5230 2183 5273 tamen

613 5284 876 5358 interdum
925 5284 1112 5358 aliqum
1154 5285 1217 5358 in
1268 5284 1501 5358 antiquis
1542 5285 1895 5358 bibliothecis,
1950 5288 2055 5358 97
2104 5291 2185 5343 ci-

614 5352 895 5422 tanturque
935 5369 962 5406 a
1004 5352 1220 5408 Sedulio
1263 5352 1423 5409 Scoto
1473 5355 1521 5406 in
1572 5354 1925 5409 Collectaneis
1959 5352 2038 5410 in—
2059 5359 2187 5412 Mat-

615 5423 813 5496 tltgeunl
842 5437 856 5475 :
883 5430 949 5496 ac
988 5425 1083 5477 nisi
1115 5425 1415 5496 conjectura
1448 5424 1579 5496 fallit
1604 5465 1616 5487 ,
1648 5424 1786 5479 inter
1813 5440 1903 5496 eas
1933 5443 2050 5496 qua:
2083 5428 2189 5483 Ett-

612 5491 742 5544 sebii
777 5493 1040 5567 Emisseni
1076 5498 1286 5548 nomine
1313 5494 1785 5563 circumferuntur,
1820 5491 1996 5549 Fausti
2032 5499 2189 5567 hujus

614 5568 734 5613 sunt
765 5564 1055 5616 nonnullae.

686 5640 711 5666 ⁸
729 5632 1157 5709 _Epi_sc0po,_'non
1181 5637 1664 5709 Carpentoratensi.
1687 5632 1774 5705 qui
1801 5638 2069 5706 aliqunto
2101 5658 2190 5709 po-

612 5702 809 5755 slerior
837 5703 1074 5776 interfuit
1099 5707 1322 5776 concilio
1353 5707 1669 5775 Epaunensi,
1702 5702 1756 5762 et.
1786 5702 2043 5776 per-idem
2077 5702 2188 5768 fere

613 5783 820 5851 tempus
852 5773 1619 5851 bugdune‘nsinonqvuin‘edito
1652 5783 1714 5830 de
1746 5773 1901 5833 causa
1931 5778 2189 5851 Stephani

612 5852 665 5901 et
696 5843 941 5899 Palladiae
966 5884 981 5911 ,
1032 5843 1131 5898 sub
1159 5843 1498 5915 Sigism’undo
1538 5863 1661 5916 rege
1706 5843 2137 5919 Burgundionum
2171 5870 2181 5883 ·

2291 3362 2542 3434 quantum
2575 3366 2640 3418 de
2670 3364 2976 3419 bonusculis
3015 3365 3171 3420 avitis
3220 3367 3551 3433 paternisque
3587 3376 3872 3429 sumptuo-

2291 3450 2415 3509 sitns
2446 3458 2477 3510 d
2520 3458 2753 3511 tneslicm
2801 3442 3088 3528 charybdis
3136 3457 3509 3526 abligurisset;
3559 3469 3871 3522 quanquam

2292 3565 2409 3602 sero
2447 3549 2763 3617 resipiscens
2793 3589 2806 3612 ,
2847 3559 3079 3603 attamen
3119 3552 3330 3603 tandem
3363 3547 3518 3602 teluti
3551 3544 3725 3600 fienos
3749 3560 3874 3600 mo-

2292 3638 2514 3707 t‘unrdit,
2542 3639 2879 3712 excussitque
2910 3638 3178 3700 cervices.
3210 3647 3369 3706 atque
3397 3626 3648 3709 Ulysseas
3684 3638 3767 3709 (ut
3794 3636 3873 3691 fe-

2292 3737 2433 3803 runt)
2462 3750 2613 3788 ceras
2640 3736 2855 3788 auribus
2887 3735 3074 3804 figens,
3108 3736 3256 3804 fugit,
3284 3731 3567 3785 adversum
3602 3729 3726 3781 vitia
3752 3744 3872 3782 sur-

2290 3825 2388 3879 dus
2413 3866 2428 3891 ,
2463 3825 2747 3880 meretricii
2780 3824 3138 3878 blandimenta
3172 3822 3429 3893 naufragii
3460 3837 3475 3875 :
3504 3819 3869 3890 puellamque,

2293 3925 2447 3985 prout
2469 3917 2665 3983 decuit,
2697 3917 2942 3971 intactam
2971 3916 3050 3970 vir
3079 3915 3369 3969 laudandus
3392 3915 3443 3967 in
3472 3912 3873 3968 matrimonium

2290 4011 2614 4077 assumpsit,
2668 4024 2771 4063 tam
2824 4010 3063 4064 moribus
3110 4009 3472 4077 natalibusque
3521 4010 3871 4071 summatem,

2290 4118 2448 4172 quam
2488 4101 2754 4157 facultatis
2794 4102 3119 4171 principalis.
3169 4101 3323 4156 Esset
3356 4100 3572 4171 quidem
3601 4100 3797 4170 gloria,
3829 4100 3875 4155 si

2290 4198 2592 4263 voluptates
2628 4197 2704 4249 sic
2731 4195 3048 4263 reliquisset,
3079 4205 3136 4249 ut
3163 4208 3262 4248 nec
3289 4194 3440 4247 uxori
3471 4193 3874 4262 coniugaretur.

2291 4288 2397 4343 Sed
2436 4288 2533 4341 etsi
2585 4287 2719 4341 forte
2764 4287 3031 4354 contingat
3072 4287 3135 4339 ad
3177 4285 3345 4339 bonos
3382 4298 3560 4339 mores
3588 4285 3657 4338 ab
3682 4297 3881 4340 errore

2292 4382 2538 4450 migrare,
2576 4395 2861 4448 paucorum
2902 4388 2983 4433 est
3009 4379 3246 4447 incipere
3274 4377 3341 4433 de
3378 4376 3621 4432 maximis
3652 4395 3666 4428 :
3697 4384 3756 4431 et
3784 4391 3880 4432 eos

2290 4476 2377 4543 qui
2404 4473 2489 4526 diu
2521 4482 2685 4527 totum
2715 4471 2987 4525 indttlsrri
3012 4480 3033 4524 t
3061 4471 3193 4538 sibi,
3228 4469 3473 4538 protinus
3503 4478 3671 4523 totum
3703 4478 3764 4524 et
3790 4485 3883 4537 pa-

2291 4569 2420 4621 riter
2450 4570 2480 4619 ἰι
2505 4566 2701 4619 cidere.
2733 4564 2989 4629 Quocirca
3024 4574 3257 4617 vesnum
3301 4570 3403 4625 est,
3432 4560 3696 4629 copulatis
3736 4560 3881 4614 oliti-

2295 4675 2420 4714 nere
2448 4650 2837 4728 quamprimum
2883 4670 3038 4724 prece
3076 4654 3258 4709 sedula
3290 4656 3439 4722 spem
3676 4652 3884 4707 libero-

2294 4765 2409 4803 rum
2442 4765 2456 4802 :
2484 4758 2536 4803 et
2582 4756 2699 4818 post
2733 4762 3064 4815 Consequens
3102 4746 3202 4798 erit
3240 4757 3292 4798 ut
3338 4745 3447 4798 lilio
3489 4760 3594 4798 uno
3630 4744 3885 4799 alterove

2293 4837 2555 4905 susceptis
2601 4838 2676 4907 (et
2709 4837 2866 4890 nimis
2895 4835 3028 4905 dixi)
3063 4834 3324 4889 abstineat
3360 4833 3427 4888 de
3453 4842 3650 4889 caetero
3690 4834 3884 4897 licitis,

2292 4930 2381 4999 qui
2429 4930 2607 4984 illicita
2669 4926 3028 4997 pra-sumpsit.
3084 4925 3319 4993 Namque
3358 4932 3412 4979 et
3452 4924 3712 4992 conjuges
3759 4923 3885 4993 ipsi.

2293 5035 2593 5090 quanquam
2626 5018 2773 5088 nupti
2815 5034 3017 5087 nuper,
3059 5018 3121 5071 iis
3160 5016 3396 5071 moribus
3437 5025 3601 5085 agunt
3628 5028 3693 5069 ac
3728 5029 3889 5070 vere-

2296 5170 2398 5207 non
2428 5153 2569 5219 huic,
2597 5152 2831 5220 inquam,
2860 5169 3016 5222 quem
3046 5156 3247 5207 constat
3280 5150 3343 5205 ad
3368 5150 3682 5222 Arausica'ni
3715 5154 3889 5208 etiam

2296 5239 2329 5277 ιι
2369 5235 2603 5294 tempora
2650 5220 2993 5294 pervenisse;
3037 5220 3130 5278 sed
3163 5222 3371 5277 Juliano
3410 5221 3629 5294 alterius
3679 5223 3892 5294 ignota:

2295 5293 2436 5347 sedis
2462 5266 2731 5362 episcopo.
2754 5295 2841 5363 qui
2867 5302 2921 5348 et
2949 5266 3130 5348 fausti
3161 5293 3397 5363 epistola!
3428 5266 3745 5357 subscribit
3777 5306 3833 5349 et
3864 5310 3893 5348 a

2297 5363 2494 5417 Lucido
2520 5360 2657 5418 inter
2685 5360 2784 5418 eos
2809 5376 3119 5434 numeratur
3154 5360 3241 5434 qui
3287 5360 3353 5416 ad
3394 5362 3657 5434 synodum
3688 5362 3894 5419 Arela-

2296 5442 2498 5488 tensem
2530 5440 2910 5505 convenerant.
2946 5428 3191 5489 Diversus
3220 5428 3493 5505 8111811],th
3519 5428 3755 5505 utroque
3790 5446 3895 5487 au-

2294 5507 2457 5557 ti-rior
2504 5503 2710 5576 videtur
2753 5504 3030 5569 Julianus,
3076 5506 3141 5558 ad
3182 5506 3338 5576 quem
3369 5502 3500 5576 eam
3535 5504 3651 5557 aliis
3683 5502 3895 5559 Gallia:

2292 5575 2557 5643 episcOpis
2586 5576 2772 5629 scribit
2806 5576 2913 5629 Leo
2945 5568 3166 5643 magnus
3193 5568 3330 5629 anno
3361 5568 3485 5629 552.

2362 5645 2387 5682 δ
2430 5638 2713 5715 Epismpo,
2742 5645 2809 5700 ad
2836 5661 2992 5713 quem
3026 5638 3270 5700 Ruricius
3302 5645 3391 5715 lib.
3429 5659 3488 5707 tt,
3516 5646 3673 5710 epist.
3716 5638 3818 5713 45.

2364 5716 2386 5746 ‘
2431 5714 2485 5770 In
2519 5716 2782 5786 aliquibus
2821 5716 2967 5769 libris
2995 5716 3246 5784 juttcualt'.
3284 5714 3494 5770 Videsis
3522 5720 3674 5769 notas
3712 5716 3774 5771 in
3808 5716 3897 5771 Si-

2292 5785 2434 5839 donii
2462 5782 2675 5842 carmen
2704 5782 2794 5853 23,
2826 5802 2965 5857 vers.
2996 5782 3121 5841 128.
