4060 6332
1568 269 1683 279 ,ιι-ψ-<

1252 286 1301 312 ιε
1306 284 1359 303 η

1224 306 1249 314 ’ν

179 375 265 435 nl

1394 350 1874 413 ΕΡιδτοιΑιιωι
1916 351 2041 406 LIB.
2086 349 2150 407 IX
2162 394 2174 406 .

3315 352 3421 413 622

178 486 365 551 caudis,
394 495 517 539 vere
538 488 595 536 ut
621 493 899 551 agnoscas,
925 478 971 533 si
998 477 1163 534 semel
1189 473 1409 542 videris,
1440 472 1728 543 plurimum
1758 464 1815 533 ι
1838 476 1945 523 tem
1972 467 2211 522 facundis
2244 469 2527 526 fecundare
2553 472 2856 544 colloquiis,
2879 471 3259 543 aucupabimur
3285 489 3422 528 nun-

178 598 301 648 esse,
329 580 465 652 quod
501 576 714 633 differat
753 575 841 630 Ille
869 573 1280 630 honestissimus
1309 567 1529 624 uxorius
1559 578 1732 630 amor,

180 673 429 746 ﬁgmentis
456 668 828 737 illecebrisque
855 664 1313 721 concubinalibus.
1342 660 1543 715 Memor
1566 656 1736 712 nostri

179 778 288 825 esse
313 764 524 833 dignare
542 802 557 828 ,
586 760 801 816 domine
840 773 973 828 papa
1266 838 1269 839 ν

717 848 1040 905 EPISTULA
1078 854 1110 897 ν
1124 847 1181 899 ll.

325 947 568 1001 Sidonius
602 946 808 998 domino
847 957 991 1014 papa:
1018 950 1042 977 α
1078 940 1304 1011 Remigio
1334 939 1573 993 salutem.

242 1038 457 1104 Quidam
480 1037 549 1091 ab
571 1035 822 1091 Arvernis
846 1034 1108 1103 Belgicam
1133 1041 1319 1103 petens
1339 1030 1591 1103 (persona
1614 1026 1745 1107 mihi

180 1134 374 1203 cognita
396 1140 498 1197 est,
517 1144 676 1185 causa
700 1130 898 1199 ignota,
923 1142 1019 1183 nec
1042 1127 1229 1196 refert)
1257 1134 1533 1195 postquam
1551 1122 1749 1178 Remos

180 1227 494 1289 advenerat,
537 1223 768 1277 scribam
801 1232 947 1276 tuum
974 1262 989 1281 .
1029 1235 1124 1275 seu
1156 1218 1495 1288 bibliopolam
1525 1262 1538 1285 ,
1579 1215 1751 1285 pretio
1801 1219 1811 1230 '

180 1321 280 1372 fors
308 1316 415 1371 fuat
440 1314 693 1369 officiove
733 1314 1074 1378 demeritum,
1101 1311 1471 1381 copiosissimo
1498 1309 1630 1365 velis
1656 1321 1755 1363 no-

181 1411 241 1464 lis
285 1408 726 1463 declamationnm
778 1416 984 1461 tuarum
1041 1405 1262 1461 schedio
1318 1402 1584 1460 emunxit.
1651 1401 1754 1470 Qui

182 1500 337 1555 redux
368 1499 524 1554 nobis
551 1508 710 1567 atque
746 1497 945 1566 oppido
971 1497 1374 1567 gloriabundus,
1406 1497 1601 1567 quippe
1630 1508 1756 1564 per-

181 1590 340 1660 ceptis
361 1597 437 1644 tot
468 1588 842 1656 voluminibus,
869 1588 1123 1659 quidquid
1147 1589 1429 1652 detulerat,
1455 1598 1757 1657 quanquam

182 1682 393 1737 mercari
426 1681 631 1749 paratis
669 1680 834 1750 (quod
867 1691 1043 1735 tamen
1072 1679 1099 1719 ιδ
1133 1681 1318 1735 utrivis
1349 1694 1447 1734 nec
1474 1689 1587 1734 erat
1618 1677 1760 1747 inju-

179 1775 365 1843 stam),
407 1787 515 1842 pro
545 1786 767 1828 munere
812 1773 1053 1844 ingessit.
1093 1771 1249 1827 Curat
1292 1772 1420 1825 mihi
1462 1785 1494 1825 e
1540 1769 1763 1839 vestigio

1842 561 1994 616 dinas
2021 561 2385 629 involantum;
2418 571 2472 619 et
2493 564 2633 619 ultro
2655 568 2847 621 scrinia
2880 576 2988 636 tua,
3018 565 3430 624 conniventibus

1844 652 1998 709 nobis
2038 668 2099 708 ac
2143 654 2595 721 subornantibus,
2638 658 2981 714 effractorum
3013 674 3201 715 manus
3240 670 3427 730 arguta

1845 746 2188 816 populabitur
2217 764 2231 801 :
2264 747 2647 819 inchoabisque
2692 762 2817 806 tunc
2850 753 3042 807 frustra
3074 754 3275 808 moveri
3306 768 3430 823 spu-

1846 838 2005 891 liatus
2044 838 2185 891 furto
2210 879 2223 905 ,
2268 837 2311 892 si
2364 852 2503 892 nunc
2551 849 2768 908 rogatus
2806 856 2912 895 non
2955 843 3186 901 moveris
3228 842 3429 899 officio.

1849 929 2055 985 Memor
2084 930 2251 984 nostri
2280 944 2401 985 esse
2424 930 2644 1001 dignare
2667 973 2681 997 ,
2709 932 2925 988 domine
2956 949 3109 1005 papa.

2283 1023 2445 1095 260
2484 1020 2817 1079 EPISTOLA
2857 1024 2991 1080 vnt.

2000 1115 2245 1171 Sidonius
2270 1116 2476 1169 domino
2516 1132 2663 1187 papa:
2696 1128 2719 1156 ο
2762 1116 3027 1189 Principio
3057 1118 3289 1174 salutem.

1926 1208 2241 1278 Quanquam
2274 1207 2428 1263 nobis
2458 1225 2563 1262 non
2604 1207 2967 1279 opinantibus,
3007 1209 3436 1267 desiderantibus

1860 1307 2063 1366 tamen,
2096 1299 2304 1356 litteras
2335 1309 2452 1355 tuas
2482 1300 2713 1355 reddidit
2755 1301 2972 1371 gerulus
3011 1302 3288 1373 antiquus,
3326 1304 3437 1358 ido—

1860 1407 1993 1449 neus
2032 1393 2283 1449 inventus
2322 1396 2405 1448 cui
2446 1393 2571 1463 jure
2628 1395 2848 1465 repetita
2893 1394 3179 1451 credantur
3229 1395 3401 1451 ofﬁcia
3422 1438 3449 1465 ,.

1861 1486 2292 1557 quandoquidem
2328 1487 2497 1554 prima
2528 1487 2604 1541 sic
2631 1485 2839 1541 detulit.
2869 1487 3030 1558 Igitur
3050 1487 3209 1543 affatu
3248 1502 3439 1544 secun-

1863 1581 1956 1649 do,
1979 1580 2064 1636 vel
2098 1580 2272 1650 potius
2290 1578 2661 1636 benedictione
2684 1581 2931 1645 donatus,
2964 1582 3079 1648 ipse
3095 1582 3340 1653 quoqued
3357 1599 3441 1638 re-

1866 1683 1989 1745 peto
2016 1673 2241 1729 alterunt
2286 1674 2469 1739 salve,
2500 1674 2752 1745 obsequia
2802 1674 3147 1742 combinans,
3206 1676 3465 1733 numeris‘

1872 1772 2079 1835 aequata
2101 1809 2115 1833 ,
2144 1779 2247 1820 non
2279 1765 2504 1820 meritis.
2558 1765 2623 1819 Et
2656 1765 2801 1830 quia,
2851 1766 3066 1822 domine
3096 1783 3249 1837 papa,
3285 1770 3447 1825 modo

180 1869 268 1922 fuit
296 1909 313 1934 ,
344 1867 523 1937 iisque
556 1867 645 1937 qui
686 1866 940 1931 student,
981 1870 1103 1921 cuin
1141 1865 1333 1921 merito
1363 1864 1759 1927 lecturiremus,
1794 1844 1846 1910 Β
1871 1856 2101 1913 vivimus
2145 1858 2343 1927 junctis
2407 1858 2779 1929 abiunctisque
2841 1860 3165 1931 regionibus,
3221 1877 3448 1932 conspe-

181 1959 399 2028 plurima
423 1967 635 2022 tenere,
658 1966 848 2012 cuncta
870 1956 1247 2011 transcribere.
1271 1954 1520 2010 Omnium
1543 1968 1769 2009 assensu

181 2054 619 2121 pronuntiatum,
691 2065 855 2121 pauca
908 2063 1048 2105 nunc
1104 2064 1261 2119 posse
1303 2048 1497 2103 similia
1552 2047 1763 2102 dictari.

182 2144 384 2198 Etenim
415 2157 579 2198 rarus
608 2151 701 2197 aut
732 2142 913 2197 nullus
937 2149 1053 2209 est,
1095 2141 1179 2197 cui
1211 2140 1534 2196 meditaturo
1562 2155 1657 2209 par
1682 2153 1771 2196 as-

180 2239 327 2293 sistat
353 2237 645 2307 dispositio
675 2250 771 2305 per
796 2249 1008 2299 causas,
1033 2234 1226 2306 positio
1249 2249 1343 2305 per
1372 2233 1598 2297 litteras,
1623 2247 1770 2288 com-

181 2331 368 2399 positio
397 2344 499 2399 per
537 2328 790 2401 syllabas.
843 2328 921 2383 Ad
954 2328 1056 2383 hoc
1094 2327 1462 2398 Opportunitas
1492 2328 1544 2380 in
1584 2338 1771 2381 exem-

181 2423 315 2492 p‘is,
365 2423 508 2477 ﬁdes
552 2424 604 2475 in
654 2421 1010 2487 testimoniis,
1056 2420 1355 2492 proprietas
1395 2422 1446 2476 in
1492 2420 1768 2491 epithetis,

180 2516 461 2570 urbanitas
495 2516 546 2568 in
573 2514 787 2584 ﬁguris,
823 2515 990 2569 virtus
1022 2515 1074 2568 itt
1105 2514 1453 2584 argumentis,
1487 2514 1694 2583 pondus
1718 2513 1772 2566 in

182 2607 459 2671 sensibus,
496 2606 658 2681 259
685 2605 878 2661 flumen
908 2608 961 2661 in
1001 2606 1179 2660 verbis
1201 2651 1214 2674 ,
1257 2605 1457 2661 fulmen
1489 2607 1540 2660 in
1564 2604 1774 2659 clausu-

182 2699 263 2753 lis.
292 2701 582 2756 Strttctura
611 2714 736 2754 vero
769 2702 921 2755 tortis
951 2708 1005 2755 et
1031 2699 1202 2765 firma,
1232 2698 1775 2767 coniunctionumque

185 2792 579 2861 perfacetarum
629 2806 765 2847 nexa
811 2792 1031 2847 cmsuris
1084 2790 1493 2855 insolubilibus;
1547 2789 1639 2844 sed
1679 2804 1778 2846 nec

184 2885 307 2939 hinc
350 2885 539 2939 "tinus
567 2884 767 2938 lubrica
797 2892 851 2937 et
881 2883 1013 2937 levis
1037 2922 1054 2948 ,
1099 2896 1162 2936 ac
1189 2881 1363 2935 modis
1389 2879 1634 2935 omnibus
1658 2894 1779 2935 ero-

184 2976 407 3030 tundata
436 2990 704 3046 :quzeque
729 2975 945 3030 lectoris
977 2976 1213 3046 linguam
1241 2974 1553 3042 inoffensam
1584 2977 1782 3029 decen-

183 3076 265 3122 ter
289 3067 588 3137 expediat,
623 3081 691 3121 ne
718 3067 1019 3121 salebrosas
1045 3080 1200 3137 passa
1231 3065 1507 3135 juncturas
1528 3105 1542 3130 ,
1575 3081 1671 3136 per
1693 3078 1782 3119 ca-

184 3172 393 3212 meram
419 3158 582 3228 palati
605 3159 838 3213 volutata
862 3158 1139 3213 balbutiat.
1168 3157 1301 3213 Tota
1326 3158 1554 3229 denique
1582 3157 1779 3227 liquida

1872 1951 2154 2021 etibusque
2226 1951 2422 2006 mutuis
2477 1951 2580 2006 frui
2639 1950 2939 2007 dissociata:
2997 1954 3105 2007 situ
3168 1953 3450 2009 habitatio-

1873 2046 1957 2101 nis
2004 2044 2344 2111 inhibemur;
2401 2055 2549 2102 orate
2580 2056 2635 2100 ut
2679 2045 2900 2116 optabili
2952 2046 3303 2119 religiosoque
3353 2048 3450 2104 de-

1873 2154 2060 2207 cessu,
2095 2142 2217 2194 vita:
2258 2122 2538 2210 praesentis
2583 2140 2869 2210 angoribus
2904 2151 3063 2212 atque
3120 2156 3284 2197 onere
3328 2157 3453 2211 per-

1875 2233 2075 2299 functi,
2105 2248 2226 2287 cum
2253 2232 2445 2304 judicii
2475 2233 2589 2287 dies
2619 2240 2834 2288 sanctus
2872 2233 3184 2300 obfulserit,
3218 2249 3337 2288 cum
3368 2249 3454 2290 re-

1874 2324 2207 2378 surrectione
2259 2322 2560 2391 agminibus
2609 2327 2802 2377 vestris
2847 2323 3180 2392 famulaturi,
3238 2325 3323 2379 vel
3354 2326 3456 2382 sub

1878 2415 2243 2471 Gabaoniticae
2299 2415 2571 2470 servitutis
2617 2414 2932 2485 occasione,
2973 2415 3294 2487 jungamur;
3331 2419 3457 2488 quia

1877 2509 2172 2564 secundum
2195 2510 2457 2579 promissa
2476 2509 2739 2575 caelestia,
2756 2526 2877 2580 qua:
2898 2512 3302 2580 spoponderunt
3322 2514 3458 2573 filios

1882 2600 2003 2656 fidei
2048 2602 2113 2656 de
2144 2600 2447 2657 nationibus
2488 2602 2910 2672 congregandos,
2944 2602 2989 2657 si
3031 2617 3129 2657 nos
3156 2620 3275 2661 reos
3304 2608 3460 2664 venia

1881 2693 2106 2757 soletur,
2134 2693 2259 2747 dum
2289 2704 2384 2751 ves
2406 2693 2588 2748 beati»
2612 2695 2781 2764 gloria
2812 2706 3014 2763 manet,
3039 2698 3149 2753 etsi
3183 2713 3277 2768 per
3297 2699 3461 2754 actio-

1884 2800 2009 2840 num
2032 2784 2410 2851 differentiam,
2443 2802 2548 2842 non
2574 2795 2747 2842 tamen
2772 2803 2864 2858 per
2887 2788 3124 2843 locorum
3155 2789 3463 2847 distantiam

1886 2876 2204 2933 dividemur.
2232 2878 2438 2933 Memor
2465 2880 2632 2933 nostri
2653 2894 2770 2934 CSSU
2801 2879 3043 2950 dignare,
3062 2881 3276 2939 domine
3306 2897 3463 2954 papa.

2432 2971 2759 3029 EPISTULA
2800 2973 2891 3029 ιχ.

2106 3066 2352 3135 Sidonius
2383 3066 2589 3119 domino
2619 3082 2768 3137 papa:
2795 3064 2990 3120 Fausto
3016 3065 3254 3120 salutem.

1960 3156 2200 3227 Longum
2224 3166 2422 3222 tacere,
2455 3157 2535 3211 vir
2563 3159 2951 3224 sacratissime,
2979 3172 3075 3213 nos
3102 3157 3156 3211 in
3186 3173 3467 3215 commune

182 3225 498 3319 prorsus'et
527 3249 779 3313 ductilis,
815 3249 978 3305 veluti
1015 3264 1135 3305 cum
1175 3225 1509 3320 crystallinas
1551 3225 1781 3314 crustas,
1809 3225 1857 3290 ο
1889 3225 2178 3323 dequestus
2215 3266 2315 3306 es:
2359 3266 2625 3321 cognosco
2676 3262 2872 3308 vestrae
2919 3253 3086 3323 partis
3136 3253 3291 3324 261
3345 3254 3467 3310 hinc

179 3350 273 3394 aut
304 3340 695 3411 onychintinas
743 3357 847 3396 non
898 3343 1128 3413 impacto
1176 3342 1372 3411 digitus
1402 3356 1576 3411 ungue
1607 3340 1785 3410 perla-

178 3434 329 3489 bitur
358 3451 370 3485 :
402 3434 604 3503 quippe
628 3435 672 3488 si
700 3435 829 3489 nihil
856 3450 976 3489 eum
1004 3437 1218 3489 rimosis
1242 3435 1480 3501 obicibus
1502 3442 1782 3504 exceptum

177 3536 348 3583 tenax
375 3526 616 3580 fractura
640 3537 955 3583 remoretur.
983 3527 1119 3594 Quid
1148 3528 1332 3596 plura?
1374 3527 1488 3581 Non
1516 3538 1691 3584 exstat
1717 3528 1782 3582 ad

172 3632 443 3697 praesens
473 3617 581 3671 vivi
611 3618 838 3672 hominis
867 3619 1036 3673 oratio
1061 3661 1075 3685 ,
1115 3633 1274 3689 quam
1322 3622 1506 3688 peritia
1558 3629 1646 3674 tua
1678 3634 1784 3674 non

172 3714 302 3767 sine
336 3708 537 3763 labore
560 3707 856 3778 transgredi
885 3718 1046 3779 queat
1066 3723 1129 3764 ac
1153 3709 1525 3779 supervadere.
1558 3709 1708 3766 Unde
1734 3718 1789 3763 et

175 3815 359 3875 prope
416 3801 701 3869 suspicor,
756 3801 969 3856 domine
1024 3814 1196 3870 papa,
1254 3811 1470 3871 prepter
1521 3803 1789 3872 eloquium

179 3897 483 3955 exundans
511 3903 670 3966 atque
709 3896 973 3952 ineffabile
1014 3898 1190 3969 (venia
1222 3899 1289 3953 sit
1317 3900 1480 3970 dicto)
1516 3911 1565 3956 te
1600 3915 1789 3971 super-

183 3992 325 4047 bire.
362 3988 481 4045 Sed
505 3989 628 4044 licet
653 3989 793 4045 bono
814 3991 1015 4061 fulgeas
1038 4000 1095 4045 ut
1118 3994 1475 4057 conscientias,
1499 3994 1577 4049 sic
1600 3995 1792 4050 dictio-

184 4088 268 4139 n's
301 4083 758 4148 ordinatissime;
790 4096 887 4137 nos
916 4084 1007 4138 tibi
1039 4092 1215 4140 tamen
1247 4086 1461 4139 minimc
1492 4104 1675 4144 sumus
1704 4105 1790 4144 re-

188 4178 438 4250 fugiendi
467 4217 482 4241 ,
518 4176 609 4245 qui
638 4176 772 4231 bene
799 4178 995 4246 scripta
1036 4177 1315 4233 laudamus
1338 4224 1353 4247 ,
1386 4181 1484 4234 etsi
1527 4180 1788 4238 laudanda

190 4288 300 4327 non
334 4268 655 4326 scribimus.
711 4269 970 4336 Quocirca
1000 4268 1184 4325 desine
1214 4270 1267 4325 in
1309 4281 1580 4339 posterum
1610 4282 1791 4330 nostra

195 4360 723 4430 declinarejudicia,
752 4375 872 4430 quze
901 4359 976 4414 nil
1003 4362 1224 4417 mordax
1256 4363 1495 4436 nihilque
1524 4370 1795 4423 minantur

195 4455 652 4525 increpatorium.
680 4452 885 4523 Alioqui
914 4453 961 4508 si
985 4453 1260 4511 distuleris
1282 4467 1517 4513 nostram
1546 4460 1795 4517 sterilita-

1889 3344 2157 3411 studiutn,
2203 3354 2398 3400 nostra:
2442 3355 2645 3400 reatum
2689 3362 2793 3401 non
2848 3362 3196 3418 recognosco.
3230 3346 3469 3417 Namque

1886 3436 1995 3506 jam
2030 3436 2234 3506 pridem
2258 3437 2440 3506 jussus
2470 3440 2672 3508 garrire
2698 3455 2802 3494 non
2826 3439 2969 3507 silui,
2993 3440 3122 3495 istas
3153 3440 3341 3495 litteris
3367 3455 3465 3495 an-

1893 3531 2313 3584 tecurrentibus;
2343 3529 2532 3599 quibus
2562 3532 2720 3585 etiam
2755 3533 3095 3587 recensendis
3145 3548 3266 3587 cum
3308 3531 3470 3587 Reios

1892 3618 2241 3688 advenerant,
2269 3628 2291 3655 ο
2314 3621 2437 3689 quia
2467 3628 2591 3675 tunc
2638 3624 2789 3689 Apta:
2819 3620 3021 3691 fuistis,
3056 3622 3336 3691 aptissime
3369 3621 3466 3677 de-

1899 3712 2092 3768 fuistis.
2121 3713 2282 3782 quue
2309 3713 2543 3767 votivum
2571 3713 2698 3766 mihi
2722 3713 2993 3783 granditer
3020 3713 3117 3767 fuit
3144 3728 3206 3768 ac
3230 3723 3475 3783 peropta-

1903 3819 2011 3865 tum
2067 3817 2124 3862 ut
2152 3805 2376 3877 epistola
2409 3805 2641 3874 injuncta
2667 3819 2765 3859 nec
2804 3811 3087 3873 negaretur
3115 3804 3312 3873 scripta
3340 3804 3477 3859 ami-

1901 3899 2063 3964 citim,
2093 3914 2193 3954 nec
2218 3897 2535 3952 subderetur
2558 3896 2692 3951 lecta
2721 3910 2980 3951 censurae.
3012 3895 3117 3950 Ista
3141 3896 3471 3951 omittamus.

1902 3994 2035 4049 Mitti
2066 3991 2307 4063 paginam
2338 3991 2606 4060 copiosam
2640 3990 2814 4044 denuo
2837 3988 3013 4060 jubes.
3057 3989 3252 4043 Parere
3284 4003 3477 4059 prope-

1906 4088 2041 4142 ranti
2074 4088 2268 4141 adsunt
2300 4095 2438 4153 vota,
2472 4099 2650 4139 causa:
2670 4084 2878 4139 absunt.
2914 4083 3041 4137 Nam
3075 4082 3342 4147 salutatio,
3375 4083 3469 4137 nis

1898 4182 2171 4253 negotium
2193 4181 2408 4252 aliquod
2439 4180 2616 4234 activa
2649 4179 2896 4247 deportet
2931 4178 3176 4243 materia,
3208 4178 3477 4232 succincta

1899 4291 2013 4336 est:
2056 4295 2215 4343 quam
2241 4281 2328 4348 qui
2360 4277 2583 4349 porrigit
2609 4276 2784 4332 verbis
2817 4292 2922 4331 non
2951 4277 3291 4341 necessariis,
3334 4291 3361 4330 a
3392 4290 3480 4331 re-

1900 4373 2022 4443 gula
2051 4371 2359 4429 Sallustiani
2392 4370 2622 4425 tramitis
2643 4368 2887 4425 detortus
2908 4370 3192 4433 exorbitat,
3216 4368 3305 4439 qui
3336 4365 3481 4422 Cati-

1904 4468 2067 4523 linam
2107 4468 2287 4534 culpat
2328 4464 2576 4518 habuisse
2627 4464 2756 4517 satis
2798 4460 3159 4532 eloquentiae,
3204 4460 3482 4530 sapientia:

274 4708 302 4737 ⁸
341 4699 669 4772 Remorum,
700 4710 817 4772 ilum
856 4695 1084 4766 Belgicae
1115 4696 1155 4752 ll
1187 4697 1540 4772 metropolis_,_
1560 4699 1810 4765 antistiti,
1835 4703 1892 4763 D
1917 4718 2052 4772 quos
2079 4715 2293 4757 codices
2337 4700 2582 4772 manibus
2626 4706 2825 4760 terunt,
2863 4697 3058 4772 s_ciunt__
3079 4697 3146 4772 ab
3175 4698 3488 4772 antiquariis

205 4772 347 4840 regis
390 4767 654 4822 Clodovei
706 4766 1453 4840 Francorumque__apostolo.
1500 4768 1647 4823 Hanc
1682 4784 1814 4840 vero

206 4837 506 4906 epistulam
546 4853 667 4892 cum
704 4837 906 4893 Sidonii
936 4838 1109 4906 elogio
1147 4837 1394 4891 Historiae
1431 4852 1544 4892 suae
1584 4839 1813 4894 intexuit

208 4909 562 4967 Flodoardns
594 4908 686 4962 lib.
721 4924 756 4974 t,
789 4908 906 4975 (τδρ.
939 4909 1023 4961 l2.
1058 4906 1162 4963 Sed
1194 4907 1608 4962 declamationes
1636 4908 1814 4963 Remi.

1917 4766 2004 4841 qui
2035 4773 2397 4841 diphthongos
2412 4770 2704 4841 negligunt,
2729 4780 2851 4841 raro
2873 4766 2977 4841 ista
3008 4767 3489 4841 di_stingui.Signi-

1920 4836 2039 4897 licet
2063 4836 2191 4905 ergo
2222 4836 2472 4894 Faustum
2505 4836 2657 4907 Aptae
2693 4838 2743 4890 in
2786 4838 2957 4891 vicina
2990 4836 3120 4891 urbe
3148 4847 3257 4891 tum
3282 4836 3441 4895 fuisse
3468 4844 3485 4905 ζ

1918 4928 2038 4967 cum
2070 4911 2274 4967 Sidonii
2308 4912 2499 4965 litterze
2531 4910 2693 4962 Reios
2747 4910 2966 4977 perlatae
3013 4916 3169 4961 sunt:
3212 4912 3486 4977 aptissime

208 4984 281 5052 gii
306 5024 321 5045 ,
366 4994 619 5052 quarum
656 4980 1010 5052 eloquentiam
1061 4977 1311 5033 Sidonius
1351 4985 1626 5045 tantopere
1668 4994 1814 5052 com-

210 5043 477 5117 incndat,
512 5043 672 5104 nulla:
701 5043 775 5103 ad'
798 5062 895 5103 nos
925 5058 1312 5117 pervenerunt;
1355 5064 1451 5102 nec
1482 5043 1669 5103 recens
1701 5050 1818 5104 haec

212 5116 604 5193 iactura,cum
633 5118 947 5193 Hincmarus
978 5119 1089 5189 ipse
1119 5133 1179 5173 ac
1204 5116 1535 5173 Flodoardus
1554 5135 1645 5173 eas
1667 5119 1818 5190 peni-

213 5191 301 5249 tua
332 5196 625 5259 ignorasse
655 5191 951 5245 videantur.

286 5265 316 5304 δ
360 5265 422 5319 in
459 5260 693 5316 editione
724 5260 918 5315 Labbei
950 5261 1158 5328 utilius;
1201 5260 1363 5331 aliqui
1396 5260 1514 5315 libri
1545 5259 1701 5332 (quod
1734 5271 1817 5315 ta-

218 5351 336 5389 men
365 5334 528 5404 cujus
555 5346 645 5386 nec
665 5341 788 5393 erat,
814 5332 1105 5404 injustam).

294 5417 319 5444 ο
353 5402 1045 5475 Ερὶεοοροβυθεεῑοηρηεῇ,
1078 5410 1134 5455 ιιι
1160 5402 1355 5456 dictum
1380 5402 1487 5475 lib.
1521 5418 1630 5465 vnt,
1655 5403 1812 5471 epist.

220 5478 313 5543 ﬂ,-
340 5472 531 5542 in'qna
554 5482 607 5527 et
628 5473 943 5543 Megethium
962 5472 1224 5543 rclericum
1250 5474 1508 5536 nominat,
1543 5489 1635 5539 per
1657 5488 1815 5543 quem

223 5542 444 5603 litteras
477 5542 756 5612 acceperat
792 5542 1181 5611 reddebatque:
1212 5558 1368 5612 quem
1403 5552 1679 5612 promerea
1727 5557 1816 5612 ge-

221 5621 412 5673 rulum
439 5616 717 5684 antiquum
748 5629 885 5667 nttuc
909 5624 1079 5667 Vocat.

300 5688 328 5725 ά
364 5688 430 5766 ip
465 5685 731 5766 aliquibus
754 5684 1195 5766 libr.i_s,_repeml.u.

303 5768 329 5796 ο
352 5757 491 5819 Non
518 5751 749 5810 difficilis
792 5757 887 5808 fuit
937 5751 1090 5821 hujus
1139 5752 1236 5805 loci
1265 5751 1584 5813 emendatio,
1631 5765 1725 5819 pro
1756 5766 1821 5806 eo

227 5830 381 5898 quod
415 5827 713 5895 legebatur,
754 5828 840 5895 qui
871 5836 987 5877 ltmr
1019 5835 1132 5894 apte
1163 5825 1345 5893 fuistis.
1378 5824 1474 5889 Qui
1514 5821 1653 5875 enim
1685 5821 1821 5876 anti-

1919 4992 2096 5038 autem
2115 4982 2673 5050 opportunissimeque
2688 4976 2760 5033 ait
2779 4979 2921 5034 liciis
2943 4976 3195 5041 abfuisse,
3212 4976 3276 5034 ne
3296 4980 3425 5033 littei
3441 4995 3487 5033 ac

1918 5055 2025 5108 illa:
2056 5049 2164 5108 tam
2192 5053 2299 5107 cito
2324 5051 2422 5106 sub
2460 5052 2575 5119 ejus
2626 5064 2906 5106 censuram
2952 5050 3213 5104 venirent.
3261 5049 3369 5104 Sita
3410 5059 3493 5105 est

1919 5126 2055 5193 Apta
2077 5124 2213 5178 Julia
2241 5123 2573 5193 Vulgentium
2606 5124 2703 5193 (sic
2724 5121 2864 5175 enim
2891 5136 2920 5175 a
2947 5120 3111 5193 Plinio
3144 5121 3235 5173 lib.
3262 5136 3337 5193 tn,
3364 5136 3413 5193 c.
3432 5120 3485 5187 4,

1924 5191 2243 5263 appellatur)
2273 5191 2450 5248 medio
2482 5193 2591 5247 fere
2618 5191 2790 5261 spatio
2818 5194 2974 5263 Reios
3002 5191 3147 5263 inter
3167 5198 3223 5244 et
3246 5192 3487 5263 ᾼνριιὶοο

1925 5260 2080 5319 nem:
2108 5267 2248 5334 quod
2278 5262 2438 5319 etiam
2462 5260 2659 5317 videre
2685 5273 2767 5315 cst
2813 5276 2879 5334 ex
2911 5260 3417 5334 ltinerarioﬁtbici
3440 5270 3494 5317 et

1924 5332 2137 5390 Tabula
2152 5335 2478 5405 Peutingeri.
2505 5334 2778 5390 Coloniam
2825 5333 2988 5387 fuisse
3028 5332 3256 5387 ostendit
3291 5332 3491 5402 antiqui

1923 5407 2113 5476 lapidis
2138 5406 2253 5461 haec
2281 5405 2562 5476 inscriptio
2593 5405 2828 5459 Arelate.

2313 5604 2456 5661 JUL.
2501 5604 2560 5659 C.
2612 5604 2668 5657 Ρ.
2715 5603 3104 5659 TEllTULLlN

2411 5675 2613 5730 FLAM.
2642 5672 2792 5729 COL.
2832 5676 3012 5729 APTA

2375 5747 2435 5801 L.
2468 5746 2759 5801 VALLIUS
2790 5745 3037 5801 A'I'ILAN

2601 5817 2837 5871 NEPOS.
