4060 6332
509 321 614 380 623

1772 316 2030 398 .smouu
2068 272 2545 391 avocamentis~

3685 316 3800 375 εει

508 449 722 511 parum.
754 432 906 497 Unde
935 440 962 469 ⁸
984 432 1096 489 Ave
1123 428 1290 501 dicto,
1316 478 1319 479 ν
1344 443 1469 485 mox
1495 428 1630 485 Vale
1658 428 1915 493 dicimus,
1943 438 2094 486 orate
2125 435 2174 511 ᾼ
2200 429 2339 485 bane
2381 446 2501 501 quae
2546 431 2921 501 priestantiora
2964 431 3210 501 portabat
3249 431 3557 502 operuerit,
3602 432 3797 500 spinas

506 547 609 604 pro
650 530 823 591 nobis.
854 527 960 584 Sed
998 527 1134 583 bene
1158 535 1270 595 est,
1295 525 1433 581 bene
1474 533 1593 592 est,
1621 525 1743 595 quia
1789 524 2093 580 chartulam

508 627 617 697 jam
639 625 855 694 jamque
879 620 1271 695 complicaturo
1302 635 1389 675 res
1420 619 1577 674 fortis
1620 619 1872 688 accurrit,
1899 617 1970 674 de
1989 633 2093 689 qua

508 713 880 788 exprobranda
905 759 920 782 ,
954 713 1000 768 si
1030 712 1229 768 diutius
1253 712 1338 767 vel
1365 712 1549 766 laetitia
1593 726 1715 767 sese
1745 726 1862 766 mea
1909 711 1990 764 vel
2016 709 2096 764 ira

508 807 830 872 cohibuerit,
858 806 969 875 ipse
1002 820 1089 860 me
1110 813 1329 873 accepta
1360 803 1578 874 dignum
1611 801 1935 858 contumelia
1954 800 2098 870 judi-

507 900 664 952 caho.
694 896 922 961 Venisti,
955 895 1231 965 magister,
1259 894 1310 948 io.
1338 909 1528 949 manus
1559 908 1726 956 meas,
1755 907 1855 948 nec
1883 892 2098 947 exsulto

508 1000 742 1054 tantum,
773 1002 961 1042 verum
991 986 1209 1048 insulto,
1238 985 1432 1040 venisti
1457 1002 1469 1038 :
1502 995 1557 1040 et
1581 983 1795 1054 quidem
1820 982 1940 1038 talis
1966 998 2098 1051 qua—

510 1084 617 1136 lcm
646 1081 714 1135 ab
747 1082 869 1134 hinc
899 1078 1059 1150 longo
1101 1076 1305 1148 jamdiu
1340 1086 1582 1145 tempore
1622 1074 1884 1130 desideria
1916 1082 2095 1129 nostra

511 1171 981 1243 praestolabantur.
1006 1168 1199 1224 Dubito
1223 1182 1354 1223 sane
1372 1176 1548 1221 utrum
1567 1174 1621 1221 et
1642 1167 1858 1233 invitus,
1878 1174 1934 1219 at
1952 1173 2100 1220 certe

509 1266 702 1322 similis
731 1265 929 1329 invito;
971 1262 1169 1333 quippe
1198 1275 1306 1331 quo
1332 1258 1670 1330 providente,
1705 1258 1787 1312 vel
1814 1257 1895 1327 (si
1920 1266 2101 1312 tamen

510 1362 616 1417 hoc
646 1359 806 1415 nimis
836 1355 1050 1427 abnuis)
1079 1356 1476 1422 acquiescente,
1500 1352 1601 1407 sim
1649 1351 1751 1405 tuis
1780 1350 1928 1406 libris
1957 1351 2102 1405 insa-

511 1453 733 1517 lutatus,
763 1448 957 1521 iisque,
1001 1446 1144 1517 quod
1196 1446 1364 1499 nmlto
1412 1455 1495 1499 est
1526 1441 1858 1513 injuriosius,
1888 1443 2102 1497 territo-

513 1549 653 1603 rium
680 1547 980 1600 Arvernum
1005 1558 1126 1596 cum
1162 1537 1532 1610 praeterirent,
1568 1554 1674 1592 non
1700 1536 1872 1592 solum
1903 1536 2100 1592 muenia

511 1656 655 1706 mea,
687 1653 871 1695 verum
900 1636 1061 1690 etiam
1097 1634 1264 1687 latera
1289 1631 1617 1687 radentibus.
1648 1629 1727 1684 An
1753 1628 2007 1684 verebare
2036 1643 2103 1683 ne

514 1735 621 1787 tuis
652 1730 810 1786 dictis
841 1727 1242 1783 invidercmus?
1271 1724 1375 1779 Sed
1400 1725 1492 1779 Dei
1536 1723 1774 1787 indultu,
1810 1722 1940 1777 vitio
1968 1720 2101 1777 nulli

2200 539 2349 578 meas
2391 524 2658 579 illustrare
2708 524 3050 580 dissimulans
3094 525 3198 579 tuis
3246 525 3487 579 floribus.
3519 524 3624 579 Sed
3668 533 3800 594 post

2201 616 2337 671 duos
2362 624 2454 670 aut
2488 616 2551 671 iis
2580 616 2812 687 amplius
2841 631 3079 680 nienses,
3104 616 3183 671 sic
3211 632 3420 686 quoque
3446 632 3477 670 a
3501 618 3657 672 nobis
3681 618 3799 671 cito

2202 707 2529 775 profectum,
2560 722 2683 761 cum
2713 707 2949 777 quipiam
3000 706 3360 777 prodidissent
3390 707 3456 761 de
3485 709 3645 779 263
3679 707 3800 761 via-

2203 798 2426 864 toribus,
2458 798 2698 869 mysticte
2726 813 2871 867 gazze
2907 798 3105 875 clausis
3137 798 3429 853 involucris
3475 800 3610 851 claui
3647 798 3798 852 ferre

2202 891 2505 958 thesauros,
2542 891 2852 960 pernicibus
2878 890 3030 962 equis
3058 892 3332 947 insecutus
3357 891 3667 958 abeuntem,
3700 892 3799 960 qui

2204 983 2384 1039 faciles
2436 991 2654 1053 possent
2701 982 2906 1038 itineris
2939 984 3164 1053 pridiani
3220 984 3387 1053 spatia
3429 994 3797 1053 praevertere,

2201 1079 2386 1132 osculo
2429 1078 2480 1131 in
2530 1078 2708 1132 fauces
2751 1078 3001 1146 occupati
3052 1077 3274 1132 latronis
3308 1077 3519 1138 insilui.
3558 1078 3801 1131 humano

2198 1169 2324 1240 joco
2347 1211 2362 1236 ,
2392 1179 2544 1238 gestu
2583 1170 2792 1232 ferino;
2834 1169 2997 1224 veluti
3022 1169 3065 1222 si
3094 1183 3391 1225 excussura
3420 1181 3803 1239 quemcunque

2204 1262 2503 1329 catulorum
2529 1261 2711 1317 Parthi
2749 1262 2888 1317 collo
2918 1262 3153 1331 raptoris
3195 1262 3331 1332 pede
3376 1261 3605 1317 volatico
3641 1259 3802 1331 tigris

2204 1356 2389 1412 orbata
2426 1355 2807 1423 superemicet.
2838 1354 2975 1422 Quid
3021 1354 3228 1408 multa?
3257 1356 3397 1424 capti
3448 1354 3675 1423 hospitis
3695 1368 3803 1423 ge-

2206 1466 2309 1505 nua
2331 1451 2659 1519 complector
2680 1490 2695 1514 ,
2739 1449 2973 1519 iumenta
3004 1449 3168 1514 siste,
3194 1448 3340 1503 frena
3365 1448 3469 1519 ligo
3491 1489 3507 1514 ,
3553 1449 3804 1503 sarcinas

2206 1544 2380 1608 solvo,
2404 1542 2687 1612 quaesitum
2722 1543 2975 1597 volumen
3008 1541 3244 1605 invenio,
3289 1540 3559 1610 produco,
3590 1540 3801 1605 lectito,

2174 1653 2464 1708 .exccrpo,
2497 1639 2727 1693 maxima
2761 1653 2826 1693 ex
2854 1635 3063 1707 magnis
3103 1637 3278 1705 capita
3309 1635 3632 1691 defrustans.
3675 1634 3804 1688 Tris

2208 1714 2404 1786 buit’et
2435 1730 2700 1801 quoddam
2734 1729 2940 1785 dictare
2970 1728 3225 1784 celeranti
3268 1728 3568 1785 scribarum
3607 1742 3803 1796 sequa-

514 1827 691 1881 minus
718 1822 1055 1878 addicimur:
1088 1821 1177 1875 eui
1217 1820 1260 1874 si
1303 1820 1372 1874 ita
1404 1828 1459 1873 ut
1487 1819 1646 1890 262
1675 1818 1886 1874 cwlcris
1926 1831 1957 1871 a
1984 1832 2103 1872 mea
2133 1826 2179 1891 Β
2209 1824 2343 1878 citas
2389 1823 2624 1878 saltuosa
2677 1822 3056 1892 compendium
3083 1864 3099 1887 ,
3157 1824 3247 1892 qui
3300 1822 3805 1893 comprehendebat

514 1926 667 1988 parte
698 1916 1095 1986 subjaccretur,
1135 1912 1214 1968 sic
1234 1928 1448 1983 quoque
1471 1914 1703 1967 auferret
1722 1911 2104 1981 congrediendi

516 2009 913 2063 :(‘lllllialitmcm
959 2005 1263 2074 desperatio
1312 2003 1699 2073 consequendi.
1740 2003 1823 2059 Au
1866 2003 2106 2073 superci-

521 2102 649 2156 lium
684 2111 938 2171 tanquam
966 2098 1199 2154 difficilis
1228 2112 1292 2153 ac
1328 2098 1482 2169 rigidi
1514 2096 1743 2167 plosoris
1784 2098 2107 2152 extimesce-

525 2195 619 2250 bas
642 2196 665 2247 ?
691 2194 757 2248 Et
781 2207 1026 2262 quaenam
1068 2200 1150 2245 est
1175 2190 1422 2260 cuiquam
1456 2188 1661 2259 peritia:
1696 2191 1876 2244 cervix
1918 2199 2059 2243 tanta
2087 2230 2103 2253 ,

518 2289 678 2359 quive
702 2287 962 2357 hydrops,
992 2294 1045 2335 ut
1070 2283 1231 2337 etiam
1266 2283 1443 2351 tepida
1473 2295 1650 2336 veSIra
1678 2292 1783 2336 neu
1818 2282 2105 2338 ferventis-

517 2382 672 2436 simis
695 2362 937 2433 laudibus
964 2377 1353 2447 prosequatur?
1374 2375 1454 2430 An
1479 2375 1598 2430 ideo
1620 2391 1705 2435 me
1730 2376 2106 2432 fastidiendum

516 2472 1004 2544 negligendumque
1022 2469 1245 2535 curasu,
1264 2468 1386 2538 quia
1409 2478 1785 2523 contemneres
1803 2467 2107 2537 juniorem?

516 2566 659 2636 quod
686 2580 873 2634 parum
924 2562 1106 2617 credo.
1138 2562 1219 2615 An
1249 2562 1372 2631 quia
1419 2559 1739 2615 indoctum?
1764 2562 1906 2631 quod
1938 2559 2107 2632 magis

517 2662 666 2725 fero;
693 2662 761 2714 ita
796 2667 971 2713 tamen
993 2698 1007 2722 ,
1040 2666 1098 2711 ut
1128 2654 1218 2725 qui
1250 2654 1431 2711 dicere
1476 2655 1739 2725 ignorem,
1785 2671 1890 2710 nou
1930 2668 1984 2711 et
2011 2672 2109 2713 au-

517 2751 674 2808 dire:
708 2752 830 2822 quia
858 2761 912 2806 et
956 2750 1046 2821 qui
1077 2749 1419 2804 Circensibus
1453 2748 1592 2802 ludis
1631 2748 1947 2815 adfuerunt,
1978 2764 2106 2805 scn-

520 2848 740 2901 tcntiam
772 2846 837 2900 de
861 2844 1106 2899 curribus
1136 2859 1241 2897 non
1263 2841 1459 2898 ferunt.
1488 2840 1569 2896 An
1591 2842 1769 2912 aliquo
1793 2858 1921 2898 casu
1948 2844 2107 2899 dissi-

518 2939 816 3002 debamus,
869 2944 926 2989 ut
972 2944 1283 3005 putaremur
1336 2935 1399 2988 iis
1442 2933 1635 2988 libellis
1679 2948 1813 3004 quos
1859 2934 2107 2991 cdissetis

515 3029 861 3100 derogturi?
909 3028 1057 3098 atqui
1089 3027 1316 3095 prmsule
1367 3028 1497 3092 Deo,
1548 3036 1735 3081 tenues
1778 3028 1935 3083 nobis
1984 3043 2107 3084 esse

519 3123 806 3184 amicitias,
836 3136 932 3176 nec
954 3119 1154 3173 inimici
1188 3119 1388 3189 ﬁngere
1416 3127 1637 3187 queunt.
1674 3117 1774 3173 ista
1803 3107 2107 3188 quorsum?

2207 1914 2409 1984 signis,
2445 1913 2586 1983 quod
2619 1914 2811 1969 litteris
2857 1929 2962 1969 non
3000 1914 3274 1970 tenebant.
3303 1914 3511 1983 Quibus
3550 1914 3803 1985 lacryniis

2208 2022 2338 2063 sane
2361 2008 2727 2062 maduerimus
2748 2050 2763 2072 ,
2798 2019 2986 2063 mutuo
3027 2007 3264 2062 vicissim
3292 2008 3417 2063 fletu
3450 2007 3641 2077 rigati,
3676 2017 3807 2063 tunc

2208 2116 2331 2161 Cum
2359 2102 2427 2157 ab
2458 2100 2707 2172 amplexu
2739 2115 2883 2171 stepe
2910 2100 3139 2170 repetito
3166 2114 3565 2169 separaremur,
3582 2099 3807 2169 longum

2208 2203 2290 2253 est
2316 2194 2539 2258 dixisse,
2567 2209 2666 2249 nec
2691 2194 2858 2248 refert
2884 2210 2897 2246 :
2930 2191 3072 2260 quod
3114 2191 3424 2265 triumphali
3453 2192 3657 2246 sufficit
3677 2207 3807 2261 gau.

2209 2287 2320 2350 dio,
2345 2286 2533 2355 spoliis
2549 2294 2800 2340 onustum
2823 2285 3082 2350 caritatis,
3104 2295 3154 2339 et
3178 2284 3473 2355 spiritualis
3493 2293 3806 2353 compotem

2210 2378 2403 2450 praedic
2431 2394 2517 2433 me
2544 2379 2762 2432 domum
2797 2378 2977 2433 retuli.
3009 2377 3217 2446 Qumris
3254 2371 3398 2433 nunc
3436 2377 3565 2448 quid
3593 2377 3661 2433 de
3688 2392 3808 2431 ma-

2211 2471 2388 2525 nubiis
2438 2470 2572 2524 meis
2616 2469 2900 2537 judicem?
2946 2470 3144 2524 nollem
3176 2468 3353 2525 adhuc
3404 2469 3661 2539 prodere,
3699 2486 3807 2540 qua

2209 2563 2513 2619 diuturnius
2558 2563 2960 2632 eaSpectatione
3006 2561 3315 2632 penderes:
3363 2563 3487 2633 plus
3534 2578 3621 2618 me
3658 2563 3807 2618 enim

2210 2656 2525 2723 ulciscerer,
2556 2656 2597 2709 si
2623 2655 2764 2725 quod
2796 2654 2941 2710 sensi
2972 2663 3228 2710 tacerem.
3261 2654 3368 2711 Sed
3391 2655 3502 2724 jam
3546 2670 3646 2710 nec
3690 2656 3807 2724 ipse

2209 2751 2405 2806 frustra
2429 2750 2704 2820 superbis;
2735 2758 2791 2804 ut
2812 2758 2936 2819 pote
2965 2749 3288 2819 intelligens,
3306 2748 3397 2804 tibi
3426 2749 3608 2809 inesse
3630 2748 3809 2802 virtu~

2212 2856 2318 2905 tem
2357 2847 2434 2901 sic
2465 2843 2770 2915 perorandi,
2797 2852 2854 2898 ut
2879 2843 3064 2899 lectori
3099 2854 3190 2899 tuo
3225 2859 3318 2899 seu
3350 2843 3633 2899 reluctanti
3662 2885 3675 2909 ,
3708 2858 3809 2898 set.

2208 2937 2531 3002 voluntario,
2564 2938 2645 2991 vis
2686 2936 2974 3017 voluptatis
3001 2935 3250 2993 excludat
3281 2937 3533 3007 prteconii
3562 2936 3809 2992 necessi-

2210 3038 2396 3089 tatem.
2428 3028 2661 3084 Proinde
2687 3029 2893 3099 accipe,
2924 3030 3048 3099 quid
3079 3044 3246 3098 super
3271 3029 3490 3099 scriptis
3514 3032 3619 3084 tuis
3646 3041 3698 3083 et
3727 3031 3808 3084 in-

2205 3120 2403 3191 juriam
2429 3121 2571 3190 passi
2594 3134 2935 3176 censeamus.
2969 3118 2997 3158 ι)
3030 3121 3284 3191 Legimus
3313 3136 3448 3192 Opus
3479 3123 3807 3192 operosissi-

517 3206 715 3284 inquis.
749 3213 1012 3280 Eccejam
1047 3211 1245 3279 pando,
1281 3210 1367 3264 vel
1394 3209 1519 3279 quid
1546 3210 1827 3280 indagasse
1858 3228 1944 3266 me
1970 3228 2101 3283 gau-
2129 3206 2177 3271 C
2210 3228 2353 3266 mum
2380 3253 2397 3280 ,
2433 3212 2711 3281 multiplex
2735 3252 2752 3278 ,
2784 3226 2943 3277 acre,
2975 3214 3208 3268 sublime
3232 3253 3246 3277 ,
3273 3212 3539 3283 digestum
3590 3215 3760 3268 titulis
3789 3260 3807 3283 ,

518 3308 696 3369 dcam,
732 3306 814 3359 vel
844 3304 968 3373 quid
991 3314 1041 3357 te
1063 3303 1269 3357 celasse
1294 3316 1659 3356 succenseam.
1682 3302 1807 3372 Legi
1832 3304 2104 3362 volumina

518 3409 629 3463 tua,
646 3412 762 3472 quae
786 3394 1078 3449 Riochatus
1100 3393 1321 3447 antistes
1348 3408 1411 3447 ac
1436 3408 1751 3459 monacnus,
1777 3405 1936 3464 atque
1954 3396 2104 3451 istius

517 3490 701 3545 mundi
735 3488 816 3541 his
845 3485 1471 3556 peregrinus,Britaniiis
1498 3486 1601 3540 tuis
1634 3500 1728 3555 pro
1752 3495 1804 3542 te
1834 3496 2101 3557 reportat;

516 3583 609 3638 illo
646 3584 754 3649 jam
787 3579 1273 3647 imprtescntiarum
1306 3577 1500 3630 Fausto
1532 3579 1705 3647 potius
1731 3580 1820 3649 qui
1869 3596 1973 3635 non
2018 3595 2104 3637 se-

514 3672 708 3739 nescit,
728 3673 925 3742 quique
949 3669 1250 3725 viventibus
1281 3686 1383 3723 non
1409 3668 1689 3724 defuturus
1719 3680 1833 3738 post
1865 3673 2103 3741 sepultu-

511 3785 662 3835 ram,
710 3769 801 3823 tiet
829 3782 924 3835 per
953 3769 1063 3834 ipsa
1111 3780 1231 3833 quae
1263 3763 1481 3834 scripsit
1524 3764 1624 3819 sibi
1676 3773 1971 3835 superstes.
2004 3765 2102 3821 llic

512 3864 675 3929 igitur
713 3863 826 3931 ipse
858 3859 1198 3923 venerabilis,
1246 3858 1383 3927 apud
1422 3857 1673 3927 oppidum
1706 3868 1948 3913 nostrum
1978 3876 2099 3914 cum

512 3963 835 4019 moraretur,
861 3954 1034 4007 donec
1063 3953 1301 4021 gentium
1327 3951 1713 4006 concitatarum
1747 3941 1979 4021 procella
2008 3955 2100 4008 dc-

514 4051 771 4103 fremeret
800 4046 975 4116 (cujus
1005 4044 1252 4114 imaginis
1276 4045 1401 4099 hinc
1438 4054 1493 4099 ct
1520 4044 1642 4098 hinc
1674 4046 1830 4100 turbo
1867 4057 1992 4101 tunc
2016 4048 2099 4101 in-

522 4139 829 4200 horruerat)
862 4137 940 4192 sic
975 4138 1177 4205 reliqua
1200 4138 1336 4191 dona
1371 4146 1545 4193 vestra
1576 4137 1799 4202 detexit,
1834 4148 1890 4191 ut
1915 4153 2103 4207 perur-

587 4286 613 4313 ι
644 4277 776 4331 llinc
806 4284 955 4343 patet
995 4272 1182 4330 solitos
1226 4285 1434 4332 veteres
1464 4276 1616 4333 initio
1642 4277 1882 4345 epistolae
1913 4280 2025 4334 Ave
2047 4288 2103 4335 et

512 4347 671 4405 Salve
699 4345 955 4413 scribere,
989 4357 1045 4399 ut
1074 4345 1125 4400 in
1156 4346 1262 4401 fine
1294 4348 1443 4403 Vale.
1477 4350 1749 4403 Ausonius
1776 4349 1997 4404 Paulino
2032 4368 2044 4404 :

590 4449 702 4520 98
722 4454 846 4520 Quid
872 4454 1098 4520 prohibet
1120 4455 1263 4503 Salve
1285 4462 1431 4516 atque.
1455 4455 1576 4520 Vale
1601 4456 1849 4520 brevitate
1874 4465 2039 4520 parata

718 4517 949 4566 Scribere
972 4515 1241 4578 felicesque
1267 4515 1404 4565 notas
1428 4518 1654 4567 mandare
1678 4515 1894 4571 libellis?

508 4623 675 4692 Cujus
704 4622 1119 4695 morisvestigia
1153 4630 1356 4695 restant
1388 4622 1441 4675 in
1487 4624 1757 4678 nonnullis
1790 4625 2090 4695 principum

2208 3303 2577 3372 exemplisque
2592 3315 2936 3375 congestum,
2967 3304 3277 3375 bipartitnm
3303 3306 3403 3360 sub
3424 3305 3619 3374 dialogi
3639 3307 3809 3362 sche-

2208 3382 2509 3460 mate,snb
2542 3410 2826 3473 causarum
2871 3398 3107 3452 themate
3133 3398 3596 3467 quadripartitnm.
3626 3399 3803 3469 265

2208 3485 2517 3554 Scripseras
2546 3496 2726 3542 autem
2756 3489 2983 3557 plurima
3012 3488 3287 3551 ardenter,
3335 3489 3480 3557 plura
3503 3504 3804 3557 pompose;

2209 3578 2525 3649 simpliciter
2561 3579 2684 3644 ista,
2717 3595 2813 3634 nec
2843 3590 3029 3650 argute
3074 3580 3191 3646 illa,
3224 3596 3321 3637 nec
3351 3581 3546 3635 callide
3574 3598 3586 3645 ;
3617 3581 3807 3650 gravia

2210 3683 2440 3736 mature,
2468 3672 2730 3742 profunda
2760 3673 3016 3740 sollicite,
3047 3674 3210 3729 dubia
3259 3685 3605 3735 constan'er,
3646 3689 3806 3743 argu~

2210 3773 2456 3820 mentosa
2508 3765 2895 3834 disputatorie,
2958 3765 3204 3835 qumdam
3257 3781 3487 3829 severe,
3535 3767 3807 3834 qua-piam

2209 3856 2404 3911 blande
2426 3901 2438 3924 ,
2471 3868 2663 3911 cuncta
2689 3857 2997 3922 moraliter,
3034 3858 3201 3923 lecte,
3236 3868 3501 3927 potenter,
3547 3859 3806 3926 cloquen-

2211 3952 2436 4005 tissime.
2471 3951 2653 4019 Itaque
2680 3968 2773 4021 per
2804 3960 2949 4006 tanta
2979 3961 3031 4006 te
3060 3966 3257 4021 genera
3288 3952 3540 4005 narrandi
3573 3961 3683 4004 toto
3715 3953 3801 4003 la-

2209 4045 2433 4105 tissime:
2457 4044 2768 4099 dictationis
2813 4054 3269 4114 camposecutus,
3302 4033 3431 4099 nihil
3463 4046 3514 4098 in
3546 4044 3801 4098 facundia

2209 4145 2548 4203 cieterorum,
2580 4138 2652 4192 uil
2685 4139 2736 4192 in
2767 4138 2994 4209 ingeniis
3017 4138 3173 4193 facile
3209 4138 3455 4208 perspexi
3478 4140 3629 4207 juxta
3660 4138 3808 4205 poli-
3862 4208 3865 4209 ν
3894 4200 3897 4201 ν

2206 4277 2418 4333 videtur
2446 4289 2500 4330 ut
2531 4293 2664 4347 opus
2694 4279 2795 4333 hoc
2826 4279 2893 4333 de
2922 4294 3029 4348 quo
3070 4279 3242 4349 agitur
3263 4279 3343 4333 vel
3376 4278 3668 4341 interiisse,
3698 4281 3794 4335 Vel

2205 4349 2380 4404 adhuc
2401 4351 2606 4418 uspiam
2628 4350 2791 4403 latere
2813 4352 3129 4404 sentiamus.
3147 4380 3216 4390 —
3232 4350 3356 4404 llzrc
3377 4350 3647 4404 Sirmondi
3670 4362 3803 4405 nota

2206 4421 2286 4475 sic
2316 4420 2474 4473 habet
2505 4423 2554 4473 in
2587 4421 2882 4489 posteriore
2927 4421 3130 4477 Sidonii
3160 4420 3420 4486 editione,
3464 4422 3550 4475 cui
3581 4424 3805 4489 przefnit

2206 4491 2473 4545 Lahhcus.
2507 4491 2773 4545 (lictorum
2808 4493 2859 4545 in
2886 4494 3063 4561 priore
3094 4492 3297 4546 Sid0nii
3330 4492 3513 4551 verba,
3551 4492 3803 4559 Legimus

2211 4578 2431 4632 0pm....
2462 4562 2754 4632 bipartitnm
2786 4563 2879 4616 sub
2905 4563 3096 4633 dialogi
3146 4564 3422 4624 schemate,
3474 4564 3805 4619 Sitmoinlus

2209 4633 2258 4686 in
2293 4634 2431 4686 notis
2487 4649 2605 4702 pag.
2647 4632 2750 4687 162
2794 4650 2858 4687 ex
2908 4632 3138 4687 Baronin
3192 4636 3577 4699 interpietatus
3621 4636 3805 4689 fuerat

508 4691 804 4779 lyscjllllis-
838 4693 924 4747 "ﬂ
947 4691 1165 4779 'f’.F8“1’
1187 4693 1447 4746 ι’(ινῖδδέυιε
1484 4697 1649 4779 ’ξρρξεν
1672 4691 1848 4779 ﬁctae
1899 4691 2090 4779 gy‘uegi
2119 4692 2325 4779 Diduos
2360 4691 2529 4779 libros;
2555 4691 2634 4779 ἶ1ιξΔ
2661 4703 2846 4779 (ἳντιιὶίι
2879 4704 2968 4757 Dei
3008 4715 3055 4756 et
3098 4691 3348 4779 Ιιιιιιιαηαξ
3380 4707 3555 4758 manus
3609 4705 3802 4760 Libero

507 4765 581 4835 Κ.
604 4764 676 4819 Ν.
702 4766 927 4821 υιιειιιιιι
954 4766 1048 4818 ida
1077 4779 1224 4818 more
1246 4779 1371 4818 usus
1390 4765 1707 4833 quotidiani.
1740 4768 1871 4821 Nam
1897 4764 2086 4825 iisdem

508 4839 755 4891 formulis
780 4838 831 4891 in
855 4836 1165 4903 quotidiani»
1185 4849 1473 4903 congressu
1496 4835 1848 4905 digressuque
1874 4840 2087 4895 uteban-

511 4918 618 4982 tnr.
644 4908 845 4982 fit-areis
860 4910 1012 4982 Χαῖρε
1040 4908 1379 4982 adfigitur”,
1406 4916 1567 4982 utest
1588 4908 1638 4960 in
1671 4907 1941 4964 Hadriano
1967 4912 2088 4965 Dio—

507 4981 612 5032 nis.
643 4974 1095 5050 l’lntarclms'mpi
1116 4974 1424 5050 ἀδολεσχίας
1441 4978 1520 5050 Διιε
1546 4981 1814 5050 augusto;
1843 4984 1931 5049 qui
1953 4983 2086 5050 Διπυι.

505 5052 629 5113 \in,
681 5064 803 5102 cum
861 5046 1063 5117 temere
1096 5046 1452 5115 nescio’quid
1508 5048 1820 5115 etl‘utiisset,
1853 5046 2088 5107 venienti

508 5120 767 5188 poSIridie
788 5134 851 5172 ac
876 5117 1095 5179 dicenti,
1126 5120 1235 5171 Ave
1264 5117 1461 5183 Cmsar,
1487 5118 1613 5172 Vale
1647 5120 1821 5187 Fulvi,
1863 5138 2088 5190 respon-

505 5194 616 5245 ilil:
645 5192 891 5266 Ἐλθὸντος
920 5190 1085 5250 ἕωθεν,
1114 5190 1179 5247 ὡς
1202 5190 1360 5243 ε’ὠθει
1386 5196 1475 5266 τοῂὗ
1504 5190 1747 5266 «Numici;
1774 5194 1900 5266 πρὸς
1938 5197 2087 5250 mier

507 5267 590 5334 mi
615 5264 863 5334 εἰπόντος,
895 5267 1070 5333 Καῐρε,
1098 5267 1316 5334 Καῖσαρ,
1348 5260 1747 5334 ᾖξ”χιςκινενεῖπῃ
1779 5260 2002 5319 statim“.

581 5332 606 5372 1³
643 5334 784 5386 Duos
812 5331 1004 5393 libros,
1045 5341 1095 5381 ut
1131 5331 1384 5383 cardinali
1418 5331 1649 5387 Baronio
1679 5337 1851 5388 visum
1876 5346 1977 5394 est.
2020 5336 2088 5390 de

506 5402 687 5455 Gratia
733 5401 821 5455 Dei
868 5410 922 5454 et
966 5401 1210 5457 humanm
1258 5401 1452 5456 mentis
1491 5402 1685 5457 Libero
1730 5406 1984 5459 Arbitrio.
2015 5406 2090 5461 De

506 5472 592 5524 liis
613 5473 753 5526 enim
790 5472 929 5538 loqui
958 5474 1057 5523 hoc
1080 5472 1197 5525 loco
1218 5471 1493 5526 Sidonium
1523 5474 1703 5527 multis
1726 5477 1916 5529 astruit
1944 5486 2088 5530 tumo

506 5542 573 5615 Ἣ
610 5547 687 5615 All
730 5543 893 5615 alium
924 5541 1431 5615 ecclesiasticorum.
1489 5546 1608 5597 Mihi
1643 5561 1771 5597 vero
1803 5562 1922 5599 cum
1953 5562 2086 5615 opus

506 5612 607 5665 litlt‘
639 5612 815 5665 Fausii
846 5613 1135 5681 bipartitnm
1163 5613 1251 5665 sub
1292 5614 1480 5683 ilialoqi
1528 5617 1811 5677 SC/lr'mflfc,
1845 5622 1936 5670 sub
1967 5612 2087 5669 cim-

506 5700 679 5735 snruu
715 5683 929 5734 tlmnulc
971 5685 1399 5751 qiadripm'titunt
1442 5688 1599 5739 fuisse.
1644 5688 1873 5741 :iflirtncl
1925 5689 2080 5743 Sido-

509 5758 647 5829 nius,
682 5756 819 5829 quoi
852 5769 1022 5820 neque
1047 5754 1130 5829 his
1160 5754 1566 5829 iliiobusiieque
1606 5758 1695 5810 ulli
1741 5761 1984 5829 cuiquam
2018 5780 2080 5816 ex

506 5826 625 5886 aliis
674 5826 759 5899 qui
812 5834 1007 5881 restant
1045 5823 1224 5883 Fausti
1270 5827 1416 5883 libris
1448 5832 1762 5897 conveniat,
1821 5823 2083 5906 reliquum

2193 4774 2438 4828 Arbitrio.
2461 4792 2474 4825 i
2498 4774 3590 4844 DDIIiS,iIlq1lii,i0'|lliilOCiUCOSitiiillilllll
3609 4776 3803 4831 multis

2192 4847 2385 4898 astruit
2414 4856 2556 4898 tomn
2575 4846 2639 4898 VI
2666 4848 2950 4900 Annalium
3001 4846 3259 4900 Baronins
3281 4847 3587 4911 (tardittalis,
3617 4863 3801 4915 neque

2192 4917 2335 4969 aliud
2355 4931 2448 4968 nos
2474 4916 2524 4968 in
2560 4917 2781 4984 reliquis
2811 4917 2988 4970 Fausti
3021 4916 3272 4985 operibus
3294 4917 3541 4971 videmus
3570 4921 3653 4972 cui
3677 4920 3801 4973 haec

2198 4990 2375 5055 aptius
2409 4987 2751 5041 conveniant.
2776 4988 2910 5055 Quid
2934 5003 3062 5056 ergo
3086 5002 3260 5042 causa:
3283 5004 3379 5041 cur
3401 5004 3429 5040 a
3459 4988 3680 5041 Sidonio
3713 4999 3802 5044 tot

2196 5057 2763 5131 laudibus‘ornentur;
2780 5074 2913 5126 quos
2927 5068 3190 5131 constata
3215 5058 3452 5131 Gelasio,
3482 5059 3796 5131 Fulgentio,

2194 5128 2374 5191 Avito,
2424 5127 2690 5193 Cmsario,
2725 5128 2976 5183 Facundo
3004 5138 3059 5183 et
3087 5129 3202 5182 aliis
3235 5130 3320 5182 vel
3370 5127 3675 5193 damnatos,
3707 5133 3801 5187 vel

2197 5200 2483 5251 contrariis
2502 5202 2662 5253 etiam
2693 5200 3043 5254 voluminibus
3069 5199 3406 5254 confutatos?
3422 5202 3490 5255 At
3510 5199 3798 5257 Sidonium

2111 5281 2116 5289 '
2197 5266 2411 5339 difﬁcile
2445 5283 2547 5322 non
2574 5281 2655 5323 est
2680 5271 2867 5337 jndicii
2892 5272 3022 5325 aleie
3052 5271 3375 5330 subducere.
3407 5272 3494 5339 qui
3522 5274 3705 5327 Fausti
3734 5274 3795 5328 in

2200 5338 2304 5393 hoc
2325 5354 2486 5405 opere
2514 5342 2808 5410 ingenium,
2840 5350 3033 5403 artem,
3089 5341 3452 5411 eloquentiam
3488 5344 3747 5411 prtedicat
3772 5384 3792 5411 ,

2197 5411 2455 5463 doctrinm
2486 5414 2659 5478 capita
2687 5414 3087 5479 sententiasque
3138 5428 3245 5466 non
3272 5414 3503 5483 attingit.
3532 5414 3795 5470 Faustum

2199 5495 2329 5534 vero
2355 5521 2370 5544 ,
2402 5492 2453 5534 et
2486 5484 2528 5535 si
2560 5484 2645 5550 qtti
2698 5494 2808 5537 tum
2842 5485 2893 5537 in
2925 5484 3114 5547 Gallia,
3142 5484 3281 5547 quod
3322 5483 3648 5540 dissimulari
3682 5503 3794 5542 non

2198 5561 2395 5619 pnteSI,
2427 5570 2546 5607 cum
2580 5570 2647 5607 eo
2677 5564 2981 5618 senserunt,
3014 5556 3193 5622 aliquo
3221 5555 3381 5609 modo
3409 5572 3673 5612 excusare
3703 5573 3796 5611 ra-

2201 5625 2274 5673 tio
2307 5626 2390 5695 illa
2423 5625 2660 5691 videtur,
2714 5626 2855 5693 quod
2913 5637 3035 5678 ante
3084 5626 3346 5695 synodum
3400 5629 3791 5683 Arausicanam

2194 5694 2442 5768 vixerint,
2477 5698 2627 5762 cujus
2679 5697 2888 5764 placitis
2943 5694 3180 5750 Ecclesia
3232 5697 3485 5766 deinceps
3534 5709 3789 5768 tanquam

2192 5780 2374 5819 normi
2399 5766 2675 5833 docti-inm,
2710 5768 2964 5824 adversus
2990 5768 3540 5838 Semipelaginnorum
3568 5766 3794 5830 errores

2197 5850 2286 5892 usa
2320 5847 2414 5894 est.
2458 5858 2472 5889 ι
2514 5870 2578 5880 -ς
2612 5842 2863 5907 ϋΑυειυε,
2902 5840 2935 5895 l.
2969 5855 3041 5907 c.,
3074 5855 3229 5912 quem
3261 5841 3479 5897 consule
3508 5841 3635 5899 inid.
