4060 6332
227 299 320 356 6ξῦ

1435 264 1917 350 erts'rotanuu
1960 261 2084 348 LlB.
2130 297 2217 352 Ix.

3371 301 3473 359 (.26

223 424 340 466 tuttt.
367 408 486 472 ane
517 421 599 459 me
638 422 760 460 vera
797 407 996 460 sentire
1031 407 1158 460 satis
1194 407 1481 476 approbas,
1526 423 1645 459 cum
1692 419 1787 458 nec
1819 406 1865 462 Α
1895 407 2103 458 concuti
2171 407 2632 465 machinamentis.
2695 411 2823 466 Nam
2893 421 3181 471 sectatores
3243 431 3427 473 eorum
3455 459 3469 482 ,

223 505 439 560 olfensus
477 501 630 554 aliter
682 501 888 569 judico.
951 500 1188 570 Denique
1259 501 1496 556 absentis
1563 501 1779 564 oratio,

219 604 456 665 quantum
483 592 783 660 epinamur,
815 593 932 662 plus
962 593 1146 663 nequit
1176 607 1445 656 crescere,
1491 593 1592 647 nisi
1627 592 1783 648 forsi-

127 673 132 696 τ
222 699 298 742 tan
324 683 514 756 aliquid
545 684 629 741 his
657 685 819 740 addat
839 701 1022 740 coram
1067 689 1334 757 loquentis
1374 686 1609 742 auctoris
1643 702 1746 743 vox
1767 729 1782 753 ,

218 796 412 846 manus,
447 789 644 847 motus,
675 779 865 850 pudor,
890 779 1106 836 artifex.
1139 781 1232 835 His
1261 782 1418 849 igitur
1447 781 1612 835 animi
1639 781 1782 836 litte-

215 889 484 944 rarumque
514 875 1030 944 dotibusfpraaditus,
1060 873 1336 929 mulierem
1366 874 1666 943 pulchram,
1687 875 1782 928 sed

214 971 345 1026 illam
401 969 816 1024 Deuteronomio
845 969 1167 1039 astipulante
1203 971 1516 1034 nubentem,
1564 970 1783 1025 domine

213 1061 466 1132 papa,tibi
493 1061 724 1131 jugasti:
749 1077 906 1132 quam
938 1073 990 1116 tu
1019 1062 1424 1133 adhucjuvenis
1449 1064 1587 1118 inter
1616 1063 1784 1118 hosti-

209 1156 280 1209 les
305 1153 639 1222 conspicatus
663 1163 926 1222 catervas,
947 1165 1106 1225 atque
1135 1155 1240 1209 illic
1270 1155 1322 1209 in
1350 1156 1463 1209 acie
1497 1156 1783 1209 contraria:

210 1247 363 1316 partis
383 1245 681 1301 adamatam
703 1287 719 1313 ,
751 1247 884 1302 nihil
934 1263 1031 1317 per
1059 1248 1332 1303 obstantes
1373 1248 1620 1317 repulsus
1647 1263 1785 1318 prae-

210 1340 414 1394 liatores
439 1338 695 1394 desiderii
723 1338 946 1394 brachio
967 1340 1216 1395 vincente
1244 1340 1491 1410 rapuisti.
1530 1339 1780 1395 Philoso-

208 1432 372 1500 phiam
398 1432 627 1498 scilicet,
655 1447 776 1503 quae
797 1432 1068 1487 violenter
1094 1448 1125 1487 e
1154 1447 1378 1488 numero
1400 1433 1782 1502 sacrilegarum

205 1525 386 1578 artium
417 1535 689 1593 exempta,
714 1539 836 1580 raso
858 1524 1054 1594 capillo
1076 1524 1361 1592 superfluae
1385 1524 1682 1594 religionis,
1723 1539 1784 1578 ac

207 1615 492 1685 supercilio
537 1615 778 1670 scientize
823 1616 1125 1681 saecularis,
1176 1617 1570 1685 amputatisque
1597 1629 1784 1684 perve-

204 1717 458 1763 tustarum
492 1708 717 1763 vestium
750 1709 915 1779 rugis,
959 1707 1010 1762 id
1043 1716 1146 1774 est,
1174 1708 1339 1762 tristis
1367 1707 1660 1762 dialecticae
1690 1707 1782 1761 lle-

1889 496 2196 551 Christiano
2226 498 2460 568 dogmati
2488 515 2549 556 ac
2576 504 2761 558 sensui
2790 505 2832 558 si
2864 506 3309 576 repugnaverint,
3341 523 3471 562 mox

1888 597 1944 644 te
1974 589 2233 659 magistro
2264 591 2444 661 ligati,
2491 595 2795 649 vernaculis
2844 597 3195 666 implicaturis
3239 599 3292 654 in
3337 600 3474 654 retia

1888 695 1983 736 sua
2013 682 2313 751 praecipites
2361 684 2814 754 implagabuntur,
2851 689 3309 761 syllogismistutn
3349 707 3476 762 pro-

1892 776 2172 846 positionis
2198 777 2408 833 uncatis
2433 779 2722 835 volubilem
2751 782 3200 852 tergiversantum
3232 785 3469 857 linguam

1890 868 2326 936 inclamantibus,
2350 870 2474 926 dum
2505 872 2662 940 spiris
2702 875 3021 944 categoricis
3062 877 3294 934 lubricas
3323 892 3475 949 qua:-

1888 963 2092 1017 stiones
2121 971 2174 1018 tu
2209 963 2387 1032 potius
2419 964 2669 1030 innodas,
2699 965 2905 1021 aerium
2938 982 3088 1024 more
3118 969 3474 1036 medicorum,

1888 1057 1977 1126 qui
2008 1057 2307 1113 remedium
2340 1069 2528 1113 contra
2558 1059 2722 1130 266
2751 1075 2978 1128 venena,
3009 1077 3130 1116 cum
3165 1064 3300 1118 ratio
3323 1056 3497 1119 com?

1890 1149 2062 1218 pellit,
2091 1149 2234 1204 etde
2258 1159 2508 1218 serpente
2536 1152 2850 1205 coniiciunt.
2879 1152 2986 1207 Sed
3022 1152 3124 1208 hoc
3149 1154 3476 1222 temporibus

1891 1242 2028 1310 istis,
2056 1243 2154 1298 sub
2173 1251 2276 1296 tua:
2301 1253 2504 1298 tantum
2529 1245 2608 1299 vel
2637 1245 3092 1316 contemplatione
3109 1247 3474 1309 conscientiae,

1891 1333 1974 1388 vel
2006 1333 2201 1388 virtute
2227 1334 2510 1389 doctrinae.
2563 1334 2692 1390 Nam
2739 1338 2860 1406 quis
2889 1338 3080 1408 aequali
3123 1337 3343 1407 vestigia
3388 1349 3478 1392 tua

1893 1425 2210 1494 insequatur
2239 1442 2426 1495 gressu
2453 1443 2466 1493 ;
2497 1428 2580 1481 cui
2611 1427 2794 1482 datum
2826 1437 2910 1483 cst
2937 1429 3058 1492 soli,
3098 1429 3243 1496 loqui
3287 1429 3477 1483 melius

1893 1534 2052 1586 quam
2068 1518 2343 1584 didiceris,
2363 1522 2544 1576 vivere
2558 1520 2746 1576 melius
2759 1537 2917 1592 quam
2935 1521 3477 1594 loquaris‘iQuoeirca

1893 1614 2085 1666 merito
2116 1622 2166 1668 te
2192 1613 2561 1668 beatissimum
2593 1614 2715 1668 boni
2747 1631 2957 1682 omnes,
2987 1615 3144 1686 idque
3174 1631 3335 1684 supra
3360 1630 3476 1669 om-

1893 1720 1989 1760 nes
2020 1715 2104 1759 tua
2135 1715 2453 1776 tempestate
2491 1709 2946 1763 concelebrabunt
2977 1727 2988 1761 :
3020 1711 3176 1777 cujus
3206 1709 3275 1763 ita
3319 1709 3478 1763 dictis

198 1802 377 1869 xihus,
411 1801 548 1855 falsa
587 1815 796 1854 morum
845 1809 901 1855 et
947 1799 1130 1854 illicita
1177 1799 1514 1864 velantibus,
1549 1799 1776 1869 mystico
1805 1790 1855 1852 Β
1883 1797 1988 1851 vita
2031 1797 2292 1868 factisque
2324 1799 2608 1868 dupliciter
2639 1799 2910 1867 inclaruit,
2954 1810 3010 1855 ut
3043 1800 3476 1871 quandoquidem

199 1893 444 1962 amplexu
468 1892 579 1961 jam
601 1890 857 1947 defaecata
885 1900 1060 1947 tecum
1081 1891 1321 1946 membra
1339 1891 1639 1959 conjunxit.
1662 1891 1786 1947 Hmc

199 1986 258 2039 ab
289 1985 445 2039 annis
476 1993 651 2039 vestra
683 1984 792 2053 jam
821 1982 1019 2038 dudttm
1070 1983 1392 2054 pedissequa
1420 1982 1784 2052 primoribus;

198 2077 310 2132 lucc
336 2087 429 2132 tuo
464 2077 616 2131 lateri
640 2091 822 2131 comes
854 2077 1263 2146 inseparabilis,
1295 2076 1411 2130 sive
1442 2076 1493 2130 in
1524 2075 1785 2145 palaestris

195 2168 531 2224 exercereris
554 2167 791 2232 urbanis,
824 2166 946 2222 sive
970 2168 1020 2221 in
1044 2167 1310 2222 abstrusis
1337 2179 1672 2222 macerarere
1698 2183 1786 2222 so-

197 2260 545 2316 litudinibus:
587 2260 698 2314 haec
724 2258 954 2313 atheuaci
979 2257 1137 2329 265
1160 2272 1408 2323 consors,
1455 2257 1569 2313 hcce
1601 2273 1785 2312 mona-

197 2353 341 2407 sterii
371 2395 386 2418 ,
423 2362 604 2407 tecum
662 2350 959 2405 mundanas
1012 2349 1262 2414 abdicat,
1299 2358 1471 2404 tecum
1521 2364 1784 2419 supernas

194 2443 453 2514 prmdicat
474 2441 812 2511 disciplinas.
847 2441 981 2496 lluic
1010 2442 1312 2511 copulatum
1358 2453 1409 2497 te
1437 2443 1781 2498 matrimonio

190 2538 276 2605 qui
316 2534 701 2598 lacessiverit,
750 2534 947 2588 sentiet
997 2532 1252 2588 Ecclesia:
1295 2533 1492 2589 Christi
1545 2534 1781 2591 Platonis

190 2628 543 2682 Academiam
589 2625 847 2691 militare,
905 2634 1066 2694 teque
1111 2625 1346 2682 nobilius
1390 2627 1778 2699 philosophari.

187 2720 454 2786 Primum,
488 2718 809 2774 ineffabilem
851 2717 939 2772 Dei
985 2717 1158 2772 Patris
1185 2733 1431 2774 asserere
1453 2734 1575 2775 cum
1606 2722 1778 2776 sancti

186 2813 418 2881 Spiritus
479 2813 777 2866 aeternitate
819 2811 1156 2880 sapientiam.
1191 2811 1326 2866 Tum
1362 2825 1619 2880 prmterea
1671 2829 1778 2868 nou

183 2905 473 2959 cresariem
507 2918 749 2972 pascere,
781 2917 953 2973 neque
985 2904 1145 2972 pallio
1172 2913 1263 2958 aut
1295 2905 1468 2972 clava,
1501 2908 1642 2963 velut
1687 2924 1779 2963 so-

185 2998 439 3066 phisticis
467 2999 778 3068 insignibus,
801 2995 1039 3065 gloriari,
1068 3005 1159 3064 aut
1187 2996 1439 3054 affectare
1460 2999 1526 3055 de
1553 3002 1778 3058 vestium

181 3092 524 3147 discretione
577 3090 919 3160 superbiam,
975 3090 1147 3144 nitore
1198 3104 1490 3160 pompam,
1532 3094 1779 3162 squalore

1893 1900 2014 1943 tuos
2045 1897 2069 1924 ⁸
2100 1902 2270 1944 annos
2293 1890 2403 1959 1am
2432 1891 2654 1945 dextera
2686 1893 3071 1956 numeraverit,
3103 1891 3301 1947 saeculo
3330 1907 3469 1961 pra:-

1890 1981 2095 2037 dicatus
2122 1990 2212 2035 tuo
2232 2025 2245 2047 ,
2278 1981 2663 2036 desiderandus
2692 1983 2870 2038 alieno
2889 2023 2904 2048 ,
2935 1992 3161 2053 utraque
3191 1983 3476 2038 laudabilis

1889 2075 2099 2128 actione
2129 2072 2379 2139 decedas,
2403 2083 2455 2129 te
2486 2074 2770 2129 relicturus
2792 2077 3055 2142 externis,
3081 2086 3165 2132 tua
3193 2077 3468 2148 proximis.

1890 2167 2094 2222 Memor
2123 2167 2288 2222 nostri
2320 2183 2440 2224 esse
2467 2168 2706 2237 dignare,
2736 2169 2952 2226 domine
2997 2186 3152 2241 papa.

2463 2259 2799 2316 EPISTOLA
2843 2261 2908 2315 Χ.

2020 2350 2268 2404 Sidonius
2294 2350 2500 2402 domino
2533 2366 2682 2419 papa:
2720 2349 2747 2388 δ
2778 2351 3076 2419 Aprunculo
3103 2354 3340 2407 salutem.
3413 2399 3432 2417 ,

1961 2442 2210 2497 Reddidit
2231 2442 2324 2497 tibi
2341 2442 2598 2512 epistolas
2616 2459 2780 2508 meas,
2807 2459 2966 2513 quem
2991 2445 3122 2500 mihi
3148 2456 3264 2500 tuas
3286 2445 3481 2500 offerre

1889 2553 1984 2608 par
2015 2538 2186 2591 fuerat
2229 2554 2241 2592 :
2289 2553 2409 2591 nam
2443 2537 2609 2591 frater
2640 2547 2822 2592 noster
2851 2537 3163 2604 Caelestius,
3207 2555 3376 2609 nuper
3411 2541 3479 2595 ad

1887 2639 1940 2684 te
1974 2643 2227 2683 reversus
2285 2640 2305 2667 ο
2349 2629 2416 2684 de
2462 2629 2792 2695 Biterrensi,
2825 2630 3093 2699 quoddam
3145 2631 3276 2685 mihi
3318 2647 3482 2701 super

1886 2730 2027 2775 statu
2049 2722 2291 2791 injuriosi
2322 2723 2488 2776 nostri
2512 2705 2778 2776 vinculum
2803 2724 3061 2778 cessionis
3085 2724 3290 2778 elicuit.
3321 2726 3477 2792 Quod

1884 2811 2099 2880 quidem
2145 2812 2370 2881 scripsi,
2420 2828 2526 2866 non
2558 2812 2734 2866 minus
2782 2823 2868 2867 tua
2917 2816 3236 2870 verecundia
3281 2816 3482 2874 fractus

1885 2920 2044 2974 quam
2095 2905 2388 2960 voluntate.
2438 2905 2676 2973 Namque
2726 2922 2823 2980 nos
2877 2907 3018 2963 ultro
3070 2919 3251 2964 vestro
3292 2896 3484 2980 pudori

1891 2996 2045 3066 quasi
2073 2997 2390 3066 quibusdam
2427 2998 2651 3067 pedibus
2682 2999 2925 3069 obsequii
2965 3001 3146 3056 decuit
3172 3011 3480 3061 occurrere.

1891 3085 2155 3152 Quocirca
2190 3101 2276 3141 me
2307 3102 2520 3157 quoque
2551 3087 2765 3142 volente
2812 3089 3024 3158 posside
3054 3091 3355 3160 indultum,
3389 3095 3486 3150 sed

180 3181 506 3250 iactantiam
540 3199 552 3234 :
587 3196 759 3250 neque
808 3189 861 3236 te
909 3181 1040 3234 satis
1081 3182 1179 3236 hoc
1206 3183 1471 3249 aemulari,
1500 3186 1641 3254 quod
1691 3202 1786 3256 per
1813 3163 1862 3228 ί
1894 3177 2218 3244 liberaliter;
2261 3194 2362 3234 nec
2408 3181 2572 3244 enim,
2605 3190 2659 3233 ut
2691 3181 2964 3249 suspicor,
2998 3182 3113 3251 plus
3151 3184 3351 3254 aliquid
3382 3185 3485 3241 hoc

177 3277 478 3344 gymnasia
529 3273 814 3344 pingantur
871 3273 1245 3343 AreOpagitica
1288 3276 1371 3330 vel
1427 3276 1785 3348 Prytaneum,

177 3383 351 3424 curva
381 3369 598 3424 cervice
620 3369 940 3439 Zeusippus,
966 3370 1162 3424 Aratus
1193 3372 1388 3440 panda,
1411 3372 1591 3429 Zenon
1617 3375 1788 3430 fronte

172 3475 503 3532 contracta,
540 3468 799 3535 Epicurus
842 3476 963 3521 cute
1009 3466 1271 3533 distenta,
1313 3469 1579 3538 Diogenes
1623 3473 1786 3528 barba

1895 3287 2092 3342 genere
2141 3274 2315 3328 solatii
2349 3273 2432 3327 vel
2467 3273 2581 3343 ipse
2608 3275 2865 3344 quaesisti.
2915 3276 3086 3341 Quem
3127 3278 3322 3334 litteris
3367 3279 3485 3334 istis

1898 3382 2004 3421 non
2054 3367 2530 3422 commendatoriis
2584 3369 2761 3423 minus
2809 3383 2969 3438 quam
3003 3370 3319 3439 refusoriis,
3373 3371 3483 3440 jam

1898 3461 2135 3531 placatus
2177 3461 2388 3517 insinuo
2437 3480 2449 3515 ε
2500 3463 2578 3515 sic
2623 3472 2800 3518 tamen
2844 3472 2904 3517 ut
2951 3463 3044 3518 tibi
3074 3463 3332 3530 assistat,
3385 3465 3485 3520 tibi

171 3570 475 3623 comante,
502 3559 750 3613 Socrates
772 3573 925 3612 coma
947 3559 1193 3627 cadente,
1217 3560 1534 3616 Aristoteles
1567 3564 1790 3618 brachio

167 3660 421 3709 exserto
441 3691 454 3715 ,
489 3651 816 3706 Xenocrates
847 3667 1003 3706 crure
1028 3653 1284 3720 collecto,
1315 3654 1614 3709 Heraclitus
1662 3658 1786 3712 ﬂetu

169 3744 369 3800 oculis
408 3742 630 3809 clausis,
671 3742 1005 3818 Democritus
1037 3743 1147 3797 risu
1179 3743 1342 3798 labris
1374 3748 1594 3814 apertis,
1618 3747 1788 3820 Chry-

170 3840 381 3910 sippus
416 3835 599 3906 digitis
621 3848 844 3906 pr0pter
867 3851 1208 3891 numerorum
1241 3838 1435 3893 indicia
1460 3842 1785 3911 constrictis,

175 3929 461 3986 Euclides
491 3937 711 3998 preptor
752 3943 1126 3982 mensurarum
1159 3930 1326 3997 spatia
1360 3930 1571 3998 laxatis,
1596 3932 1789 3989 Clean-

176 4025 306 4078 thes
340 4026 573 4091 propter
605 4029 890 4086 utrumque
929 4019 1180 4073 corrosis.
1227 4023 1361 4087 Quin
1405 4024 1581 4090 potius
1632 4041 1791 4094 expe-

179 4115 362 4170 rietur
410 4112 643 4181 quisque
671 4111 995 4177 conﬂixerit,
1025 4111 1257 4176 Stoicos,
1290 4113 1542 4184 Cynicos,
1579 4115 1797 4187 Peripa-

180 4208 418 4274 teticos,
435 4205 852 4268 haeresiarchas,
872 4204 1104 4274 propriis
1126 4207 1311 4272 armis,
1333 4210 1560 4277 propriis
1578 4226 1792 4284 quoque

1900 3563 2119 3624 pareat,
2148 3562 2202 3609 te
2230 3564 2514 3623 sequatur;
2562 3563 2722 3623 atque
2753 3555 2909 3626 267
2943 3565 3001 3609 ut
3048 3557 3089 3610 si
3132 3556 3485 3625 permanserit

1899 3659 2074 3703 tecum
2101 3688 2117 3713 ,
2164 3649 2337 3702 neutri
2372 3658 2610 3701 nostrum
2649 3647 2919 3716 judicetur
2960 3646 3222 3712 famulus;
3267 3650 3310 3702 si
3347 3648 3484 3702 forte

1898 3740 2224 3803 discesserit,
2253 3749 2523 3808 queratur
2547 3740 2756 3808 utrique
2779 3739 3051 3809 fugitivus.
3081 3739 3285 3794 Memor
3311 3740 3480 3794 nostri

1900 3848 2020 3889 esse
2048 3833 2289 3903 dignare,
2327 3832 2544 3887 domine
2576 3847 2730 3900 papa.

2457 3944 2785 4000 EPISTULA
2829 3944 2915 3998 XI.

2116 4038 2361 4093 Sidonius
2392 4039 2598 4091 domino
2629 4054 2775 4107 papa:
2804 4035 2829 4072 ἀ
2862 4036 3010 4106 Lupo
3035 4036 3270 4090 salutem.

1976 4131 2200 4200 Propter
2249 4131 2486 4185 libellum
2528 4144 2686 4198 quem
2720 4145 2824 4182 nun
2875 4129 2938 4183 ad
2989 4144 3084 4183 vos
3117 4131 3285 4199 magis
3325 4144 3486 4200 quam

1899 4241 1995 4296 per
2025 4240 2122 4281 vos
2151 4223 2372 4278 missum
2402 4222 2970 4292 putastis,aepistolam
3001 4231 3234 4277 vestram
3269 4238 3376 4278 non
3419 4222 3486 4277 ad

260 4359 288 4386 ι
330 4347 620 4404 Iuvenalis
647 4345 808 4402 satira
842 4362 902 4412 x,
928 4345 996 4399 de
1021 4345 1241 4402 Nestore
1269 4366 1278 4399 :

315 4444 500 4504 Atque
523 4453 637 4490 suos
657 4439 755 4501 jam
778 4439 952 4488 dextra
984 4445 1228 4500 computat
1253 4452 1423 4491 annos.

185 4528 417 4583 Dictum
477 4540 540 4577 ex
588 4521 977 4578 cansuetudine
1005 4533 1276 4589 veterum,
1334 4525 1420 4592 qui
1468 4528 1616 4580 vario
1659 4532 1796 4586 flexu

183 4599 501 4669 digitorum
535 4608 786 4669 numeros
827 4593 1196 4669 indicabant;
1231 4605 1800 4669 quossupputatorios

185 4661 502 4740 dignorum
548 4661 834 4740 “saculos
880 4663 1108 4733 appellat
1155 4661 1540 4740 Tertullianus.
1603 4670 1792 4727 Totam

188 4734 383 4826 artem.
406 4738 557 4819 inter
575 4734 742 4826 ‘Bedae
791 4749 962 4826 opera
996 4735 1368 4826 complectitur
1406 4736 1653 4826 libellus,
1705 4746 1792 4806 qui
1824 4767 1874 4826 ι)

189 4809 529 4868 inscribitur
558 4807 623 4861 de
671 4805 876 4874 loquela
914 4804 1222 4872 digitorum.
1256 4805 1431 4858 Laeva:
1456 4823 1584 4875 ergo
1620 4804 1795 4875 ilignis

191 4898 374 4952 usque
408 4878 485 4933 ad
512 4876 1131 4952 centunrnumerabantf
1167 4876 1219 4952 in
1241 4877 1534 4952 centesimo
1563 4881 1626 4952 ad
1667 4882 1793 4952 (lev-

191 4943 337 5008 lratn
370 4949 697 5006 transibant.
725 4946 1080 5015 Hieronymus
1112 4945 1165 4999 in
1193 4943 1529 5000 Jovinianum
1565 4951 1582 5001 l
1620 4968 1632 5002 :
1666 4950 1796 5003 (Icu—

191 5027 417 5080 tesimus
473 5035 716 5073 numerus
759 5034 790 5069 ιι
831 5017 1034 5070 sinistra
1066 5016 1372 5083 transfertur
1414 5020 1480 5070 ml
1509 5020 1793 5074 dexteram.

192 5097 476 5150 Faustum
505 5089 666 5159 igitur
705 5086 1048 5157 grandaevum
1078 5088 1248 5160 innuit
1277 5085 1440 5141 fuisse
1475 5108 1486 5140 :
1523 5107 1626 5144 non
1653 5095 1796 5160 quod

191 5185 249 5222 re
288 5179 430 5220 vera
465 5158 816 5233 centesimum
845 5173 1043 5212 annum
1085 5158 1341 5233 attigisset
1375 5177 1388 5210 :
1418 5171 1499 5233 est
1524 5158 1682 5215 enim
1705 5167 1800 5233 hy-

191 5235 464 5305 perbole,
505 5232 599 5305 sed
640 5230 809 5305 multo
837 5229 1192 5305 verecundior
1235 5232 1584 5305 qnam_i|lam
1616 5229 1799 5288 Nicar-

190 5301 280 5361 ἱ]ιί
318 5313 510 5376 poeta:
540 5303 592 5356 in
619 5301 935 5376 Gotyttarim
962 5317 1121 5354 anum
1142 5341 1157 5366 ,
1198 5316 1355 5376 quam
1379 5303 1453 5355 ait
1478 5319 1644 5358 annos
1675 5320 1799 5359 suos

191 5373 410 5434 iterum
447 5388 611 5431 manu
638 5373 852 5427 sinistra
899 5386 1182 5426 numerare
1204 5374 1431 5440 coepisse
1463 5390 1477 5427 :
1509 5377 1650 5442 quod
1689 5388 1798 5428 tum

195 5449 399 5514 tit-bat,
460 5459 582 5501 cum
613 5443 676 5498 ad
707 5443 892 5499 decem
938 5442 1100 5497 millia
1132 5454 1503 5511 pervenerant.
1540 5447 1627 5501 Sic
1659 5448 1801 5500 enim

194 5521 352 5575 canit
381 5537 395 5572 :

2095 4367 2198 4415 Jam
2225 4365 2356 4415 laevae
2380 4376 2571 4413 rursum
2593 4349 2837 4425 computat
2860 4359 3089 4410 articulis.

1979 4491 2005 4529 ιι
2038 4491 2429 4545 Andemantnni
2482 4489 2779 4559 Lingonum
2821 4488 3104 4559 episcopo,
3142 4488 3231 4559 cui
3263 4496 3445 4559 postea
3470 4529 3485 4551 ,

1905 4577 2026 4615 eum
2068 4563 2336 4617 Arvernos
2378 4561 2559 4615 relicta
2588 4556 3041 4624 'Burgundionum
3088 4556 3215 4608 odio
3266 4556 3488 4623 pristina

1907 4633 2034 4684 sed».
2087 4634 2368 4700 migrasset
2395 4672 2407 4694 ,
2449 4630 2756 4682 cathedram
2798 4643 2947 4680 suam
2975 4626 3228 4680 Sidonius
3255 4627 3489 4679 moriens

1907 4703 2141 4768 reliquit.

1977 4783 1996 4808 ο
2027 4766 2098 4824 lta
2130 4772 2287 4822 etiam
2320 4770 2368 4822 id
2412 4784 2606 4821 nomen
2657 4766 2910 4831 scriptum
2951 4768 3045 4821 lib.
3091 4781 3202 4831 vnn,
3244 4767 3401 4834 epist.
3431 4768 3487 4820 4.

1901 4842 2102 4914 (ἰπνοῖς
2130 4845 2386 4914 Βαίτεροει,
2417 4840 2558 4914 quod
2600 4839 2817 4914 propius
2843 4839 3069 4914 accedit“
3092 4837 3182 4914 ad
3209 4839 3485 4914 antittu’atn

1903 4907 2304 4980 inscriptionem
2334 4910 2732 4963 Narbonensem
2759 4953 2772 4973 ,
2808 4909 2858 4961 in
2907 4924 3006 4976 qua
3038 4908 3333 4975 Septimani
3377 4907 3490 4961 Bae-

1905 4991 2171 5037 terreusi-s
2203 4983 2302 5035 hoc
2327 4982 2482 5035 modo
2502 4981 2611 5052 99
2639 4984 2913 5049 leguntur:

2425 5137 2492 5191 Μ.
2539 5136 2692 5192 Juuo
2723 5137 2972 5190 Putuppo

2467 5223 2788 5262 NOBILISSIMO
2825 5221 2934 5260 C.-F.S

2412 5295 2631 5334 PlthClPl
2676 5292 2994 5332 JUVENTUTIS

2515 5366 2628 5406 SEP.
2666 5364 2907 5402 BIETEBR.

1983 5516 2007 5549 «³
2044 5513 2306 5581 Episcopo
2336 5511 2639 5581 'l‘rieassino
2661 5507 2725 5558 ad
2752 5520 2910 5581 quem
2933 5519 3052 5581 cum
3078 5505 3493 5581 przecedentinm

1916 5576 2171 5640 librorum
2199 5576 2444 5636 velumen
2490 5577 2726 5632 misisset
2766 5592 2825 5629 ea
2868 5577 2983 5644 lege
3022 5576 3298 5640 Sidonius,
3334 5588 3384 5628 nt
3429 5580 3493 5634 ait

1916 5658 2074 5709 alium
2111 5663 2294 5721 postea
2320 5649 2601 5721 quemdam
2645 5648 2952 5716 episCOputll
2982 5649 3330 5721 perferretur,
3364 5665 3493 5713 que-

1917 5717 2138 5794 stusque
2180 5724 2280 5777 hoc
2317 5717 2533 5776 nomine
2562 5720 2740 5788 Lupus
2772 5727 2942 5784 esset,
2976 5717 3098 5774 l'acti
3142 5720 3350 5788 culpam
3401 5721 3495 5774 hac

1917 5797 2140 5867 epistola
2164 5796 2498 5864 deprecatur.

310 5635 372 5689 Ἠ
407 5633 535 5706 φάος
565 5631 835 5706 sepem“
869 5629 1055 5706 s'lépou
1078 5629 1255 5706 πλέον,Δ
1276 5630 1454 5706 ἠ-χερξ
1483 5629 1590 5701 λαιῇ

439 5711 605 5776 Γῆρας
628 5700 1209 5778 ἆριθμεῖσθαίδεύτερον
1232 5700 1505 5774 ἀρξαμένη.

336 5817 472 5878 Quae
496 5815 627 5867 soles
648 5816 766 5866 vidit
791 5814 956 5878 plures
984 5827 1127 5878 quam
1152 5825 1342 5874 cervus,
1371 5820 1423 5862 et
1445 5823 1595 5862 annos
