4060 6332
544 207 648 264 627

1810 197 2051 253 SIDONII
2092 195 2545 259 APOLLINRRIS

3707 199 3816 257 σεε

546 344 629 379 tne
656 324 826 395 magis
846 337 1002 392 quam
1023 322 1071 374 in
1093 335 1176 374 me
1197 319 1442 386 scriptam
1475 318 1670 385 recepi.
1697 316 1773 370 At]
1798 316 2116 385 exprobrata
2149 317 2195 375 Α
2228 326 2359 369 tatas
2382 361 2393 381 ,
2628 316 2931 383 frequenter
2965 317 3295 371 illustrantur
3327 315 3533 369 alienat.
3564 316 3702 370 Illud
3730 316 3820 369 bis

548 418 845 487 respondeo
872 428 967 484 pro
995 413 1246 482 :rquitate
1271 425 1444 464 causa!
1464 451 1477 472 ,
1533 425 1635 462 non
1670 423 1766 476 pro
1815 408 2122 479 :rqualitate

549 488 811 565 facundiae
844 526 855 559 :
895 519 1194 575 quanquam
1237 500 1356 571 quis
1385 518 1525 555 nunc
1551 516 1651 571 ego
1671 544 1684 565 ,
1733 510 1824 554 aut
1853 509 2085 570 quantus
2106 540 2121 565 ,

545 602 633 671 qui
656 612 811 669 agere
828 610 1147 671 praesumam
1173 594 1321 648 vobis
1345 592 1730 662 imputantibus
1756 590 2123 646 innocentem?

542 690 809 764 Quocirca
836 670 1032 743 delicto
1074 688 1229 752 huic,
1259 686 1785 757 quantulumcunque
1827 690 1944 746 est,
1986 684 2125 737 inter

546 773 802 852 principia
858 780 1142 835 confestim
1196 779 1440 849 supplico
1498 776 1739 848 ignosci,
1807 775 2123 832 diffidentiae

546 884 779 937 tantum,
810 887 914 927 non
958 880 1011 927 et
1041 872 1305 941 superbiae
1330 870 1508 925 fassus
1551 884 1811 925 errorem.
1844 868 1974 921 Nam
2003 881 2123 921 cum

545 967 675 1020 mihi
720 965 867 1034 rigor
897 979 1141 1019 censura:
1166 975 1275 1017 tua:
1308 965 1355 1016 in
1388 962 1577 1017 litteris
1606 977 1754 1031 :cque
1800 968 1857 1014 ut
1888 961 2125 1015 moribus

488 1037 496 1045 ’
544 1072 612 1114 st
659 1057 993 1113 ambifariam
1048 1056 1571 1117 contremiscendus,
1627 1054 1797 1108 fateor
1846 1062 2022 1108 tamen
2071 1054 2121 1107 in

546 1151 828 1206 vuiuminis
855 1151 1020 1221 ipsius
1048 1150 1331 1221 operisque
1356 1158 1615 1212 reseratu,
1641 1147 1783 1202 illam
1810 1147 1934 1199 mihi
1959 1145 2125 1199 fuisse

549 1245 665 1310 plus
692 1241 840 1317 oneri
870 1285 884 1309 ,
927 1224 1087 1311 quam
1122 1240 1450 1309 prmtenditis
1497 1240 1793 1294 caritatem.
1843 1238 1951 1293 Nec
1992 1238 2124 1293 citra

548 1337 744 1405 justum
806 1334 903 1387 ista
962 1333 1188 1403 coniicio
1243 1351 1257 1386 :
1315 1332 1748 1402 quandoquidem
1818 1332 2123 1385 mortalium

552 1427 819 1482 mentibus
848 1425 931 1480 vis
960 1425 1073 1479 haec
1102 1426 1418 1480 naturalitus
1448 1425 1605 1494 inest,
1634 1434 1693 1478 ut
1722 1426 1763 1477 si
1790 1425 2127 1494 quid'perpe-

551 1536 663 1574 ram
707 1519 835 1585 tiat,
884 1520 1059 1573 minus
1087 1518 1395 1583 indulgeant
1436 1517 1552 1586 plus
1579 1518 1757 1569 amici.
1796 1516 2124 1594 Scripgﬁmm

544 1613 767 1677 librum,
795 1612 932 1666 sicut
954 1612 1329 1680 pronuntiatis,
1362 1611 1570 1673 glenum
1595 1620 1952 1688 onustamque
1980 1621 2127 1674 vario

2223 410 2410 479 jttnge,
2445 410 2582 473 quod
2606 409 2647 462 si
2678 408 2801 476 qttid
2838 409 2907 461 ibi
2940 409 3022 462 vel
3056 409 3345 462 causaliter
3374 409 3549 477 placet
3573 451 3589 472 ,
3635 418 3691 462 ut
3717 424 3821 475 per

2226 502 2507 575 consilium
2542 515 2716 553 meum
2764 499 2971 553 lectitas
2999 517 3012 553 :
3046 500 3134 555 ille
3167 499 3487 569 quandoque
3520 515 3617 569 per
3650 500 3822 553 bene-

2228 594 2401 647 ﬁcium
2435 603 2617 658 tuum;
2647 595 2734 663 qui
2790 593 3091 649 munusculi
3139 595 3241 651 mei
3277 594 3543 651 incassum
3588 606 3821 663 pressus

2227 685 2447 749 invidia,
2480 685 2703 739 necdum
2738 686 2801 738 ad
2834 684 3138 741 facultatem
3174 686 3421 755 legendi,
3457 696 3513 743 ut
3541 687 3818 757 suspicor,

2227 778 2391 838 venit,
2422 792 2540 829 cum
2568 775 2676 845 jam
2711 775 2799 830 ditt
2827 778 2940 849 ipse
2973 778 3282 844 perveneris
3304 776 3371 833 ad
3392 777 3602 848 copiam
3626 786 3820 834 trans-

2228 868 2456 925 ferendi.
2508 870 2639 935 Aio,
2684 878 2933 937 tanquam
2967 885 3069 923 non
3102 871 3173 923 sit
3199 868 3227 909 b
3257 870 3616 941 holograpbas
3646 884 3823 927 mem-

2228 959 2423 1013 branas
2469 958 2858 1025 arbitraturus;
2889 959 2934 1017 si
2966 970 3143 1014 tamen
3174 960 3315 1030 quod
3346 969 3469 1019 ante
3501 974 3820 1027 percurras.

2229 1052 2308 1105 vel
2339 1053 2612 1119 exemplar
2639 1052 2904 1121 acceperit
2940 1068 2950 1103 :
2986 1066 3159 1119 neque
3199 1052 3341 1111 enim
3381 1050 3433 1105 in
3466 1050 3530 1104 iis
3558 1064 3679 1119 qua:
3707 1061 3823 1102 tra—

2228 1142 2455 1197 ctaveris
2487 1142 2592 1195 ulla
2624 1143 2922 1211 culpabitur
2945 1152 3033 1196 aut
3057 1142 3457 1197 distinctionum
3489 1142 3825 1211 raritas,aut

2230 1236 2525 1305 frequentia
2557 1234 3351 1303 barbarismorum.'Nempe,ad
3382 1245 3685 1293 extremum
3721 1249 3823 1304 pa-

2229 1326 2332 1379 lam
2357 1324 2565 1380 videtur
2585 1326 2745 1399 etiam
2770 1326 2861 1379 tibi
2892 1327 3204 1381 transmissa
3235 1328 3554 1399 proprietas,
3580 1327 3665 1381 cui
3687 1341 3824 1381 usus

2232 1419 2432 1486 absque
2481 1419 2733 1486 temporis
2765 1416 2851 1471 fixi
2886 1417 3293 1491 prmscriplionc
3324 1419 3669 1472 transmissus
3700 1427 3783 1473 est
3804 1458 3821 1479 ,

2236 1511 2430 1590 quique
2473 1520 2779 1587 supradicio
2826 1512 3004 1574 ls‘u'tdiu
3036 1520 3186 1587 ρθίθε
3216 1511 3288 1577 uti
3331 1511 3514 1575 iibeiio
3541 1562 3555 1583 ,
3587 1522 3644 1577 ut
3694 1527 3824 1577 will

2234 1630 2336 1665 non
2372 1614 2602 1681 amplius
2630 1613 2907 1668 zothecula
2939 1622 3049 1677 tua,
3074 1629 3233 1683 quam
3266 1614 3520 1671 memoria
3550 1614 3819 1671 includat.

552 1720 859 1776 causarum,
886 1713 1188 1780 temporum
1226 1727 1682 1781 personarumque
1719 1723 1973 1781 congcstu
2010 1729 2022 1763 :
2049 1711 2126 1766 fa-
2152 1702 2201 1768 Β
2234 1709 2355 1762 llzrc
2386 1706 2440 1761 et
2464 1707 2547 1763 his
2588 1708 2737 1776 plura
2770 1706 2880 1765 fors
2910 1708 3125 1779 aliquis.
3160 1707 3271 1781 Ego
3300 1722 3428 1763 vero
3453 1718 3645 1763 cuncta
3684 1723 3821 1778 pra-

553 1815 735 1860 cturus
760 1821 871 1860 rem
901 1804 1117 1859 videbar
1140 1804 1673 1873 impudentissimam,
1700 1805 1741 1858 si
1769 1814 1971 1858 tantum
1997 1805 2125 1857 tuihi

552 1908 742 1954 cuncta
774 1900 1117 1970 placuissent.
1149 1910 1203 1953 ut
1237 1900 1381 1953 nulla
1415 1899 1504 1953 tibi
1531 1899 1861 1969 displicitura
1889 1901 2125 1957 conlidu-

549 2008 684 2048 rem.
716 1992 829 2047 Huc
855 1992 1002 2056 item,
1036 1991 1277 2061 quisquis
1303 1992 1489 2059 judicii
1512 2002 1736 2048 eventus
1765 1994 1930 2066 268
1960 1995 2123 2059 foret,

546 2084 659 2139 vidi
682 2084 923 2153 partibus
949 2086 1081 2138 meis
1110 2099 1443 2153 nequaquam
1468 2084 1680 2155 pictatis
1709 2101 1772 2139 ex
1797 2086 1969 2140 solido
1995 2102 2125 2140 cou—

548 2184 691 2231 stare
714 2175 973 2229 rationem
997 2215 1011 2239 ,
1062 2174 1105 2228 si
1149 2190 1253 2227 non
1308 2176 1497 2229 saltem
1532 2176 1681 2229 vobis
1712 2186 1853 2230 esset
1892 2180 2127 2232 antetius

548 2266 765 2320 allatum
796 2265 1065 2329 volumen,
1094 2274 1147 2319 et
1191 2266 1234 2319 si
1270 2281 1374 2319 non
1415 2265 1686 2322 videretur
1710 2269 1944 2321 oblatum
1987 2270 2128 2325 :sub

553 2359 652 2409 tor
683 2356 930 2410 videlicvt
959 2366 1414 2424 temperamento,
1446 2367 1505 2413 ut
1534 2360 1576 2412 si
1608 2359 1742 2415 forte
1772 2361 2087 2429 placuissem
2110 2404 2125 2427 ,

553 2464 657 2501 non
699 2463 793 2502 vos
832 2449 1133 2519 arrogantia
1178 2450 1533 2519 prmtcriisse;
1577 2451 1622 2505 si
1666 2468 1821 2507 secus
1846 2494 1861 2519 ,
1898 2469 2000 2509 non
2032 2471 2126 2509 vos

552 2537 866 2607 improbitas
912 2539 1179 2607 expetisse
1219 2540 1570 2608 judicaretur.
1630 2541 1737 2596 Nec
1783 2558 1912 2597 sane
1961 2546 2127 2599 multo

544 2630 856 2684 ‘tahore‘me
879 2630 1078 2684 credidi
1114 2630 1522 2700 deprecaturum
1553 2634 1745 2687 vitatas
1769 2648 1955 2688 causas
2002 2652 2127 2691 eru-

551 2721 819 2776 bescendi.
852 2723 1058 2779 Pariter
1079 2723 1204 2778 illud
1245 2739 1404 2780 nosse
1430 2740 1524 2779 vos
1563 2741 1838 2792 noveram,
1864 2728 2004 2797 quod
2032 2744 2126 2785 au-

546 2821 729 2891 ctores
767 2814 818 2867 in
850 2814 1101 2883 operibus
1139 2815 1363 2869 edendis
1396 2817 1565 2884 pudor
1595 2818 1770 2886 potius
1805 2834 1964 2889 quam
1993 2834 2124 2873 cou-

548 2905 739 2959 stantia
783 2905 965 2969 decet;
1014 2906 1261 2976 quodque
1310 2908 1512 2962 tetricis
1551 2922 1741 2979 puncta
1774 2913 2121 2981 censoribus,

549 2984 750 3051 tardius
780 2998 1077 3067 procacitas
1102 2999 1426 3070 recitatoris,
1456 3017 1611 3071 quam
1646 3004 1928 3073 trepidatio
1965 3020 2126 3061 excu-

549 3089 647 3142 dit.
678 3064 925 3156 A‘lioquin
958 3090 1000 3143 si
1032 3090 1152 3158 quis
1175 3099 1257 3145 est
1284 3092 1393 3158 ille,
1414 3064 1508 3161 qui
1536 3107 1655 3147 cum
1690 3064 2125 3165 fiduciaeprtero-
2149 3064 2198 3135 θ

548 3179 744 3247 gntiva,
778 3178 1029 3233 thematis
1056 3188 1182 3234 ante
1207 3181 1427 3234 inauditi
1474 3174 1687 3250 operam
1726 3193 1752 3220 ⁸
1785 3184 2064 3255 provulgat
2106 3203 2121 3239 :

551 3269 731 3336 incipit
749 3270 1131 3338 exspectationi
1158 3270 1402 3339 publica,
1431 3274 1673 3341 quamvis
1701 3273 2120 3341 solveritmulta,

553 3362 699 3428 p'ura
746 3360 1049 3415 redhibere.
1092 3361 1363 3416 Praeterea
1403 3362 1656 3431 quidquid
1706 3379 1866 3432 super
1905 3366 2123 3434 hujusce

554 3451 1014 3521 rescripti'tenore
1052 3452 1372 3517 censueris,
1430 3452 1590 3507 malui
1636 3454 1827 3508 factum
1877 3448 2120 3511 confiteri

550 3544 885 3613 simpliciter,
937 3560 1092 3611 quam
1127 3543 1410 3598 trebaciter
1435 3544 1669 3599 diffiteri.
1700 3545 1929 3601 Dixisset
1962 3548 2117 3616 alius,

551 3637 826 3692 Neminem
877 3636 968 3692 tibi
1019 3636 1269 3707 prtctuli,
1318 3637 1491 3691 nullas
1520 3638 1582 3690 ad
1627 3639 1788 3692 ullttm
1833 3640 2122 3706 peculiares

550 3726 903 3784 Iitterasdedi
948 3744 961 3779 :
1003 3742 1159 3797 quem
1192 3728 1482 3796 praedatum
1530 3730 1908 3797 suspicabare,
1963 3733 2121 3787 unius

549 3822 788 3891 epistola:
820 3821 987 3876 forma
1016 3830 1300 3875 contentus
1326 3822 1602 3887 abscessit,
1630 3833 1787 3891 atque
1817 3840 1876 3878 ea
1906 3826 2118 3893 quidem

549 3914 677 3968 nihil
726 3928 886 3982 super
928 3913 1176 3982 prtesenti
1204 3915 1416 3981 negotio
1445 3914 1738 3969 defetentc.
1774 3916 1850 3967 Tu
1878 3958 1893 3982 ,
1938 3918 2023 3986 qui
2069 3927 2121 3973 te

547 4007 789 4076 quereris
817 4007 1106 4071 omissum,
1140 4008 1311 4061 tribus
1336 3986 1721 4075 loquacissimis
1755 4010 1956 4077 paginis
1997 4010 2118 4063 fati-

546 4107 729 4167 gatus,
771 4098 947 4167 potius
971 4096 1299 4150 initauscatn
1327 4098 1631 4162 concitaris,
1658 4099 1782 4150 dum
1813 4098 2121 4167 frequenter

477 4235 485 4241 .
548 4189 763 4245 insulse
805 4188 1047 4243 lectionis
1092 4188 1267 4242 verbis
1308 4188 1553 4242 inanibus
1589 4189 1907 4243 immoraris.
1945 4190 2115 4257 Adde,

545 4281 672 4349 quia
696 4280 856 4334 etiam
889 4280 940 4332 in
988 4279 1117 4342 hoc,
1144 4278 1528 4347 quodJorsitan
1560 4296 1662 4333 non
1695 4286 1921 4347 notasti,
1962 4299 2116 4337 reve-

546 4370 731 4424 rentia:
784 4380 887 4423 tute
929 4368 1345 4436 meritorumque
1396 4370 1529 4422 ratio
1558 4383 1765 4424 servata
1816 4384 1924 4435 est,
1973 4376 2112 4442 quod

2232 1813 2411 1863 tereo,
2444 1810 2493 1853 et
2548 1799 2688 1852 malo
2718 1799 2922 1867 precari
2955 1800 3168 1859 veniam
3187 1814 3344 1870 quain
3375 1808 3604 1869 reatum,
3641 1800 3688 1855 si
3719 1800 3821 1857 hoc

2230 1908 2354 1945 esse
2402 1891 2657 1957 creditur,
2692 1890 2990 1961 deprecari.
3039 1890 3368 1949 Praesentum
3405 1906 3621 1961 quoque
3653 1892 3824 1960 negli-

2228 1984 2460 2050 gentiam
2494 1981 2785 2035 litterarum
2811 1997 2952 2039 nunc
2983 1997 3081 2041 nec
3105 1995 3302 2039 excuso
3328 2000 3346 2039 :
3375 1984 3629 2051 primum,
3677 1981 3822 2051 quod

2229 2078 2326 2128 etsi
2384 2076 2590 2156 cupiam
2612 2115 2633 2141 ν,
2675 2088 2859 2143 parum
2899 2075 3091 2131 cultius
3133 2074 3371 2133 scribere
3402 2089 3541 2145 queo
3587 2092 3600 2127 :
3659 2074 3821 2140 dein,

2229 2167 2368 2235 quod
2414 2166 2643 2221 libellari
2673 2181 2837 2239 opere
2862 2165 3130 2230 conferto.
3160 2166 3372 2223 animus
3413 2165 3627 2221 tandem
3660 2164 3822 2221 feria-

2232 2269 2377 2312 turus
2403 2304 2416 2325 ,
2470 2258 2580 2328 jam
2626 2272 2744 2327 quae
2777 2258 3057 2328 propalare
3085 2257 3409 2321 dissimulat,
3446 2259 3697 2315 excolere
3724 2256 3821 2311 de-

2232 2358 2438 2405 trectat.
2493 2353 2559 2403 At
2587 2358 2761 2405 tamen
2792 2364 2913 2407 cum
2957 2349 3085 2407 satis
3114 2348 3247 2415 tibi,
3289 2358 3343 2404 et
3374 2349 3585 2416 quidem
3619 2348 3819 2403 merito

2234 2445 2507 2515 (quidnam
2539 2448 2682 2503 enim
2732 2445 2967 2515 simile)?
2996 2446 3052 2500 in
3075 2442 3325 2503 omnibus
3350 2446 3573 2507 cedmn.
3614 2448 3821 2515 quippe

2200 2538 2315 2604 qui
2352 2538 2401 2591 in
2452 2538 2559 2593 alio
2594 2552 2791 2611 genere
2818 2538 3072 2597 virtutum
3096 2578 3112 2605 ,
3151 2540 3259 2608 jam
3301 2555 3403 2607 per
3449 2539 3818 2609 quinquennia

2229 2630 2437 2697 decem,
2465 2645 2573 2689 non
2596 2631 2846 2699 :equmvis
2885 2631 3257 2688 sacerdotibus
3276 2639 3481 2687 tantum
3501 2671 3516 2696 ,
3548 2646 3734 2684 verum
3758 2638 3819 2685 et

2228 2722 2458 2789 antiquis
2506 2722 2716 2791 quoties
2744 2720 2971 2781 collatus
3020 2722 3393 2793 antelatusque
3445 2722 3549 2787 sis;
3598 2721 3819 2781 noveris

2228 2811 2382 2876 volo,
2412 2811 2657 2880 quamvis
2678 2813 2971 2885 quaestibus
2996 2812 3202 2885 quatias
3238 2822 3409 2875 astra,
3436 2822 3605 2879 atque
3645 2812 3817 2880 majo-

2230 2920 2347 2959 rum
2371 2905 2581 2959 cineres
2604 2904 2916 2974 favillasque
2936 2905 2991 2963 in
3013 2906 3376 2971 testimonium
3406 2905 3549 2961 la'sa:
3571 2905 3814 2967 caritatis

2229 2998 2391 3073 27o
2420 2999 2693 3067 implores,
2723 2999 2912 3068 pedem
2932 3013 3026 3055 .me
3054 2995 3328 3055 conﬂictui
3355 3009 3472 3060 tuo,
3520 2997 3567 3055 si
3618 3009 3816 3051 mutuo

2231 3104 2394 3158 super
2422 3105 2603 3145 amore
2631 3090 2940 3147 certandum
2970 3100 3083 3155 est,
3112 3106 3225 3149 non
3252 3098 3606 3151 retracturum
3637 3105 3651 3141 :
3682 3088 3813 3157 quia

2228 3195 2351 3234 (mn
2381 3180 2433 3233 in
2461 3181 2675 3239 czeteris
2706 3181 2890 3248 rebus,
2920 3190 3026 3239 tum
3060 3181 3411 3239 lmtlissimum‘
3435 3194 3693 3251 perquam
3726 3189 3815 3237 est

2228 3271 2281 3325 in
2308 3271 2597 3326 dilectione
2625 3266 2901 3341 superari.
2933 3273 3061 3343 Quae
3087 3272 3220 3331 velis
3249 3271 3387 3331 nolis
3412 3282 3557 3327 certa
3594 3270 3812 3343 profes-

2227 3364 2309 3417 sio
2335 3364 2590 3418 couviciis
2624 3364 2730 3419 tuis
2761 3364 2894 3429 illis,
2927 3373 3116 3419 cuncta
3154 3378 3285 3418 sane
3322 3362 3805 3419 blandimentorum

2227 3457 2386 3512 mella
2409 3457 2761 3519 vincentibus,
2793 3472 2898 3512 non
2928 3466 3123 3527 praeter
3152 3470 3364 3526 aequum
3394 3454 3801 3525 reponderatur.

2226 3548 2367 3604 Ecce
2400 3549 2564 3605 habes
2592 3550 2794 3605 litteras
2818 3559 2923 3605 tam
2953 3550 3197 3620 garrulas
3229 3550 3412 3614 ferme,
3444 3564 3596 3619 quam
3621 3547 3807 3615 requi-

2225 3642 2381 3695 rebas
2414 3659 2427 3695 :
2452 3657 2753 3712 quanquam
2776 3651 2898 3695 sunt
2922 3657 3109 3696 omnes
3134 3642 3201 3711 (si
3226 3656 3343 3713 qua:
3382 3641 3586 3710 uspiam
3615 3651 3800 3692 tamen

2224 3732 2371 3803 sunt)
2404 3734 2810 3803 loquacissimae.
2843 3733 3083 3801 Namque
3114 3734 3164 3787 in
3196 3732 3499 3787 audentiam
3542 3732 3807 3785 sermoci-

2225 3824 2383 3878 nandi
2412 3839 2572 3894 quem
2604 3839 2711 3876 non
2734 3825 2846 3893 ipse
2878 3823 3186 3894 compellas,
3219 3824 3306 3892 qui
3331 3822 3569 3876 omnium
3601 3820 3690 3893 (de
3717 3836 3811 3873 me

2224 3916 2366 3969 enim
2425 3915 2599 3984 taceo)
2631 3914 2987 3969 litteratormu
3016 3957 3029 3981 ,
3081 3915 3203 3968 licet
3228 3913 3363 3967 oculi
3396 3912 3677 3976 affectent,
3727 3915 3810 3965 sic

2225 4009 2438 4077 ingenia
2475 4006 2745 4075 producis,
2778 4018 2831 4059 ut
2856 4007 2993 4061 solet
3020 4022 3207 4076 aquam
3242 4014 3397 4059 terra:
3430 4006 3479 4058 in
3513 4003 3811 4057 visceribus

2222 4099 2586 4153 absconditam
2614 4113 2708 4167 per
2731 4106 2938 4152 atomos
2967 4099 3174 4154 bibulus
3198 4098 3375 4151 radius
3402 4097 3683 4151 extrahere
3712 4110 3809 4147 so-

2222 4190 2388 4244 laris?
2439 4190 2603 4259 Cujus
2650 4193 2782 4243 lucis
2829 4194 3014 4246 aculeo
3056 4207 3158 4243 nou
3205 4191 3315 4245 sola
3364 4198 3669 4259 penetratur
3708 4198 3810 4240 aut

2221 4298 2382 4339 arena
2401 4283 2740 4347 subtilis,ant
2769 4283 3208 4346 humus-«sessilis;
3242 4284 3335 4337 sed
3361 4283 3406 4336 si
3429 4283 3573 4336 saxei
3602 4282 3808 4334 mittitis

2220 4392 2479 4446 Oppressu
2504 4376 2730 4433 fontium
2756 4377 3092 4431 conditorum
3112 4391 3241 4429 vena
3264 4375 3494 4439 celetur,
3510 4372 3809 4442 ,aperitar-

544 4462 685 4523 sicut
726 4472 781 4515 tu
822 4459 1116 4515 antistiitqu
1146 4468 1460 4514 caeterorum
1494 4464 1793 4527 cathedris,
1847 4468 1992 4531 prior
2034 4481 2115 4523 est
2141 4434 2195 4495 Β
2220 4485 2411 4525 canum
2444 4470 2693 4538 liquentis
2722 4468 2972 4525 elementi
2988 4478 3322 4522 secretorum
3342 4466 3650 4520 rmlestium
3696 4479 3811 4517 na-

543 4562 665 4609 tuus
694 4554 747 4606 in
773 4552 910 4606 libro
936 4550 1116 4605 titulus
1142 4568 1153 4602 :
1181 4551 1321 4604 illius
1353 4567 1544 4607 nomen
1569 4554 1653 4607 vix
1682 4558 1843 4611 semel
1876 4568 2109 4625 tantum,

543 4657 596 4702 et
622 4646 721 4701 sibi
751 4642 980 4712 ascripta
1013 4642 1202 4713 pagina
1228 4651 1385 4696 sonat
1426 4662 1436 4695 :
1474 4654 1582 4710 tuo,
1611 4658 1803 4713 prmter
1834 4649 1923 4702 tibi
1945 4649 2115 4720 depu-

613 4839 641 4867 ι
672 4829 727 4883 In
755 4824 1020 4895 aliquibus
1057 4822 1205 4877 libris
1234 4823 1513 4892 pervulgat.

608 4898 638 4939 ι»
666 4895 1066 4966 Αυιοςιιθρὴιιῐη
1092 4895 1385 4958 exemplar,
1418 4895 1555 4966 quod
1583 4897 1646 4949 ad
1678 4906 1727 4949 te
1761 4898 1898 4952 misi.
1954 4899 2115 4953 Halo-

538 4971 735 5039 grapha
757 4964 897 5039 enim
919 4965 1182 5039 dicuntur,
1208 4978 1324 5031 qua:
1343 4964 1575 5039 auctoris
1598 4969 1678 5039 sui
1717 4983 1874 5020 manu
1890 4971 2107 5037 scripta,

538 5034 864 5110 idiographa,
894 5035 1182 5110 archetypa
1219 5050 1229 5083 :
1255 5042 1312 5110 ut
1334 5034 1709 5110 hqlogrttpfutm
1733 5034 2105 5110 testamentum,

537 5102 676 5182 quod
708 5102 929 5182 testator
971 5102 1097 5182 ipse
1120 5102 1424 5169 perscripsit
1527 5105 1846 5178 Itologrnplta
1893 5102 2107 5182 cpistola

536 5173 943 5249 Hieronymoin
977 5173 1244 5234 Ruﬁnum,
1268 5175 1498 5249 auctoris
1530 5173 1687 5230 manu
1731 5173 1968 5231 exarata.
2002 5180 2109 5231 llo-

535 5243 789 5321 lograpﬁa
816 5247 973 5321 etiam
1021 5259 1178 5321 manu
1205 5243 1473 5321 scribere,
1510 5256 1592 5299 est
1629 5250 1917 5321 stta__ipsins
1948 5264 2105 5302 manu

536 5312 792 5375 scribere.
847 5317 899 5369 ltt
951 5317 1113 5369 veteri
1163 5312 1348 5368 codice
1380 5314 1665 5369 Canonutn
1718 5312 2104 5372 Nicaenorum:

539 5392 732 5444 Atticus
758 5390 1020 5455 episcapur
1066 5385 1288 5438 ecclesiae
1346 5383 1923 5455 Constantinopolitano).
1969 5389 2108 5441 edidi

539 5476 756 5513 canones
788 5453 1089 5513 sanctorum
1132 5455 1353 5525 Patrum
1401 5453 1718 5525 ltologrnplta
1758 5473 1911 5510 manu
1956 5475 1986 5511 α
2031 5474 2110 5512 me

537 5530 865 5598 subscriptus.
916 5527 1091 5596 Itaque
1128 5523 1279 5594 .quod
1333 5527 1384 5580 in
1439 5523 1733 5594 principum
1774 5527 2060 5595 .t‘est'riptis
2088 5570 2101 5588 ,

537 5613 696 5669 atque
719 5598 1269 5669 iu‘privatorumitcm
1299 5599 1538 5669 epistolis
1562 5638 1577 5663 ,
1629 5598 1727 5651 sub
1756 5600 1911 5669 liuent
1943 5599 2103 5665 adjici

460 5728 483 5737 ν
537 5667 668 5727 solet
697 5712 710 5734 ,
764 5676 810 5721 et
850 5683 1001 5721 manu
1031 5668 1202 5721 dicina
1235 5667 1314 5721 vel
1348 5677 1394 5719 et
1433 5668 1537 5720 alia
1569 5684 1718 5722 manu
1743 5708 1757 5734 ,
1805 5667 1852 5720 id
1886 5669 2104 5737 perinde

2224 4572 2338 4617 tura
2368 4561 2671 4615 violentior.
2712 4560 2784 4613 lta
2821 4562 2862 4614 si
2894 4575 3050 4630 quos,
3085 4560 3167 4633 vir
3188 4566 3562 4619 sacrosancte,
3593 4554 3810 4608 studio-

2222 4668 2403 4706 sorum
2435 4650 2670 4705 senseris
2689 4690 2702 4715 ,
2728 4659 2816 4705 aut
2841 4650 3084 4720 quietos,
3114 4657 3204 4703 aut
3226 4648 3555 4705 verecundos
3578 4686 3595 4711 ,
3622 4655 3713 4701 aut
3744 4646 3807 4705 in

2220 4839 2378 4885 sonat
2416 4839 2574 4896 atque
2613 4827 2932 4899 holographa
2978 4843 3131 4880 manu
3163 4844 3182 4883 :
3227 4829 3349 4897 quia
3380 4829 3442 4882 in
3492 4826 3810 4899 huiusmodi

2218 4901 2460 4968 epistolis
2476 4900 2556 4952 h;c
2577 4898 3018 4954 solumclausuli-
3034 4899 3267 4968 attetoris
3286 4914 3441 4951 manu
3467 4898 3808 4966 perscriptm,

2217 4966 2420 5039 reliqua
2457 4985 2485 5024 a
2535 4969 2775 5023 notariis.
2816 4968 2883 5022 At
2930 4966 3251 5039 holograp‘ha
3290 4969 3549 5039 epistola,
3582 4976 3699 5039 tina
3728 4971 3812 5022 ab

2216 5037 2455 5095 auctore.
2478 5039 2646 5094 Obvia
2668 5048 2793 5093 sunt
2811 5040 3089 5107 exempla.
3108 5037 3175 5091 Ut
3194 5039 3416 5092 Novella
3436 5037 3809 5107 Valentiniani

2216 5110 2284 5164 de
2326 5114 2693 5178 episcoporum
2725 5106 3060 5163 ordinatione
3091 5122 3105 5160 :
3143 5107 3208 5161 Et
3252 5125 3411 5162 manu
3440 5110 3610 5161 divina
3644 5124 3662 5161 :
3702 5106 3811 5160 Di-

2213 5181 2394 5233 vinitas
2423 5190 2471 5232 te
2498 5190 2653 5233 servet
2682 5195 2773 5249 per
2817 5179 2998 5231 multos
3033 5193 3195 5249 annos
3216 5220 3231 5243 ,
3282 5195 3470 5247 parens
3508 5179 3805 5249 carissime.

2216 5251 2543 5316 Augustinus
2580 5247 2801 5316 epiStola
2840 5265 2948 5302 xcv
2983 5249 3055 5302 ad
3100 5247 3497 5303 Armentarium
3539 5258 3595 5301 et
3628 5247 3809 5314 ﬂipa-

2214 5320 2352 5401 rium
2385 5335 2399 5373 ε
2422 5317 2497 5401 lit
2511 5318 3165 5401 etiamdumﬁaudcontns
3193 5321 3255 5372 de
3270 5323 3415 5401 nobis
3435 5317 3806 5401 ἑη-οῢωιςςειιὶ

2214 5391 2383 5460 gratia
2436 5388 2660 5453 Christi,
2691 5390 2883 5443 domini
2908 5391 3106 5453 eximii,
3155 5391 3433 5459 mritoque
3470 5387 3807 5442 honorabiles

2213 5476 2272 5512 ac
2303 5460 2660 5513 desiderabiles
2686 5460 2803 5529 ﬁlii.
2849 5460 2936 5514 Sic
2971 5461 3112 5514 enim
3144 5469 3227 5514 est
3255 5461 3305 5513 in
3348 5460 3562 5528 optimis
3608 5470 3807 5529 manu-

2211 5531 2444 5597 scriptis.
2489 5529 2593 5584 Sed
2632 5528 2691 5583 in
2716 5530 2941 5599 vulgatis
2981 5530 3405 5601 exemplaribus,
3438 5530 3526 5584 illa
3554 5528 3806 5601 diversa;

2193 5616 2402 5673 .manus
2431 5602 2727 5673 adnotatio,
2752 5602 2934 5673 ethoc
2958 5600 3097 5673 loco,
3131 5599 3257 5655 etin
3279 5599 3400 5673 aliis
3414 5599 3621 5673 passim
3646 5599 3801 5664 apud

2154 5678 2172 5743 .j
2196 5670 2564 5747 .Attgttstittutn
2579 5679 2630 5725 et
2644 5672 2797 5727 alios.
2812 5671 3148 5725 librariorum
3161 5670 3463 5726 temeritate
3477 5670 3672 5725 omissa
3683 5678 3796 5724 est.
