4060 6332
631 310 728 369 631
1880 301 2123 357 SIDONII
2162 299 2613 358 APOLLINARIS
3764 304 3848 359 οἶδὲ

629 425 766 479 tibus
793 423 1075 493 (jactantet‘
1104 418 1204 472 hoc
1227 416 1355 479 dixi,
1382 416 1488 471 imo
1518 415 1786 485 meliora),
1817 429 1952 485 quos
1971 415 2213 486 -undique
2243 419 2293 478 Α

628 517 839 572 urbium
863 514 1060 568 ascitos
1091 512 1380 581 imperator
1411 509 1465 564 in
1506 524 1668 564 unam
1700 508 1997 576 civitatem,
2025 509 2217 563 invita-
2308 536 2315 541 -

628 620 714 663 tnr
746 608 798 661 in
821 619 982 660 unam
1010 616 1221 659 ctenam
1253 604 1389 657 forte
1422 609 1783 656 contraxerat.
1808 600 1865 655 ld
1912 614 2077 656 morat
2105 610 2216 655 tan-

630 698 911 765 tum,dum
940 710 1137 769 genera
1173 704 1465 751 metrorum
1494 703 1641 750 sorte
1683 694 1958 764 partimur.
2012 692 2215 748 Placuit

627 804 864 860 namque
905 804 1005 858 pro
1051 788 1277 843 caritate
1319 786 1551 857 collegii,
1590 786 1715 841 licet
1738 785 1984 840 omnibus
2025 785 2213 839 eadem

627 882 899 939 scribendi
931 882 1153 938 materia
1179 882 1456 946 existeret,
1482 895 1587 935 non
1617 894 1725 934 uno
1741 888 1920 933 tamen
1944 877 2215 946 epigram-

628 987 771 1032 mata
815 976 1144 1047 singulorum
1173 990 1372 1046 genere
1405 973 1631 1044 proferri
1673 989 1687 1027 :
1723 987 1790 1027 ne
1818 971 2081 1041 quispiam
2112 985 2211 1024 no-

628 1080 824 1138 strum,
837 1071 930 1141 qui
942 1070 1152 1125 caeteris
1165 1069 1390 1125 dixisset
1401 1068 1617 1133 exilius,
1631 1065 1951 1122 verecundia
1966 1067 2213 1135 primum,

630 1171 754 1233 post
783 1162 1123 1218 morderetur
1151 1160 1371 1216 invidia.
1408 1159 1618 1214 Etenim
1647 1158 1805 1212 citius
1825 1157 2135 1226 agnoscitur
2160 1156 2214 1211 in

629 1268 953 1323 quocunque
978 1252 1261 1316 recitante,
1314 1251 1357 1304 si
1393 1266 1499 1321 quo
1528 1250 1709 1303 creteri
1734 1258 1907 1303 metro
1934 1256 2111 1311 canat,
2145 1263 2215 1329 an

630 1360 695 1400 eo
723 1361 938 1416 quoque
965 1345 1160 1399 scribat
1191 1344 1423 1413 ingenio.
1457 1343 1536 1397 'l‘u
1561 1357 1686 1397 vero
1711 1351 1836 1396 tunc
1858 1340 2214 1410 opportunius
2271 1337 2274 1340 ’

632 1436 871 1505 subjecta
897 1435 1161 1499 laudabis,
1191 1449 1311 1489 cum
1334 1443 1499 1488 totum
1521 1442 1572 1487 te
1590 1424 1738 1487 socio
1766 1432 2075 1486 indulseris.
2099 1430 2213 1485 Non

631 1528 770 1582 enim
808 1528 1011 1597 justum
1041 1537 1145 1594 est,
1188 1538 1246 1581 ut
1274 1541 1466 1582 censor
1511 1526 1731 1593 incipias
1770 1540 1889 1578 cum
1932 1525 2217 1580 severitate

633 1621 919 1688 discutere,
970 1620 1109 1690 quod
1158 1635 1261 1675 non
1322 1618 1493 1689 potuit
1536 1617 1740 1673 amicus
1783 1631 1903 1672 cum
1963 1618 2217 1674 serietate

635 1715 857 1767 dictare.

674 1783 833 1853 275
870 1790 978 1853 Age
1015 1798 1271 1840 convocata
1296 1789 1472 1852 pubes,

875 1852 1047 1915 Locus,
1075 1853 1207 1915 hora,
1236 1864 1421 1915 mensa,
1443 1864 1607 1915 causa,

874 1913 1103 1964 .lubet'ut
1124 1913 1353 1963 volumen
1386 1913 1532 1975 istud,

875 1976 1010 2033 Quod
1037 1985 1088 2025 et
1109 1988 1228 2024 aure
1254 1980 1305 2024 et
1326 1987 1411 2023 ore
1444 1975 1608 2031 discis,

871 2037 1055 2087 Studiis
1081 2040 1129 2085 in
1162 2044 1292 2089 astra
1314 2035 1470 2085 tollas.

874 2100 1050 2149 Petrus
1076 2107 1152 2148 est
1174 2099 1257 2147 tibi
1288 2098 1545 2158 legendus,

877 2160 928 2209 In
956 2169 1165 2222 utraque
1196 2160 1444 2220 disciplina

870 2223 1001 2271 Satis
1020 2223 1266 2271 institutus
1281 2229 1465 2270 auctor.

875 2284 1196 2331 Celebremus
1218 2295 1359 2343 ergo,
1379 2282 1575 2343 fratres,

879 2344 958 2392 Pia
977 2344 1099 2392 festa
1121 2343 1407 2394 litterarum.

872 2406 1083 2466 Peragat
1103 2404 1236 2453 diem
1259 2405 1515 2454 cadentem

879 2467 1035 2528 Dape,
1071 2466 1274 2528 poculis,
1291 2466 1502 2525 choreis,

873 2528 1087 2590 lienialis
1125 2536 1400 2590 apparatus.

876 2589 1083 2652 liutilum
1122 2589 1339 2638 toreuma
1362 2592 1521 2652 bysso,

875 2650 1153 2712 Rutilasque
1188 2652 1314 2700 torte
1339 2650 1527 2709 blattas,

873 2710 1189 2774 llecoqueute
1214 2725 1335 2773 quas
1356 2715 1515 2761 aheno

870 2773 1096 2835 Melibura
1125 2774 1255 2823 fucat
1276 2774 1401 2822 unda
1422 2791 1433 2835 ;

869 2834 1132 2896 Opulentet
1156 2842 1209 2885 ut
1227 2849 1419 2891 meraco

869 2894 1093 2945 Bibulum
1119 2898 1285 2945 colore
1325 2897 1496 2946 vellus.

870 2957 1143 3021 Peregrina
1162 2965 1249 3007 aet
1271 2959 1495 3021 supellex
1522 2984 1529 2991 κ

869 3019 1197 3081 Ctesiphontis
1219 3033 1273 3069 ac
1292 3019 1509 3081 Niphatis

872 3085 903 3147 ᾖ
923 3081 1047 3147 Juga
1072 3087 1227 3141 texta,
1254 3083 1539 3147 belluasque

874 3142 1078 3206 Rapidus
1096 3151 1295 3193 vacante
1317 3142 1493 3206 panno,

870 3204 1012 3253 Acuit
1030 3207 1205 3253 quibus
1221 3204 1432 3253 furorem

876 3268 1010 3315 Bene
1034 3266 1145 3314 ticta
1170 3266 1307 3327 plaga
1329 3279 1496 3324 cocco,

869 3328 1136 3386 .laculoque
1160 3341 1252 3375 ccu
1274 3327 1461 3376 forante

876 3389 1025 3437 Cruor
1047 3390 1329 3437 incruentus
1345 3392 1467 3438 exit.

876 3452 961 3499 Ubi
992 3458 1171 3505 torvus,
1198 3457 1249 3498 et
1273 3462 1362 3511 per
1384 3458 1539 3499 artem

870 3512 1113 3573 llesupina
1148 3511 1305 3569 flexus
1327 3524 1433 3570 ora,

872 3574 914 3644 l‘t
939 3585 1085 3644 equo,
1116 3575 1344 3644 reditque
1367 3576 1489 3634 telo,

866 3635 1127 3683 Siuuilacra
1156 3634 1420 3683 bestiarum

830 3726 840 3735 ς
870 3696 1101 3754 lingit-ns,
1127 3694 1395 3757 fugansque
1421 3696 1641 3747 Parthus.

868 3758 986 3805 Nive
1015 3758 1283 3818 pulchriora
1308 3760 1401 3806 lina

867 3822 1015 3866 (iurat
1034 3820 1182 3876 orbis,
1210 3826 1357 3879 atque
1390 3820 1554 3881 lauris,

865 3881 1193 3938 llederisque,
1220 3884 1551 3942 pampinisque

870 3942 1196 3997 ,Viridantibus
1219 3949 1429 3999 legatur.

864 4003 1066 4063 tlytisos,
1091 4015 1274 4059 crocos,
1299 4006 1498 4052 amellos
1514 4042 1525 4059 ,

868 4065 1045 4124 (.asias,
1071 4064 1291 4123 ligustra,
1317 4065 1517 4121 calthas,

628 4191 820 4249 luliu'm
862 4192 1052 4261 opinor
1094 4192 1468 4245 Severianum.
1513 4193 1666 4260 cujus
1722 4195 1852 4246 artis
1910 4192 2188 4247 rhetoricae

626 4272 890 4331 prgccepta
944 4269 1245 4332 syntomata
1304 4262 1587 4332 leguntur.
1638 4263 1996 4332 Lampridium
2058 4278 2186 4317 vero

625 4334 918 4393 rhetorem,
947 4330 1097 4399 cujus
1117 4330 1318 4383 obitum
1342 4331 1480 4384 luxit
1509 4331 1666 4397 epist.
1700 4330 1788 4398 AO,
1820 4333 1911 4389 lib.
1943 4349 2052 4397 vui,
2104 4348 2193 4388 ca—

626 4402 873 4455 thedram
904 4400 1210 4468 Burdegalae
1242 4402 1475 4455 tenuisse
1498 4402 1584 4455 hic
1612 4403 1761 4456 locus
1790 4404 2046 4458 ostendit.

608 4490 615 4510 ι
692 4481 720 4509 α
748 4472 877 4538 Qum
916 4472 1146 4527 belluata
1174 4471 1369 4538 tapetia
1406 4473 1458 4526 in
1504 4472 1673 4527 Plauti
1704 4473 1986 4540 Pseudolo,
2012 4478 2195 4530 Ζωωτὰ

623 4541 825 4615 Graecis
848 4551 901 4596 et
923 4541 1296 4615 Ζωδιῳτᾴ.Νθο
1320 4543 1419 4615 abs
1440 4557 1500 4615 re
1525 4544 1887 4615 Ctesiphontis
1914 4562 1977 4600 ac
2001 4546 2193 4615 Nipha—

620 4614 1036 4685 tismcntionem
1068 4612 1273 4685 injecit,
1298 4622 1365 4685 ut
1393 4605 1711 4685 Babylonica
1750 4605 2079 4684 designaret:
2101 4615 2203 4683 Ba-_
2226 4605 2278 4664 D

620 4684 780 4753 bylon
812 4684 976 4747 enim,
1002 4692 1225 4738 auctore
1251 4684 1442 4748 Plinio,
1469 4684 1679 4740 cclorcs
1698 4686 1943 4741 diversos
1962 4688 2186 4742 vestium

618 4751 1105 4827 pictuijasintexere
1132 4756 1366 4827 maxime
1390 4754 1701 4822 celebravit,
1725 4765 1780 4812 et
1809 4772 2000 4812 nomen
2025 4758 2191 4827 impe-
2234 4790 2240 4796 ·

617 4826 744 4877 suit.
768 4824 1096 4897 Babylonica:
1118 4838 1251 4897 vero
1264 4825 1484 4897 picturae
1511 4828 2075 4897 argumentum,’bella
2100 4824 2194 4882 aut

618 4892 849 4948 venatio‘.
880 4892 1190 4948 Ammianus
1206 4892 1542 4951 lilarcellinus
1574 4892 1757 4953 rerum
1802 4892 2071 4964 geStarum
2100 4898 2192 4954 lib.

526 4968 530 5002 ῖ
617 4964 1155 5038 sxw,_._luliani_Aug.
1188 4964 1519 5038 mansionem
1546 4968 1598 5021 in
1628 4983 1756 5037 agro
1782 4969 2191 5038 Ctesiphontino

616 5034 955 5107 describens:
985 5033 1342 5100 Diversorium,
1365 5036 1552 5104 inquit,
1571 5033 1785 5107 opa'cum
1830 5049 1877 5093 et
1920 5033 2193 5105 amamnm,

616 5104 826 5178 gentiles
863 5106 1085 5178 picturas
1106 5120 1196 5178 per
1222 5120 1412 5178 omnes
1438 5104 1626 5178 aedium
1662 5110 1878 5178 parietes
1902 5111 2192 5173 ostendens,

616 5175 747 5244 regis
784 5173 967 5229 bestias
980 5173 1240 5229 venatione
1265 5175 1539 5243 multiplici
1569 5173 1892 5235 trucidantis.
1930 5180 2040 5234 Nec
2056 5182 2190 5233 enim

615 5247 857 5368 apzdueos
877 5247 1103 5317 pingitur
1127 5245 1203 5298 vel
1226 5246 1437 5316 ﬁngitur
1448 5245 1615 5314 aliud,
1638 5258 1821 5318 pra’ter
1846 5252 2012 5304 varias
2033 5251 2194 5304 credes

614 5329 640 5365 c
717 5332 739 5367 ρ
785 5333 836 5368 a.

540 5402 551 5412 ’
685 5383 712 5420 ι’
739 5386 939 5440 Statius
960 5386 1212 5457 Papinius
1234 5387 1485 5458 lacrymis
1513 5387 1753 5443 Ilctrusci
1787 5407 1799 5442 :

740 5498 810 5540 ._._..
839 5482 888 5523 tu
912 5489 1101 5528 messes
1122 5476 1421 5540 Cilicumque
1444 5476 1757 5540 Arabumque

735 5536 909 5597 Merge
927 5540 1075 5600 rogis.

686 5634 700 5662 ¹
740 5633 987 5710 Barthius
1018 5639 1247 5705 Advers.,
1287 5655 1407 5710 pag.
1440 5640 1566 5707 489,
1600 5649 1783 5695 monet
1819 5655 1876 5697 se
1905 5642 1955 5696 in
1991 5616 2178 5698 Trevi-

612 5706 751 5757 rensi
782 5708 1139 5784 vetustissimo
1186 5706 1378 5767 codice
1395 5706 1606 5784 ilegisSe
1650 5713 1936 5783 criminipta
1973 5728 2120 5766 succo
2159 5733 2170 5767 :

602 5786 743 5859 tum,
774 5776 898 5855 Quis
924 5775 1229 5849 non'vidcat,
1274 5785 1441 5857 inquit
1467 5775 1641 5840 solers
1672 5775 1907 5859 criticus,
1938 5799 2170 5843 CARIIINL

2565 415 2745 478 Calathi
2766 413 2923 466 ferant
2938 424 3158 478 capaces,

2566 477 3025 540 Redolentibusque
3044 487 3141 527 sert
3152 481 3192 527 is

2565 541 2800 603 Abacum,
2829 546 3060 601 torosque
3096 540 3315 603 pingant.

2567 601 2736 651 Manus
2758 608 2905 651 uncta
2926 614 3071 650 succo
3093 601 3268 649 amomi

2562 663 2740 726 Domet
2763 664 2977 724 hispidos
2999 663 3220 726 capillos,

2561 725 2590 790 ἒ
2611 727 2924 790 Arabumque
2948 738 3110 790 messe
3133 725 3325 790 pinguis

2563 788 2704 836 Petat
2728 787 2823 836 alta
2843 792 2973 835 tecta
2996 788 3173 836 fumus.

2566 848 2817 898 Veniente
2841 857 2983 897 nocte
3010 862 3105 898 nec
3129 862 3225 897 non

2564 909 2865 959 Nutnerosus
2883 912 3103 970 erigatur

2566 971 2902 1034 laquearibus
2925 974 3144 1022 coruscis

2564 1033 2778 1096 Camer-ae
2798 1035 2849 1081 in
2871 1046 3084 1093 superna
3112 1036 3348 1096 lychnus;

2566 1093 2843 1160 Oleumque
2868 1093 3173 1160 nescientes,

2564 1158 2851 1221 Adipesque
2871 1158 3157 1221 glutinosos,

2568 1218 2720 1267 Utere
2744 1218 2965 1268 tumente
2995 1218 3195 1270 fundant

2566 1278 2941 1340 Opobalsamum
2969 1282 3201 1333 lucernae.

2567 1342 2736 1404 Geruli
2760 1350 2904 1403 caput
2932 1343 3168 1404 plicantes

2566 1402 2882 1465 Anaglyptiw
2901 1402 3099 1461 metallo

2567 1465 2744 1527 Epulas
2767 1468 3084 1527 superbiOi-rs

2566 1526 2796 1576 Hiimeris
2815 1526 2977 1576 ferant
2999 1531 3205 1579 onustis.

2567 1588 2780 1664 galerus,
2800 1589 2984 1664 scyphi,
3008 1590 3223 1664 lebetes,

2566 1650 2767 1700 Socient
2804 1650 2986 1699 falerna
3013 1654 3160 1701 nardo
3181 1667 3193 1701 :

2566 1710 2900 1779 '[rlpodasque
2915 1751 2929 1773 ,
2957 1716 3313 1779 cantharosque

2245 1792 2295 1853 Β
2566 1775 2732 1891 ἓῚϐ
2766 1783 2892 1833 Rosa
2930 1786 3090 1835 sutilis
3111 1775 3330 1838 coronet.

2598 1852 2711 1891 uvat
2734 1848 2805 1891 ire
2823 1860 2913 1891 ner
2930 1847 3135 1891 corollas

2598 1852 2711 1911 uvat
2734 1848 2805 1894 ire
2823 1860 2913 1909 per
2930 1847 3135 1911 corollas

2566 1905 2837 1975 alabastra
2847 1909 3162 1975 ventilantes,

2565 1968 2712 2033 J_uvat
2723 1976 2788 2033 _et
2804 1982 2929 2033 vago
2945 1977 3106 2021 rotatu

2563 2029 3105 2095 Barcinae—membra
3128 2034 3255 2095 ludo,

2564 2092 2806 2142 Simulare
2830 2094 2906 2143 vel
2930 2100 3207 2146 trementes

2567 2153 2723 2213 Pede,
2752 2163 2914 2215 veste,
2938 2170 3058 2207 voce
3086 2159 3318 2208 Bacchas.

2564 2215 2743 2266 Bimari
2768 2218 2985 2269 remittat
3004 2220 3132 2270 urbe

2565 2275 2869 2344 Ibymclem,
2892 2280 3157 2344 Palemque
3180 2281 3345 2333 doctas

2562 2338 2773 2392 'l‘ebidas
2794 2338 3087 2392 ad'oflicinas'

2563 2400 2891 2453 Citharistrias
2913 2403 3204 2458 Corinthus:

2562 2461 2712 2522 Digiti
2737 2465 2912 2525 quibus
2936 2477 3193 2525 canentes.

2565 2525 2761 2592 Pariter
2782 2536 2987 2592 sonante
3010 2529 3195 2592 lingua,

2566 2586 2686 2652 Yice
2712 2590 2920 2652 pectinis
2940 2586 3148 2652 fatige'nt

2565 2649 2789 2713 animata
2812 2649 2888 2699 lila
2912 2649 3072 2713 pulsu.

2566 2709 2695 2761 Date
2718 2718 2771 2760 et
2793 2724 2893 2761 ωτι
2913 2709 3133 2764 ’ἥεωιειδ
3214 2756 3215 2759 η

2560 2771 2747 2835 Satyris
2768 2774 2920 2824 amica
2944 2777 3116 2833 nudis;

2563 2833 2691 2900 Date
2735 2837 2756 2864 °
2792 2835 2987 2887 ravulos
3008 2837 3277 2900 choraulas,

2562 2896 2745 2961 Quibus
2762 2903 2900 2948 antra
2928 2912 3017 2961 per
3040 2901 3183 2961 palati

2563 2957 2786 3020 Crepulis
2826 2957 3053 3008 masne.“
3067 2964 3247 3014 buccis.

2565 3018 2728 3083 Gemit
2751 3033 2868 3070 aura
2895 3023 3074 3073 tibialis
3095 3038 3133 3083 ;i

2565 3084 2579 3144 ξ
2606 3081 2731 3132 Date
2752 3086 3013 3133 carminata
3032 3081 3189 3144 socco,
3242 3094 3250 3130 t

2235 3160 2284 3224 c
2564 3143 3219 3224 Ressééseeiseww

2564 3204 2687 3269 pate
2710 3207 2944 3269 quidquid
2969 3209 3206 3269 advocati,

2564 3266 2688 3333 pate
2708 3266 2940 3330 quidquid
2967 3278 3017 3319 et
3035 3278 3195 3333 poetae

2560 3328 2707 3391 Vario
2727 3328 2954 3391 strepunt
2978 3328 3155 3383 iii-actu
3176 3346 3188 3381 :

2564 3390 2743 3439 Petrus
2764 3390 2867 3441 haec
2890 3398 2942 3442 et
2966 3393 3045 3442 illa
3064 3397 3252 3444 transit.

2561 3454 2695 3519 qus
2719 3454 3175 3519 editum_tenemus,

2562 3513 2773 3577 liimetra
2797 3516 2926 3577 quod
2948 3524 3057 3566 arte
3080 3513 3275 3577 texens,

2569 3574 2668 3641 lter
2693 3574 2941 3641 asperum,
2971 3582 3169 3641 viasque

2566 3635 2937 3699 Labyrinthicas'
2956 3635 3185 3690 cucurrit.

2559 3698 2732 3747 Sed’in
2757 3701 2981 3750 omnibus
3004 3702 3225 3751 laborans

2562 3760 2618 3825 lit
2643 3761 2702 3825 ab
2723 3762 2946 3825 omnibus
2963 3764 3212 3825 probatus,

2562 3820 2698 3886 llapit
2722 3823 2832 3870 hinc
2855 3831 2905 3871 et
2926 3820 3039 3886 itide
3064 3820 3285 3886 palmam.

2561 3882 2656 3932 I’er
2681 3890 2733 3932 et
2752 3896 2835 3932 ora
2856 3886 2994 3935 docta
3019 3882 3191 3936 fertur.

2553 3943 2725 4009 Procul
2750 3946 2860 4009 hinc
2881 3955 2933 3995 et
2955 3948 3295 4009 Hippocrenen
3318 3986 3331 4009 ,

2559 4006 2979 4073 aganippicosque
3017 4006 3196 4073 fontes,

2553 4067 2611 4119 Et
2636 4067 2910 4131 Apellinem
2930 4083 3157 4121 canorum

2297 4192 2539 4247 Tibullus
2572 4194 2696 4249 item
2724 4195 2811 4249 lib.
2844 4211 2915 4263 tv,
2940 4198 2991 4251 in
3014 4198 3169 4252 laude
3194 4197 3413 4267 Sulpicii
3441 4218 3453 4253 :

2419 4271 2585 4322 Cultor
2606 4274 2819 4325 odoratae
2835 4276 2978 4326 dives
3000 4278 3158 4325 Arabs
3180 4280 3385 4336 segetis.

2371 4342 2605 4396 Arabum
2642 4345 2933 4417 messiset
2976 4361 3151 4415 seges,
3199 4347 3377 4401 omnis
3428 4363 3644 4417 generis
3690 4346 3829 4402 odora

2299 4422 2474 4491 menta
2498 4428 2616 4482 qua:
2641 4414 2691 4467 in
2719 4414 3251 4491 Arabiapascunt‘ur.
3280 4417 3414 4491 Hinc
3431 4414 3675 4491 prompta
3701 4430 3851 4491 e_men-_

2270 4483 2445 4557 .ilatiu
2496 4500 2683 4539 versus
2728 4487 2980 4554 Orientii,
3009 4489 3097 4557 qui
3132 4489 3278 4543 viros
3306 4483 3497 4544 doctos
3537 4483 3781 4555 eiercuit,
3817 4484 3852 4537 si

2302 4553 2526 4629 {imbuat
2566 4557 2728 4623 legas,
2765 4572 2870 4611 non
2910 4553 3108 4611 arvum.
3149 4558 3239 4614 Sic
3276 4560 3420 4615 enim
3451 4563 3658 4629 scribit,
3686 4561 3745 4615 de
3770 4553 3848 4612 Vca-

2297 4622 2585 4678 daveribus
2612 4622 2730 4696 qua:
2753 4629 3085 4683 aromatibus
3116 4630 3444 4697 condiuntur
3479 4649 3493 4684 :

2419 4702 2523 4767 Non
2547 4706 2689 4767 modo
2710 4718 2820 4767 qute
2844 4706 3040 4756 tumulis
3062 4708 3191 4757 bene
3217 4710 3409 4759 condita
3432 4722 3555 4759 saxa
3576 4714 3830 4766 reservant,

2479 4765 2575 4815 Aut
2593 4765 2806 4815 Arabum
2829 4767 3038 4817 solidans
3060 4769 3213 4832 pulvis
3237 4770 3456 4833 odorque
3476 4778 3636 4822 tenet.

2298 4836 2531 4913 Arabum
2569 4838 2758 4913 pulvis
2812 4847 2862 4892 ct
2907 4838 3062 4905 odor,
3121 4850 3245 4896 nota
3278 4842 3467 4912 ﬁgura,
3514 4858 3613 4913 pro
3660 4841 3851 4912 pulvere

2303 4906 2526 4962 odorato
2554 4906 2784 4963 Arabiae.

2377 4987 2397 5053 εξ
2429 4978 2544 5053 Qui
2577 4979 2740 5053 tibias
2784 4980 2834 5053 in
2875 4980 3044 5053 choro
3084 4981 3306 5053 inflant:
3338 4996 3475 5053 quos
3525 4979 3855 5053 pulcherrime

2304 5048 2488 5121 itidem
2514 5048 2769 5103 describit
2793 5052 3094 5119 Cyprianus
3123 5052 3191 5107 de
3215 5048 3540 5121 spectaculis
3567 5072 3581 5107 :
3607 5053 3743 5107 Alter
3760 5063 3853 5121 cum

2299 5119 2453 5171 choro
2482 5131 2529 5173 et
2556 5136 2670 5172 cum
2716 5120 2933 5174 hominis
2960 5138 3150 5176 canora
3178 5119 3295 5177 voce
3335 5125 3651 5179 contendens
3696 5120 3854 5190 spirit“

2297 5204 2414 5262 suo,
2429 5206 2586 5262 quem,
2600 5190 2664 5243 de
2684 5190 2950 5244 visceribus
2963 5192 3424 5262 suissuperioribus
3445 5196 3609 5249 nitens
3619 5193 3855 5249 hauserat.

2300 5257 2539 5312 tibiarum
2562 5261 2817 5330 foramina
2848 5257 3294 5328 modulansfnunc
3308 5263 3489 5331 e/fuso.
3516 5275 3561 5318 et
3583 5278 3718 5317 nunc
3742 5265 3856 5313 intui

2297 5331 2498 5405 reclusa
2521 5348 2581 5384 ac
2614 5347 2867 5399 represso,
2898 5349 3032 5405 nunc
3090 5335 3241 5387 certis
3290 5335 3623 5405 foraminibus
3678 5332 3854 5389 emissa.

2295 5408 2444 5477 atque
2482 5402 2533 5454 in
2579 5417 2746 5477 aerem
2776 5404 3052 5477 profuso:
3074 5406 3205 5477 item,
3236 5402 3299 5477 in:
3328 5407 3659 5477 articulorum
3701 5413 3857 5477 εροῃυκ

2295 5470 2722 5546 fl'ﬂngens,_loqni
2752 5470 2924 5543 digitis
2954 5476 3172 5543 laborat,
3192 5470 3419 5546 ingratus
3446 5476 3633 5545 artiﬁci
3662 5473 3745 5544 qui
3770 5471 3856 5524 lin-

2204 5612 2207 5615 ἢ
2292 5557 2447 5610 gnam
2476 5544 2638 5600 dedit.

2280 5666 2418 5707 arra
2450 5667 2612 5708 socco
2646 5670 2817 5709 veram
2864 5671 2971 5709 esse
3004 5658 3314 5713 lectionem?
3345 5659 3570 5715 BAUNIUS
3596 5652 3854 5715 Sirmond.

2279 5722 2469 5778 editor.
2508 5724 2714 5794 praefat.
2741 5726 2807 5779 ad
2841 5733 2970 5781 tom.
2994 5727 3036 5793 l,
3065 5731 3090 5799 5
3123 5729 3212 5784 Η.
