4060 6332
268 369 364 427 633

495 478 843 530 Comitanlibus
866 480 1090 526 Camenis

498 543 778 602 Abigamus,
806 548 858 602 et
884 541 1150 589 Minervam

500 601 647 663 Quasi
673 601 930 664 praesulem
952 603 1165 664 canendi

502 661 767 715 Removete
807 664 912 712 i‘icta
945 661 1064 722 fatu,

497 728 632 776 Deus
655 730 751 789 ista
766 731 963 789 praestat
992 738 1134 774 unus.

495 789 691 851 Stupuit
713 788 867 851 virum
902 791 1186 848 loquentem

498 850 798 899 Dladematis
823 856 1058 910 potestas,
1174 866 1177 873 ·

496 911 648 973 Toga,
688 910 1001 973 miles,i'ordo
1022 916 1277 973 equester,

496 972 808 1035 Populusque
845 972 1114 1035 Romularis
1139 983 1151 1018 :
1456 998 1484 1024 .

494 1034 555 1084 Et
572 1033 737 1084 adhue
756 1035 933 1096 sophos
956 1033 1169 1083 volutant

496 1096 639 1158 Fors,
667 1096 867 1158 templa,
908 1108 1041 1155 rura,
1067 1102 1242 1144 castra.

492 1157 651 1220 Super
678 1157 799 1217 haec,
824 1157 1065 1219 fragorem
1092 1157 1285 1205 alumno

491 1219 669 1282 Padus,
694 1226 844 1282 atque
877 1220 1119 1269 civitatum

493 1280 588 1332 Dat
610 1280 742 1343 amor
762 1280 1126 1343 Ligusticarum.

490 1343 674 1394 Similis
694 1341 1055 1392 latnt-resultat

494 1404 838 1454 Rhodanitidas
863 1405 1154 1467 per_urbes,

496 1464 1049 1527 lmitabiturque'Gallos

492 1527 686 1578 Feritas
704 1527 1024 1577 lbericorum.

494 1590 598 1640 Nec
619 1592 666 1638 in
689 1589 782 1637 hoc
800 1595 1014 1638 moratus
1036 1600 1150 1647 axe,

492 1651 597 1703 Cito
619 1652 677 1699 ad
701 1663 813 1698 arva
841 1655 1017 1712 perget
1048 1650 1182 1710 Euri,

492 1712 909 1776 Aquilonibusque
936 1718 987 1776 et
1006 1713 1215 1769 Austris,

490 1773 841 1838 Ze'phyrisque‘
853 1773 1146 1836 perferetur.

1489 359 1960 415 EPISTULMiUM
2002 356 2131 414 LIB.
2178 359 2266 414 IX.

1859 482 1907 538 Α
1938 485 2143 530 rentur.
2175 470 2332 542 Quod
2359 476 2543 543 procul
2562 474 2725 530 dubio
2754 474 3175 546 consequebare,
3204 475 3249 529 si
3274 476 3418 544 pacis
3442 475 3513 530 lo-

3390 357 3509 447 .634

1936 568 2092 638 eique
2116 564 2359 620 conditio
2389 566 2745 634 permitteret,
2779 577 2835 621 ut
2865 567 2975 623 illic
3002 566 3288 623 senatoriae
3323 549 3513 635 jiiven-

1932 659 2062 714 tutis
2102 658 2463 714 contubernio
2501 660 2699 715 mixtus
2727 660 3023 719 erudirere.
3051 660 3220 732 Cujus
3246 669 3298 717 te
3326 660 3513 731 gloria}

1928 751 2135 818 pariter
2162 764 2225 806 ac
2254 750 2411 806 fama:
2437 764 2711 821 capacem,
2738 751 2806 808 de
2832 752 3095 809 orationis
3126 762 3230 809 tute
3257 752 3514 824 qualitate

1931 843 2178 912 conjecto
2210 860 2223 896 :
2249 843 2302 897 in
2323 856 2427 913 qua
2449 842 2827 899 decentissime
2848 853 2899 900 te
2921 858 3094 916 nuper
3113 844 3510 916 pronuntiante,

1932 953 2055 1008 qua:
2078 936 2294 1008 quidem
2315 934 2610 1005 scripseras
2632 938 3091 1007 extemporaliter,
3115 938 3513 995 admirabantur

1933 1029 2206 1093 benevoli,
2249 1027 2583 1083 mirabantur
2633 1027 2886 1098 superbi,
2935 1030 3285 1086 morabantur
3333 1031 3509 1100 periti.

1932 1119 2037 1175 Sed
2064 1134 2129 1174 ne
2172 1118 2514 1188 impudenter
2543 1119 2928 1176 verecundiam
2962 1119 3104 1177 tua'm
3147 1120 3394 1178 laudibus
3433 1122 3512 1178 ni-

1932 1212 2055 1267 miis
2106 1211 2252 1266 ultro
2302 1225 2629 1280 premamus,
2684 1212 2953 1282 praeconia
2998 1220 3095 1281 tua
3119 1212 3316 1282 justius
3342 1213 3410 1269 de
3440 1224 3511 1281 te,

1931 1317 2091 1371 quam
2122 1301 2217 1358 tibi
2243 1301 2549 1357 scribimus.
2576 1302 2687 1358 Hoc
2714 1302 2913 1372 potius,
2938 1302 3080 1358 unde
3104 1313 3371 1359 estcausa
3400 1318 3512 1359 ser-

1933 1394 2131 1461 monis,
2162 1394 2601 1450 intromittamus.
2638 1393 2803 1465 lgitur
2830 1394 3136 1467 interrogas
3178 1409 3273 1464 per
3298 1396 3513 1466 pugilla-

1936 1499 2126 1551 torem,
2163 1500 2297 1555 quos
2339 1495 2683 1542 recurrentes
2729 1500 2969 1542 asseram
3010 1500 3219 1554 versus,
3268 1494 3328 1542 ut
3371 1485 3513 1541 celer

1932 1580 2218 1651 explicem,
2258 1580 2353 1635 sed
2379 1580 2481 1635 sub
2526 1579 2799 1649 exemplo.
2829 1580 2869 1635 li
2896 1579 3153 1635 nimirum
3182 1587 3308 1636 sunt
3331 1593 3513 1634 recur-

1933 1684 2142 1740 rentes,
2165 1673 2254 1743 qui
2289 1684 2463 1729 metro
2508 1681 2706 1742 stante,
2734 1687 2909 1744 neque
2937 1673 3130 1729 litteris
3175 1673 3296 1729 loco
3331 1672 3509 1736 motis,

1933 1773 1991 1818 ut
2016 1764 2082 1817 ab
2108 1764 2331 1820 exordio
2346 1763 2415 1819 ad
2444 1764 2750 1832 terminum,
2775 1766 2854 1820 sic
2900 1779 2930 1818 a
2960 1765 3067 1821 line
3112 1765 3421 1836 releguntur
3447 1762 3512 1820 ad

317 1881 476 1954 2⁸17
509 1880 647 1937 Ecce
692 1879 818 1935 dum
845 1894 1027 1950 quaero
1050 1877 1177 1949 quid
1207 1885 1411 1945 cantes,
1449 1878 1563 1947 ipse
1589 1877 1818 1933 cantavi.
1852 1847 1903 1908 Β
1929 1868 2217 1954 summa“
2254 1855 2346 1954 Si}?
2366 1864 2471 1954 .98!
2494 1855 2630 1954 illud
2648 1856 2962 1954 αξιίίιιψξηε

250 1976 399 2031 Tales
426 1975 573 2029 enim
606 1988 771 2043 nugas
802 1973 855 2027 in
889 1974 997 2027 imo
1026 1970 1206 2026 scrinii
1236 1970 1399 2026 fundo
1422 1972 1665 2026 muribus
1697 1985 1826 2040 per-

249 2066 469 2133 foratas,
497 2073 811 2135 postannos
851 2065 1063 2119 circiter
1089 2062 1272 2132 viginti
1304 2062 1520 2133 profero
1546 2062 1599 2117 in
1625 2063 1822 2127 lucem,

247 2159 429 2230 quales
475 2159 587 2229 pari
638 2158 1192 2227 tempore'absentes,
1224 2171 1345 2212 cum
1376 2156 1595 2212 domum
1641 2155 1822 2222 rediit,

247 2251 470 2323 Ulysses
511 2250 751 2307 invenire
779 2251 1053 2319 potuisset.
1088 2248 1323 2306 Proinde
1356 2260 1478 2321 peto
1506 2259 1562 2303 ut
1587 2263 1824 2320 praesen-

248 2347 384 2402 tibus
414 2345 639 2401 ludicris
668 2344 898 2400 libenter
918 2345 1187 2414 ignoscas.
1222 2342 1354 2398 lllud
1376 2357 1505 2399 vero
1536 2356 1636 2398 nec
1665 2357 1820 2398 vere-

247 2440 439 2509 cunde,
472 2422 570 2495 nec
601 2441 935 2509 impudenter
966 2439 1203 2510 injungo,
1236 2445 1295 2493 ut
1313 2437 1455 2508 quod
1500 2436 1615 2507 ipse
1638 2435 1707 2491 de
1753 2434 1824 2491 l'a-

247 2534 471 2590 miliaris
518 2534 621 2590 mei
676 2534 883 2604 integro
910 2533 1045 2589 libro
1075 2532 1561 2603 pronuntiavi,‘boc
1587 2541 1643 2587 tu
1673 2530 1824 2601 quasi

247 2625 565 2682 sollicitatus
588 2627 814 2694 exempli
839 2627 1159 2681 necessitate
1188 2627 1256 2681 de
1279 2639 1402 2681 meo
1421 2620 1638 2680 sentias.
1672 2622 1821 2680 Vale.

794 2716 1121 2773 EPISTULA
1151 2716 1292 2773 XIV.

499 2810 744 2865 Sidonius
772 2818 799 2847 ι
828 2808 1184 2880 Burgundioni
1217 2826 1313 2864 suo
1342 2809 1580 2864 salutem.

318 2903 613 2974 Dupliciter
647 2902 928 2957 excrucior
974 2900 1116 2972 quod
1147 2910 1390 2957 nostrum
1437 2910 1662 2972 uterque
1689 2900 1828 2957 lecto

249 3005 482 3052 tenetur.
507 2995 647 3051 Nihil
670 2995 814 3051 enim
849 3002 934 3049 est
958 2993 1147 3049 durius
1175 3008 1334 3064 quam
1383 3008 1503 3049 cum
1535 3001 1829 3063 praesentes

248 3087 409 3141 amici
437 3085 746 3141 dividuntur
785 3085 1162 3139 communione
1201 3084 1495 3154 languoris.
1532 3082 1741 3153 Quippe
1782 3081 1827 3136 si

248 3178 480 3248 accidat,
504 3189 561 3233 ut
583 3193 681 3234 nec
702 3178 836 3233 intra
860 3194 1021 3233 unum
1046 3178 1301 3234 conclave
1321 3178 1665 3245 decumbant,
1685 3176 1828 3232 nulla
1864 3222 1889 3248 Α

1858 3233 1907 3300 (ἶ
1936 3268 2247 3327 ρειπιηυειιι
2272 3252 2466 3309 vadum
2514 3266 2721 3322 qumro,
2748 3252 2841 3306 tali
2866 3251 3077 3321 iocatus
3110 3249 3511 3321 epigrammate,

248 3280 378 3327 sunt
407 3270 594 3338 verba,
624 3270 765 3325 nulla
791 3278 911 3325 sunt
937 3270 1149 3338 solatia,
1191 3269 1345 3326 nulla'
1378 3270 1607 3341 denique
1655 3269 1828 3324 mutui

249 3372 438 3418 oratus
458 3363 781 3418 vicissitudo.
801 3361 981 3433 Itaque
997 3362 1218 3433 singulis
1237 3376 1437 3419 mceror
1451 3363 1659 3433 ingens,
1678 3362 1830 3433 isque

250 3456 374 3525 plus
395 3454 464 3512 de
482 3454 652 3511 altero
684 3473 696 3507 :
719 3470 839 3510 nam
872 3470 1056 3523 parum
1078 3456 1272 3525 possis,
1287 3470 1590 3526 quanquam
1611 3464 1668 3511 et
1682 3457 1831 3512 inllr-

249 3545 919 3614 mus,perielitantequem
941 3545 1152 3615 diligas,
1184 3546 1278 3600 tibi
1305 3547 1516 3602 timere.
1561 3546 1668 3603 Sed
1692 3547 1832 3603 Deus

252 3636 417 3702 mihi,
445 3635 517 3689 lili
581 3634 1087 3703 amantissime,‘pro
1117 3645 1169 3690 te
1198 3637 1409 3704 paventi
1445 3637 1833 3694 validissimum

251 3726 569 3795 scrupulum
613 3726 866 3790 excussit,
916 3726 1037 3795 quia
1062 3725 1313 3796 pristinas
1339 3727 1529 3796 incipis
1570 3727 1715 3785 vires
1743 3744 1833 3785 re-

249 3833 536 3891 cuperare.
567 3819 768 3875 Diceris
791 3819 933 3874 enim
951 3819 1063 3888 jam
1087 3820 1223 3876 velle
1237 3820 1838 3892 consumere,quodque

250 3915 378 3985 plus
408 3922 552 3983 opto,
575 3912 685 3982 jam
716 3926 891 3982 posse.
916 3912 998 3969 Me
1022 3924 1167 3969 certe
1192 3914 1367 3970 taliter
1386 3914 1642 3980 consulis,
1668 3916 1837 3971 etsol-

252 4003 535 4061 licitudine
565 4018 732 4075 prope
761 4018 1039 4075 praecoqua
1080 4007 1480 4074 quaestiunculis
1510 4007 1834 4076 litterarum,

250 4098 362 4169 jam
380 4098 532 4163 quasi
544 4113 610 4153 ex
625 4112 744 4153 asse
761 4107 982 4167 vegetus
995 4114 1234 4166 exerces,
1247 4100 1432 4157 audire
1444 4103 1560 4171 plus
1570 4103 1836 4173 ambiens,

251 4188 351 4244 etsi
381 4187 557 4243 adhuc
570 4201 746 4263 aeger,
783 4188 1057 4245 Socratem
1098 4190 1166 4246 de
1188 4191 1450 4260 moribus,
1484 4194 1646 4265 278
1672 4211 1834 4263 quam

251 4278 631 4349 Hippocratem
652 4280 720 4335 de
735 4281 1045 4351 corporibus
1056 4281 1434 4352 disputantem.
1456 4286 1651 4356 Dignus
1663 4289 1837 4345 omni-

251 4384 323 4426 no
348 4384 508 4441 quem
541 4371 909 4442 plausibilibus
939 4371 1107 4429 Roma
1131 4374 1508 4444 foveretulnis,
1539 4396 1749 4451 quoque
1762 4397 1838 4438 re-

252 4468 454 4524 citante
477 4468 785 4537 crepitantis
826 4470 1068 4525 Athenaei
1108 4471 1358 4527 subsellia
1391 4483 1614 4530 cuneata
1647 4485 1835 4545 quate-

2114 1946 2265 1996 Roma
2288 1948 2376 1997 tibi
2398 1947 2560 1998 subito
2581 1947 2794 1999 motibus
2815 1948 2908 1999 ibit
2932 1959 3086 1999 amor.
3108 2002 3109 2007 η

1930 2029 1996 2085 Ει
2023 2029 2151 2085 illud
2180 2046 2196 2085 :
2501 2089 2509 2102 ,

2048 2192 2051 2195 ν
2114 2121 2228 2173 Sole
2245 2123 2451 2175 medere
2478 2124 2625 2199 pede,
2652 2124 2748 2175 ede
2773 2124 2961 2187 perede
2985 2123 3157 2174 melos.

1928 2206 2166 2286 Necnon
2197 2234 2461 2286 habentur
2482 2245 2579 2301 pro
2600 2230 3019 2298 recurrentibus,
3046 2230 3135 2300 qui
3166 2228 3363 2300 pedum
3394 2229 3511 2301 lege

1929 2333 2161 2393 servata,
2192 2333 2250 2379 et
2277 2325 2322 2379 si
2367 2339 2473 2379 non
2501 2337 2598 2393 per
2647 2323 2884 2394 singulos
2934 2322 3146 2392 apices,
3176 2336 3270 2391 per
3296 2321 3507 2392 singula

1929 2423 2108 2472 tamen
2154 2414 2315 2471 verba
2363 2414 2689 2486 replicantur
2727 2430 2743 2471 :
2783 2423 2844 2468 ιιι
2888 2421 2973 2469 est
3026 2428 3189 2468 unum
3241 2412 3510 2468 distichon

1931 2522 2107 2564 meum
2138 2507 2338 2578 (qualia
2388 2521 2511 2563 reor
2553 2505 2800 2577 equidem
2843 2504 2948 2576 legi
2995 2504 3158 2559 multa
3189 2501 3509 2570 multorum)

1932 2606 2074 2677 quod
2116 2605 2183 2661 de
2212 2604 2384 2660 rivulo
2409 2603 2531 2670 lusi,
2565 2603 2655 2674 qui
2692 2598 2984 2672 repe'utino
3027 2600 3384 2673 procellarum
3412 2613 3511 2669 pa-

1932 2708 2048 2754 stus
2078 2697 2291 2767 illapsu,
2341 2694 2719 2764 publicumque
2747 2707 2995 2766 aggerem
3023 2691 3344 2763 confragoso
3378 2690 3514 2746 dilu«

1932 2792 2020 2846 vio
2074 2803 2490 2859 supergressus,
2543 2788 2753 2843 subdita
2790 2786 2949 2842 'culta
2997 2785 3097 2842 viai
3142 2785 3510 2852 inundaverat,

1932 2881 2097 2953 279
2124 2895 2427 2951 quanquam
2455 2878 2797 2948 depositurus
2820 2880 3061 2933 insanam
3088 2892 3213 2934 mox
3236 2876 3510 2933 abundan-

1934 2976 2091 3038 tiam,
2121 2973 2319 3043 quippe
2346 2987 2507 3041 quam
2536 2970 2731 3040 pluviis
2753 2965 3135 3040 appendicibus
3156 2969 3513 3025 intumescen-

1935 3074 2073 3130 tem,
2099 3064 2175 3120 nil
2204 3078 2433 3134 superna
2468 3078 2619 3117 vena:
2658 3061 2911 3132 perennis
2954 3062 3192 3131 pondera
3238 3062 3508 3116 inﬂarent.

1935 3162 2098 3232 Igitur
2126 3161 2246 3216 istic
2292 3160 2442 3230 (nam
2473 3158 2646 3213 viator
2683 3154 3039 3226 adveneram)
3069 3156 3197 3211 dum
3245 3155 3412 3225 magis
3443 3154 3514 3209 ri-

1939 3363 2037 3421 per
2087 3345 2373 3403 turbulenti
2410 3354 2554 3415 terga
2605 3344 2861 3399 torrentis
2909 3342 2995 3398 his
3049 3343 3242 3397 saltem
3290 3339 3515 3411 pedibus

1941 3443 2157 3499 incessi.

2036 3533 2278 3594 Praecipiti
2294 3531 2437 3581 modo
2459 3529 2588 3594 quod
2618 3528 2836 3578 decurrit
2852 3529 3046 3594 tramite
3070 3527 3266 3594 (lumen,

2098 3588 2341 3655 Tempore
2367 3588 2702 3651 consumptum
2722 3593 2818 3651 jam
2835 3591 2931 3639 cito
2950 3588 3166 3639 deficiet.

1947 3676 2058 3731 Hoc
2080 3676 2125 3729 si
2154 3688 2424 3739 recurras,
2457 3673 2533 3727 ita
2564 3672 2793 3742 legitur:

2038 3766 2246 3815 Deﬁciet
2268 3767 2364 3814 cito
2380 3764 2478 3825 jam
2494 3768 2832 3825 consumptum
2851 3767 3074 3825 tempore
3106 3762 3305 3825 numen,

2100 3826 2315 3877 Tramite
2337 3821 2555 3875 decurrit
2575 3821 2708 3886 quod
2725 3821 2868 3872 modo
2887 3821 3135 3885 praecipiti.

2017 3932 2157 3988 Ecce
2183 3931 2348 3987 habes
2378 3943 2586 3999 versus,
2616 3943 2841 3999 quorum
2870 3927 3173 4001 syllabatim
3215 3928 3410 3983 mirere
3434 3942 3517 3995 ga—

1945 4023 2166 4080 tionem.
2206 4022 2475 4079 Cteterum
2505 4036 2755 4091 pompam
2786 4034 2946 4091 quam
2991 4034 3096 4075 non
3142 4019 3363 4087 habent,
3413 4035 3520 4079 non

1945 4114 2229 4171 docebunt.
2279 4112 2622 4170 Suflleienter
2652 4111 2917 4168 indicasse
2955 4126 3043 4168 me
3082 4113 3345 4181 suspicor,
3378 4112 3520 4182 quod

1947 4218 1998 4261 tu
2025 4205 2405 4275 requirendum
2432 4206 2781 4261 existimasti.
2817 4203 3002 4260 Simile
3032 4202 3282 4275 quiddam
3314 4204 3443 4259 lacis
3467 4212 3520 4260 et

1944 4298 2057 4368 ipse
2087 4299 2132 4353 si
2161 4297 2435 4368 proposita
2463 4297 2739 4364 restituas,
2762 4312 2914 4367 atque
2943 4297 3180 4364 diverso,
3211 4311 3330 4366 quas
3368 4309 3520 4366 repe-

1944 4389 2072 4446 teris
2119 4390 2390 4459 expedias.
2427 4388 2665 4460 Namque
2712 4390 2913 4445 eminet
2956 4387 3051 4445 tibi
3082 4388 3333 4444 thematis
3380 4386 3521 4441 cele-

1944 4481 2164 4537 berrimi
2207 4482 2387 4537 votiva
2416 4479 2729 4547 redhibitio,
2760 4480 2878 4535 laus
2923 4480 3171 4537 videlicet
3201 4477 3520 4549 peroranda,

321 4665 345 4691 ιι
374 4651 716 4726 Adolescenti
752 4651 1092 4709 scholastice.
1124 4653 1258 4709 Huic
1297 4668 1393 4723 per
1425 4655 1629 4711 litteras
1667 4658 1828 4712 inter-
1857 4659 1909 4719 D
1934 4672 1990 4712 in
2016 4666 2412 4726 pentametrum
2444 4657 2669 4713 alterum
2700 4676 2713 4710 :

251 4725 460 4791 roganti
490 4720 580 4791 qui
609 4721 855 4777 dicantur
884 4737 1072 4779 versus
1106 4720 1464 4791 recurrentes,
1489 4727 1597 4780 duo
1630 4741 1816 4781 eorum

249 4806 454 4863 genera
484 4792 753 4864 preponit.
777 4792 908 4864 Nam
934 4804 1025 4848 aut
1050 4806 1330 4864 recurrunt
1362 4809 1457 4863 per
1478 4796 1712 4864 singulas
1736 4798 1825 4852 lit-

252 4877 419 4929 teras,
454 4862 606 4933 cujus
627 4863 838 4933 generis
859 4872 942 4917 est
971 4864 1166 4919 Leonis
1195 4862 1462 4933 Sapientis
1490 4862 1637 4933 quasi
1671 4866 1826 4921 disti-

252 4935 447 4998 chum,
501 4932 594 5004 lib.
624 4932 684 5004 vi
735 4933 1075 5004 Anthologite
1131 4932 1576 5003 epigrammatum
1614 4936 1828 4993 Graeco-

253 5020 396 5072 rum,
436 5003 589 5075 ιοι
622 5002 725 5058 hoc
754 5004 915 5058 modo
948 5022 963 5057 :

322 5100 476 5170 Σόφος·
504 5095 658 5170 ξγῳγε
684 5094 779 5170 ἤδη
807 5094 873 5170 (ἓν
901 5094 1024 5159 ἅνω,
1059 5102 1206 5170 χαρᾷ
1234 5093 1480 5170 τῶν-ἄνῳ,
1509 5098 1634 5170 ’γελῶ
1659 5101 1724 5153 τὰ

323 5162 492 5232 κάῖι-ω,
519 5162 692 5236 Hyan,
717 5162 777 5221 ἂν
867 5162 1115 5243 ταραχὲἷᾶυ
1140 5162 1268 5235 aia,
1290 5166 1384 5226 ἤδη
1409 5162 1563 5241 ἴγωᾷε
1590 5171 1758 5241 σοφός.

258 5260 367 5315 Hoc
389 5258 532 5312 enim
578 5258 623 5312 si
666 5267 931 5314 relroacto
967 5273 1124 5313 cursu
1166 5275 1194 5313 a
1235 5259 1339 5315 line
1388 5259 1676 5329 relegatur,
1725 5277 1830 5319 non

259 5332 419 5385 motis
446 5330 563 5383 loco
584 5329 935 5399 litteriszidem
966 5330 1121 5385 redit.
1153 5334 1258 5385 Aut
1285 5346 1379 5398 per
1395 5332 1600 5399 singula
1626 5341 1828 5389 tantum

258 5400 423 5456 verba
450 5416 461 5451 :
487 5398 627 5468 quod
654 5414 821 5467 genus
852 5400 1133 5472 Diomedes
1155 5410 1208 5455 et
1235 5401 1556 5465 Victorinus,
1578 5404 1665 5471 qui
1690 5405 1827 5472 priu-

261 5472 334 5525 ris
362 5472 575 5539 generis
614 5484 717 5524 non
750 5468 1126 5533 meminerunt,
1153 5472 1455 5541 reciprocos
1479 5468 1702 5526 vocanti
1721 5475 1825 5531 Sed

261 5543 455 5618 horum
488 5555 680 5618 rursus
705 5541 848 5618 _(lua_e
877 5551 1000 5594 sunt
1036 5542 1419 5618 s_necies._Nam
1465 5544 1721 5618 reciproci
1747 5546 1829 5618 (ut

260 5613 324 5686 ad
356 5612 634 5686 epistolam
660 5611 750 5677 ll,
776 5612 869 5686 lib.
895 5612 1293 5674 vm.obaervari
1313 5611 1596 5685 emptum),
1624 5624 1714 5669 aut
1738 5611 1832 5686 per

260 5682 503 5753 singulos
546 5696 735 5753 versus
774 5684 1020 5749 redeunt,
1066 5693 1174 5737 tum
1218 5682 1432 5753 generis
1479 5682 1751 5753 ejusdem,
1778 5696 1834 5741 ut

256 5751 351 5813 hic
372 5761 699 5821 pentameter
722 5752 1117 5823 Porphyrianus
1141 5770 1155 5807 :

387 5844 611 5905 Ausonia
635 5844 799 5905 decus,
828 5851 878 5894 et
901 5844 980 5894 luit
1019 5846 1093 5909 pia
1116 5842 1436 5907 Romulidum,

2051 4748 2355 4796 Romulidum
2380 4748 2456 4809 pia
2483 4747 2587 4806 lux,
2624 4754 2677 4797 et
2700 4748 2851 4797 decus
2867 4748 3120 4798 Ausoniae.
3198 4810 3207 4815 ‘

1929 4831 2061 4885 Tum
2084 4830 2300 4894 diversi,
2332 4839 2389 4883 ut
2420 4829 2505 4884 hic
2532 4830 2781 4885 heroicus
2808 4830 3089 4901 Porphyrii
3116 4831 3357 4901 ejusdem
3390 4848 3403 4887 :

2053 4924 2211 4997 Omne
2236 4957 2393 5008 genus
2409 4946 2553 4997 metri
2573 4946 2661 4998 tibi
2682 4957 2922 5011 pangens,
2947 4948 3133 5011 optime
3158 4949 3331 5014 Basse,

1937 5028 1989 5081 in
2012 5026 2345 5093 Sotadicum,

2038 5138 2043 5143 ’
2066 5145 2214 5195 Basse
2228 5120 2422 5208 Septime
2446 5158 2668 5208 pangens
2688 5146 2776 5197 tibi
2792 5148 2941 5198 metri
2960 5159 3120 5211 genus
3141 5161 3305 5201 omne.
3324 5220 3327 5223 _

1941 5249 2047 5321 Aut
2077 5263 2168 5317 per
2202 5256 2372 5304 totum
2403 5249 2612 5320 elegum
2649 5268 2661 5302 :
2694 5251 2850 5321 quale
2878 5261 2962 5307 est
3001 5251 3286 5308 distichum
3312 5252 3518 5316 Sidonii

1938 5319 2006 5374 de
2024 5329 2285 5384 torrente,
2307 5330 2361 5376 et
2383 5319 2795 5378 hoc’Nicode‘mi
2846 5322 3176 5380 lleracleota:
3210 5326 3399 5383 eodem
3417 5326 3515 5385 lib.

1937 5405 1985 5445 vn
2017 5390 2395 5459 Anthologim:
2440 5414 2443 5417 π

2041 5505 2292 5580 Πηνελόπη
2314 5547 2329 5572 ,
2356 5505 2471 5580 τόξα
2487 5528 2590 5580 eo:
2617 5512 2772 5580 φᾶρος
2789 5510 2885 5580 Δκαὶ
2914 5508 3129 5580 χλαῖναν
3154 5506 3435 5572 Ὀδυσσεὺς

2094 5642 2097 5645 _
2147 5574 2395 5649 "list-ymo,
2428 5574 2638 5647 δολιχὴῆ
2662 5574 3187 5654 ἐξανύσαξᾶτραπόν.

1936 5666 2091 5734 Quod
2122 5666 2197 5722 ita
2217 5668 2446 5722 recurrit
2471 5685 2483 5719 :

2091 5779 2326 5854 Δτρςκπὸν
2357 5779 2604 5841 ἐξανύσας
2636 5776 2874 5854 duillius,
2905 5782 3109 5854 ἤνεγκεν
3138 5783 3421 5848 Ὀδυσσεὺς

2154 5848 2362 5900 Χλαῖναν
2388 5852 2463 5901 καὶ
2495 5854 2650 5919 eripe;
2679 5848 2759 5903 σοὶ
2788 5849 2899 5906 τόδε
2919 5864 2943 5917 ,⁷
2964 5848 3235 5914 navale-im.
