4060 6332
551 334 652 394 639

730 452 884 509 Quem
906 455 1185 509 negatorem
1205 441 1335 495 lovis
1359 440 1683 509 acilllinervaa,

730 508 788 562 Et
805 512 959 559 crucis
974 508 1148 571 Christi
1173 510 1294 556 bona
1316 508 1650 571 conﬁtentem,
1718 534 1721 539 ~

728 574 859 634 Vixit
882 572 937 619 ad
960 571 1086 634 tauri
1111 570 1238 634 latus
1270 570 1502 634 injungati

790 633 936 684 Plebs
954 631 1208 681 furibunda
1235 648 1244 679 :
1274 630 1293 637 ”“
1317 630 1324 682 ζ

732 697 793 746 Ut
813 708 902 758 per
919 692 1188 758 abruptum
1203 694 1325 743 bove
1353 696 1607 758 concitato,

723 755 967 821 Spargere
989 768 1159 806 cursus
1177 755 1399 821 lacerum
1410 755 1638 819 cadaver,

724 817 957 870 Cantibus
975 820 1137 867 tinctis
1158 817 1309 868 calida
1332 817 1477 869 soluti

786 880 931 931 Pulte
949 879 1160 943 cerebri,

723 943 840 992 Post
858 940 1191 1002 Saturninum,
1218 941 1326 1003 volo
1348 940 1532 1003 plectra
1555 945 1799 1001 cantent,

723 1005 852 1065 Quos
874 1009 1184 1067 patronorum
1207 1002 1424 1067 reliquos
1442 1005 1639 1065 probavi

722 1065 883 1115 Anxio
905 1066 1053 1114 duros
1067 1066 1182 1114 mihi
1209 1077 1298 1127 per
1315 1065 1506 1116 labores

786 1127 1070 1178 Auxiliatos.

540 1274 669 1329 Nam
698 1272 865 1329 ectasi
892 1286 1018 1329 usus
1044 1279 1125 1327 est
1145 1280 1329 1325 auctor
1348 1271 1403 1325 in
1418 1270 1647 1331 Phileto.
1673 1270 1725 1325 in
1750 1268 2109 1339 Abascautide

543 1346 871 1414 pleonasmo.
904 1343 1231 1414 Religiosior
1239 1343 1293 1414 in
1317 1342 1595 1414 Itinerario
1621 1355 1717 1396 suo
1739 1341 2109 1414 Numatianus,

540 1410 772 1485 quicum
802 1410 1183 1469 Venerii'ﬂulii
1210 1411 1484 1485 Vplusiani
1515 1426 1699 1466 verum
1748 1426 1977 1485 nomen,
2013 1410 2114 1465 hoc

541 1483 622 1540 est
642 1487 905 1550 ultimum,
934 1485 1095 1539 salvis
1117 1483 1271 1537 metri
1298 1483 1503 1553 legibus
1525 1497 1681 1537 versu
1702 1483 1984 1550 complecti
2007 1497 2115 1536 non

470 1596 478 1620 ,
544 1565 743 1627 posset,
775 1558 906 1612 satis
934 1556 1116 1611 habuit
1140 1553 1464 1609 desiderium
1491 1568 1643 1608 suum
1681 1554 1861 1609 testari
1889 1570 1902 1605 :

667 1700 759 1750 Hic
788 1699 1122 1762 praefecturam
1150 1715 1299 1753 sacrae
1323 1701 1659 1762 cognoscimus
1680 1701 1815 1755 urbis

724 1763 944 1812 Delatam
969 1767 1178 1824 meritis,
1205 1765 1360 1813 dulcis
1378 1765 1550 1826 amice,
1571 1765 1687 1811 tuis.

665 1824 893 1886 Optarem
911 1838 1079 1874 verum
1103 1827 1357 1886 complecti
1374 1824 1588 1874 carmine
1607 1836 1782 1873 nomen
1809 1836 1822 1872 :

641 1890 649 1898 '
679 1947 698 1949 _
726 1886 824 1936 Sed
846 1888 1077 1949 quosdam
1102 1887 1284 1949 refugit
1304 1887 1474 1949 regula
1492 1886 1809 1949 duragpedes.

666 1947 946 2058 Cognonien
969 1962 1113 1998 versu
1131 1947 1313 2022 Veneri
1333 1947 1584 2024 rarissime
1604 1947 1728 2009 Ruﬁ,

768 2010 812 2059 lo
835 2016 887 2061 te
910 2010 1090 2061 dudum
1113 2026 1284 2073 pagina
1304 2021 1464 2061 nostra
1481 2018 1625 2062 canit.

1811 332 2052 388 SIDONII
2091 324 2537 389 APOLLINARIS

2143 451 2201 513 Λ

3694 324 3792 383 646

2406 446 2632 509 Singulos
2649 458 2770 508 quos
2796 458 2921 493 nunc
2938 444 3012 509 pia
3038 444 3348 509 nuncupatim

2407 505 2519 559 Non
2538 505 2704 558 valent
2720 520 2864 558 versu
2884 507 3117 556 cohibere
3135 505 3307 567 verba,

2406 575 2541 631 Quos
2564 577 2727 620 tamen
2749 570 2939 619 chordae
2962 576 3217 632 nequeunt
3240 580 3434 631 sonare,

2470 632 2620 684 Corda
2653 632 2907 682 sonabunt.

2297 740 2597 797 Redeamus
2626 739 2679 794 in
2710 738 2878 803 linem
2916 738 2984 792 ad
3023 738 3310 793 oratorium
3357 736 3588 808 stylum,
3633 748 3792 794 mate-

2225 838 2358 893 riam
2389 845 2709 907 praesentem
2733 836 3005 906 proposito
3024 836 3188 892 semel
3214 835 3402 891 ordine
3423 834 3750 891 terminaturi
3778 853 3790 889 :

2184 964 2191 969 -
2226 943 2295 985 ne
2317 928 2361 984 si
2387 927 2609 1000 epilogis
2645 927 2862 983 musicis
2904 942 3039 998 opus
3085 928 3380 998 prosarium
3424 927 3789 995 clauserimus,

2227 1021 2518 1077 secundum
2549 1022 2755 1091 regulas
2781 1019 2973 1086 Flacci,
3000 1019 3091 1075 ubi
3110 1019 3366 1089 amphora
3390 1020 3552 1090 coepit
3573 1020 3791 1087 institui,

2220 1128 2423 1188 urceus
2444 1113 2620 1183 potius
2647 1111 2824 1168 exisse
2851 1112 3114 1168 videatur.
3145 1109 3293 1167 Vale.

2229 1268 2531 1349 Alloquitur
2548 1266 2712 1349 enim,
2743 1276 2800 1321 ut
2829 1266 2963 1349 dixi,
2990 1265 3357 1349 Yolusianum,
3401 1261 3577 1345 Albini
3607 1262 3788 1349 il‘l'ium,

2228 1332 2382 1421 cujus
2405 1341 2675 1408 preprium
2698 1332 2894 1393 nomen
2924 1336 3259 1418 Volusianus,
3287 1336 3603 1405 cognomina
3628 1332 3790 1389 Vene-

2230 1424 2340 1465 rius
2369 1410 2571 1465 Ruﬁus.
2604 1409 2750 1465 ldem
2779 1408 2937 1477 paulo
2962 1421 3249 1478 superius:

2414 1527 2582 1589 Rullus
2602 1527 2763 1576 Albini
2786 1527 2937 1589 gloria
2960 1536 3133 1585 magna
3156 1526 3328 1587 patris,

2354 1590 2447 1649 Qui
2468 1588 2635 1640 Volusi
2652 1588 2850 1652 antiquo
2866 1590 3057 1638 derivat
3074 1592 3332 1638 stemmate
3356 1595 3553 1635 nomen.

2154 1746 2205 1808 Β
2236 1707 2463 1764 Urbanaa
2489 1722 2619 1763 vero
2645 1705 2920 1789 Velusiani
2944 1703 3297 1785 praelectum,
3318 1714 3475 1769 quam
3499 1699 3549 1753 ei
3572 1697 3791 1784 delatam

2229 1781 2523 1808 n—nI-glnl-n-
2579 1786 2730 1808 ΩΔρΙιρ
2758 1787 2835 1808 nol
2868 1775 3142 1808 Vulnnl..."
3176 1786 3341 1808 Inmnc
3373 1770 3411 1808 D
3466 1770 3526 1808 V,
3559 1768 3791 1808 Iulmlnm

2227 1781 2544 1848 gratulatur,
2579 1778 2732 1834 testis
2757 1787 2840 1832 est
2868 1768 3145 1848 Vo'lusiani
3176 1768 3347 1848 ipsius
3466 1770 3531 1824 V.
3556 1768 3792 1848 Edictum

2225 1837 2482 1907 adversus
2505 1837 2814 1906 Coelestium
2839 1845 3164 1901 hmreticum.
3188 1837 3371 1912 Itaque
3390 1839 3696 1912 Numatiani
3718 1837 3791 1890 lti-

2228 1922 2463 1989 nerario,
2483 1929 2664 1976 nostra
2685 1919 2894 1985 quidem
2908 1916 3240 1989 conjectura,
3260 1910 3706 1989 rediiitegrandus
3720 1916 3793 1962 est

2230 1978 2558 2059 titulus,'AD
2589 1978 2847 2046 RUFIUM
2878 1978 3233 2042 venientum
3268 1978 3727 2039 thLUSlANUll.
3778 2013 3793 2031 ..

552 2132 3793 2184 ,_._____—_——————-————————————-—-————-—-——"
1967 2147 3792 2177 __________.-.______—_—————

576 2161 1881 2170 —_________ir

2801 2147 3792 2175 ﬁ

617 2278 2108 2443 3.8;AP0LLH

2211 2161 2796 2434 Χιῖἷξ
2890 2233 3793 2433 summi

584 2594 601 2606 ·
1178 2748 1185 2755 ,
1314 2716 1330 2730 ,
1723 2562 2588 2691 CARMINA.

924 2934 1081 3006 237
1120 2930 1401 2989 (meum
1441 2929 1722 2988 PRIMUM.

543 3044 817 3086 ΡΙΜΞΡΑΤΙΟ
840 3037 863 3065 ⁸
888 3044 937 3082 ΙΝ
968 3042 1327 3083 ιιλιειεϐῖιιιουιι
1356 3041 1549 3081 βιοτυκ
1587 3038 1852 3081 Λητιιειιιο
1877 3038 2113 3081 AUGUSTO

1140 3111 1217 3152 BIS
1254 3111 1414 3152 CONSU
1422 3112 1493 3152 LI.

543 3211 673 3266 Cum
699 3210 951 3279 juvenem
981 3222 1140 3277 super
1165 3206 1306 3262 a'stra
1334 3207 1521 3262 Jovem
1550 3214 1737 3263 natura
1770 3207 1992 3271 locaret,
2024 3230 2027 3233 ·

607 3303 1021 3372 Susciperetque
1052 3315 1221 3356 novus
1248 3315 1413 3371 regna
1437 3308 1646 3355 vetusta
1674 3300 1826 3369 deus,

542 3394 830 3450 Certavere
858 3407 1013 3448 suum
1046 3392 1285 3448 venerari
1319 3391 1538 3446 numina
1568 3406 1786 3457 numen,

609 3484 1030 3556 Disparibusque
1052 3482 1224 3539 modis
1247 3498 1345 3553 par
1374 3483 1617 3538 cecinere
1644 3481 1866 3552 sophos.

543 3575 683 3634 Mars
710 3577 991 3646 clangente
1020 3575 1144 3631 tuba
1176 3575 1339 3644 patris
1369 3573 1634 3644 praeconia
1655 3572 1807 3642 dixit,

598 3662 977 3739 Laudavitque
1006 3681 1140 3723 sono
1169 3665 1392 3722 fulmina
1416 3665 1694 3721 fulmineo.

536 3760 729 3829 Arcas,
759 3768 814 3815 et
838 3760 1139 3815 arcitenens
1167 3756 1362 3813 ﬁdibus
1382 3766 1662 3827 strepuere
1686 3756 1918 3821 sonoris,

526 3881 533 3889 -
614 3855 829 3910 Doctior
858 3853 942 3909 hic
969 3853 1188 3908 citharae
1213 3852 1473 3922 pulsibus,
1503 3852 1593 3908 ille
1617 3852 1793 3923 lyra.

545 3944 972 4015 Castalidumque
1002 3947 1199 4001 chorus
1229 3947 1376 4001 vario
1406 3944 1767 4001 modulamine
1793 3945 2009 4015 plausit,

528 4070 531 4085 ι
616 4036 978 4106 Carminibus,
1010 4038 1215 4101 cannis,
1243 4036 1451 4105 pollice,
1482 4050 1634 4102 voce,
1665 4036 1819 4106 pede.

544 4130 707 4200 288
733 4128 840 4183 Sed
863 4137 982 4197 post
1005 4128 1273 4183 caelicolas
1299 4128 1460 4182 etiam
1488 4126 1774 4183 mediocria
1807 4125 1979 4181 fertur

614 4220 830 4274 Cantica
855 4217 1151 4274 semideum
1181 4216 1499 4272 sustinuisse
1524 4216 1677 4272 deus.

543 4312 694 4367 'l‘unc
723 4310 898 4366 faunis
920 4309 1178 4377 Dryades,
1206 4308 1517 4379 Satyrisque
1539 4309 1869 4366 Mimallones
1900 4317 2057 4381 apta‘,

530 4434 536 4459 ε
622 4401 891 4455 Fuderunt
917 4399 1151 4470 lapidum
1180 4399 1379 4454 rustica
1409 4399 1560 4453 turba
1592 4400 1782 4455 melos.

544 4495 662 4551 Alta
689 4492 998 4548 cicuticines
1026 4491 1296 4562 liquerunt
1326 4490 1543 4545 Mtenala
1574 4491 1769 4556 Panes,

530 4596 537 4624 ί
611 4588 848 4656 Postque
866 4584 1057 4655 chelyn
1090 4584 1287 4653 placuit
1313 4584 1486 4640 ﬁstula
1514 4599 1672 4640 rauca
1703 4584 1845 4642 Jovi.

542 4680 651 4735 llos
678 4678 813 4734 inter
837 4677 1033 4732 Chiron
1063 4676 1128 4731 ad
1159 4676 1357 4747 plectra
1382 4679 1625 4732 sonantia
1654 4680 1877 4745 saltans,

612 4770 791 4827 Flexit
815 4770 991 4840 inepta
1022 4769 1104 4823 sui
1127 4768 1363 4824 membra
1393 4769 1592 4826 facetus
1618 4770 1739 4840 equi
1767 4787 1781 4824 :

530 4863 765 4920 Semivir
790 4863 959 4917 audiri
991 4863 1204 4928 meruit,
1236 4866 1534 4934 meruitque
1561 4865 1791 4933 placere,

609 4955 859 5022 Quamvis
888 4954 1148 5008 hinnitum
1176 4954 1302 5009 dum
1328 4955 1469 5008 canit
1492 4955 1580 5008 ille
1606 4955 1783 5009 daret.

614 5088 769 5161 104
813 5097 838 5124 ⁸
889 5086 1339 5157 Panegyricorum
1390 5087 1597 5161 Sidonii
1644 5096 1998 5161 przeposterns
2029 5099 2112 5145 est

538 5159 691 5217 ortﬁ).
742 5159 908 5213 Recta
953 5162 1120 5216 series
1162 5168 1294 5221 erat,
1353 5168 1408 5229 ut
1454 5159 1627 5227 primo
1666 5160 1784 5211 loco
1827 5171 2111 5229 appareret

538 5230 889 5302 panegyricus
920 5229 1081 5302 Aviti,
1104 5300 1112 5302 ἓ
1132 5237 1242 5302 tum
1284 5228 1478 5282 deinde
1508 5228 1803 5302 hlajoriani,
1838 5242 2109 5298 postremo

538 5298 837 5365 Anthemii,
877 5301 966 5369 qu‘i
1015 5300 1318 5369 Majoriano
1352 5306 1472 5365 post
1517 5298 1774 5353 Severum
1824 5304 2105 5368 successit,

537 5375 684 5444 ἀνήρ,
729 5379 787 5424 ut
812 5366 1161 5444 Theophanes
1208 5371 1261 5423 in
1291 5366 1555 5444 Chronico
1600 5370 1804 5444 scribit,
1843 5366 2104 5444 ⁸ξίρισιςιαὲ

538 5440 809 5514 stadia-atro;
838 5446 918 5495 καὶ
951 5442 1176 5514 εὐσεϐῶς
1204 5446 1294 5514 τήν
1323 5440 1578 5514 βασιλείαν
1610 5441 1801 5495 ἰθύνων.
1832 5440 1936 5514 Yth
1966 5442 2106 5494 citri-

539 5512 893 5578 stianissimus,
913 5521 960 5564 et
984 5513 1067 5581 qui
1093 5528 1205 5565 cum
1233 5512 1417 5582 pietate
1437 5513 1705 5582 imperium
1734 5512 1882 5582 rexit.
1902 5513 1977 5566 Ex
2000 5527 2106 5580 quo

542 5582 804 5636 Damascii
834 5584 1119 5651 vanitatem
1167 5584 1473 5650 redarguas,
1525 5584 1613 5651 qui
1663 5581 1716 5636 in
1766 5581 1868 5634 vita
1920 5584 2107 5636 lsidori

541 5652 775 5731 Egyptii
798 5650 1131 5731 Anihenﬁmu
1153 5655 1297 5704 tinxit
1324 5650 1563 5731 impium,
1582 5663 1739 5721 atque
1756 5653 2107 5731 ἑλληνόφροῃᾳ,

541 5737 593 5779 et
620 5720 711 5793 qui
742 5720 945 5775 occulta
976 5722 1044 5775 de
1074 5723 1376 5776 renovando
1406 5720 1668 5776 idolorum
1712 5725 1854 5777 cultu
1888 5720 2105 5779 consilia

540 5807 719 5852 mente
744 5797 985 5861 agitaret.
1014 5794 1139 5857 Qum
1162 5801 1336 5846 autem
1367 5794 1577 5857 occasio
1615 5803 1666 5846 et
1707 5808 1862 5849 causa
1890 5796 2110 5852 Sidonio

2221 2931 2365 3002 Ergo
2392 2943 2604 2986 sacrum
2628 2929 2778 2987 dives
2807 2936 2861 2984 et
2883 2944 3083 2999 pauper
3111 2929 3287 3000 lingua
3316 2929 3521 2998 litabat,

2290 3022 2620 3094 Summaque
2646 3031 2771 3078 tunc
2796 3021 2905 3077 voti
2926 3022 3140 3076 victima
3169 3029 3355 3078 cantus
3381 3032 3517 3079 erat.

2220 3114 2313 3171 Sic
2341 3130 2461 3180 nos,
2493 3130 2526 3168 ο
2552 3113 2753 3183 Caesar,
2786 3115 2951 3170 nostri
2978 3128 3099 3184 spes
3128 3114 3363 3168 maxima
3384 3115 3549 3179 saecli,

2288 3206 2418 3261 Post
2441 3221 2662 3277 magnos
2691 3221 2941 3277 proceres
2963 3206 3181 3275 parvula
3208 3206 3361 3260 thura
3393 3206 3599 3272 damus,

2223 3297 2487 3353 Audacter
2510 3297 2669 3353 docto
2699 3296 2727 3337 δ
2758 3312 2936 3352 coram
2964 3296 3176 3353 Victore
3202 3308 3479 3363 canentes,

2288 3392 2395 3443 Aut
2418 3387 2629 3456 Phoebi,
2658 3397 2749 3443 aut
2773 3396 2952 3443 vestro
2974 3387 3063 3458 qui
3090 3388 3228 3442 solet
3250 3402 3346 3443 ore
3368 3389 3535 3457 loqui.

2217 3478 2320 3545 Qui
2347 3480 2474 3534 licet
2500 3488 2701 3535 eterna
2729 3480 2799 3534 sit
2818 3479 2968 3534 vobis
2996 3486 3231 3548 quaastor
3257 3480 3309 3534 in
3340 3479 3480 3545 aula,

2292 3571 2578 3628 Eternum
2610 3572 2763 3627 nobis
2792 3571 2881 3626 ille
2902 3571 3154 3641 magister
3177 3572 3297 3627 erit.

2222 3662 2363 3733 Ergo
2387 3663 2529 3718 colat
2553 3662 2713 3718 varia:
2740 3670 2812 3729 te,
2842 3662 3108 3731 princeps,
3142 3662 3314 3718 hostia
3340 3661 3531 3733 lingua:
3558 3681 3570 3714 :

2291 3753 2427 3810 Nam
2453 3768 2590 3811 nova
2615 3753 2808 3825 templa
2830 3753 2923 3808 tibi
2951 3763 3164 3823 pectora
3196 3763 3377 3811 nostra
3407 3754 3555 3809 lacis.

2823 3865 3099 3923 CARMEN
3139 3867 3202 3923 ΙΙ.

2200 4028 2201 4031 η
2255 3978 2615 4021 ρλκεογιιιουε
2650 3979 2789 4028 QUEM
2839 3978 2995 4019 ROMS
3032 3978 3271 4019 SIDONIUS
3308 3980 3453 4019 DIXI'I‘
3493 3979 3754 4020 ANTIIEIIO

2691 4050 2931 4090 AUGUSTO
2970 4050 3047 4089 lllS
3086 4049 3323 4091 CONSULI.

2291 4127 2544 4198 Auspicio
2567 4134 2622 4181 et
2652 4140 2877 4181 numero
2908 4126 3099 4194 fasces,
3130 4130 3399 4197 Auguste,
3427 4128 3691 4184 secundos

2221 4217 2399 4288 Erige,
2425 4227 2479 4272 et
2502 4216 2761 4287 ell'ulgens
2793 4215 3041 4272 trabealis
3069 4219 3212 4273 mole
3242 4219 3444 4275 metalli

2220 4310 2433 4365 Annum
2462 4307 2636 4377 pande
2663 4323 2889 4377 novum,
2918 4309 3105 4364 consul
3135 4317 3315 4376 vetus,
3348 4325 3411 4366 ac
3439 4309 3558 4366 sine
3587 4309 3723 4367 fastu

2218 4399 2465 4456 Scribere
2489 4398 2572 4454 bis
2598 4398 2752 4455 fastis
2783 4416 2797 4453 :
2826 4415 3125 4470 quanquam
3152 4400 3454 4457 diademate
3488 4403 3691 4458 crinem

2222 4494 2385 4564 289
2410 4492 2709 4561 Fastigatus
2737 4506 2860 4556 eas,
2900 4492 3253 4563 humerosque
3282 4508 3348 4547 ex
3379 4508 3531 4550 more
3560 4495 3784 4565 priorum

2222 4586 2463 4657 Includat
2487 4588 2717 4643 Sarrana
2745 4587 3016 4660 chlamys,
3050 4596 3100 4644 te
3130 4591 3270 4659 picta
3304 4598 3546 4659 togarum

2141 4640 2197 4700 Β
2222 4640 2462 4748 nisi...
2491 4640 2609 4749 plus
2635 4640 2808 4748 capiat
2822 4640 2849 4733 ζ
2858 4640 3016 4749 ἐίιῖίέ
3033 4640 3117 4735 τέε
3130 4640 3234 4737 ’έέί
3243 4640 3571 4752 ᾆιίῗρζῖξὶ»
3594 4698 3710 4737 aevo

2221 4771 2382 4837 Rara,
2415 4771 2664 4841 frequens
2694 4772 2902 4826 consul.
2935 4771 3143 4842 'l‘uque,
3176 4787 3210 4828 ο
3234 4774 3320 4829 cui
3349 4775 3533 4831 laurea.
3556 4774 3691 4831 lane

2220 4864 2410 4918 Annua
2439 4863 2686 4928 debetur,
2720 4864 2883 4933 religa
2916 4870 3129 4933 torpore
3156 4864 3332 4920 soluto

2222 4956 2419 5023 Quavis
2446 4955 2636 5013 fronde
2656 4971 2858 5025 comas,
2888 4955 3062 5013 subita
3091 4971 3190 5012 nec
3218 4956 3337 5013 luce
3362 4973 3617 5028 pavescas

2222 5093 2383 5166 tigerit
2432 5093 2734 5166 panegyrici
2782 5092 3139 5166 Anthemiani,
3188 5094 3370 5149 docuit
3423 5110 3521 5151 nos
3567 5096 3723 5166 epist.
3758 5095 3787 5149 9

2217 5161 2313 5216 lib.
2344 5177 2383 5215 ι.
2430 5163 2506 5217 Ex
2544 5161 2613 5218 ea
2653 5165 2794 5219 enim
2838 5163 3018 5218 Romae
3063 5165 3266 5219 dictum
3311 5174 3523 5223 constat
3558 5161 3788 5221 calendis

2217 5231 2519 5306 Januariis,
2577 5248 2697 5287 cum
2748 5235 3064 5290 Anthemius
3112 5238 3248 5305 Aug.
3298 5236 3576 5305 imperium
3622 5252 3787 5306 nuper

2216 5304 2465 5377 adeptus,
2494 5306 2830 5377 consulatum
2863 5306 3087 5361 alterum
3110 5304 3590 5377 (prioremquippe
3614 5304 3785 5360 adhuc

2217 5373 2455 5441 privatus
2484 5373 2941 5445 ConStantinopoli
2970 5373 3174 5447 egerat)
3217 5373 3442 5431 solemni
3490 5373 3789 5447 principum

2211 5457 2365 5515 more
2395 5446 2782 5515 auspicaretur,
2809 5462 2949 5501 anno
2974 5446 3171 5501 Christi
3200 5448 3327 5503 468.
3374 5449 3550 5514 Quare
3594 5446 3788 5502 ab'liac

2212 5514 2528 5639 itera‘tlorum
2592 5514 2815 5573 fascium
2875 5518 3226 5587 gratulatione
3280 5518 3597 5574 laudationis
3644 5516 3788 5573 ducit

2212 5598 2342 5639 exor
2385 5601 2513 5639 tum.

2212 5598 2513 5640 exordium.

2284 5652 2311 5692 b
2344 5654 2470 5730 Alii,
2500 5657 2722 5725 doctore,
2769 5665 2827 5711 ut
2849 5658 3068 5727 vulgati.
3121 5660 3223 5716 Sed
3272 5674 3391 5715 cum
3439 5661 3492 5716 in
3522 5660 3788 5730 plerisque

2214 5726 2402 5778 victore
2431 5728 2717 5800 legeretur,
2763 5742 2871 5800 non
2900 5726 3132 5785 dubitavi
3172 5731 3299 5799 quin
3344 5731 3395 5784 id
3440 5726 3553 5800 ejus
3591 5726 3786 5789 nomen

2216 5807 2381 5863 esset,
2407 5801 2494 5868 qui
2523 5798 2658 5852 sacri
2691 5799 2867 5867 palatii
2901 5810 3136 5869 qua-stor
3166 5801 3255 5857 iu“
3294 5798 3588 5860 Anthemio.
