4060 6332
248 304 338 392 ὀμ
1528 408 1543 419 ν
1705 332 2031 390 cantum.

246 449 518 518 Principis,
548 457 640 503 aut
670 462 842 503 rerum
873 449 1061 505 credas
1087 449 1351 505 elementa
1378 450 1603 505 moveri.

242 543 322 599 Nil
349 551 531 597 natura
560 552 721 597 novat
752 560 763 595 :
794 543 873 597 sol
905 543 990 597 hic
1016 559 1229 615 quoque
1260 546 1402 600 venit
1429 545 1497 598 ab
1526 552 1665 599 ortu.

244 636 335 692 IIic
359 646 460 703 est,
488 652 523 691 o
551 652 822 705 proceres,
852 646 879 674 ι
909 640 1058 707 petiit
1087 653 1243 708 quem
1272 637 1496 692 Romula
1528 638 1718 702 virtus,

240 729 301 784 Et
330 744 490 800 quem
512 741 689 785 vester
713 745 863 786 amor
892 747 905 783 :
934 731 1020 785 cui
1050 744 1109 785 se
1136 745 1235 785 ceu
1263 730 1399 784 victa
1429 729 1703 800 procellis,

236 824 408 894 Atque
436 838 628 878 carens
656 832 864 880 rectore
889 824 1039 888 ratis,
1067 822 1364 894 respublica
1395 823 1614 879 fractam

236 916 431 982 Intulit,
460 923 516 969 ut
538 916 698 986 digno
725 915 913 973 melius
942 915 1201 972 nectenda
1230 916 1506 984 magistro,

231 1006 307 1063 Ne
330 1017 693 1077 tempestates,
721 1006 749 1046 δ
779 1023 846 1065 ne
874 1018 947 1075 te,
977 1010 1166 1079 pirata,
1201 1008 1431 1065 timeret.

231 1101 306 1155 Te
337 1115 495 1171 prece
520 1101 752 1157 ruricola
776 1103 1024 1173 expetiit,
1054 1111 1106 1158 te
1136 1102 1340 1159 findere
1357 1103 1577 1172 junctus

228 1191 488 1259 Assensu,
520 1202 571 1247 te
597 1203 770 1248 eaStra
803 1194 963 1260 tubis,
997 1205 1049 1250 te
1078 1195 1226 1249 curia
1256 1195 1469 1265 plausu.

228 1281 302 1336 Te
334 1282 547 1353 punctis
576 1284 840 1353 scripsere
871 1285 1058 1350 tribus,
1088 1287 1398 1357 collegaque
1430 1286 1574 1341 misit

226 1375 301 1431 Te
328 1376 504 1443 nobis,
533 1392 862 1449 regnumque
892 1379 1016 1445 tibi;
1058 1380 1307 1450 suifragia
1340 1388 1417 1436 tot
1444 1391 1591 1447 sunt,

224 1467 432 1532 Quanta
471 1468 597 1537 legit
630 1469 860 1524 mundus
887 1488 898 1522 :
924 1468 1115 1536 lateor,
1151 1472 1532 1541 trepidavimus
1560 1488 1768 1537 omnes,

223 1557 300 1612 Ne
326 1558 490 1614 vellet
517 1559 720 1630 collega
749 1561 871 1630 pius
895 1561 1205 1629 permittere
1234 1571 1358 1618 voto

223 1650 441 1708 Publica
473 1659 596 1706 vota
628 1661 750 1718 tuo;
795 1653 977 1708 credet
1003 1663 1225 1710 ventura
1257 1670 1514 1726 propago,

220 1742 277 1797 In
313 1756 413 1797 nos
441 1750 499 1796 ut
525 1743 749 1813 possint,
784 1745 1050 1815 princeps,
1082 1746 1159 1801 sic
1185 1757 1373 1803 cuncta
1402 1749 1582 1820 licere,

222 1839 302 1893 De
334 1849 388 1894 te
417 1854 523 1894 non
558 1848 726 1895 totum
758 1840 907 1896 licuit
939 1841 1052 1896 tibi.
1100 1842 1259 1898 Facta
1292 1844 1529 1914 priorum

218 1928 546 2001 Exsuperas,
577 1934 811 2003 Auguste
833 1932 973 2000 Leo;
1021 1950 1141 1990 nam
1173 1951 1331 2006 regna
1361 1948 1631 2009 superstat

215 2024 322 2090 Qui
354 2039 579 2093 regnare
599 2023 778 2094 jubet;
813 2025 1002 2081 melius
1035 2027 1333 2097 respublica
1360 2037 1536 2084 vestra

214 2114 378 2170 Nunc
413 2116 515 2170 erit
544 2130 646 2170 una
677 2118 866 2187 magis,
900 2132 1018 2187 quae
1044 2118 1123 2175 sic
1150 2126 1233 2174 est
1261 2119 1397 2175 facta
1428 2120 1677 2179 duorum.

284 2208 453 2263 Salve
482 2216 810 2277 sceptrorum
840 2209 1121 2277 columen,
1154 2210 1338 2281 regina
1369 2212 1622 2281 Orientis,

214 2310 236 2337 ε
266 2299 436 2355 Orbis
460 2299 624 2355 Roma
653 2300 748 2365 tui,
775 2315 953 2356 rerum
984 2299 1112 2355 mihi
1134 2302 1376 2373 principe
1401 2302 1584 2371 misso,

211 2390 338 2446 Iani
371 2407 477 2445 non
505 2388 531 2428 ἀ
556 2390 670 2446 Εοο
696 2391 867 2446 solum
899 2392 1199 2447 veneranda
1225 2393 1407 2463 quiriti

210 2481 437 2554 Imperii
466 2481 653 2549 sedes;
686 2483 779 2539 sed
809 2483 929 2554 plus
957 2478 1211 2553 pretiosa,
1242 2485 1383 2556 quod
1415 2494 1595 2543 exstas

284 2707 318 2731 ο
341 2694 638 2770 Legationis
650 2710 752 2765 qua
773 2695 1018 2770 Romani,
1038 2705 1251 2753 mortuo
1265 2696 1488 2761 Severo,
1504 2696 1802 2770 principem

209 2787 235 2821 τι
256 2770 447 2823 Leone
467 2766 823 2840 postularunt,
843 2769 1083 2823 meminit
1103 2769 1357 2840 Evagrius
1380 2769 1475 2825 lib.
1495 2766 1555 2835 ti,
1576 2766 1694 2840 cap:
1716 2772 1802 2826 i6:

211 2842 296 2895 Ἐκ
351 2840 630 2916 πρεσϐείας
684 2836 738 2893 δὲ
794 2846 893 2893 τῶν
940 2836 1529 2916 ᾆστιῃοίωνἾΡριξμταιίαηο⁸
1567 2836 1807 2914 ’Δνῦἄμιος

209 2911 465 2979 aerarii»);
506 2917 595 2968 τῆς
633 2915 884 2982 Ῥῳμαέων
931 2911 1267 2982 ἐκπέμπεται.
1324 2911 1807 2979 ΤυρορΙιθηθςτῆς

208 2982 506 3055 συγκλήτου
530 2980 829 3055 πρισξείαν,
858 2980 1076 3055 senatus
1102 2983 1418 3055 legationem
1445 2993 1622 3055 vocat.
1652 2983 1808 3038 Dela-

209 3050 334 3107 tntit
376 3050 632 3105 autem'a
675 3050 853 3105 Leone
883 3050 1171 3119 imperium
1208 3051 1496 3106 Anthemio
1543 3062 1807 3109 testantur

205 3137 429 3189 ornties,
466 3132 519 3176 ct
551 3119 661 3176 Leo
702 3121 813 3189 ipse
851 3121 903 3175 in
947 3111 1156 3177 novella
1189 3121 1266 3176 De
1295 3123 1437 3177 bouis
1473 3125 1766 3180 vacantibus
1790 3140 1809 3181 :
1832 3111 1881 3175 C

206 3198 305 3249 ubi
351 3201 408 3248 et
457 3193 639 3265 lilium,
669 3192 823 3265 105
865 3207 1019 3248 suum
1068 3209 1129 3247 ea
1161 3207 1344 3260 causa,
1386 3194 1528 3263 quod
1559 3200 1837 3265 purpuraa’

206 3275 408 3320 auctor
454 3264 527 3317 illi
574 3263 807 3329 luisset,‘
827 3265 1068 3319 nominat
1113 3264 1479 3320 Anthemium.
1538 3263 1673 3321 Hinc
1715 3267 1804 3321 illa

207 3341 501 3405 utriusque
548 3334 802 3406 principis
848 3335 1157 3400 concordia,
1202 3351 1361 3406 quam
1410 3345 1521 3391 toto
1561 3348 1807 3406 poemate

208 3403 527 3477 prta-dicat:
559 3403 816 3477 cujustme
860 3406 1017 3459 index
1061 3403 1255 3477 aureus
1303 3403 1573 3475 nummus,
1616 3408 1667 3462 in
1699 3424 1804 3477 quo

207 3475 332 3534 Leo
376 3486 432 3530 et
478 3475 793 3530 Anthemius
839 3476 1105 3530 consertis
1149 3477 1291 3532 inter
1333 3492 1393 3533 se
1441 3475 1806 3545 manibus,‘et

207 3548 381 3606 Pacis
411 3562 606 3600 numen
640 3546 951 3614 ascriptum.

289 3620 321 3657 ι)
356 3618 427 3670 De
457 3615 749 3687 Genserico
781 3615 1140 3687 Vandalorum
1182 3632 1328 3687 rege,
1365 3632 1525 3687 quem
1554 3619 1803 3687 piratam,

205 3688 558 3763 prmdonem,
589 3685 849 3763 latronem
879 3686 1150 3763 appellare
1178 3685 1336 3742 solet.

294 3771 320 3797 ο
353 3758 734 3811 Constantinus
758 3771 879 3811 eum
909 3756 1095 3809 urbem
1120 3772 1150 3810 a
1175 3772 1234 3811 se
1258 3756 1525 3812 conditam
1557 3760 1806 3816 omnibus

204 3829 557 3909 ornamentis
597 3829 780 3909 Itonia:
827 3835 1116 3909 aequasset,
1158 3833 1307 3909 quod
1343 3828 1803 3909 ﬁreliquuniherat,

207 3907 326 3958 [ιω
381 3902 497 3967 lege
545 3897 758 3965 adjecit,
812 3897 1406 3969 utConstantinopolis
1454 3915 1589 3955 nova
1636 3900 1805 3957 Roma

204 3976 516 4036 diceretur,
544 3978 623 4041 ut
665 3977 846 4041 narrat
881 3968 1129 4025 Socrates
1176 3968 1279 4026 lib.
1310 3986 1326 4024 ι
1374 3971 1531 4037 llist.,
1568 3986 1687 4041 cap.
1717 3973 1802 4027 l2.

203 4046 444 4099 Certant
470 4040 664 4112 exinde
699 4040 988 4112 scriptores
1031 4042 1083 4095 in
1130 4041 1409 4112 utriusque
1435 4040 1802 4098 Romze’com-

204 4116 516 4186 paratione.
546 4110 832 4186 Gregorius
864 4109 1225 4186 Nazianzenus
1253 4109 1574 4168 in'carmine
1596 4114 1663 4169 de
1685 4114 1803 4171 Vita

204 4182 340 4250 Sua,
396 4183 530 4237 adeo
578 4182 810 4251 aequales
861 4183 1006 4248 facit,
1057 4194 1115 4237 ut
1159 4184 1265 4237 situ
1315 4192 1519 4238 tantum
1569 4198 1632 4240 ac
1689 4188 1804 4241 loco

204 4258 530 4324 discrepare
557 4253 717 4307 dicat.
752 4252 990 4307 Julianus
1021 4268 1148 4307 vero
1175 4254 1445 4324 Augustus
1477 4256 1528 4308 in
1555 4259 1803 4312 encomio

204 4325 521 4382 Constantii
574 4338 764 4377 novam
813 4324 977 4378 veteri
1030 4325 1187 4394 longe
1236 4330 1526 4394 postponit.
1577 4328 1798 4394 ῐιόλιντι,

206 4401 392 4467 inquit
410 4436 425 4460 ,
465 4398 722 4467 ἐπώνυμον
746 4398 903 4467 αὺτρῦν
933 4398 1246 4453 κατέστησεν
1272 4398 1321 4450 ἐν
1346 4395 1461 4451 οὐδὲ
1491 4397 1620 4458 ὅλοις
1662 4398 1801 4455 ἔτεσι

206 4463 368 4533 asia,
415 4463 645 4540 τοᾳούτῴ
692 4474 791 4540 τῷν
834 4463 991 4540 ᾇλλων
1037 4467 1525 4540 ἁπασῶνλμιίζονκ,
1568 4468 1671 4540 ὅσῳ
1719 4479 1802 4532 τῆς

205 4544 411 4612 ,ρὼμης
451 4535 794 4628 ξλαττὸῦςθαι
846 4535 1007 4623 δοκεῖ,
1056 4537 1114 4598 ἧς
1152 4541 1210 4627 τὲ
1265 4535 1498 4628 δὲύτεβρν
1552 4535 1804 4625 τετάχθαι

207 4607 401 4688 μαὲρῷ
427 4609 633 4678 τβέλτιον
678 4607 846 4680 ἔμοιγε
875 4611 1139 4688 petiverat,
1179 4609 1209 4668 ἧ
1247 4615 1346 4664 τῶν
1388 4607 1546 4665 ἄλλων
1587 4607 1801 4667 ἆπάἆῶν

208 4682 428 4757 pnigeus:
476 4686 562 4734 καὶ
607 4684 812 4753 πρώτην
849 4682 1157 4757 νομίζεσθας.

284 4752 315 4791 ἀ
368 4754 494 4806 Ilaec
542 4751 693 4805 vetus
740 4761 794 4802 et
839 4764 964 4805 vera
1017 4751 1196 4811 lectio.
1247 4765 1344 4805 nec
1396 4751 1556 4804 aliam
1603 4752 1801 4820 patitur

209 4838 435 4886 sensus,
457 4829 549 4875 aut
576 4830 840 4875 structura
868 4822 1145 4875 orationis.
1177 4820 1308 4875 Nam
1334 4821 1379 4875 si
1404 4821 1605 4887 Quirini
1633 4822 1798 4891 legas,

211 4895 363 4966 quod
407 4894 523 4966 viro
560 4893 718 4966 docto
748 4891 966 4959 placuit,
1014 4891 1280 4966 sententia
1323 4893 1706 4966 corrumpitur,
1748 4902 1803 4947 et

211 4961 270 5022 -ἑὸ
303 4963 804 5038 Εοοῌὰσυνοὶρτζητον
832 4969 1032 5038 manet.
1066 4962 1206 5038 E_oos
1235 4976 1363 5038 ergo
1383 4961 1629 5038 Quirites
1649 4971 1801 5038 vocat

212 5044 368 5093 cives
408 5031 1043 5102 Constantinopolitanos.
1090 5031 1346 5101 Sequitur
1372 5032 1553 5103 .enim,
1587 5032 1630 5088 si
1655 5032 1801 5089 Con-

292 5193 309 5222 ι
346 5190 437 5244 Sic
482 5187 784 5258 legendum,
835 5203 940 5241 non
981 5185 1283 5258 Chalcidici,
1325 5186 1411 5243 hie
1456 5197 1640 5243 monet
1685 5187 1800 5245 Sir-

216 5262 475 5316 IIIOIIdIIS.
543 5257 622 5312 ’At
684 5258 994 5313 Heribertus
1044 5257 1375 5329 Rosweydus
1442 5259 1495 5314 in
1545 5261 1685 5315 notis
1731 5259 1797 5315 ad

215 5336 278 5389 S.
308 5331 614 5391 Paulinum,
666 5344 783 5398 pag.
816 5328 940 5382 860.
998 5347 1016 5379 ι
1046 5328 1381 5399 ίιὶοοεριῆιη,
1428 5329 1618 5399 inquit,
1668 5333 1800 5386 scri-

218 5407 462 5473 ptionem
494 5411 712 5455 tuentur
740 5411 926 5473 omnes
953 5398 1243 5473 scriptores
1272 5398 1578 5473 antiqu_i,et
1602 5402 1802 5457 diserte

217 5468 530 5544 Stephanus
558 5474 610 5524 in
639 5468 940 5546 κᾳρχηδὼν.
974 5469 1080 5524 Nec
1107 5484 1324 5525 movere
1351 5468 1798 5546 tn’ulttttndebent

219 5540 436 5599 vetusm
486 5540 847 5612 exemplaria,
908 5556 1027 5612 ium
1070 5549 1496 5612 pcertogcoustet
1544 5542 1799 5610 pleraque

221 5615 444 5670 nomina
467 5628 584 5682 quae
610 5610 969 5682 It‘adjunctum
997 5610 1212 5674 habent,
1236 5610 1593 5682 diversimode
1614 5612 1795 5678 scribi,

222 5697 276 5739 et
309 5686 338 5737 Ii
368 5680 512 5754 saepe
544 5685 834 5753 transponi.
868 5681 956 5754 Sic
992 5682 1228 5736 invenias
1265 5680 1425 5754 etiam
1462 5683 1514 5736 in
1547 5682 1799 5737 vetustis.

223 5758 377 5811 simis
442 5750 831 5823 exemplaribus
879 5753 1132 5819 Chartam)
1189 5767 1284 5820 pro
1329 5750 1619 5823 Carthago;
1678 5757 1799 5808 item

223 5826 436 5899 Phylen
477 5841 572 5898 pro
604 5824 840 5897 Python;
873 5824 948 5878 sic
967 5833 1017 5878 ct
1051 5824 1321 5878 C/tcrinttts
1375 5839 1467 5878 πητο
1498 5824 1798 5893 Cerinthtts,‘

2211 267 2285 277 1'..-
2328 264 2359 277 ‹⁸

3400 350 3506 403 δη

1838 434 2127 513 Αιιηρὸιδὶἱ
2172 450 2419 516 genitrix.
2472 451 2784 522 Rhodopen]
2815 467 2933 523 qnze
2965 460 3140 522 portat
3167 462 3222 509 et
3249 454 3499 528 Hemum,

1922 540 2085 610 290
2112 539 2375 593 Thracum
2409 551 2548 596 terra
2579 554 2664 597 tua
2699 557 2803 609 est,
2838 532 3061 601 heroum
3092 547 3283 606 fertilis
3313 566 3428 607 ora.

1922 622 2132 703 Excipit
2161 633 2247 689 hic
2277 644 2429 689 natos
2459 636 2678 705 glacies,
2714 651 2768 692 et
2807 640 2993 695 matris
3031 642 3099 696 ab
3126 643 3249 699 alvo

1917 724 2082 778 Artus
2113 723 2376 779 infantum
2408 727 2599 781 molles
2628 728 2719 782 nix
2752 730 2916 785 civica
2948 731 3123 787 durat.

1917 815 2144 873 Pectore
2172 817 2260 871 vix
2288 816 2452 871 alitur
2480 820 2781 889 quisquam.
2811 822 2906 877 sed
2937 824 3005 878 ab
3033 825 3199 881 ubere
3230 834 3454 897 tractus,

1916 908 2042 963 Plus
2071 916 2218 978 potat
2245 924 2339 979 per
2366 910 2557 966 vulnus
2587 927 2782 981 equum
2818 931 2831 966 :
2863 915 2941 970 sic
2967 915 3105 972 lacte
3136 918 3353 985 relicto,

1915 998 2176 1056 Virtutem
2205 1015 2335 1071 gens
2362 1010 2470 1057 tota
2500 1003 2658 1069 bibit;
2702 1019 2924 1061 crevere
2949 1022 3257 1079 parumper,
3348 1016 3356 1041 δ

1916 1091 2036 1146 Mox
2066 1107 2294 1163 pugnam
2326 1094 2516 1148 lutlunt
2537 1094 2761 1164 jacnlis;
2802 1096 2901 1151 hos
2928 1102 3163 1169 suggerit
3192 1101 3300 1157 illis

1912 1183 2102 1240 Nutrix
2132 1185 2282 1257 plaga
2310 1187 2488 1258 jocos;
2520 1188 2668 1259 pueri
2700 1190 2978 1246 venatibus
3002 1191 3137 1261 apti,

1913 1274 2102 1330 Lustra
2134 1277 2262 1333 feris
2290 1288 2550 1344 Vacuant;
2592 1289 2743 1350 rapto
2767 1270 2934 1335 dilata
2961 1282 3215 1351 juventus

1911 1365 2039 1421 Jura
2080 1367 2210 1423 colit
2237 1368 2431 1439 gladii;
2476 1380 3008 1442 consummatamque
3047 1379 3317 1429 senectam

1910 1457 2027 1514 Non
2061 1460 2206 1516 ferro
2242 1462 2397 1518 finire
2430 1464 2591 1533 pudet
2623 1481 2636 1517 :
2671 1465 2759 1519 tali
2791 1465 2985 1521 ordine
3012 1466 3136 1521 vita:

1911 1555 2068 1609 Cives
2096 1555 2280 1611 Martis
2306 1566 2491 1626 agunt.
2534 1558 2603 1612 At
2633 1566 2686 1612 tu
2713 1557 3023 1613 circumflua
3056 1567 3222 1629 ponto

1915 1647 2141 1718 Europa:
2170 1657 2331 1719 atque
2361 1650 2503 1704 Asiae
2523 1691 2537 1715 ,
2569 1651 2913 1706 commissam
2951 1652 3126 1721 carpis
3156 1652 3403 1723 utrinque

1912 1738 2280 1810 Temperiem;
2330 1756 2453 1796 nam
2485 1742 2750 1797 Bistonios
2780 1742 3057 1814 Aquilonis
3096 1743 3274 1800 hiatus

1834 1824 2163 1895 B‘Proxima
2196 1842 2219 1870 ο
2253 1835 2268 1865 ¹
2300 1832 2571 1889 Caehidici
2600 1835 2797 1890 sensim
2828 1835 2952 1890 tuba
2985 1844 3249 1905 temperat
3267 1836 3419 1893 Euri.

1912 1923 2122 1979 Interea
2163 1933 2215 1979 te
2242 1924 2377 1981 Susa
2410 1933 2671 1991 tremunt,
2700 1941 2762 1982 ac
2791 1926 3028 1997 supplice
3053 1929 3197 1984 cultu

1911 2013 2102 2069 Flectit
2130 2016 2505 2072 Achaemenius
2532 2017 2772 2071 lunatum
2800 2017 2963 2073 Persa
2995 2019 3203 2073 tiaram.

1826 2116 1829 2123 '
1910 2107 2069 2165 Indus
2098 2108 2370 2165 odorifero
2395 2111 2596 2165 crinem
2628 2110 2956 2168 madefactus
2983 2127 3215 2178 amomo,

1916 2200 1974 2254 In
2002 2209 2086 2255 tua
2122 2200 2269 2256 lucra
2298 2201 2426 2257 feris
2453 2212 2693 2258 exarmat
2716 2214 2897 2273 guttur
2922 2204 3174 2272 alumnis,

1910 2291 1979 2347 Ut
2006 2292 2237 2361 pandum
2264 2292 2532 2362 dependat
2561 2294 2696 2350 ebur
2726 2310 2738 2347 :
2769 2296 2849 2350 sic
2880 2306 3065 2351 trunca
3108 2302 3346 2365 reportat

1907 2385 2233 2455 Bosphoreis
2270 2384 2495 2455 elephas
2534 2386 2791 2456 inglorius
2817 2401 2909 2441 ora
2942 2387 3172 2442 tributis.

1907 2474 2143 2549 Porrigis
2176 2478 2443 2548 ingentem
2472 2478 2723 2549 spatiosis
2754 2478 3024 2535 mmnibus
3062 2479 3272 2546 urbem,

1912 2702 2287 2824 sitantirtOpolis
2335 2721 2471 2760 nova
2528 2713 2611 2761 est
2657 2706 2855 2773 Roma,
2907 2717 2963 2760 ut
3014 2704 3201 2760 incolae
3258 2703 3484 2770 Quirites

1915 2790 1933 2824 (
1953 2787 2070 2824 ican
2100 2790 2177 2824 ur.

1915 2781 2177 2827 dicantur.

1926 2915 1942 2916 ί
1985 2853 2009 2882 ⁸
2044 2844 2317 2916 Byzantiis
2349 2844 2519 2901 Eurus
2559 2845 2722 2916 spirat
2768 2863 2797 2901 e
2838 2847 3081 2916 proxima
3131 2845 3484 2903 Calchedone.

1910 2915 2276 3040 galcllridicnm
2304 2933 2433 2987 ergo
2460 2915 2599 2972 dixit
2626 2935 2719 2987 pro
2741 2915 3125 2986 Calchedonio,
3157 2930 3214 2973 ut
3239 2918 3511 2991 Paulinui‘

1958 3003 1986 3042 a
2014 3002 2041 3040 a
2070 3003 2082 3040 I
2115 3002 2167 3041 χι
2194 3003 2206 3038 :

2034 3078 2097 3145 Et
2119 3092 2218 3141 quo
2236 3079 2521 3145 Calchidicis
2541 3080 2807 3142 Euphemia
2826 3087 3007 3145 martyr
3031 3082 3081 3131 in
3104 3094 3207 3131 orts

2036 3141 2209 3204 Signat
2235 3142 2457 3205 virgineo
2474 3141 2715 3193 sacratum
2739 3141 2976 3206 sanguine
2994 3142 3148 3195 littus.

1911 3268 2042 3323 Nam
2071 3268 2409 3325 Calchedone
2447 3284 2655 3337 passam
2694 3285 2812 3325 esse
2850 3270 2906 3326 S.
2936 3269 3278 3339 Euphemiam
3325 3284 3482 3323 nemo

1911 3340 2201 3411 nescit.Sic
2219 3341 2558 3410 Apollonium
2578 3341 2814 3396 Stoicum
2838 3340 3230 3411 philosophum,
3251 3340 3407 3394 Marci
3432 3348 3482 3397 et

1908 3412 2057 3466 Lucii
2086 3410 2353 3466 Caesarum
2387 3413 2718 3481 magistrum,
2752 3413 2838 3465 alii
2860 3410 3273 3467 Calchedonium
3303 3425 3350 3477 a,
3375 3413 3481 3479 pel-

1908 3483 2040 3548 lant,
2077 3493 2133 3536 ut
2159 3482 2493 3551 Capitolinus
2524 3484 2575 3536 in
2608 3483 2803 3547 Marco,
2839 3492 2894 3537 et
2931 3482 3218 3552 Eutropius
3249 3482 3338 3535 lib.
3372 3498 3483 3545 vnn.

1906 3554 1995 3607 alii
2026 3552 2415 3618 Calchidicum,
2450 3562 2505 3607 ut
2536 3552 2745 3607 Eusebii
2779 3553 3101 3622 interpretes
3129 3552 3483 3621 Hieronymus

1908 3627 1962 3678 in
1989 3623 2272 3685 Chronico,
2303 3633 2357 3678 et
2382 3622 2736 3678 Cassiodorus
2766 3624 2818 3676 iu
2844 3624 3037 3677 Fastis.
3068 3625 3132 3676 Et
3157 3622 3483 3689 Capitolinus

1907 3695 2051 3749 idem
2094 3698 2144 3745 In
2176 3694 2445 3746 Antonino
2475 3693 2569 3747 Pio
2598 3693 2937 3761 Apollonium
2963 3691 3217 3746 Colchide
3258 3693 3482 3746 accitum

1907 3766 2002 3823 ait,
2032 3762 2173 3833 quod
2201 3762 2552 3833 aliitlicerent
2585 3763 2953 3833 Calcltealone.‘
2977 3762 3137 3833 Aliud
3150 3771 3243 3833 est
3269 3762 3483 3833 Calchi-

1908 3830 2064 3890 dicus
2097 3849 2128 3888 a
2168 3832 2421 3886 Colchide
2445 3832 2691 3895 Eubmm;
2738 3832 2880 3886 aliud
2923 3830 3261 3885 Calchidicus
3307 3847 3336 3883 a
3369 3832 3482 3885 Cal-

1907 3906 2064 3960 chide
2090 3918 2185 3959 seu
2206 3902 2545 3959 Calchedone
2575 3903 2854 3974 Bithyniae.
2887 3904 3055 3974 Quinti
3084 3900 3296 3974 quidem
3325 3902 3481 3974 Chal-

1908 3975 2168 4031 cedonem
2198 3974 2357 4028 hodie
2389 3974 2628 4028 scribunt
2657 3971 2865 4039 omnes,
2898 3984 2951 4029 et
2977 3972 3147 4028 Grzeei
3174 3971 3478 4036 Χαλκηδόνα,

1907 4062 2015 4117 quo
2057 4050 2213 4101 etiam
2258 4044 2417 4117 modo
2456 4044 2791 4117 scribendam
2836 4047 3043 4100 censuit
3081 4042 3384 4111 S'cpltanus
3432 4045 3482 4097 in

1906 4115 2041 4193 voce
2062 4116 2382 4193 quznda'ov:
2400 4116 2504 4172 Sed
2527 4118 2614 4187 qui
2628 4115 2845 4193 antiqua
2870 4124 3211 4193 monumenta
3236 4122 3481 4193 tractant,

1906 4189 2066 4244 aliam
2116 4183 2469 4243 iii'cmnihus
2535 4183 2852 4256 scripturam
2905 4188 3215 4241 observant.
3287 4183 3483 4256 Quarta

1905 4259 2137 4328 denique
2186 4259 2299 4325 ipsa
2346 4258 2582 4330 synodus
2631 4255 2959 4314 decumenica
3011 4258 3062 4330 in
3095 4255 3484 4330 _vetustissimis

1904 4324 2301 4399 exemplaribus
2328 4324 2443 4403 non
2458 4327 2933 4403 Chalcedonensis,
2965 4327 3057 4403 sed
3084 4324 3483 4403 Calchedona:-

1905 4403 1979 4457 sis
2019 4394 2374 4469 nuncupatur.
2408 4401 2471 4455 Et
2504 4401 2643 4470 quod
2691 4401 2849 4456 fidem
2879 4394 3142 4468 praecipue
3173 4394 3317 4464 faci't,
3351 4411 3483 4470 nuu-

1906 4487 2063 4542 qnam
2105 4467 2259 4526 aliter
2296 4467 2765 4527 veteres'nummi.
2814 4467 3053 4542 Vidimus
3080 4482 3210 4542 sane
3239 4467 3482 4542 complu-

1909 4536 2025 4607 res,
2060 4543 2217 4613 106
2246 4552 2355 4596 tum
2387 4542 2738 4607 Cwsariauos,
2784 4550 2892 4595 tum
2931 4540 3257 4613 antiquiores
3303 4536 3435 4591 alios
3470 4554 3481 4588 :

1906 4609 2155 4682 atque—iii
2178 4609 2285 4666 vbis
2315 4629 2497 4674 unum,
2536 4613 2585 4664 iu
2630 4627 2735 4682 quo
2780 4620 2942 4682 parte
2964 4609 3186 4682 adversa
3216 4615 3374 4682 caput
3402 4615 3484 4660 est

1910 4676 2195 4756 Appllinis,
2222 4682 2373 4750 cujus
2404 4676 2660 4756 templqu
2697 4682 2747 4756 in
2776 4676 2835 4733 ea
2866 4679 2997 4732 urbe
3029 4676 3195 4756 fuisse
3224 4676 3373 4729 testis
3403 4686 3483 4756 est

1912 4757 1963 4807 in
1993 4753 2382 4807 Pseudomante
2410 4753 2691 4814 Lucianus,
2731 4752 2781 4802 in
2811 4763 2999 4803 aversa
3041 4752 3211 4815 tripus
3247 4760 3365 4800 cum
3405 4752 3482 4798 in-
3554 4808 3557 4809 ν

1911 4824 2697 4897 εοτὶριίοηθ-ᾈΑΛδᾼᾼΟΝῙΩΝ,
2744 4832 2862 4897 quae
2909 4822 3020 4886 ipsa
3063 4814 3379 4897 eademest
3428 4814 3482 4869 in

1912 4887 2162 4948 omnibus
2189 4894 2328 4946 aliis.
2358 4891 2871 4947 Calchedonensiutn
2902 4903 3032 4942 vero
3062 4887 3277 4956 plurimi
3305 4887 3481 4938 visun-

1913 4973 2019 5032 tur,
2052 4978 2276 5032 quorum
2306 4964 2394 5018 alii
2428 4961 2741 5017 Mercurium
2773 4959 2970 5032 habent
3014 4959 3355 5026 impressum,
3398 4958 3482 5008 alii

1914 5031 2129 5107 Lyram,
2168 5034 2254 5089 alii
2280 5036 2611 5112 Χορεύοντας,
2640 5032 2727 5087 alii
2759 5031 2882 5085 alia.

1907 5189 2090 5244 itidem
2113 5187 2327 5259 Cheruci
2350 5203 2445 5259 pro
2464 5186 2699 5259 Ceruchi.
2727 5188 2766 5240 A
2794 5186 3022 5239 nummis
3045 5198 3257 5252 quoque
3281 5183 3485 5259 nullum

1907 5272 2113 5316 certum
2152 5254 2520 5329 argumentum
2566 5258 2651 5312 hic
2692 5260 2829 5311 sumi
2881 5266 3074 5329 potest,
3104 5269 3225 5329 cum
3256 5264 3310 5329 et
3339 5254 3393 5329 in
3422 5254 3484 5329 iis

1907 5333 2168 5386 variatum
2216 5325 2310 5384 'sit.
2364 5330 2419 5385 In
2462 5329 2737 5383 Thesauro
2780 5330 2857 5382 rei
2903 5325 3216 5395 antiquaria:
3265 5326 3484 5379 lluberti

1911 5402 2141 5467 Goltzii,
2207 5401 2259 5455 in
2328 5416 2545 5454 nummo
2611 5399 2822 5457 Sabina:
2882 5395 3262 5463 Tranquillinte
3322 5396 3485 5451 habes

1910 5480 2365 5533 XAAKHAQNIQN;
2422 5473 2472 5525 in
2530 5472 2635 5524 alio
2687 5483 2905 5522 nummo
2952 5476 3379 5528 XAAKEAQNQN;
3434 5469 3485 5520 in

1907 5558 2125 5598 nummo
2164 5543 2352 5597 Annia:
2407 5542 2675 5597 Faustina:
2722 5544 3136 5605 ΚΔΛΚΗΔΩΝΩΝ.
3184 5536 3241 5589 ltt
3280 5538 3483 5591 Griecia

1907 5613 2146 5683 ejusdem
2215 5613 2405 5667 Goltzii
2476 5621 2679 5683 exstat
2703 5609 3005 5683 indutibus
3072 5607 3482 5683 numismatinus

1905 5678 2327 5741 XAAKEAQNQN.
2372 5702 2388 5733 ι
2468 5682 2597 5735 Vide
2645 5680 2896 5735 Ilarduini
2946 5678 3200 5732 Nummos
3253 5679 3478 5745 antiquet

1910 5771 2029 5825 pag.
2063 5757 2184 5811 235.
2220 5786 2283 5796 -ο
2318 5754 2542 5807 Bwsws
2593 5750 2861 5808 Sirtnond.
2916 5750 3109 5813 editor,
3162 5749 3369 5819 praefat.
3420 5750 3477 5807 ad

1912 5838 2038 5882 tom.
2074 5827 2112 5892 l,
2150 5832 2173 5897 ᾗ
2208 5826 2286 5881 ll.
