4060 6332
556 291 656 349 647

554 401 723 457 Fabro
750 396 1074 467 progenitus,
1099 400 1277 461 spreto
1298 391 1383 446 cui
1422 398 1568 459 patre
1600 389 1768 458 polita

553 492 787 562 Etoquiis
812 490 929 559 plus
961 489 1132 556 lingua
1164 484 1295 549 fuit;
1329 484 1412 538 vel
1437 481 1695 553 quidquid
1722 480 1776 536 in
1800 494 1973 535 aevum

552 585 760 639 Mittunt
785 580 1046 649 Euganeis
1083 577 1330 631 Patavina
1356 575 1629 629 volumina
1660 571 1864 627 chartis
1895 587 1912 625 :

551 678 659 739 Lina
684 670 902 739 Crispus
921 667 1185 723 brevitate
1216 667 1407 735 placet,
1437 679 1545 733 quo
1574 662 1809 732 pondere
1833 660 2032 727 Varro,

560 770 663 834 uno
688 764 844 835 genio
870 761 1106 826 Plautus,
1133 775 1240 831 quo
1262 759 1486 814 fulmine
1514 756 1900 823 Quintilianus,

552 865 657 926 Qua
690 870 883 927 pompa
912 855 1148 920 Tacitus,
1175 867 1447 923 nunquam
1465 851 1581 905 sine
1611 849 1769 905 laude
1793 846 2118 917 loquendus.

621 950 713 1003 llis
742 946 887 1002 hunc
908 945 1193 1001 formatum
1224 943 1435 1007 studiis,
1459 941 1722 997 natalibus
1744 951 1954 1005 ortum;

550 1040 790 1096 Murihns
816 1038 1097 1100 imbutum,
1130 1045 1156 1074 ιι
1195 1035 1466 1105 princeps,
1496 1034 1582 1088 cui
1632 1033 1861 1087 mundus
1886 1032 1955 1086 ah
1980 1030 2122 1085 Euro

549 1134 626 1187 Ad
654 1131 942 1201 Zephirum
990 1138 1114 1183 tunc
1142 1136 1354 1196 sceptra
1397 1126 1582 1192 dabat,
1614 1125 1702 1181 cui
1732 1124 1929 1181 nubilis
1954 1132 2118 1195 atque

553 1226 720 1281 Unica
750 1233 1047 1293 purpureos
1071 1218 1300 1293 debebat
1329 1226 1452 1273 nata
1485 1225 1728 1286 nepotes,

552 1318 728 1387 Elegit
752 1326 1044 1385 generum;
1073 1311 1168 1366 sed
1200 1325 1304 1365 non
1327 1318 1386 1363 ut
1412 1296 1598 1365 deside
1620 1308 1749 1362 luxu

554 1412 789 1466 Fortuna
820 1405 995 1461 soceri
1018 1410 1323 1466 contentus,
1355 1411 1409 1456 et
1433 1399 1540 1455 otia
1574 1406 1800 1469 captans

554 1504 635 1560 Nil
659 1505 760 1558 sibi
784 1502 1009 1558 deberet
1038 1516 1051 1554 :
1076 1498 1103 1539 δ
1130 1496 1345 1553 comitis
1378 1494 1475 1551 sed
1498 1495 1616 1564 jure
1645 1502 1863 1563 recepto

556 1594 780 1649 Danubii
810 1592 975 1662 ripas,
1002 1600 1057 1645 et
1086 1598 1311 1644 tractum
1339 1586 1524 1642 limitis
1545 1584 1708 1654 ampli

552 1688 775 1754 Circuit,
808 1686 1070 1748 hortatur,
1102 1683 1357 1752 disponit,
1386 1680 1626 1747 discutit,
1657 1687 1851 1732 armat.

468 1840 471 1843 ,
552 1784 641 1839 Sic
664 1782 764 1837 sub
780 1787 936 1852 patre
956 1777 1082 1833 Pius
1100 1776 1407 1831 moderatus
1428 1780 1602 1829 castra
1635 1770 1890 1841 parentis,

554 1876 640 1932 Sic
661 1873 865 1928 Marcus
892 1870 1103 1925 vivente
1126 1867 1237 1931 Pio,
1270 1873 1392 1936 post
1411 1864 1528 1934 jura
1562 1862 1762 1927 daturi,

553 1960 1029 2023 Innutnerabilibus
1057 1956 1354 2028 legionibus
1386 1954 1741 2026 imperabant.

554 2059 686 2115 Hinc
709 2054 892 2112 reduci
919 2053 1076 2108 datur
1101 2050 1276 2105 omnis
1297 2049 1491 2114 honor,
1516 2059 1569 2102 et
1588 2057 1610 2085 ε
1630 2044 1843 2114 utrique
1871 2042 2123 2113 magister

553 2150 768 2218 Militiae,
793 2146 1084 2216 consulque
1112 2143 1273 2199 micat
1302 2158 1316 2196 :
1364 2140 1647 2211 conjuncta
1680 2146 1916 2208 potestas

553 2241 789 2304 Patricii,
812 2239 1080 2305 celerique
1102 2234 1268 2304 gradu
1300 2234 1500 2302 privata
1531 2231 1768 2286 cucurrit

554 2335 794 2391 Culmina
824 2328 1238 2395 conscenditque
1272 2339 1462 2380 senum
1496 2338 1626 2390 puer
1645 2323 1761 2392 ipse
1789 2322 2049 2391 curulem,

557 2425 706 2484 Sedit
730 2434 784 2480 et
810 2423 1036 2478 emerito
1056 2417 1267 2488 juvenis
1297 2425 1583 2470 veteranus
1606 2416 1658 2469 in
1681 2429 1834 2469 auro.

558 2517 582 2557 ά
611 2520 838 2587 Jamque
862 2528 1056 2585 parens
1075 2510 1263 2576 divos;
1295 2508 1390 2564 sed
1421 2508 1569 2562 vobis
1598 2508 1739 2562 nulla
1771 2508 1965 2578 cupido
2018 2494 2023 2499 ’

627 2639 654 2666 ι
684 2625 978 2681 Marcianus
1024 2621 1311 2689 Augustus.
1351 2618 1398 2672 ls
1446 2618 1587 2689 enim
1622 2617 1782 2671 ﬁliam
1831 2617 2119 2672 Anthemio

559 2695 930 2768 desponderat.
966 2687 1224 2768 Evagrius
1271 2689 1365 2744 lib.
1408 2704 1463 2755 ll,
1496 2687 1557 2768 '9
1598 2690 1873 2768 Μαρκιεινὸς
1946 2691 2121 2768 ’κρέων

560 2758 921 2840 βεϐἆσιλευκὼς
957 2758 1613 2840 τήνιὸίᾳεείανηκατεγγιξησε
1658 2758 1844 2840 naida.
1869 2758 2122 2840 _!ta'lére

559 2828 762 2903 inanes,
796 2851 915 2891 cum
945 2833 1013 2887 de
1038 2830 1311 2903 Anthemii
1352 2828 1625 2903 creatione
1653 2838 1835 2903 agunt,
1868 2828 2118 2903 Marciani

558 2898 810 2979 generum
842 2903 1044 2979 dicunt.
1073 2900 1322 2979 Sidonius
1370 2900 1718 2979 Euphemiam
1765 2901 1894 2952 infra
1941 2898 2117 2979 vocat,

558 2969 781 3049 Eamque
809 2976 1018 3031 unicam
1068 2973 1200 3049 patri
1243 2970 1407 3024 tiliam
1452 2970 1617 3025 fuisse
1651 2971 1825 3036 docet,
1858 2971 1998 3049 quod
2029 2969 2121 3025 alii

559 3041 850 3120 scriptores
877 3060 981 3120 non
1004 3041 1256 3120 produnt.
1337 3112 1390 3120 Η
1532 3112 1541 3120 .
1618 3110 1628 3119 .
1712 3111 1742 3120 __
1977 3044 1987 3052 '

628 3110 1052 3173 b'Anthemim'n
1094 3113 1167 3166 ait
1212 3112 1475 3165 comitivm
1532 3110 1827 3179 insignibus
1871 3121 2120 3168 ornatum

560 3191 743 3252 fuisse,
766 3202 885 3242 cum
914 3185 980 3239 ad
1008 3184 1257 3238 tuendum
1289 3182 1511 3236 Danubii
1555 3182 1773 3235 limitem
1798 3182 1991 3235 missus
2016 3192 2117 3237 est.

562 3260 709 3325 Quod
758 3258 1128 3327 quidemmon
1177 3261 1260 3306 est
1315 3252 1717 3327 intelligendum
1763 3254 1830 3305 de
1876 3254 2126 3308 comitiva

562 3322 816 3390 Orientis,
848 3327 934 3380 cui
960 3324 1088 3378 nihil
1114 3332 1197 3377 est
1215 3337 1336 3376 cum
1365 3322 1586 3375 Danubii
1614 3330 1784 3375 tractu
1823 3336 2127 3378 commune.

565 3400 668 3456 Sed
691 3398 859 3467 qualis
883 3405 999 3467 erat
1024 3394 1281 3467 comitum
1291 3391 1384 3467 rei
1414 3390 1680 3467 militaris,
1705 3394 1934 3467 quicum
1957 3393 2129 3467 primi

563 3462 767 3525 ordinis
796 3465 1043 3520 romitiva
1069 3462 1390 3517 militaribus
1419 3463 1587 3531 copiis
1611 3463 1808 3530 praelici
1833 3477 1860 3514 a
1892 3462 2130 3532 principe

562 3540 842 3602 solebant,
901 3546 953 3589 et
1008 3533 1395 3602 provinciarum
1457 3533 1683 3587 ducibus
1758 3533 2126 3602 aequabantur.

563 3608 893 3666 Theodosius
914 3605 1095 3676 junior
1130 3602 1255 3676 cod.
1288 3602 1354 3676 de
1375 3602 1671 3676 Comitibus
1707 3604 1784 3676 rei
1805 3674 1811 3676 _
1833 3604 2079 3659 militaris
2112 3622 2124 3658 :

566 3672 1030 3759 Eos,__inquit,'q_ui
1058 3672 1605 3759 sttblcpmitivaaprimi
1645 3674 1839 3759 ordinis
1869 3676 2129 3759 dignitate

565 3743 886 3822 peculiariter
912 3743 982 3822 ad
1004 3743 1276 3822 quamlibet
1302 3744 1612 3822 provinciam
1637 3748 1711 3798 vel
1740 3743 2021 3822 praeﬁcias
2040 3746 2130 3822 de-

565 3814 843 3892 fendendas
874 3818 1034 3892 milite
1063 3814 1252 3892 credito
1279 3814 1577 3892 auctoritate
1600 3817 1759 3892 nostri
1788 3817 2011 3892 arietinis
2042 3817 2129 3892 def

510 3884 513 3887 ’
563 3884 840 3956 stittantur,
883 3887 1042 3958 109
1067 3886 1277 3958 ducibus
1319 3890 1667 3958 adwquamns.
1715 3886 1839 3939 Erat
1890 3887 1934 3940 is
1974 3890 2129 3955 quasi

565 3961 760 4028 gradus
780 3954 845 4013 ad
867 3954 1091 4028 tﬁihtiim
1115 3955 1501 4028 magisterium,
1530 3954 1597 4009 ad
1616 3971 1773 4028 quam
1798 3967 1981 4028 postea
1998 3954 2129 4025 pro.

565 4024 912 4085 vehebantur.
962 4024 1317 4098 Marcellinus
1344 4025 1436 4078 lib.
1471 4040 1591 4098 X_XVI
1623 4042 1635 4077 :
1667 4024 1901 4098 Eqnitius
1951 4024 2130 4098 Illyri-

568 4104 717 4153 ciano
746 4099 1057 4178 prreponilnr
1082 4096 1341 4178 exercitui,
1384 4096 1613 4178 nonduin
1639 4096 1896 4178 magister,
1928 4096 2131 4152 sed‘co-

567 4186 704 4233 mes;
733 4164 785 4222 et
811 4164 929 4235 pust
953 4167 1055 4219 alia
1088 4183 1100 4217 :
1143 4164 1526 4235 Valentinianus
1568 4164 1772 4232 Equitio
1821 4174 1970 4218 aucto
2015 4183 2129 4220 ma-

568 4231 759 4310 gisterii
792 4231 1045 4310 dignitate
1089 4231 1765 4310 repedare_ad._lllyricum
1816 4236 2119 4310 destinabat.

568 4302 921 4377 Quomodofet
940 4302 1328 4377 Constantium,
1348 4302 1697 4377 l§o_nilaeium,
1728 4306 1960 4370 Aetium,
1987 4308 2130 4376 prius

569 4372 814 4442 comites,
838 4375 1026 4429 deinde
1050 4378 1331 4439 magistros
1357 4372 1521 4428 fuisse
1551 4375 1808 4441 legimus;
1842 4385 1896 4429 et
1926 4372 2129 4434 Anthe-

569 4451 707 4504 mius
730 4456 911 4501 noster
939 4454 1056 4513 post
1086 4445 1220 4497 hanc
1248 4444 1621 4511 espeditionen
1652 4446 1907 4501 continuo
1932 4449 2133 4503 utrius-

569 4535 673 4589 que
711 4517 913 4572 militiae
942 4514 1191 4589 magister
1221 4524 1432 4567 creatus
1460 4524 1562 4589 est.

641 4585 1223 4665 ¢_‘Apxaiz§i;_tlictuin,
1256 4600 1350 4652 pro
1389 4583 1681 4665 utriusque.
1707 4586 1835 4665 Nam
1874 4590 2127 4665 vetustis-
2155 4602 2211 4665 υ

567 4660 710 4725 simi,
736 4656 869 4713 {este
900 4656 1191 4719 Prisciano,
1223 4670 1435 4708 omnem
1463 4658 1749 4724 genitivum
1783 4661 1833 4711 in
1868 4660 1944 4711 ius
1985 4658 2125 4714 desi-

568 4739 782 4785 nentem
812 4728 828 4780 i
857 4731 1014 4781 etiam
1050 4727 1222 4780 littera
1255 4727 1632 4782 tertninahant.
1665 4728 1913 4783 Caecilius
1958 4733 2127 4786 comi-

567 4817 698 4855 cus:
726 4797 871 4854 Nulli
916 4797 1003 4849 alti
1043 4797 1135 4861 rei,
1160 4797 1259 4850 nisi
1286 4798 1522 4850 amicitia:
1568 4816 1739 4852 eorum
1766 4816 1943 4852 causa.
1973 4800 2128 4855 Afra-

568 4872 690 4925 nius
716 4872 766 4924 in
792 4872 1043 4936 Suscepla
1062 4884 1073 4918 :
1097 4868 1235 4940 Λιββα
1255 4880 1307 4919 ιιι
1331 4869 1559 4940 tesatias
1572 4881 1768 4940 caperet
1791 4872 1882 4922 toti
1893 4871 2125 4937 familiaa.

568 4942 784 4996 Poterat
804 4949 857 4994 et
887 4951 1110 5005 utra:th
1136 4938 1264 5007 dici,
1290 4938 1498 5005 antiqua
1532 4938 1688 4992 etiam
1721 4941 2127 5007 consuetudine,

567 5027 725 5080 quam
769 5018 983 5080 secutus
1033 5017 1115 5062 est
1158 5006 1478 5080 Fortunatus
1521 5012 1587 5061 aut
1640 5009 2033 5080 llodegisilum:
2068 5006 2131 5067 de

571 5077 787 5135 lionitate
814 5090 899 5133 tua
928 5078 988 5131 lis
1009 5088 1079 5130 est
1104 5077 1322 5145 regionis
1354 5086 1594 5145 utrmque.

638 5150 663 5187 ἀ
697 5150 783 5206 Sic
812 5150 1009 5220 optima
1062 5146 1418 5220 exemplaria:
1450 5147 1555 5200 Nec
1599 5148 1945 5204 dubitandum
1997 5150 2125 5220 quin

568 5223 639 5276 ita
672 5216 927 5286 scriptum
959 5218 1077 5271 sita
1109 5218 1350 5271 Sidonio.
1379 5216 1507 5270 Nam
1538 5221 1743 5287 vulgata
1774 5221 1959 5285 editio,
1988 5216 2127 5287 paris

567 5293 729 5355 divos,
761 5290 981 5344 ridicula
1020 5296 1177 5358 estet
1200 5287 1327 5340 nulli
1355 5290 1449 5341 rei.
1485 5287 1645 5343 Divos
1690 5305 1884 5358 parens
1908 5291 2126 5345 Marcia-

570 5376 669 5414 nus
708 5372 826 5429 post
869 5369 1093 5412 mortem
1138 5357 1349 5421 dicitur,
1374 5370 1435 5429 int
1482 5361 1631 5413 dixos
1672 5357 1864 5425 Julius,
1894 5371 1941 5414 et
1976 5361 2126 5417 divos

570 5428 893 5499 Augustinus
922 5432 972 5482 in
995 5429 1245 5499 nummis,
1278 5439 1331 5481 et
1355 5428 1504 5483 divos
1538 5430 1795 5499 'l‘rajanus
1822 5436 1870 5484 in
1903 5431 2003 5484 hoc
2030 5447 2126 5485 an-

569 5498 729 5566 tiqua:
760 5499 1122 5569 inscriptionis
1159 5498 1477 5567 fragmento,
1511 5498 1650 5568 quod
1703 5502 1883 5569 paucis
1936 5500 2129 5557 abhinc

571 5568 725 5625 annis
749 5567 957 5623 erutum
985 5579 1067 5624 cst
1111 5567 1162 5622 in
1192 5584 1319 5637 agro
1351 5570 1637 5623 llicinensi.

1061 5660 1254 5715 [nvos
1283 5662 1661 5728 TllAJANUS,

1147 5730 1507 5790 AUGUSTUS

1807 275 2050 336 SIDONII
2089 276 2534 335 APOLLINARIS
3382 277 3393 288 ‘
3553 341 3557 345 ‘
3681 275 3772 333 658

2078 412 2085 427 ι
2145 395 2200 455 Α
2230 389 2445 459 Imperii
2473 405 2487 442 :
2522 389 2729 459 longam
2753 388 3052 444 diademata
3081 402 3236 460 passa
3256 383 3557 456 ’ἐρῖιυῐεεϊηιρ

2229 480 2500 551 insignem
2530 480 2709 551 legere
2736 481 2924 547 virum,
2954 496 3113 551 quem
3143 480 3337 537 deinde
3368 481 3623 550 legentem

2224 572 2491 652 Spernere
2529 587 2636 627 non
2662 585 2880 642 posses;
2916 572 3017 627 soli
3045 572 3140 627 tibi
3170 561 3397 627 contulit
3425 571 3515 625 uni

2224 663 2339 719 Hoc
2367 664 2577 718 fortuna
2605 662 2789 733 decus,
2813 677 3115 734 quanquam
3148 672 3200 719 te
3230 671 3475 733 posceret
3504 661 3652 725 ordo,

2225 757 2387 828 296
2402 755 2481 813 Ut"
2498 757 2666 813 lectus
2684 757 2929 827 princeps
2950 772 3123 827 mage,
3139 772 3298 827 quam
3322 755 3536 836 videare
3555 755 3771 811 relictus.

2225 851 2353 906 Post
2382 866 2623 907 socerum
2657 854 2951 921 Augustum
2985 866 3211 921 regnas;
3240 849 3333 905 sed
3374 863 3479 903 non
3512 848 3603 902 tibi
3645 849 3774 903 venit

2227 942 2469 1011 Purpura
2499 957 2596 1013 per
2629 941 2914 1011 thalamos,
2946 950 3002 997 et
3029 939 3262 1010 conjunx
3283 938 3429 1009 regia
3455 953 3618 1008 regno

2227 1034 2367 1090 Laus
2398 1036 2575 1103 potius
2604 1047 2763 1104 quam
2784 1047 2943 1088 causa
2969 1032 3096 1098 fuit;
3124 1046 3246 1086 nam
3269 1030 3408 1100 juris
3436 1028 3657 1085 habenis

2226 1131 2339 1186 Non
2369 1143 2625 1200 generum
2652 1128 2780 1198 legit
2815 1126 3137 1196 respublica,
3168 1124 3261 1180 sed
3287 1137 3631 1194 generosum.

2228 1222 2428 1286 Fallor,
2451 1221 2532 1276 his
2557 1220 2769 1291 gemino
2796 1218 2897 1276 nisi
2921 1218 3142 1273 cardine
3172 1232 3285 1272 rem
3310 1215 3503 1287 probat
3525 1215 3687 1270 orbis.

2226 1312 2409 1369 Ambit
2434 1320 2486 1368 te
2514 1311 2822 1383 Zephyrus,
2845 1319 3109 1366 rectorem
3131 1307 3370 1363 destinat
3390 1306 3591 1373 Eurus,

2227 1404 2307 1460 Ad
2339 1406 2562 1459 Boream
2593 1417 2817 1473 pugnas,
2849 1414 2904 1459 et
2925 1402 3229 1458 formidaris
3254 1400 3321 1456 ad
3347 1401 3626 1455 Austrum.

2301 1501 2441 1553 Ante
2474 1506 2648 1551 tamen
2676 1510 2834 1567 quam
2867 1504 2920 1550 te
2948 1494 3155 1550 socium
3192 1491 3398 1562 collega
3424 1499 3655 1557 crearet,

2226 1586 2618 1644 Pcrstrinxisse
2645 1586 2795 1651 libet,
2824 1599 2957 1655 quos
2978 1584 3153 1653 Illyris
3182 1598 3274 1639 ora
3300 1582 3603 1652 triumphos

2226 1678 2454 1744 Viderit,
2475 1678 2707 1733 excisam
2737 1692 2855 1745 qua:
2880 1691 2939 1732 se
2970 1686 2994 1713 ε
3023 1675 3320 1731 Valameris
3346 1674 3416 1730 ab
3443 1672 3617 1729 armis

2151 1782 2202 1843 Β
2227 1770 2393 1828 Forte
2415 1769 2570 1825 ducis
2592 1768 2762 1824 nostri
2793 1768 2921 1823 vitio
2943 1768 3155 1823 deserta
3177 1767 3447 1838 gemebat.

2230 1862 2385 1918 Haud
2408 1861 2585 1927 aliter,
2613 1874 2784 1916 caesus
2812 1859 3081 1931 quondam
3106 1875 3226 1916 cum
3255 1859 3437 1929 Czepio
3466 1857 3636 1914 robur

2232 1955 2449 2012 Dedidit
2468 1954 2787 2022 Ausonium,
2818 1953 2990 2010 subita
3012 1964 3239 2024 cogente
3272 1954 3445 2009 ruina.

2235 2049 2484 2105 Electura
2507 2047 2700 2103 ducem
2738 2055 2860 2117 post
2886 2056 3098 2118 guttura
3124 2046 3290 2102 tracta
3318 2045 3630 2117 Jugurtha,

2235 2143 2414 2198 llltnni
2437 2142 2751 2211 Arpinatem
2772 2139 3061 2209 Calpurnia
3102 2139 3303 2196 hedera
3329 2140 3489 2195 lixam

2231 2233 2491 2303 Opposuit
2520 2231 2707 2287 rabido
2746 2231 3046 2301 respublica
3077 2231 3261 2286 territa
3285 2230 3525 2287 Cimbro.

2233 2326 2329 2381 llic
2355 2325 2586 2395 primum
2609 2334 2667 2381 ut
2693 2333 2901 2380 vestras
2929 2323 3135 2395 aquilas
3161 2323 3441 2395 provincia
3462 2325 3630 2390 vidit,

2231 2418 2399 2473 Desiit
2424 2416 2442 2457 ί
2472 2416 2696 2473 hostiles
2725 2416 3009 2473 confestim
3054 2415 3280 2473 horrere
3309 2415 3591 2474 dracones.

2231 2508 2382 2564 Ilicet
2408 2507 2630 2565 edomiti
2659 2506 2823 2574 bello,
2847 2506 3135 2579 praedaque
3162 2515 3431 2573 carentes,

2687 2615 3039 2675 CONCESSA
3062 2616 3326 2674 TUSCILI

2606 2686 2937 2743 NOMINATI
2968 2688 3412 2745 HEREDITATE

2682 2758 2955 2815 REIPUB.
2992 2759 3328 2817 RICINENSI

2620 2828 2942 2886 BALNEUM
2970 2830 3065 2885 ET.
3088 2829 3378 2887 PLATIAS

2228 2969 2319 3026 Sic
2355 2968 2489 3025 infra
2519 2968 2586 3025 de
2612 2968 2880 3027 Marciano
2905 2972 3116 3036 eodem,

2538 3064 2697 3113 patrio
2718 3062 2888 3113 vestiri
2912 3063 3099 3113 murice
3122 3069 3286 3113 natam

2414 3123 2635 3176 Gaudeat
2650 3123 2970 3187 Euphemiam
2992 3126 3127 3175 sidus
3147 3125 3305 3178 divale
3327 3124 3566 3188 parentis.

2231 3206 2372 3272 Jam,
2411 3209 2602 3279 inquit,
2632 3207 2886 3279 defuncto
2918 3210 3035 3264 sine
3067 3210 3303 3264 mascula
3330 3210 3484 3279 prole
3510 3209 3789 3274 Marciano,

2237 3277 2516 3351 imperium
2549 3278 2643 3332 tibi
2677 3279 2756 3351 Aob
2803 3280 3084 3351 conjugem
3113 3281 3230 3345 ejus
3279 3277 3441 3334 tiliam
3492 3280 3788 3351 debebatur.

2234 3347 2340 3420 Sed
2358 3358 2425 3420 tu
2456 3348 2710 3417 regnandi
2743 3347 3234 3420 minime‘cupidns,
3267 3351 3499 3406 Leonem
3531 3350 3623 3405 tibi
3662 3366 3788 3420 praef

2238 3418 2370 3473 ferri
2396 3434 2585 3489 passus
2615 3433 2699 3484 es,
2727 3435 2833 3487 quo
2878 3420 2992 3490 ipse
3032 3418 3214 3489 postea
3268 3436 3374 3475 non
3426 3418 3786 3490 generis.r.sed

2241 3491 2451 3561 virtutis
2492 3492 2858 3561 przerogativa,
2894 3493 2947 3545 in
2979 3494 3123 3561 regni
3177 3492 3487 3547 societatem
3534 3504 3790 3545 vocarere.

2242 3560 2511 3615 [lactentis
2552 3574 2680 3631 ergo
2725 3572 2871 3628 gesta
2903 3560 3192 3631 superstite
3229 3562 3514 3618 Marciano.
3544 3563 3676 3628 Quae.
3721 3574 3796 3615 se~

2232 3640 2488 3702 queuntur,
2522 3630 2586 3702 ad
2636 3631 2829 3702 Leonis
2873 3630 3113 3702 tempora
3163 3634 3453 3701 pertinent,
3498 3642 3557 3687 ut
3613 3632 3798 3702 duplex

2232 3700 2431 3756 bellqu
2457 3700 2752 3763 Anthemii,
2785 3700 3070 3757 Cothieum
3092 3713 3145 3758 et
3169 3703 3489 3757 Hunnicum.
3691 3700 3701 3702 θ
3778 3734 3783 3741 π

2305 3779 2329 3807 ο
2364 3771 2491 3843 Belli
2520 3769 2939 3843 Gotltici_auctor
2965 3773 3063 3827 t'nit
3086 3773 3330 3827 Valamer
3357 3774 3780 3843 Ostrogothornn

2231 3855 2348 3907 rex,
2381 3841 2425 3895 is
2453 3842 2541 3908 qui
2573 3855 2693 3894 cum
2720 3840 3076 3897 Theodcmire
3105 3853 3158 3898 et
3198 3842 3508 3897 Vindemire
3528 3840 3801 3898 'fratribns

2231 3912 2449 3966 Attilam
2479 3910 2622 3965 bello
2643 3911 2846 3966 Gallico
2873 3924 3105 3975 secutus,
3135 3923 3253 3980 post
3282 3914 3396 3981 ejus
3423 3913 3699 3969 interitum
3721 3927 3798 3967 se-

2232 3983 2328 4035 des
2370 3985 2419 4035 in
2465 3982 2736 4036 Pannonia
2781 3998 2904 4036 cum
2929 3984 3121 4037 annuis
3162 3984 3469 4038 muneribus
3516 3983 3747 4038 obtinuit
3776 3998 3803 4036 a

2232 4052 2531 4123 Marciano.
2562 4055 2694 4117 Quae
2731 4067 2852 4106 cum
2899 4053 3096 4108 lentius
3134 4051 3326 4108 deinde
3365 4061 3750 4123 praestarentur
3776 4068 3804 4106 a

2234 4121 2435 4187 Leone,
2478 4122 2743 4193 Illyricum
2778 4137 2912 4190 pene
2939 4134 3108 4178 tomm
3131 4167 3145 4187 ,
3174 4133 3232 4178 ut
3257 4121 3557 4178 loniandes
3588 4124 3642 4179 in
3670 4122 3806 4177 Geti-

2236 4193 2314 4263 cis
2347 4204 2545 4259 narrat,
2599 4192 2899 4260 populando
2939 4195 3184 4248 vastavit.
3233 4193 3355 4249 Ideo
3394 4194 3738 4263 populatores
3777 4209 3806 4246 a

2232 4261 2453 4317 Sidonio
2475 4271 2751 4334 voeantur,
2782 4265 2938 4334 ιιο
2959 4267 3294 4333 repressique
3318 4261 3591 4318 Anthemii
3614 4263 3806 4318 viribus

2231 4333 2498 4387 dicuntur.
2531 4330 2957 4403 Coactustaﬁten
2990 4330 3278 4403 imperator
3305 4345 3560 4389 consueta
3590 4349 3803 4389 munera

2235 4403 2437 4470 largiri,
2454 4404 2601 4470 pacis
2626 4402 2815 4473 obside
2832 4402 3173 4459 Theodemiri
3204 4405 3311 4458 lilio
3332 4403 3701 4473 Theoderico,
3725 4404 3810 4472 qui

2234 4473 2395 4527 Italiae
2420 4482 2602 4542 postea
2633 4487 2725 4527 rex
2755 4471 2871 4538 fuit,
2898 4490 2926 4527 a
2951 4473 3136 4529 Cottiis
3168 4474 3317 4539 dato,
3358 4474 3457 4528 sub
3486 4471 3724 4537 annum,
3747 4471 3810 4527 ut

2234 4559 2317 4615 exe
2350 4543 2664 4615 Theoderici
2713 4552 2871 4600 aetate
2921 4560 3079 4615 quam
3124 4545 3424 4600 Jornandes
3472 4554 3648 4612 notat,
3688 4559 3811 4600 cons

2229 4613 2376 4683 jicio,
2408 4613 2535 4667 οῦδὲ.

2308 4682 2644 4753 UNonquod
2672 4682 2933 4740 dracones
2962 4686 3101 4740 inter
3127 4686 3361 4739 Itomana
3385 4686 3535 4753 signa
3562 4700 3671 4740 non
3707 4686 3812 4740 lue-

2232 4754 2372 4827 rint,
2406 4752 2499 4807 sed
2532 4752 2671 4823 quod
2697 4768 2882 4810 eorum
2932 4752 3588 4827 propriumaeiprinceps
3615 4756 3793 4827 aquila

2232 4824 2390 4895 Nam,
2415 4833 2473 4895 ut
2502 4826 2994 4895 pritnumesignum,
3038 4825 3257 4894 Vegetio
3292 4824 3497 4895 Renato
3531 4824 3691 4889 teste,
3738 4835 3815 4880 to-

2235 4895 2338 4948 tius
2363 4894 2590 4963 legionis
2617 4893 2924 4963 aqnila,'sic
2952 4893 3215 4951 dracones
3242 4893 3579 4964 singularum
3622 4895 3815 4950 cohor-

2233 4965 2388 5018 tium.
2414 4968 2590 5034 Atque
2618 4976 2675 5019 ut
2704 4964 2757 5017 in
2786 4968 2977 5020 castris
3006 4965 3273 5035 aquilifer,
3304 4966 3393 5033 qui
3426 4966 3660 5032 aquilam
3697 4982 3818 5035 por-

2236 5036 2399 5100 tabat,
2428 5036 2505 5089 sic
2532 5036 2859 5100 draconarii,
2892 5037 2983 5104 qui
3010 5038 3293 5090 dracones.
3333 5035 3662 5091 Themistius
3693 5050 3817 5090 ora-

2237 5106 2481 5181 tione
2531 5108 2601 5158 Οὐ
2653 5115 2889 5181 γιρυσρῦς
2918 5110 3105 5181 Δἀετᾷς,
3161 5105 3287 5181 mide"
3313 5105 3588 5181 δράκογτξί
3625 5108 3819 5181 learning

2234 5176 2571 5296 Ῠὶφῗσμῗτωη
2601 5184 2658 5231 et
2679 5175 2998 5231 Prudentius
3022 5178 3090 5232 de
3119 5175 3371 5231 militibus
3399 5176 3489 5246 qui
3528 5175 3818 5232 Christiani

2275 5260 2305 5296 e
2324 5260 2409 5296 )an
2462 5260 2477 5296 :

2275 5254 2436 5298 ebant
2462 5260 2477 5296 ε

2363 5314 2568 5378 Caesaris
2582 5315 2760 5363 vexilla
2787 5316 3024 5378 linquunt,
3053 5315 3246 5377 eligunt
3270 5317 3463 5378 signum
3486 5318 3660 5378 crucis,

2358 5374 2553 5438 Proque
2578 5378 2793 5426 ventosis
2812 5374 3073 5427 draconum
3093 5374 3201 5438 quae
3226 5374 3469 5436 gerebant
3494 5377 3671 5438 palliis,

2358 5435 2620 5487 Proleruut
2645 5440 2833 5498 insigne
2854 5438 3038 5499 lignum
3057 5435 3186 5500 quod
3202 5435 3463 5488 draconem
3486 5435 3717 5489 Subdidit.

2238 5516 2489 5573 Sidonius
2511 5518 2624 5587 ipse
2656 5521 2706 5573 in
2738 5522 3057 5589 panegyrico
3081 5520 3354 5589 Majoriani
3387 5539 3399 5551 -

2484 5610 2578 5670 jam
2604 5610 2789 5660 textilis
2809 5612 2981 5673 anguis

2359 5670 2596 5722 Discurrit
2630 5686 2716 5735 per
2740 5670 2994 5735 utramque
3022 5674 3198 5734 aciem,

2241 5742 2530 5799 Romanam
2556 5745 2993 5811 et,\lat;da|icam.
