4060 6332
243 304 340 365 649

243 419 354 479 Mox
376 415 476 488 ipsi
502 420 590 470 tua
620 413 798 486 praeda
820 413 1036 487 jacent:
1065 413 1161 472 sed
1186 412 1485 471 omittimus
1509 411 1646 471 istos

242 512 308 570 Dt
331 508 673 581 populatores
705 524 719 562 :
751 516 779 547 ι
809 507 937 565 belli
965 508 1137 579 magis
1166 517 1285 565 acta
1315 508 1559 566 revolvo.

242 601 388 672 Quod
416 600 615 658 bellum
644 614 767 675 non,
800 615 963 671 parva
1004 615 1217 671 manus,
1248 615 1346 658 nec
1392 614 1615 657 carcere
1645 599 1815 657 fracto

241 695 316 755 Ad
344 694 705 767 gradiaturam
728 703 783 750 tu
808 694 1064 765 Spartace
1107 696 1289 753 vincte
1319 694 1520 765 parasti
1554 713 1567 752 :

240 787 341 845 Sed
376 786 645 860 Scythicae
664 802 796 859 vaga
835 788 986 844 turba
1019 789 1208 861 plagae,
1240 789 1468 847 feritatis
1513 788 1818 858 abundans,

241 881 383 949 Dira,
406 894 597 953 rapax,
623 882 934 949 vehemens,
967 884 1099 955 ipsis
1121 900 1333 955 quoque
1359 883 1613 954 gentibus
1636 884 1746 940 illic

239 972 468 1030 Barbara
494 972 811 1041 barbaricis,
840 976 993 1045 cujus
1023 976 1130 1031 dux
1163 976 1452 1031 Hormidac
1479 985 1641 1047 atque

238 1062 377 1121 Civis
406 1074 542 1132 erat,
568 1066 719 1136 queis
743 1066 851 1122 tale
881 1069 1056 1124 solum
1080 1077 1179 1134 est,
1214 1067 1486 1139 murique,
1520 1082 1817 1140 genusque.

302 1154 331 1196 δ
352 1156 523 1214 Albus
550 1157 913 1229 Hyperboreis
933 1160 1130 1216 Tanais
1153 1175 1256 1231 qua
1282 1161 1509 1217 vallibus
1533 1168 1711 1229 actus,

235 1246 456 1321 Riphaea
475 1249 543 1306 de
570 1260 727 1307 caute
752 1250 917 1319 cadit,
941 1252 1090 1323 jacet
1118 1268 1224 1311 axe
1255 1254 1357 1311 sub
1378 1270 1517 1312 ursae

238 1343 393 1416 297
420 1343 563 1400 Gens
589 1342 782 1401 animis
825 1345 1192 1419 membrisque
1223 1348 1442 1404 minax:
1472 1347 1548 1404 ita
1584 1347 1821 1407 vultibus

1491 1442 1645 1514 [ipsis

236 1526 499 1585 lnfantum
526 1544 656 1587 suus
683 1530 877 1589 horror
900 1535 1066 1602 inest;
1091 1536 1369 1608 consurgit
1391 1535 1445 1593 in
1466 1548 1676 1594 arctum

236 1621 409 1677 Massa
431 1625 659 1678 rotunda
687 1634 884 1695 caput;
915 1628 1145 1697 geminis
1170 1628 1273 1685 sub
1300 1629 1477 1687 fronte
1503 1632 1750 1689 cavernis

245 1712 401 1771 Visus
428 1715 581 1770 adest
608 1717 781 1772 oculis
808 1718 1159 1787 absentibus;
1184 1730 1302 1778 acta
1329 1724 1539 1779 cerebri

234 1807 288 1865 In
314 1823 591 1865 cameram
622 1811 710 1866 vix
740 1811 807 1867 ad
838 1812 1058 1885 refugos
1085 1816 1173 1870 lux
1204 1817 1451 1886 pervenit
1474 1818 1657 1889 orbes,

234 1898 349 1957 Non
379 1910 556 1958 tamen
588 1911 643 1958 et
671 1902 884 1961 clausos
909 1924 921 1958 :
952 1922 1075 1963 nam
1105 1909 1313 1967 fornice
1342 1928 1450 1969 non
1489 1915 1749 1983 spatioso,

234 1992 425 2065 Magna
452 1996 636 2051 vident
661 1998 854 2068 spatia,
878 2009 932 2055 et
956 2000 1179 2072 majoris
1204 2002 1423 2061 luminis
1446 2019 1600 2063 usum

233 2084 525 2158 Perspicua
556 2089 609 2144 in
641 2085 817 2160 puteis
837 2105 1189 2163 compensant
1218 2107 1414 2166 puncta
1448 2099 1746 2170 profundis.
1834 2098 1843 2105 ’

232 2179 368 2237 Tum
402 2197 469 2238 ne
490 2197 587 2253 per
614 2185 780 2241 malas
804 2196 1085 2244 excrescat
1108 2189 1284 2246 fistula
1314 2190 1536 2262 duplex,

233 2272 497 2331 Obtundit
518 2284 730 2334 teneras
759 2278 1089 2336 circumdata
1128 2282 1291 2339 fascia
1319 2298 1501 2352 nares,

232 2364 304 2423 Ut
339 2367 517 2439 galeis
543 2368 760 2426 cedant.
784 2370 876 2427 Sic
909 2381 1129 2443 propter
1157 2374 1342 2445 praelia
1369 2382 1525 2433 natos

231 2460 513 2519 Maternus
537 2462 804 2520 deformat
832 2481 1005 2536 amor,
1029 2468 1151 2539 quia
1183 2479 1335 2527 tensa
1355 2485 1614 2542 genarum

231 2554 351 2612 Non
377 2556 670 2627 interjecto
692 2557 749 2615 lit
772 2558 933 2616 latior
960 2576 1085 2618 area
1114 2578 1269 2621 naso.

232 2647 450 2706 Caetera
493 2664 620 2721 pars
650 2660 733 2707 est
772 2652 996 2723 pulchra
1029 2656 1187 2723 viris;
1224 2667 1369 2715 stant
1400 2668 1620 2731 pectora
1648 2672 1821 2733 vasta,

233 2740 483 2813 lnsignes
502 2742 732 2811 humeri,
766 2747 1042 2804 succincta
1084 2750 1348 2807 subilibus
1368 2752 1539 2809 alvus.

233 2832 436 2891 Forma
463 2835 679 2908 quidem
718 2838 883 2909 pediti
917 2841 1093 2898 media
1120 2850 1223 2910 est,
1248 2859 1474 2914 procera
1502 2847 1597 2905 sed
1627 2858 1824 2920 exstat,

233 2927 293 2986 Si
312 2943 514 2986 cernas
541 2930 770 3002 equites,
795 2934 873 2989 sic
898 2934 1044 3005 longi
1065 2949 1208 3005 saape
1233 2945 1505 3011 putantur,

234 3021 292 3078 Si
323 3022 573 3080 sedeant.
604 3024 703 3080 Vix
730 3035 908 3082 matre
942 3042 1137 3085 carens
1170 3037 1227 3085 ut
1254 3032 1497 3089 constitit
1526 3035 1723 3103 infans,

236 3114 361 3175 Mox
391 3119 597 3190 praebet
620 3120 840 3177 dorsum
869 3123 1119 3194 sonipes;
1153 3137 1383 3196 cognata
1413 3143 1571 3186 reare

238 3208 483 3267 Membra
511 3211 640 3269 viris
660 3254 674 3280 ,
702 3215 775 3271 ita
800 3229 1016 3285 semper
1039 3230 1177 3289 equo
1203 3232 1301 3275 ceu
1325 3219 1464 3276 ﬁxus
1485 3220 1727 3279 adhaeret

236 3304 463 3363 Rector.
490 3317 513 3345 ο
542 3306 904 3379 Cornipedum
932 3318 1084 3382 tergo
1109 3326 1243 3382 gens
1266 3313 1435 3370 altera
1475 3314 1671 3387 fertur,

236 3397 373 3454 Haec
396 3398 626 3467 habitat;
655 3409 853 3458 teretes
880 3415 1059 3472 arcus,
1090 3414 1147 3461 et
1175 3404 1378 3477 spicula
1408 3408 1590 3477 cordi;

234 3486 536 3548 Terribiles
571 3501 840 3564 certaeque
867 3509 1081 3566 manus,
1109 3496 1415 3571 iaculisque
1449 3501 1688 3560 ferenda:

320 3703 353 3737 ἰ
392 3695 623 3755 Hunnici
668 3698 821 3766 belli,
860 3698 1004 3766 quod
1051 3696 1339 3755 Anthemio
1389 3700 1526 3757 duce
1575 3702 1836 3759 adversus

320 3715 353 3737 σι
394 3715 623 3755 uunmct
671 3715 821 3766 nem,
899 3715 1004 3754 uoa
1051 3715 1339 3755 antnemio
1389 3715 1526 3757 ouce
1575 3715 1836 3759 adversus

236 3767 628 3843 Hormidacem
657 3770 724 3825 ad
754 3715 1033 3826 Sergicam
1071 3770 1125 3823 in
1161 3769 1316 3843 Dacia
1345 3779 1556 3841 gestum
1588 3782 1689 3843 est,
1725 3788 1839 3830 me-

235 3841 424 3900 moria
452 3840 627 3898 omnis
652 3842 792 3900 apud
820 3842 954 3896 alios
991 3848 1238 3895 auctores
1277 3840 1503 3899 interiit.
1556 3840 1838 3899 Falluntur

235 3912 394 3970 enim
423 3912 515 3984 qui
542 3928 663 3968 cum
684 3912 879 3986 Carolo
893 3912 1113 3986 Sigonio
1130 3912 1327 3986 bellum
1352 3914 1456 3970 hoc
1482 3929 1604 3971 esse
1624 3926 1832 3986 putant,

238 3986 299 4041 in
362 3998 471 4054 quo
518 3984 831 4054 ,Arnegislus
886 3984 1159 4054 magister
1204 3984 1432 4040 militum
1494 3984 1636 4041 cum‘
1672 3988 1836 4042 Attila

189 4050 195 4059 ’
237 4050 493 4127 pugnans
516 4052 570 4127 in
595 4050 1018 4127 Da'ciaiRipens'e
1048 4053 1259 4127 occisus
1290 4068 1390 4121 est,
1415 4065 1471 4111 ut
1492 4056 1839 4113 Marcellinus

280 4070 493 4127 ugnans
516 4070 570 4109 in
597 4070 757 4110 uacta
785 4070 1018 4125 mpense
1048 4070 1259 4109 occisus
1290 4070 1390 4121 est,
1415 4070 1471 4111 ut
1492 4070 1839 4113 ntarcetttuus

237 4070 443 4183 IC’omes
464 4135 519 4181 ct
545 4125 843 4181 Jornandes
871 4131 1111 4181 narrant.
1140 4124 1270 4191 Quis
1295 4142 1401 4182 non
1427 4128 1574 4184 videt
1596 4128 1665 4184 de
1694 4128 1840 4185 bello

240 4198 336 4255 hic
371 4198 454 4268 agi
492 4196 548 4252 in
576 4213 682 4267 quo
718 4197 826 4252 dux
863 4196 1100 4252 hostium
1143 4195 1454 4263 Hormidac,
1485 4214 1591 4255 non
1634 4200 1833 4266 Attila;

239 4267 506 4339 magister
547 4269 777 4341 militum
809 4267 1147 4341 Anthemius,
1180 4282 1287 4341 non
1328 4271 1683 4341 Arnegislus?
1715 4272 1836 4327 Dis-

242 4336 477 4410 crepant
519 4340 679 4396 etiam
718 4348 982 4407 tempora.
1023 4336 1157 4393 Nam
1184 4336 1503 4410 Arnegislus
1529 4342 1838 4399 Theodosio

243 4409 469 4468 vivente
491 4410 776 4477 occubuit,
806 4410 1047 4482 Callepio
1088 4420 1143 4482 et
1170 4409 1452 4468 Ardabure
1486 4414 1837 4481 consulibus;

239 4482 576 4556 Anthemius
598 4496 726 4539 vero
747 4480 1041 4551 Leone,'ut
1068 4480 1270 4537 dictum
1301 4494 1405 4554 est,
1441 4494 1700 4556 regnante
1726 4486 1844 4540 haec

278 4555 439 4612 essit.

240 4569 783 4698 “agglféomparanda
846 4624 964 4681 haec
1022 4626 1335 4683 Hunnorum
1387 4628 1845 4698 pr050pographia

241 4712 369 4755 cum
403 4696 618 4792 iisquae
639 4696 1845 4792 d9.illiusgentiskorigine,immanioribus-
1874 4729 1931 4792 Β

242 4785 353 4841 que
385 4768 638 4823 scribunt
673 4767 1014 4841 Marcellinus
1042 4769 1137 4841 lib.
1172 4767 1305 4841 xxx,
1347 4768 1597 4841 Zosimus
1639 4770 1843 4841 lib.itv,

242 4839 297 4897 et
329 4841 579 4895 omnium
612 4840 1014 4895 accuratissime
1050 4839 1351 4896 Jornandes
1386 4853 1458 4894 ex
1488 4839 1675 4895 Prisco
1720 4840 1846 4894 rhc-

244 4922 387 4982 tore,
422 4908 845 4982 ,Theodosiiad
891 4910 1109 4982 Attilam
1153 4910 1350 4980 legato.
1393 4909 1656 4981 Pleraque
1702 4910 1844 4967 cnim

244 4979 382 5039 sunt
407 4981 616 5037 Sidonii
654 4980 833 5036 verbis
873 4979 1166 5036 simillima.

322 5066 345 5094 ε
383 5052 627 5109 Pessime
652 5060 811 5123 antea
837 5051 1060 5122 vulgati.
1095 5050 1201 5110 Sed
1230 5052 1298 5108 de
1319 5051 1478 5123 hujus
1519 5053 1627 5109 loci
1663 5067 1849 5110 emen-

246 5126 476 5182 datione
504 5123 610 5193 jam
639 5122 829 5195 monui
850 5123 917 5178 ad
945 5124 1273 5195 epigramma
1302 5122 1372 5179 94
1402 5125 1649 5181 Ennodii.
1684 5125 1839 5193 Alite,

250 5198 460 5268 inquit,
492 5205 679 5268 gentes
715 5194 877 5268 equis~
900 5194 1125 5251 subinde
1154 5194 1474 5268 uti_solent,
1506 5196 1621 5268 haec
1650 5196 1701 5252 in
1734 5197 1841 5253 illis

248 5266 483 5323 habitat.
516 5266 665 5321 Adeo
688 5267 829 5321 enim
866 5266 917 5319 in
944 5268 1096 5337 equis
1122 5266 1322 5323 assidui
1367 5275 1521 5323 erant
1549 5266 1752 5336 Hunni,
1785 5276 1844 5323 ut

249 5339 468 5411 pedites
497 5353 768 5411 nunquam
807 5347 1176 5393 cernerentur.
1225 5338 1470 5411 Zpsimus
1506 5354 1667 5410 supra
1694 5357 1707 5392 :
1733 5344 1844 5395 Ἐπὶ

249 5407 355 5481 ῗξῶν
376 5413 550 5466 ’ἵππων
571 5414 649 5464 καὶ
670 5407 988 5481 διαιτῴμενοι
1008 5414 1089 5464 καὶ
1101 5409 1443 5481 καθεύδοντες.
1468 5407 1838 5466 Marcellinus:

252 5480 424 5554 Equis
450 5496 605 5554 prope
631 5479 771 5554 offici
795 5479 1084 5554 funguntur
1126 5480 1424 5535 muneribus
1456 5484 1731 5554 consuetis.
1776 5481 1844 5535 In

250 5550 403 5625 ipsis
428 5550 588 5625 quiuis
630 5552 682 5604 in
724 5550 819 5603 hac
846 5550 1053 5625 natione
1088 5567 1282 5619 pernox
1319 5561 1367 5625 et
1408 5552 1616 5625 perdius
1654 5554 1771 5606 emit
1798 5562 1845 5607 et

252 5622 453 5691 uendit,
477 5623 745 5693 cibumque
772 5623 925 5676 sumit
956 5630 1001 5675 et
1032 5634 1206 5691 potum
1229 5639 1248 5678 :
1278 5632 1323 5677 et
1353 5622 1631 5678 inclinatus
1664 5624 1845 5677 cervici

258 5704 492 5766 augusta:
513 5693 724 5759 iumenti
752 5696 803 5747 in
829 5694 990 5747 altum
1012 5711 1247 5764 soporem
1268 5695 1335 5749 ad
1372 5711 1526 5765 usque
1550 5694 1846 5749 varietatem

258 5765 551 5837 eﬂunditur
579 5766 913 5819 somniorum.

1711 298 2039 359 CARMINA.

1844 416 1898 478 Α
1923 414 2112 473 Mortis
2142 416 2245 473 fixa
2266 416 2421 488 fides,
2448 429 2504 477 et
2524 433 2631 478 non
2674 428 2936 493 peccante
2961 422 3063 481 sub
3094 423 3224 492 ictu,

3412 308 3519 372 650

1926 509 2161 567 Edoctus
2182 524 2409 581 peccare
2433 510 2605 569 furor.
2628 513 2787 572 «Gens
2812 514 2915 571 ista
2944 524 3169 586 repente

1925 603 2252 674 Erumpens,
2282 604 2622 677 solidumque
2670 606 2807 664 rotis
2854 618 3158 667 transvecta
3186 623 3285 681 per
3312 608 3509 670 Istrum

1929 697 2189 766 Venerat,
2220 705 2276 754 et
2301 705 2479 754 sectas
2506 699 2771 757 inciderat
2800 700 2975 758 orbita
2999 701 3269 775 lymphas.

1930 791 2082 848 Hanc
2112 802 2167 848 tu
2194 791 2431 848 directus
2460 791 2487 830 ά
2517 807 2613 862 per
2635 792 2830 851 Dacica
2867 811 2994 852 rura
3019 806 3298 867 vagantem

1924 886 2229 956 Contraliis,
2258 885 2587 959 aggrederis,
2608 901 2852 959 superas,
2878 888 3131 958 includis;
3162 900 3220 949 et
3238 900 3297 949 ut
3323 900 3379 949 te

1926 981 2128 1038 Metato
2154 981 2328 1052 spatio
2355 988 2655 1037 castrorum
2685 981 2905 1039 Serdica
2933 983 3085 1051 vidit,

1924 1076 2091 1149 298
2117 1074 2409 1131 Obsidione
2437 1076 2665 1145 premis;
2710 1091 2831 1147 quae
2857 1086 2908 1132 te
2942 1078 3022 1132 sic
3060 1086 3300 1149 tempore
3336 1064 3509 1137 multo

1923 1166 1982 1223 In
2014 1167 2153 1223 vallo
2183 1168 2415 1238 positum
2442 1167 2669 1238 stupuit,
2701 1168 2842 1238 quod
2866 1168 3022 1225 miles
3041 1169 3097 1225 in
3123 1184 3282 1241 agros

1923 1256 2034 1315 Nec
2054 1258 2231 1326 licitis,
2265 1274 2365 1316 nec
2391 1260 2599 1316 furtivis
2626 1261 2940 1318 excursibus
2968 1262 3095 1318 ibat.

1923 1350 2024 1407 Cui
2034 1350 2262 1421 ,deessct
2287 1366 2409 1408 cum
2432 1366 2579 1423 saepe
2607 1353 2793 1420 Ceres,
2820 1367 3140 1425 semperque
3164 1353 3380 1427 Lyatus,

1925 1442 2214 1514 Disciplina
2246 1452 2428 1501 tamen
2452 1460 2560 1503 non
2582 1443 2783 1509 defuit;
2815 1445 2941 1502 inde
2973 1446 3275 1517 propinquo

1924 1536 2091 1593 Hoste
2117 1536 2285 1608 magis
2310 1538 2539 1594 timuere
2559 1538 2786 1605 ducem;
2816 1538 2895 1595 sic
2918 1538 3153 1610 denique
3178 1538 3381 1622 factum
3406 1545 3513 1608 est,

1930 1630 1997 1687 Ut
2029 1640 2053 1668 ο
2084 1631 2263 1686 socius
2288 1638 2397 1687 tum
2429 1631 2568 1688 forte
2589 1639 2734 1700 tuus,
2764 1646 2888 1689 mox
2915 1633 3176 1704 proditor,
3203 1633 3308 1690 illis

1925 1719 2147 1778 Frustra
2176 1732 2323 1793 terga
2344 1723 2520 1792 daret,
2550 1723 2855 1781 commissae
2887 1733 3127 1796 tempore
3156 1739 3348 1798 pugna:
3378 1743 3396 1781 :

1772 1842 1779 1861 ς
1850 1812 1901 1874 Β
1930 1814 2030 1884 Qui
2054 1816 2167 1887 jam
2196 1831 2319 1873 cum
2340 1817 2575 1890 fugeret,
2594 1819 2735 1876 flexo
2765 1818 2904 1891 pede
2927 1836 3130 1878 cornua
3154 1820 3383 1888 nudans,

1928 1909 2008 1965 Tu
2038 1911 2217 1968 stabas
2244 1912 2360 1968 acie
2386 1913 2556 1982 solus,
2588 1922 2641 1969 te
2668 1928 2859 1984 sparsa
2896 1913 3074 1986 fugaci

1927 2003 2168 2074 Expetiit
2199 2004 2426 2062 ductore
2447 2021 2660 2076 manus,
2691 2016 2745 2062 te
2770 2008 2941 2064 Marte
2968 2010 3202 2079 pedestri

1930 2095 2223 2153 Sudantem
2256 2098 2533 2168 repetebat
2572 2113 2777 2171 eques;
2807 2107 2894 2155 tua
2918 2101 3068 2171 signa
3092 2107 3309 2158 secutus

1929 2186 2046 2243 Non
2073 2202 2134 2245 se
2159 2188 2434 2246 desertum
2457 2190 2628 2247 sensit
2651 2192 2949 2247 certamine
2970 2192 3147 2247 miles.

2000 2284 2207 2353 lnunc,
2230 2295 2285 2341 et
2311 2287 2509 2345 veteris
2537 2286 2719 2357 profer
2747 2292 3012 2358 praeconia
3040 2288 3184 2343 Tulli

1931 2376 2088 2435 ditas
2116 2393 2246 2435 cana
2281 2389 2513 2449 patrum,
2546 2380 2691 2451 quod
2720 2380 2946 2450 pulchro
2967 2380 3272 2438 hortamine
3291 2381 3517 2441 mendax

1932 2471 2178 2528 Occuluit
2202 2471 2373 2543 refugi
2396 2472 2639 2528 nutantia
2661 2471 2864 2529 fmdera
2890 2471 3059 2529 Metti.
3470 2502 3480 2511 -
3518 2528 3525 2533 .

1932 2561 2020 2619 Nil
2047 2563 2224 2620 simile
2253 2574 2358 2632 ρει,
2393 2562 2612 2635 fallique
2640 2572 2789 2620 tuum
2816 2563 2911 2620 tibi
2941 2578 3047 2621 non
3079 2564 3255 2635 placet
3289 2564 3516 2623 hostem.

1934 2655 2086 2713 Tunc
2114 2657 2243 2713 vicit
2274 2657 2446 2723 miles,
2480 2656 2609 2712 dum
2634 2672 2695 2713 se
2719 2664 2868 2728 putat
2886 2670 3009 2713 esse
3024 2656 3351 2727 juvandum:

1936 2748 2035 2804 Hic
2060 2749 2211 2816 vicit,
2241 2758 2524 2819 postquam
2552 2763 2612 2804 se
2639 2748 2906 2819 comperit
2932 2762 3053 2805 esse
3078 2749 3347 2805 relictum.

1937 2845 2055 2902 Dux
2084 2842 2240 2914 fugit,
2272 2841 2611 2912 insequeris:
2645 2850 2871 2897 renovat
2897 2842 3212 2908 certamina,
3242 2840 3452 2907 vincis;

1937 2936 2238 3006 Clauditur,
2269 2950 2577 3008 expugnas;
2607 2934 2858 3003 elabitur,
2890 2934 3110 3001 obruis;
3136 2943 3298 3006 atque

1937 3010 2249 3087 Sarmatica:
2276 3028 2395 3099 paci
2418 3026 2648 3098 pretium
2678 3042 2773 3082 sua
2803 3027 2991 3083 funera
3017 3027 3192 3098 ponis.

1940 3123 2189 3193 Paretur,
2212 3122 2419 3191 jussum
2446 3119 2610 3175 subiit
2635 3119 2744 3189 jam
2785 3118 3058 3189 transfuga
3086 3118 3313 3186 lethum,

1861 3209 1909 3274 C
1940 3215 2116 3287 Atque
2139 3213 2430 3287 peregrino
2458 3209 2652 3268 cecidit
2678 3221 2767 3266 tua
2787 3209 3006 3266 victima
3045 3209 3209 3265 ferro.

1944 3310 2085 3368 Ecce
2116 3308 2332 3376 iterum,
2357 3304 2402 3361 si
2433 3305 2568 3360 forte
2593 3303 2790 3375 placet,
2823 3301 3051 3373 conflige
3073 3310 3315 3358 vetustas
3343 3318 3358 3332 ’

1943 3404 2206 3463 Hannibal
2227 3403 2315 3460 ille
2342 3403 2494 3458 ferox
2523 3399 2588 3456 ad
2616 3412 2831 3477 poenam
2859 3396 2997 3453 forte
3028 3398 3253 3467 petitus,

1942 3502 2011 3559 Et
2030 3499 2077 3561 si
2101 3514 2210 3556 non
2241 3496 2429 3554 habuit
2454 3496 2542 3567 jus
2562 3496 2711 3562 vitae,
2753 3492 2861 3549 line
2885 3505 3141 3560 supremo

1948 3702 2125 3759 dicam
2152 3700 2364 3767 urbem,
2396 3713 2554 3769 quam
2584 3712 2614 3752 a
2644 3695 2889 3769 barbaris
2910 3702 3226 3769 occupatam
3249 3691 3535 3769 obsidione

1948 3774 2117 3831 cinxit
2150 3764 2490 3828 Anthemius.
2533 3767 2812 3824 Serdicam
2843 3764 3106 3821 Eusebius
3147 3766 3201 3819 in
3244 3764 3529 3830 Chronico,

1948 3843 2252 3910 ltineraria,
2291 3849 2346 3897 et
2377 3839 2568 3912 synodi
2601 3837 2831 3912 Nicaeum
2870 3836 3335 3912 subscriptiones_,_
3360 3834 3533 3912 Dacia

1948 3916 2137 3971 urbem
2177 3905 2299 3969 cum
2340 3905 2565 3968 Sidonio
2611 3908 2861 3964 faciunt:
2898 3905 3152 3963 Socrates
3193 3915 3247 3962 et
3292 3905 3533 3961 Hermias

1949 3985 2260 4050 Sozomcni,
2293 3984 2383 4038 ubi
2410 3982 2479 4037 de
2500 3981 2707 4053 synodo
2736 3978 3042 4053 Serdicensi
3076 3986 3277 4049 agunt,
3316 3978 3534 4053 lllyrici.

1949 4058 2274 4131 Ptolemmus
2303 4050 2568 4131 Thraciai,
2608 4066 2715 4122 quo
2743 4051 2904 4131 etiam
2936 4059 3144 4131 spectat
3178 4058 3241 4131 et
3271 4059 3420 4103 vetus
3452 4050 3539 4131 in-

1950 4128 2195 4199 scriptio,
2226 4128 2280 4182 in
2316 4142 2419 4199 qua
2467 4119 2728 4199 Diogenes
2758 4121 2913 4199 miles
2942 4122 3148 4175 natione
3178 4119 3373 4199 Thrax,
3418 4119 3539 4199 civi-

1899 4228 1907 4237 ο
1950 4190 2349 4255 tate-Serdica:
2382 4196 2514 4264 Quae
2553 4190 2779 4266 quidem
2790 4207 2941 4266 Avera
2981 4203 3106 4266 sunt
3150 4191 3329 4266 omnia
3358 4232 3373 4256 ,
3413 4190 3538 4261 quia

1949 4270 2109 4325 Dacia
2141 4269 2316 4338 magni
2349 4262 2545 4337 Illyrici
2571 4262 2700 4338 pars
2730 4264 2867 4338 fuitL
2884 4262 3279 4338 ut_dicetur_ad
3308 4276 3539 4338 panegy.

1948 4344 2117 4399 ricum
2162 4333 2440 4411 Majorian'i
2476 4356 2491 4392 :
2545 4337 2686 4393 unde
2740 4334 3140 4411 etASerdicam_
3167 4333 3540 4411 Tlieodoretus

1948 4406 2260 4499 μητρόπολιξ
2295 4418 2458 4494 vocat
2500 4406 3285 4499 ἑξκίαςςένἰλλ’δρὲοῐς;.υθρίξς
3328 4420 3540 4499 rursum

1947 4476 2202 4540 attributa
2236 4483 2333 4537 fuit
2373 4496 2467 4536 ora
2500 4480 2763 4543 Thraciae,
2800 4476 3159 4547 qua'Serdica
3202 4476 3329 4532 olim
3370 4477 3542 4530 conti-

1946 4562 2197 4612 nebatur.
2263 4553 2469 4618 Duplex
2504 4554 2646 4605 enim
2685 4551 2779 4604 fuit
2832 4548 2989 4603 Dacia
3033 4548 3325 4618 provincia.
3370 4547 3537 4601 Vetus

1949 4628 2187 4696 Trajani,
2215 4634 2362 4679 trans
2390 4622 2587 4696 Istrum
2607 4638 2632 4696 ;‘
2653 4621 2824 4673 altera
2846 4619 3139 4696 Aureliani,
3172 4632 3332 4696 quam
3357 4620 3543 4696 priore

1961 4687 2472 4752 omissa'revocatis
2507 4692 2586 4745 cis
2618 4693 2810 4745 Istrum
2850 4687 3129 4753 militibus,
3171 4688 3223 4740 in
3266 4687 3541 4755 utriusque

1958 4770 2160 4825 Mtesim
2191 4777 2243 4820 ct
2272 4762 2517 4817 Thraciae
2540 4761 2734 4814 finibus
2763 4758 3041 4813 constituit
3071 4776 3082 4810 :
3116 4773 3237 4827 qua:
3257 4757 3366 4811 sola
3392 4757 3545 4812 dcin~

1958 4854 2085 4910 ccps
2107 4834 2374 4910 appellata
2397 4839 2482 4910 est
2500 4831 2683 4910 Dacia.
2713 4828 2820 4910 Sed
2852 4828 3000 4910 hanc
3012 4844 3182 4910 porro
3206 4829 3257 4882 in
3297 4827 3430 4883 duas
3460 4828 3535 4882 di-

1961 4899 2233 4965 visam'éx
2262 4903 2473 4974 imperii
2502 4900 2894 4974 NotitiaAliquet
2920 4918 2931 4953 :
2962 4899 3271 4974 Ripensem,
3301 4914 3541 4974 qum‘per

1959 4979 2244 5052 praesidem
2277 4970 2591 5052 regebatur;
2624 4982 2678 5028 et
2706 4972 3259 5052 Mediterraneum,‘in
3287 4985 3393 5052 qua
3421 4970 3539 5025 Ser-

1962 5041 2237 5123 dica,quae
2264 5041 2363 5119 per
2389 5046 2751 5103 consularem.
2779 5043 3032 5099 Paulinus
3050 5042 3117 5099 de
3137 5041 3286 5099 obitu
3312 5041 3516 5100 Nicetm
3533 5060 3547 5097 .·

2142 5184 2203 5235 Ει
2223 5184 2361 5234 Getae
2386 5186 2604 5241 currunt,
2631 5188 2682 5231 et
2698 5186 2915 5241 uterque
2938 5179 3117 5241 Dacus,

2147 5248 2238 5306 Qui
2255 5246 2368 5295 colit
2392 5251 2541 5295 terra:
2565 5241 2853 5306 medio,vel
2877 5241 2961 5293 ille

2142 5282 2491 5378 ὕῇῗίῖίέᾚτιὶῑίῤ
2500 5282 2911 5378 Ἑᾴἔῖὸὲἶιέἇωὲ

2334 5367 2507 5421 Accola
2533 5370 2672 5432 ripae.

2036 5489 2062 5517 ο
2103 5478 2180 5533 De
2212 5476 2487 5546 transfuga
2525 5473 2673 5529 socio
2700 5471 2993 5546 Anthemii,
3026 5469 3117 5543 qui
3146 5470 3213 5546 ad
3244 5469 3465 5528 Hunnos
3495 5469 3548 5529 in

1957 5549 2075 5625 ipsa
2100 5565 2273 5633 pugna
2297 5542 2517 5633 ειεεεέείιρ
2544 5546 2605 5633 in,
2624 5554 2797 5633 tanta
2841 5542 3549 5633 illis.stetissetque!!!

1961 5614 2233 5693 paucitate
2264 5620 2394 5675 nihil
2425 5618 2703 5693 habemus.
2733 5616 2812 5675 Ex
2842 5614 3069 5693 Sidonio
3084 5622 3295 5693 constat
3322 5614 3390 5670 ab
3422 5617 3550 5693 ipsis

1961 5684 2206 5751 barbaris
2238 5706 2301 5747 ex
2338 5689 2483 5757 pacis
2518 5688 2721 5762 foedere
2760 5701 2958 5762 egestum
2996 5684 3363 5762 fuisseuldeo
3408 5684 3552 5743 enim
3581 5748 3597 5762 ,

1966 5780 2092 5820 cum
2117 5755 2417 5820 Hannibale
2445 5758 2681 5828 confert,
2717 5760 2807 5827 qui
2834 5758 3092 5815 Romanis
3133 5774 3162 5811 a
3198 5755 3387 5813 Prusia
3428 5774 3551 5827 rege

331 5834 361 5877 ἀ
382 5836 516 5895 Belli
545 5850 727 5891 aream
758 5837 814 5891 in
835 5837 993 5892 Dacia
1019 5837 1187 5897 fuisse
1211 5839 1447 5900 ostendit
1466 5841 1623 5915 ιιι
1643 5837 1711 5897 ad
1724 5836 1858 5897 Ser-
1901 5904 1915 5931 ε
1966 5837 2247 5897 dedendos
2276 5842 2413 5905 erat,
2437 5831 2546 5891 nisi
2573 5844 2781 5891 veneno
2808 5830 3127 5918 supplicium
3154 5830 3555 5931 altlfvcrlisacl.

544 5930 819 5998 Panos.
859 5930 1087 5998 LVIII.

3235 5920 3319 5990 21.
