4060 6332
583 293 681 353 651

586 413 743 468 Certe
774 411 954 467 habuit
977 407 1195 473 mortis;
1226 420 1381 478 quem
1410 420 1586 462 caecus
1611 419 1795 461 carcer
1818 417 1874 462 et
1901 421 2089 474 uncus,

587 505 656 569 Et
682 519 837 575 quem
862 500 1136 572 spectabat
1174 498 1441 556 fracturus
1471 508 1687 571 guttura
1717 498 1898 568 lictor,

583 600 773 655 Hausit
804 597 1062 666 Bebrycio
1090 594 1427 663 constantior
1450 593 1665 664 hospite
1688 594 1858 649 virus.

584 692 746 761 299
767 688 897 743 Nam
920 698 972 743 te
996 689 1086 758 qui
1110 688 1259 759 fugit,
1289 687 1538 742 mandata
1569 698 1741 742 morte
1764 694 2093 757 peremptus,

580 781 695 837 Non
720 789 825 835 tam
854 781 1075 836 victoris
1104 780 1261 851 periit
1289 797 1447 851 quam
1472 780 1670 850 judicis
1692 796 1807 836 ore.

657 885 683 912 δ
722 873 874 929 Nunc
902 873 1054 939 ades,
1094 888 1125 927 o
1156 872 1332 938 Paean,
1366 873 1518 928 lauro
1557 872 1644 929 cui
1667 873 1900 943 gryphas
1927 873 2167 929 obuncos

582 968 747 1022 Docta
782 967 960 1036 lupata
994 966 1179 1035 ligant,
1212 965 1425 1035 quoties
1450 980 1546 1034 per
1573 965 1797 1020 frondea
1825 965 1939 1020 lora

580 1060 621 1114 F
628 1060 780 1115 lectis
805 1059 1114 1129 penniferos
1145 1058 1355 1113 hederis
1386 1058 1713 1113 bicoloribus
1736 1071 1917 1113 armos
1941 1076 1954 1124 ;

582 1153 698 1208 lluc
727 1163 982 1209 converte
1008 1152 1239 1222 chelyn;
1275 1168 1377 1206 non
1423 1163 1504 1205 est
1542 1153 1703 1206 modo
1737 1152 1917 1206 dicere
1958 1162 2166 1221 tempus

581 1246 825 1314 Pythoni
855 1246 1197 1309 exstinctum,
1226 1260 1324 1299 nec
1355 1245 1433 1297 bis
1461 1255 1679 1313 septena
1710 1258 1902 1298 sonare

582 1338 818 1393 Vulnera
847 1337 1205 1403 Tantalidum,
1235 1352 1463 1407 quorum
1500 1338 1592 1392 tibi
1625 1336 1809 1392 funera
1841 1346 2027 1393 servat

580 1430 800 1495 Can‘us,
834 1440 891 1485 et
921 1441 1122 1485 aeterno
1149 1430 1332 1485 vivunt
1368 1433 1418 1485 in
1446 1432 1687 1486 carmine
1724 1441 1948 1486 mortes.

580 1525 691 1578 Vos
718 1539 953 1595 quoque,
984 1526 1303 1591 Castalides,
1333 1526 1516 1595 paucis
1546 1542 1650 1593 quo
1680 1526 1901 1582 numine
1938 1526 2097 1582 nobis

582 1621 802 1676 Venerit
833 1622 1171 1687 Anthemius,
1198 1622 1396 1692 gemiti
1423 1638 1543 1677 cum
1580 1621 1785 1677 ftedere
1814 1624 1984 1693 regni,

579 1712 802 1768 Pandite
835 1733 845 1765 :
880 1730 986 1784 pax
1020 1729 1196 1769 terum
1229 1715 1393 1779 misit,
1419 1716 1506 1784 qui
1539 1715 1679 1770 bella
1700 1715 1985 1785 gubernet.

652 1810 889 1862 Auxerat
916 1808 1186 1877 Augustus
1213 1806 1242 1846 ιι
1275 1820 1480 1863 natura:
1510 1808 1628 1877 lege
1658 1808 1889 1864 Severus

578 1898 834 1955 Divorunt
865 1915 1173 1965 numerum;
1214 1916 1372 1969 quem
1402 1916 1526 1956 mox
1554 1901 1805 1956 Oenotria
1833 1916 2016 1956 casum

580 1994 726 2050 Vidit
755 2005 813 2051 ut
841 1996 984 2050 aerei
1010 1994 1079 2050 de
1109 1995 1329 2065 rupibus
1359 1996 1649 2065 Apennini,
1727 1991 1735 1999 ’

577 2084 759 2156 Pergit
782 2087 999 2143 caerulei
1033 2088 1230 2143 vitreas
1260 2088 1325 2142 ad
1353 2088 1589 2143 Tibridis
1621 2088 1783 2152 aedes,

574 2173 692 2234 Non
724 2179 875 2249 galea
897 2181 1150 2235 conclusa
1177 2196 1360 2250 genas.
1396 2196 1497 2236 nec
1526 2182 1703 2236 sutilis
1727 2182 1804 2236 illi

574 2267 817 2323 Circulus
846 2270 1092 2339 impactis
1116 2270 1333 2325 loricam
1366 2272 1535 2326 texuit
1557 2272 1749 2341 hamis,

574 2362 685 2418 Sed
715 2363 910 2417 nudata
940 2373 1137 2432 caput;
1164 2380 1263 2433 pro
1291 2364 1443 2419 crine
1471 2366 1751 2420 racemifer
1772 2366 1885 2419 exit

575 2450 810 2506 Plurima
837 2469 931 2523 per
959 2453 1192 2508 frontem
1222 2456 1596 2525 constringens
1616 2457 1808 2526 oppida
1835 2457 2053 2526 palmes,

574 2540 784 2613 Perque
805 2543 1059 2600 humeros
1090 2555 1322 2612 teretes,
1356 2548 1641 2603 rutilantes
1689 2564 1891 2619 perque
1932 2550 2162 2608 lacertos

575 2634 810 2691 Pendula
839 2639 1170 2708 gemmiferae
1192 2640 1515 2695 mordebant
1544 2655 1774 2710 suppara
1806 2641 1986 2696 bullae.

575 2726 802 2798 Segnior
831 2730 1030 2785 incedit
1048 2731 1228 2801 genio,
1260 2734 1672 2802 venerandaque
1706 2734 1945 2788 membra

575 2818 893 2877 Viticomam
924 2822 1164 2879 retinens
1190 2823 1366 2879 baculi
1399 2826 1513 2880 vice
1534 2825 1698 2881 flectit
1719 2828 1783 2882 ad
1819 2827 2050 2883 ulmum:

572 2909 681 2965 Sed
713 2920 889 2968 tamen
913 2913 1133 2969 ubertas
1159 2917 1442 2985 sequitur;
1472 2931 1792 2988 quacunque
1815 2920 2159 2997 propinquat,

571 2999 792 3059 lncessu
824 3004 1077 3060 fecundat
1104 3006 1227 3072 iter,
1256 3008 1619 3078 comitataque
1645 3023 1890 3075 gressum

571 3093 716 3153 Laeta
746 3113 841 3169 per
869 3097 1162 3169 impressas
1182 3108 1332 3157 rorat
1358 3101 1627 3159 vindemia
1655 3103 1887 3172 plantas.

1856 286 2098 345 SIDONll
2138 285 2590 344 APOLLINARIS

2193 409 2249 468 Α
2349 405 2493 462 Ilicet
2524 405 2818 477 ingreditur
2846 404 3086 463 Tiberini
3115 404 3338 478 gurgitis
3366 414 3603 463 antrum.

2273 497 2529 554 Currebat
2560 498 2755 555 fluvius
2782 500 3048 567 residens,
3083 510 3138 556 et
3166 501 3448 557 arundinis
3485 501 3610 557 altte

2270 587 2542 645 Concolor
2564 588 2619 644 in
2650 589 2806 645 viridi
2835 589 3076 647 fluitabat
3102 592 3234 647 silva
3258 592 3477 663 capillo.

2272 682 2435 754 300
2468 684 2566 736 Dat
2594 684 2829 737 sonitum
2862 693 3045 739 mento
3068 684 3209 741 unda
3230 684 3451 752 cadens,
3484 685 3619 744 licet
3650 686 3845 760 hispida

3624 778 3775 853 {setis

2272 872 2576 942 Suppositis
2605 871 2833 926 multum
2860 870 3077 926 sedaret
3105 870 3268 927 barba
3306 871 3596 943 fragorem.

2273 965 2499 1021 Pectore
2528 964 2771 1019 ructabat
2794 965 3001 1030 latices,
3035 964 3291 1035 lapsuque
3317 966 3502 1031 citato,

2272 1056 2528 1113 Sulcabat
2549 1056 2814 1111 madidam
2838 1057 2947 1125 jam
2983 1065 3195 1112 torrens
3225 1059 3409 1113 alveus
3439 1058 3640 1126 alvum,

2273 1150 2529 1205 Terretur
2552 1150 2800 1204 veniente
2831 1150 2952 1217 dea,
2981 1149 3337 1219 manibusque
3369 1151 3613 1206 remissis

2273 1243 2474 1300 Remus
2502 1253 2556 1298 et
2582 1258 2715 1297 urna
2738 1242 2934 1297 radunt
2963 1262 2975 1295 :
3007 1244 3176 1297 venite
3208 1253 3317 1297 tum
3353 1244 3516 1299 verba
3549 1245 3756 1315 paranti

2272 1334 2365 1388 Illa
2394 1334 2541 1403 prior
2576 1352 2587 1386 :
2612 1334 2784 1388 Venio
2814 1332 3080 1387 viduatam
3116 1334 3343 1403 prmsule
3369 1345 3554 1390 nostro

2274 1426 2376 1481 Per
2408 1436 2457 1481 te
2484 1426 2525 1479 si
2552 1427 2760 1494 placeat
2790 1426 3041 1496 lacrymis
3072 1426 3348 1482 inflectere
3373 1427 3618 1499 Romam,

2274 1518 2501 1587 Expetat
2527 1532 2736 1572 aurorae
2761 1528 2961 1587 partes,
2996 1517 3243 1587 fastuque
3273 1528 3482 1574 remoto

2274 1610 2385 1666 Hoc
2411 1626 2573 1665 unum
2601 1619 2835 1679 praestet,
2868 1611 2977 1679 jam
3008 1612 3129 1681 plus
3157 1610 3413 1681 dignetur
3453 1614 3644 1669 amari.

2278 1704 2483 1760 lnstrue
2513 1718 2644 1775 quas
2674 1714 2883 1775 quaerat
2905 1705 3067 1772 vires,
3098 1705 3322 1777 orbique
3342 1706 3542 1776 iacenti

2202 1799 2251 1860 B
2277 1798 2392 1867 Quo
2423 1807 2607 1868 poscat
2629 1799 2717 1853 dic
2746 1800 2877 1855 orbe
2903 1809 3065 1869 caput
3095 1817 3108 1854 :
3135 1816 3514 1871 quemcunque
3543 1803 3751 1858 creavit

2279 1906 2299 1931 ε
2338 1897 2451 1948 Axe
2481 1909 2602 1948 meo
2626 1904 2829 1962 natum,
2855 1895 3139 1951 confestim
3165 1896 3324 1967 fregit
3347 1897 3397 1952 in
3432 1896 3542 1963 illo,

2274 1986 2488 2055 Imperii
2522 1986 2734 2041 fortuna
2768 1995 2915 2040 rotas
2941 2004 2953 2038 :
2981 1983 3007 2023 δ
3038 1987 3162 2042 hinc
3186 1987 3459 2043 Vandalus
3486 1987 3651 2044 hostis

2218 2070 2227 2079 ’
2276 2076 2460 2146 Urget,
2481 2085 2539 2132 et
2564 2076 2616 2130 in
2645 2088 2888 2132 nostrum
2914 2093 3198 2134 numerosa
3222 2079 3396 2134 classe
3433 2081 3728 2149 qu0tannis

2273 2170 2463 2224 Militat
2491 2169 2791 2235 excidium;
2814 2185 3182 2242 conversoque
3200 2170 3387 2227 ordine
3412 2172 3505 2227 fati

2273 2262 2502 2319 Torrida
2532 2262 2834 2320 Caucaseos
2858 2264 3022 2320 infert
3050 2266 3179 2320 mihi
3210 2266 3376 2338 Byrsa
3402 2266 3627 2333 furores.

2274 2357 2541 2412 Praeterea
2577 2366 2600 2395 ο
2630 2358 2861 2412 invictus
2886 2358 3142 2429 Ricimer,
3165 2375 3324 2431 quem
3352 2360 3568 2431 publica
3599 2361 3703 2415 fata

2272 2445 2604 2517 Respiciunt,
2641 2450 2860 2519 proprio
2886 2451 3035 2506 solus
3056 2451 3145 2505 vix
3168 2451 3338 2507 Marte
3365 2452 3581 2521 repellit

2271 2539 2505 2595 Piratant
2540 2556 2635 2611 per
2657 2558 2780 2596 rura
2814 2557 3029 2612 vagum,
3058 2544 3147 2613 qui
3178 2544 3359 2614 praelia
3390 2546 3589 2610 vitans,

2270 2632 2540 2688 Victorem
2573 2632 2828 2703 fugitivus
2855 2636 3001 2705 agit:
3035 2636 3156 2705 quis
3184 2635 3406 2691 suﬂ‘erat
3432 2637 3641 2692 hostem

2271 2726 2373 2793 Qui
2405 2743 2591 2797 pacem
2624 2743 2961 2799 pugnamque
2987 2730 3178 2800 negat?
3202 2747 3322 2785 nam
3356 2730 3563 2787 foedera
3592 2731 3740 2787 nulla

2270 2819 2409 2877 Cum
2431 2821 2700 2877 Ricimere
2721 2822 2853 2890 jacit
2879 2839 2893 2877 :
2919 2837 3077 2892 quem
3104 2837 3200 2877 cur
3224 2823 3383 2878 nimis
3402 2825 3595 2892 oderit,
3630 2822 3770 2880 audi.

2271 2917 2543 2971 Incertum
2573 2925 2760 2985 crepat
2788 2916 2880 2969 ille
2905 2927 3138 2985 patrem,
3161 2932 3283 2971 cum
3308 2931 3461 2972 serva
3492 2918 3563 2971 sit
3594 2917 3670 2972 illi
3734 2930 3737 2931 '

2272 3009 2430 3067 Certa
2462 3024 2697 3081 parens:
2726 3024 2867 3064 nunc
2888 3019 2946 3064 ut
2971 3011 3113 3080 regis
3140 3011 3211 3065 sit
3254 3011 3415 3075 filius,
3457 3010 3617 3068 effert

2274 3102 2457 3158 Matris
2477 3102 2799 3158 adulterium
2825 3118 2841 3168 ;
2867 3112 2977 3157 tmn
3008 3102 3136 3159 livet
3154 3102 3295 3173 quod
3327 3103 3650 3161 Ricimerem

646 3295 840 3378 {Pars
874 3295 1058 3375 altera
1107 3296 1432 3378 panegyrici,
1490 3312 1610 3378 quat
1652 3297 1862 3378 imperii
1920 3297 2157 3378 auspicia
2188 3297 2242 3361 C
2269 3293 3252 3378 provindas‘assiduis‘incursionibus
3282 3295 3523 3378 populari
3542 3309 3643 3349 non
3664 3292 3820 3378 desiit

574 3366 831 3431 continet,
852 3370 1017 3439 quam
1046 3366 1256 3439 poetico
1278 3367 1437 3436 genio
1461 3366 1769 3439 pertractat.
1796 3367 1970 3439 Fingit
1986 3366 2151 3433 enim,

573 3444 783 3509 mortuo
812 3438 1053 3509 ‘Severo,
1106 3436 1330 3509 italiam,
1376 3436 1497 3492 cum
1538 3438 1779 3509 principe
1822 3436 2051 3504 careret,
2085 3441 2152 3493 ad

573 3505 782 3578 Tiberis
806 3505 976 3578 fontes
999 3507 1231 3572 venisse,
1270 3522 1332 3561 ac
1373 3505 1592 3578 rogasse
1616 3509 1689 3563 uti
1713 3505 1898 3564 Roma:
1933 3524 2153 3578 persua-

571 3575 800 3650 deal,ut
824 3578 889 3631 ad
917 3577 1179 3650 Auroram
1204 3589 1409 3648 pergat,
1439 3575 1843 3649 principemque
1871 3575 1946 3636 ab'
1969 3596 2030 3636 ea
2064 3596 2155 3650 pe-

567 3654 648 3704 tat
666 3649 972 3721 ;4Auro_ram
994 3664 1121 3721 vero
1150 3648 1494 3705 Anthemium
1520 3648 1706 3706 Romae
1743 3648 1989 3721 precibus
2017 3648 2151 3707 con-

566 3719 822 3794 ceSsisse._
842 3719 1022 3788 Itaque
1052 3719 1502 3794 horumomnium
1536 3719 1794 3792 personas
1818 3733 1873 3778 et
1895 3737 2151 3794 congres-

565 3803 659 3860 sus
681 3789 893 3860 poetico
913 3805 1065 3846 more
1094 3790 1369 3847 describit.

636 3858 667 3901 ι
685 3858 881 3935 ἰλὶιιίιιε
910 3862 1142 3935 Severus
1164 3863 1265 3935 (sic
1289 3863 1431 3935 enim
1454 3872 1650 3919 vocant
1676 3876 1890 3922 veteres
1918 3865 2149 3935 nummi)

566 3933 935 4007 post_czedem
974 3933 1290 4007 Majoriani,
1329 3934 1610 4007 Ricimeris
1659 3950 1821 4004 opera
1864 3933 2149 4007 imperium

567 4003 740 4057 tenuit
777 4020 841 4059 ex
888 4021 937 4057 A.
984 4020 1036 4058 ι).
1081 4020 1171 4058 xm
1215 4005 1423 4064 calend.
1479 4003 1734 4062 Decemb.
1776 4007 1909 4071 46!;
1942 4003 2150 4062 'deinde

567 4083 760 4196 ﬂuarto
789 4084 911 4143 post
941 4088 1084 4130 anno
1110 4075 1381 4143 ejusdem,
1420 4084 1478 4130 ut
1506 4076 1645 4131 fama
1682 4085 1820 4139 erat,
1864 4077 2148 4133 Ricimeris

607 4144 696 4196 olo
713 4145 1007 4196 exstinctus
1018 4155 1100 4196 est
1114 4160 1238 4196 xvtu
1252 4145 1463 4196 calend.
1480 4146 1757 4196 Sentemh.
1771 4148 2142 4196 Cassiodorus:

607 4144 696 4214 olo
713 4145 1007 4214 exstinctus
1018 4155 1100 4214 est
1114 4160 1238 4199 xvttt
1252 4145 1463 4200 calend.
1480 4146 1757 4214 Septemb.
1771 4148 2142 4203 Cassiodorus:
2157 4205 2164 4213 ,

566 4210 925 4284 Herminerico
952 4224 997 4267 et
1025 4213 1273 4268 Basilisco
1299 4233 1428 4271 coss.
1454 4210 1571 4271 Hia'
1588 4219 1902 4284 consulibus,
1940 4229 1994 4273 ut
2020 4220 2149 4274 dici-

566 4291 673 4348 tur,
708 4281 972 4337 Ricimeris
1002 4285 1185 4357 fraude
1218 4286 1435 4341 Severus
1466 4288 1645 4342 Roma:
1673 4290 1724 4342 in
1748 4281 1940 4357 palatio
1962 4305 2148 4345 veneno

606 4364 858 4426 erentpttts
881 4363 972 4406 est.
1008 4354 1127 4426 Alii
1161 4370 1253 4410 sua
1297 4367 1472 4412 morte
1515 4354 1756 4414 functum
1805 4360 2041 4426 tradunt,
2092 4374 2148 4415 ut

613 4422 768 4499 a_ulus_
792 4423 1049 4499 diaconus
1081 4425 1169 4478 lib.
1199 4442 1281 4499 v1.7
1304 4428 1455 4493 Quod
1480 4428 1727 4483 Sidonius
1756 4445 1966 4499 quoque
1989 4422 2148 4486 intel-

566 4488 872 4572 ligiﬁvoluit,
902 4509 1022 4572 cum
1050 4507 1250 4572 natura:
1271 4488 1388 4572 lego
1409 4508 1673 4572 mortuum
1705 4488 1817 4572 ait:
1861 4488 1975 4556 sive
2005 4504 2142 4572 quod

566 4560 639 4617 ita
668 4560 1060 4641 ercderct,_sive
1086 4576 1142 4621 ut
1168 4560 1493 4641 Ricimerem
1508 4570 1774 4641 Anthemii
1793 4560 2050 4641 generum
2080 4574 2146 4630 ab

566 4649 631 4715 ea
664 4646 785 4715 n_ot_a
823 4637 1151 4715 vintlicaret._
1173 4638 1461 4715 Incidimus
1493 4641 1546 4695 in
1579 4637 2140 4715 brevcm'indiculum,

565 4702 854 4785 Iustiniani
889 4709 1236 4785 _temporibus
1293 4713 1583 4785 scriptum,
1645 4714 1695 4767 in
1737 4730 1842 4783 quo
1892 4702 2156 4785 principes

566 4792 755 4833 omnes
782 4778 850 4858 ab
873 4779 1113 4858 Augusto
1145 4791 1273 4858 quot
1307 4778 1460 4858 ann—is
1491 4778 1783 4858 regnarint,
1834 4778 1920 4843 ubi
1960 4796 2013 4842 et
2052 4778 2157 4858 quo

565 4862 763 4973 genere
802 4849 929 4904 lethi
980 4849 1255 4919 perierint,
1306 4854 1489 4922 paucis
1519 4849 1836 4919 explicatur.
1886 4861 2039 4932 112
2068 4849 2157 4916 'De

606 4934 765 4973 evero
781 4931 959 4973 autem
983 4921 1059 4973 sic
1085 4920 1244 4973 habet
1271 4941 1286 4973 :
1316 4922 1535 4973 Severus
1570 4924 1743 4973 Romae
1766 4929 2028 4973 imnm'myil
2060 4949 2156 4973 nn-

606 4934 769 5000 everti
781 4921 1059 5000 autemlsic
1085 4920 1244 5000 habet
1271 4941 1286 4978 :
1308 4920 1535 5000 Severus
1567 4924 1743 4982 Roma:
1766 4920 2039 5000 impera—vi
2060 4949 2156 4985 an-

566 4990 647 5042 nis
662 4988 1140 5061 lt,gibiquerefigiose
1165 4995 1329 5048 vivens
1352 4997 1584 5052 decessit.

643 5070 670 5139 ξ
710 5059 911 5139 Duplex
938 5059 1260 5139 caiisa_cut'_
1286 5066 1581 5135 principem
1616 5069 1683 5125 ab
1734 5070 1952 5127 Oriente
2007 5076 2152 5139 posci

567 5130 724 5213 velit.
766 5132 879 5213 lina
930 5135 1072 5203 quod
1115 5134 1261 5189 brevi
1288 5130 1474 5213 'atqie
1518 5139 1849 5213 inauspicato
1875 5130 2049 5213 regno
2070 5149 2148 5207 usi

566 5203 677 5284 sint
714 5203 975 5284 indigena:
998 5219 1214 5284 omnes,_
1248 5207 1341 5275 qui
1377 5203 1740 5284 superioribus
1764 5212 1919 5270 annis
1935 5203 2148 5284 "regna-

566 5283 725 5347 rant,
773 5274 1342 5347 MaximugsLAvitu’s,
1397 5274 1719 5347 Maiorianus
1775 5294 1829 5340 et
1885 5274 2141 5341 Seve'ius.

565 5341 765 5424 Altera,
800 5344 940 5411 quod
990 5345 1244 5424 Ricimer,
1284 5341 1375 5419 qui
1416 5341 1532 5424 post
1567 5352 1751 5424 severi
1794 5356 1997 5409 obitum
2047 5373 2144 5424 per

567 5418 932 5488 interregnum
980 5418 1363 5486 rempublicam
1407 5421 1805 5488 moderabatur,
1850 5418 2143 5482 Gcnserico

567 5479 1012 5560 solus-resistere
1064 5479 1168 5542 non
1210 5491 1395 5559 possit.
1439 5491 1613 5559 Quare
1653 5479 2140 5553 maturandumﬂut

567 5547 1028 5640 i‘l’lincimperator
1050 5547 1402 5640 renuntietur,
1420 5547 1509 5633 (ιῖιί
1524 5547 1614 5620 ditt
1635 5547 1935 5621 et—feliciter
1957 5547 2148 5640 Eégnéi

565 5615 939 5693 Vandalosqne
958 5638 1226 5684 coerceat.

636 5689 668 5728 ά
704 5689 1033 5780 ϐεηιιὲιιίοιιε.
1052 5714 1117 5753 ex
1144 5715 1249 5824 (ιῦιο
1276 5702 1653 5777 Carthaginem
1693 5709 1866 5780 cepit,
1896 5709 1992 5766 sed
2020 5723 2142 5781 post

636 5775 847 5822 cessum
871 5780 1140 5824 ρι’ωοιυιιθ
1217 5772 1553 5824 alentiniani-
1601 5780 1875 5824 ull-inultm
1927 5782 2137 5824 imnm-ii

563 5771 847 5822 excessum
869 5768 1140 5837 praecipue
1162 5768 1553 5845 Valentiniani,
1601 5768 1875 5853 utriusque
1925 5768 2138 5853 imperii

2183 4684 2238 4745 D

2268 3374 2412 3421 tanta
2438 3366 2520 3421 sui
2550 3365 2766 3431 fiducia,
2794 3375 2854 3421 ut
2876 3367 3239 3436 interrogante
3260 3365 3543 3437 aliquando
3562 3366 3827 3434 madore,

2265 3451 2435 3506 ecquo
2476 3438 2589 3491 vela
2640 3437 2752 3492 dari
2799 3438 3033 3506 iuberet,
3079 3436 3422 3507 respondisse
3470 3436 3680 3504 feratur,
3720 3437 3832 3505 Quo

2264 3506 2849 3578 DeusimpulcritmEx
2881 3526 2987 3576 quo
3032 3506 3281 3563 nimirum
3335 3518 3499 3578 patet,
3546 3524 3636 3562 cur
3676 3508 3836 3578 pirata

2260 3596 2415 3649 vagus
2455 3577 2676 3633 Sidonio
2720 3577 2949 3649 dicatur,
2993 3592 3044 3632 et
3092 3579 3252 3633 hostis
3281 3577 3573 3648 repentinus
3601 3577 3838 3634 Theodo-

2259 3648 2376 3707 rico
2403 3651 2511 3717 regi
2540 3650 2678 3717 apud
2722 3648 3036 3705 Senatorem
3068 3665 3083 3703 ι
3118 3650 3320 3704 Variar.
3358 3651 3411 3717 4,
3455 3659 3511 3704 et
3558 3651 3838 3717 repentinus

2257 3724 2371 3790 ejus
2398 3720 2634 3774 incursus
2664 3732 2707 3790 rt
2746 3719 2955 3787 fortuita
2986 3721 3325 3790 deprwdalio,
3376 3724 3571 3775 cunctis
3596 3719 3839 3774 littoribus

2258 3742 2287 3775 ε
2314 3742 2371 3774 ιιι
2398 3742 2634 3774 ιηειινδω
2664 3742 2707 3772 ει
2746 3742 2955 3787 ιογιιιιια
2986 3742 3325 3790 aeprwaatw,
3376 3742 3571 3775 cauata
3596 3742 3839 3774 ιιιιοηυῑι

2258 3742 2609 3916 ᾴιιοηιὶάαηάιι,
2639 3789 2874 3846 Novella:
2906 3791 3285 3859 Valentiniani,
3324 3808 3443 3860 qua:
3473 3800 3559 3846 est
3601 3791 3672 3846 20
3711 3793 3840 3846 inter

2308 3862 2681 3916 heodosianas.
2714 3863 2845 3916 Ouia
2883 3862 3041 3916 igitur
3072 3874 3267 3916 praeter
3307 3878 3511 3916 morem
3550 3873 3658 3916 est.
3696 3873 3753 3916 ut
3779 3861 3840 3916 ab

2308 3862 2681 3917 heodosianas.
2714 3863 2845 3926 Quia
2883 3862 3041 3929 igitur
3072 3874 3267 3931 praeter
3307 3878 3511 3917 morem
3550 3873 3658 3923 est.
3696 3873 3753 3917 ut
3779 3861 3842 3916 ab

2258 3932 2439 4003 Africa
2467 3933 2672 4003 irruant
2693 3933 2929 4003 Scythm,
2957 3934 3058 3989 hoc
3087 3942 3170 3988 est
3189 3934 3410 3989 Vandali
3435 3943 3492 3989 et
3516 3934 3842 4003 Alani,quos

2258 4003 2384 4060 alibi
2408 4002 2795 4074 Caucasigenas
2826 4014 2997 4068 vocat,
3027 4003 3152 4069 hinc
3181 4004 3429 4076 estquod
3461 4007 3562 4071 ait,

2751 4139 3097 4200 Conversoque
3129 4141 3303 4189 ordine
3330 4138 3409 4188 fati
3521 4186 3527 4191 .

2410 4201 2615 4251 Torrida
2639 4201 2911 4251 Caucaseos
2932 4201 3078 4251 infert
3106 4202 3221 4250 mihi
3246 4203 3391 4266 Byrsa
3415 4200 3634 4253 furores.

2256 4326 2321 4380 Et
2346 4326 2583 4381 carmine
2604 4323 2675 4377 2‘5
2697 4325 2883 4379 eadem
2908 4324 3186 4388 antithesi,
3217 4324 3572 4379 Gensericttm
3604 4324 3749 4379 dixit

2598 4493 2605 4499 .
2862 4459 3103 4509 Africana)

2560 4520 2771 4569 'l‘elluris
2795 4521 3095 4571 Tanaiticum
3115 4520 3376 4571 rebellem.

2338 4659 2362 4686 ε
2401 4649 2558 4718 Quod
2590 4650 2905 4707 Ricimerem
2931 4652 3112 4707 laudat
3139 4650 3416 4720 Sidonius,
3439 4653 3715 4710 Anthemii
3758 4654 3846 4721 qui

2265 4735 2523 4792 generum
2568 4722 2713 4777 illum
2765 4722 3027 4781 acciverat
3079 4725 3264 4792 gratim
3315 4724 3688 4793 imputandum
3746 4735 3846 4782 est.

2270 4792 2479 4864 Alioqui
2512 4808 2695 4863 parum
2726 4809 2901 4849 causae
2931 4794 3110 4849 habuit
3136 4809 3232 4851 cur
3258 4792 3531 4851 hominem
3563 4806 3791 4862 amaret,
3819 4812 3849 4850 a

2273 4880 2380 4934 quo
2422 4867 2632 4921 Avitum
2677 4879 2925 4920 Socerum
2974 4879 3206 4934 purpura
3246 4876 3465 4922 exutum
3506 4870 3849 4923 meminerat.

2269 4932 2401 4990 Erat
2433 4935 2478 4990 is
2507 4936 2756 5003 patricius
2786 4944 2839 4990 et
2878 4932 3131 5006 magister
3167 4936 3393 4993 militum
3426 4956 3437 4990 :
3485 4940 3587 5004 vir,
3636 4948 3699 4995 ut
3730 4938 3850 4995 Jor-

2268 5006 2475 5079 n_andes
2500 5006 2709 5079 scribit.
2732 5006 2985 5079 egregius
3013 5016 3068 5063 et
3099 5008 3150 5062 in
3193 5023 3251 5062 re
3296 5007 3486 5079 bellica
3525 5018 3637 5065 tum
3684 5025 3853 5079 prope

2266 5077 2568 5163 singularis,
2597 5077 2691 5163 sed
2728 5077 2819 5149 qui
2862 5078 3023 5163 nimia
3072 5078 3307 5163 potentia
3348 5078 3577 5163 barbaro
3624 5077 3847 5163 ingenio

2263 5147 2463 5221 abusus
2485 5158 2586 5221 est.
2619 5147 2757 5204 Nam
2784 5164 2897 5221 non
2921 5147 3093 5221 solum
3116 5148 3334 5221 Avitum
3367 5149 3596 5219 imperio
3622 5147 3851 5221 deiecit,

2260 5219 2359 5275 sed
2396 5219 2745 5289 Maiorianum
2789 5220 3003 5284 occidit,
3055 5230 3111 5276 et
3154 5219 3451 5283 Severum,-
3481 5221 3528 5276 si
3575 5219 3708 5278 vera
3752 5221 3854 5277 fuit

2261 5289 2419 5362 fama,
2468 5290 2606 5362 clam
2650 5290 2883 5346 sustulit.
2910 5291 3279 5362 Anthemium
3334 5306 3549 5362 quoque
3593 5307 3851 5349 socerum

2257 5358 2430 5433 ipsum
2470 5360 2609 5415 bello
2632 5362 2872 5430 adortus,
2906 5361 3071 5433 Roma
3107 5372 3286 5433 capta,
3323 5358 3534 5419 necavit
3563 5381 3575 5415 :
3607 5362 3854 5419 nondum

2255 5430 2462 5504 scilicet
2492 5448 2518 5484 ιι
2548 5434 2847 5501 principum
2871 5432 3128 5504 sanguine
3148 5430 3462 5500 d’estiturus,
3488 5432 3595 5490 nisi
3617 5435 3855 5500 quadra-

2256 5502 2458 5574 gesimo
2490 5504 2601 5571 ipse
2624 5505 2928 5574 postsoceri
2960 5502 3144 5559 necem
3164 5504 3251 5559 die
3280 5504 3599 5562 interiisset.
3622 5505 3851 5561 blixtnm

2252 5571 2330 5647 illi
2358 5591 2524 5647 genus
2544 5617 2559 5640 ,
2590 5571 2684 5631 sed
2713 5576 2935 5647 regium
2958 5575 3206 5646 utrinque
3227 5615 3243 5640 ,
3270 5587 3420 5647 patre
3441 5575 3647 5637 Suevo.
3673 5592 3857 5631 matre

2252 5643 2449 5711 Gotha,
2487 5646 2667 5701 Vallia:
2695 5643 2833 5717 regis
2866 5645 3007 5717 filia,
3041 5643 3213 5717 eoque
3249 5643 3479 5703 nobilior
3505 5662 3670 5717 quani
3708 5647 3856 5699 Geti-

2251 5720 2480 5781 sericus,
2530 5717 2618 5790 qui
2671 5715 3032 5785 Gundegisclo
3079 5716 3301 5787 quidem
3346 5732 3496 5790 rege,
3525 5715 3648 5776 ’σαι
3673 5726 3865 5774 matre

2250 5801 2408 5843 serva
2432 5789 2644 5858 spurius
2665 5795 2821 5844 natus
2843 5794 2950 5842 est.
3419 5789 3422 5790 ⁷
3462 5798 3469 5803 ’

2180 5908 2246 5940 ‘3"

4007 69 4009 211 Ψ

4008 230 4011 431 1
