4060 6332
231 290 328 349 655

228 412 282 468 In
308 422 527 479 regnum
556 406 661 463 duo
689 420 848 476 regna
871 412 1099 460 vocant:
1134 417 1254 457 nam
1289 411 1438 471 patre
1468 400 1695 461 Suevos,

228 506 268 561 A
296 501 554 575 genitrice
577 499 806 565 Getlies;
838 497 996 553 simul
1025 506 1079 551 et
1112 495 1468 549 reminiscitur
1500 491 1655 557 illud,

227 597 373 669 Quod
400 594 748 650 Tartessiacis
782 600 806 629 ιι
837 605 970 643 avus
1002 588 1158 658 hujus
1178 587 1344 640 Vallia
1368 586 1525 640 terris

138 682 148 693 ’
231 688 539 745 Vandalicas
562 694 784 749 turmas,
810 692 864 737 et
888 682 1057 751 juncti
1083 680 1262 735 Martis
1292 679 1494 733 Alanos

228 781 380 852 301
408 777 625 839 Stravit,
658 784 711 830 et
737 774 1012 829 occiduam
1040 782 1222 827 texere
1252 769 1513 824 cadavera
1542 768 1767 837 Calpen.

227 873 357 939 Quid
380 879 593 926 veteres
619 882 837 923 narrare
868 865 1040 935 fugas,
1069 865 1197 935 quid
1229 865 1422 919 damna
1456 862 1732 934 priorum?

227 963 253 1003 δ
278 962 608 1034 Agrigentini
639 961 827 1015 recolit
848 958 1127 1028 dispendia
1159 958 1355 1025 campi.

227 1058 354 1115 inde
377 1057 522 1121 furit,
556 1056 700 1126 quod
727 1068 785 1109 se
814 1053 995 1108 docuit
1018 1051 1150 1106 satis
1175 1051 1277 1104 iste
1309 1057 1558 1119 nepotem

225 1152 370 1209 Illius
399 1166 520 1208 esse
550 1150 670 1216 viri,
702 1164 809 1218 quo
835 1149 951 1202 viso
987 1140 1219 1201 Vandale
1250 1160 1467 1215 semper

227 1245 392 1314 Terga
425 1244 625 1298 dabas:
658 1256 780 1296 nam
806 1254 914 1295 non
934 1240 1098 1295 Siculi
1132 1239 1391 1292 illustrior
1419 1238 1562 1292 arvis

225 1334 299 1391 Tu
324 1334 573 1389 Marcelle
596 1333 762 1399 redis,
787 1346 881 1401 per
910 1345 1068 1401 quem
1094 1330 1290 1384 tellure
1318 1330 1560 1399 marique

225 1427 415 1482 Nostra
437 1427 752 1497 Syracusios
775 1433 1088 1496 prcssemnt
1116 1438 1261 1477 arma
1294 1430 1522 1492 penates
1546 1440 1559 1475 :

224 1522 329 1579 Nec
358 1531 413 1577 tu
440 1531 463 1560 ο
490 1522 575 1575 cui
608 1534 826 1576 currum
856 1518 1003 1574 Curti
1035 1531 1321 1588 superare,
1355 1517 1561 1571 Metelle
1581 1560 1595 1583 ,

226 1616 479 1685 Contigit,
510 1622 787 1669 ostentans
816 1612 970 1667 nobis
991 1611 1277 1681 elephanta
1302 1609 1632 1679 frequentem
1652 1649 1666 1673 ,

225 1709 365 1766 Grex
393 1709 543 1778 niger
570 1706 811 1762 albentes
839 1715 1041 1776 tegeret
1063 1720 1184 1760 cum
1210 1704 1352 1759 mole
1380 1702 1604 1772 iugales,

224 1804 622 1872 Auctoremque
653 1815 808 1856 suum
836 1800 1036 1855 celaret
1064 1813 1256 1869 pompa
1291 1796 1565 1865 triumphi.

225 1895 250 1934 ιι
276 1895 509 1950 Noricus
529 1892 911 1963 Ostrogothum
933 1891 1073 1962 quod
1103 1892 1379 1955 continet,
1416 1891 1519 1945 iste
1549 1890 1766 1945 timetur
1800 1903 1814 1944 :

227 1986 398 2043 Gallia
421 1985 564 2056 quod
596 1985 770 2040 Rheni
792 1984 1012 2039 Martem
1042 1984 1170 2053 ligat
1190 2024 1205 2050 ,
1239 1983 1341 2038 iste
1372 1983 1556 2052 pavori
1583 1990 1685 2038 est.

224 2080 383 2147 Quod
414 2090 438 2117 ο
467 2078 865 2149 consanguineo
892 2093 982 2133 me
1014 2077 1281 2131 Vandalus
1305 2077 1475 2132 hostis
1504 2077 1676 2131 Alano

226 2173 463 2243 Diripuit
484 2173 729 2235 radente,
759 2171 871 2225 suis
900 2170 987 2225 hic
1004 2169 1146 2224 ultus
1167 2169 1233 2223 ab
1254 2169 1440 2223 armis.

225 2262 330 2318 Sed
370 2274 549 2317 tamen
574 2274 712 2316 unus
735 2260 896 2315 homo
920 2268 1024 2324 est,
1052 2274 1155 2314 nec
1172 2268 1315 2313 tanta
1344 2258 1579 2327 pericula
1601 2258 1747 2314 solus

223 2356 466 2422 Tollere,
492 2354 587 2410 sed
608 2353 827 2409 diﬂ'erre
855 2361 1031 2423 potest
1067 2370 1077 2405 :
1110 2353 1272 2418 modo
1300 2352 1541 2422 principe
1568 2352 1725 2408 nobis

223 2448 321 2503 Est
348 2462 491 2517 opus
522 2456 760 2511 armato,
789 2455 1031 2501 veterum
1061 2444 1152 2515 qui
1183 2459 1335 2501 more
1365 2454 1669 2514 parentum,

221 2539 337 2597 Non
374 2539 617 2605 mandet,
644 2538 739 2593 sed
770 2538 906 2593 bella
930 2546 1111 2608 gerat;
1144 2553 1302 2609 quem
1334 2538 1482 2608 signa
1513 2546 1818 2594 moventem

221 2632 398 2691 Terra
428 2634 510 2688 vel
536 2632 682 2688 unda
714 2640 980 2697 tremant,
1014 2640 1071 2686 ut
1097 2632 1310 2687 tandem
1339 2632 1459 2702 jure
1480 2640 1719 2702 recepto,

202 2724 459 2784 'Romula
487 2727 738 2783 desuetas
767 2724 1115 2780 moderentur
1136 2725 1361 2781 classica
1391 2726 1613 2781 classes.

292 2818 484 2875 Audiit
504 2820 595 2874 illa
617 2828 785 2888 pater,
820 2817 975 2872 simul
1002 2818 1216 2881 annuit;
1247 2818 1356 2872 itur
1387 2796 1455 2872 in.
1470 2819 1663 2874 Urbem

223 2910 499 2967 Continuo
524 2927 539 2976 ;
568 2910 713 2965 videt
740 2912 855 2979 ipse
884 2910 1062 2975 deam,
1085 2910 1403 2964 summissus
1433 2910 1642 2978 adorat,

222 3003 430 3059 Pectus
456 3011 510 3057 et
536 3010 776 3057 exertam
805 3002 1095 3070 tetigerunt
1120 3015 1320 3055 cornua
1351 3016 1660 3059 mammam.

221 3092 510 3150 Mandatas
544 3093 647 3148 fert
676 3092 802 3147 inde
833 3106 1041 3161 preces,
1074 3107 1207 3162 quas
1239 3092 1358 3148 diva
1389 3104 1572 3151 secuta

224 3191 479 3260 Apparet
513 3188 594 3242 ire
617 3187 757 3242 viam
792 3204 803 3239 :
831 3187 1040 3241 laxatos
1067 3195 1215 3241 torva
1243 3188 1465 3258 capillos

221 3281 485 3351 Stringit,
513 3290 568 3336 et
597 3281 816 3335 inclusae
847 3280 1115 3335 latuerunt
1138 3281 1349 3337 casside
1376 3291 1568 3339 turres.

219 3375 405 3432 lnfula
435 3374 616 3429 laurus
643 3384 759 3428 erat
793 3392 806 3426 :
835 3373 996 3428 bullis
1028 3373 1306 3429 hostilibus
1332 3388 1490 3444 asper

215 3468 485 3538 Applicat
514 3481 545 3520 a
574 3467 705 3520 laeva
737 3474 1042 3535 surgentem
1069 3465 1279 3520 balteus
1299 3481 1504 3521 ensem.

215 3563 400 3633 302
426 3558 679 3612 Inseritur
698 3559 888 3627 clypeo
910 3558 1101 3611 victrix
1124 3573 1343 3622 manus;
1377 3559 1518 3613 illius
1546 3559 1733 3614 orbem

217 3649 569 3719 Martigenae,
600 3648 743 3718 lupa,
765 3648 963 3715 Tibris,
993 3662 1166 3715 amor,
1193 3650 1355 3717 Mars,
1381 3649 1491 3714 Ilia,
1522 3653 1817 3719 complent.

298 3818 328 3846 ο
368 3806 557 3860 Valliac
586 3803 726 3874 regis
754 3802 821 3858 de
849 3802 1098 3874 Vandalis
1125 3802 1412 3874 Manisque
1434 3804 1497 3858 ad
1522 3804 1827 3863 Tartessum

217 3890 279 3938 et
306 3877 523 3945 Calpen
571 3872 810 3928 victoria:
856 3873 1138 3945 abldatio
1183 3882 1237 3927 et
1278 3872 1480 3929 Isidoro
1521 3878 1827 3945 repetenda:

218 3961 387 4009 sunt.
424 3944 664 4001 Narrant
692 3946 831 3998 enim
867 3944 1090 3997 Valliatn
1134 3944 1232 3997 sub
1270 3958 1466 3999 annum
1496 3944 1692 4002 CliriSIi
1724 3949 1826 4004 418

219 4019 514 4076 Vandalos
542 4016 776 4085 Silingos
812 4017 861 4069 in
899 4014 1093 4069 Baetica
1133 4014 1426 4080 delevisse;
1473 4019 1671 4072 Alanos
1699 4036 1824 4075 vero

220 4094 309 4150 sic
335 4089 635 4151 attrivisse,
677 4098 732 4140 ut
753 4103 873 4141 cum
906 4086 1157 4140 Vandalis
1186 4086 1273 4155 qui
1310 4088 1462 4158 113
1492 4089 1545 4142 in
1578 4088 1823 4146 Callaecia

222 4161 553 4220 Gunderico
585 4161 694 4228 regi
740 4158 1019 4231 parebant,
1061 4173 1224 4231 unum
1275 4161 1560 4231 postearin
1610 4177 1832 4231 regnum

223 4231 565 4291 coaluerint.
616 4230 723 4284 Nec
752 4229 973 4283 dubium
1013 4230 1138 4297 quin
1170 4228 1236 4283 de
1274 4228 1354 4283 his
1387 4230 1542 4285 bellis
1574 4228 1826 4301 loquatur

224 4302 521 4363 Sidonius.

302 4376 333 4415 ι)
380 4372 571 4429 Cladis
597 4371 812 4436 Siculae,
853 4385 951 4436 qua
986 4369 1307 4425 Genserieus
1345 4373 1459 4441 ipse
1497 4389 1524 4426 a
1566 4372 1829 4432 Ricimere

224 4448 286 4503 in
317 4442 882 4515 Agrigentinolittore
911 4440 1241 4515 proﬂigatus,
1284 4440 1434 4497 illum
1470 4444 1656 4499 Vallim
1688 4446 1830 4502 Vau-

223 4511 493 4574 (ιδιοέωή
527 4513 793 4581 quondam
817 4511 1035 4566 victoris
1059 4520 1304 4582 nepotem
1323 4529 1441 4569 esse
1463 4517 1654 4582 sensit,
1679 4517 1833 4571 Avito

228 4598 293 4645 ut
328 4602 468 4644 reor
501 4587 818 4654 imperante.
873 4583 1086 4637 Missum
1115 4584 1258 4648 enim
1297 4586 1364 4639 ab
1395 4586 1549 4639 Avito
1578 4589 1833 4644 adversus

1686 280 2015 336 CARMINA.

1825 404 1874 463 Α
1904 399 2091 454 Fibula
2122 398 2358 453 mordaci
2388 400 2600 471 refugas
2630 415 2659 455 a
2694 409 2910 471 pectore
2940 408 3116 456 vestes

3388 282 3491 339 654

1911 492 2079 545 Dente
2108 491 2277 559 capit;
2309 491 2467 545 micat
2493 492 2643 547 hasta
2668 494 2869 559 minax,
2909 507 3247 563 quercusque
3274 495 3492 563 tropaiis

1909 582 2084 637 Cttrva
2115 583 2319 647 tremit,
2343 582 2655 652 placidoque
2682 584 2835 638 deam
2867 585 2966 639 sub
2998 584 3139 639 fasce
3169 584 3371 655 fatigat.

1914 675 1935 715 τ
1969 664 2237 747 Perpetuo
2263 686 2366 731 stat
2398 677 2574 746 planta
2604 679 2751 741 solo,
2783 680 2876 735 sed
2910 679 3067 736 fascia
3102 683 3299 750 primos

1912 768 2129 826 Sistitur
2158 770 2224 823 ad
2249 769 2463 839 digitos,
2489 772 2778 826 retinacula
2808 773 2928 827 bina
2954 774 3230 829 cothurnis

1911 861 2072 916 Mittit
2092 863 2143 916 in
2176 862 2461 916 adversum
2491 863 2671 916 vincto
2697 863 2763 917 de
2786 864 2987 919 fornice
3012 866 3211 934 pollex,

1910 955 2041 1023 Quae
2067 955 2329 1024 stringant
2353 953 2621 1023 crepidas,
2655 964 2707 1007 et
2737 958 3183 1011 concurrentibus
3211 958 3355 1013 ansis

1911 1047 2252 1113 Vinclorum,
2284 1048 2488 1117 pandas
2519 1056 2701 1102 texant
2731 1062 2825 1117 per
2854 1061 3011 1103 crura
3040 1058 3275 1106 catenas.

1914 1140 2057 1210 Ergo
2085 1140 2225 1195 sicut
2254 1149 2371 1194 erat
2401 1139 2654 1205 liquidam
2686 1149 2987 1194 transvecta
3010 1155 3107 1209 per
3127 1143 3370 1208 aethram,

1914 1232 2193 1287 Nascentis
2217 1233 2369 1299 petiit
2400 1232 2608 1300 tepidos
2638 1231 2958 1304 Hyperionis
2984 1242 3152 1287 ortus.
3240 1276 3264 1301 ο

1988 1326 2082 1381 Est
2110 1326 2260 1380 locus
2290 1327 2499 1391 oceani,
2530 1325 2833 1396 longinquis
2861 1326 3135 1395 proximus
3159 1326 3320 1394 ludis,

1915 1421 2028 1475 Axe
2051 1420 2148 1474 sub
2174 1419 2318 1484 Eoo,
2351 1418 2700 1473 Nabathazum
2732 1429 2914 1473 tensus
2944 1423 2993 1473 in
3028 1420 3248 1488 Eurum,

1866 1506 1867 1509 “
1918 1510 2023 1567 Ver
2053 1512 2139 1565 ubi
2169 1511 2485 1565 continuum
2508 1521 2591 1565 est
2613 1553 2626 1577 ,
2661 1512 2999 1580 interpellata
3022 1526 3120 1566 nec
3144 1512 3263 1566 ullis

1914 1604 2230 1677 Frigoribus
2259 1606 2497 1675 pallescit
2529 1606 2747 1669 humus;
2780 1606 2873 1660 sed
2901 1605 3033 1661 ﬂore
3060 1606 3281 1673 perenni

1916 1700 2064 1756 Picta
2087 1702 2397 1769 peregrinos
2428 1701 2676 1769 ignorant
2696 1715 2820 1754 arva
2853 1701 3073 1770 rigores.

1842 1785 1888 1845 Β
1922 1767 2114 1849 Halant
2139 1767 2267 1849 rura
2296 1767 2469 1861 rosis,
2495 1767 2959 1865 indescriptosque
2984 1811 3079 1865 per
3108 1767 3264 1866 agi-os

1921 1886 2145 1957 Fragrat
2168 1887 2304 1941 odor
2332 1901 2347 1942 :
2375 1886 2570 1940 violam
2594 1930 2606 1952 ,
2632 1888 2883 1958 cytisum,
2911 1887 3170 1958 serpylla,
3200 1888 3491 1956 ligustrum,

1920 1982 2078 2051 Lilia,
2111 1981 2402 2048 narcissos,
2431 1984 2652 2044 casiam,
2685 1981 2967 2047 colocasia,
3000 1980 3226 2047 calthas,

1918 2075 2163 2144 Costum,
2196 2076 2579 2139 malobatrum,
2609 2074 2885 2145 myrrhas,
2916 2075 3290 2143 opobalsama,
3326 2074 3496 2143 thura,

1922 2167 2231 2224 Parturiunt
2258 2169 2455 2239 campi,
2489 2182 2589 2223 nec
2611 2182 2714 2220 non
2744 2168 2988 2236 pulsante
3015 2177 3251 2232 senecta,

1921 2259 2055 2316 Hinc
2079 2262 2320 2317 rediviva
2354 2262 2485 2331 petit
2513 2259 2719 2314 vicinus
2748 2259 2993 2312 cinnama
3025 2258 3262 2325 phoenix.

1921 2351 2021 2407 Hic
2043 2352 2235 2408 domus
2256 2352 2479 2407 Aurora:
2502 2352 2663 2407 rutilo
2691 2358 2961 2406 crustante
2985 2331 3222 2409 me'tallo,

1921 2446 2213 2503 Baccarum
2240 2448 2457 2518 praefert
2480 2447 2641 2502 Imves
2668 2455 2878 2517 asprata
2909 2446 3136 2516 lapillos.

1924 2540 2187 2611 Diripiunt
2217 2541 2429 2596 diversa
2460 2524 2666 2605 oculos,
2694 2550 2746 2594 et
2766 2540 2833 2594 ab
2857 2548 2971 2594 arte
2993 2540 3263 2609 magistra,

1922 2635 2036 2691 Hoc
2065 2636 2232 2691 vincit
2258 2635 2614 2706 quodcunque
2641 2634 2824 2699 vides;
2858 2634 2949 2688 sed
2976 2634 3225 2689 conditur
3252 2633 3425 2687 omnis

1924 2728 2036 2783 Sub
2063 2728 2276 2783 domina
2310 2736 2575 2797 praesente
2606 2726 2788 2793 decor,
2814 2727 3085 2796 nimioque
3116 2725 3309 2780 rubore

1925 2819 2271 2874 Gemmarum
2300 2818 2476 2872 varios
2507 2817 2705 2886 perdit,
2733 2817 2854 2886 quia
2879 2816 3141 2885 possidet,
3170 2816 3339 2885 ignes.

1925 2911 2206 2967 Fundebat
2229 2926 2379 2965 coma
2410 2925 2543 2980 pexa
2580 2924 2791 2975 crocos,
2817 2910 3062 2979 ﬂexoque
3084 2910 3283 2963 lacerto

1925 3005 2090 3076 303
2116 3003 2279 3059 Lutea
2312 3004 2600 3073 depressus
2622 3004 2866 3058 comebat
2895 3011 3131 3072 tempora
3154 3011 3362 3071 pecten.

1928 3095 2247 3151 Fundebant
2271 3096 2409 3151 oculi
2438 3096 2640 3163 radios,
2674 3096 2826 3151 color
2855 3096 3040 3166 igneus
3070 3095 3195 3160 illis,

1848 3168 1895 3234 ε
1924 3188 2039 3246 Νοη
2062 3197 2243 3245 tamen
2264 3189 2425 3245 ardor
2446 3199 2564 3244 erat
2594 3207 2606 3241 :
2638 3190 2883 3259 quamvis
2906 3190 2972 3244 de
2998 3200 3155 3246 nocte
3186 3202 3399 3244 recussa

1923 3284 2149 3354 Excepti
2177 3284 2386 3339 soleant
2414 3283 2662 3339 sudorem
2690 3282 2896 3353 fingere
2926 3298 3095 3338 rores.

1924 3376 2148 3434 Pectora
2177 3376 2260 3432 bis
2279 3376 2507 3446 cingunt
2539 3390 2714 3441 zonae,
2741 3374 3025 3445 parvisque
3051 3375 3261 3445 papillis

1925 3470 2183 3527 Invidiam
2208 3466 2332 3525 fa'cit
2354 3469 2469 3539 ipse
2493 3471 2641 3525 sinus
2675 3485 2687 3521 :
2718 3483 2840 3539 pars
2861 3468 3057 3523 extima
3087 3468 3227 3538 pepli

1928 3564 2133 3619 Perfert
2157 3565 2409 3632 puniceas
2438 3562 2504 3617 ad
2531 3550 2689 3617 crura
2718 3563 2964 3618 rubentia
2993 3578 3171 3631 rugas.

1927 3657 2017 3713 Sic
2044 3657 2230 3727 regina
2257 3656 2412 3713 sedet
2432 3657 2599 3721 solio;
2631 3655 2832 3723 sceptri
2862 3656 2977 3709 vice
3007 3665 3032 3702 ε
3062 3655 3303 3709 dextram

2005 3811 2031 3848 ἀ
2062 3813 2415 3867 Barbarorum
2449 3821 2619 3866 terror
2646 3823 2731 3867 est
2753 3812 3004 3868 Ricimer.
3036 3813 3186 3881 Quod
3231 3813 3372 3869 enim
3414 3813 3513 3869 Os-

1934 3882 2163 3956 trogothi
2195 3897 2289 3956 per
2309 3882 2532 3956 Noricos
2553 3884 2612 3956 in
2642 3883 2843 3938 Italiam
2864 3927 2879 3950 ,
2906 3885 3116 3952 Franci,
3143 3885 3368 3956 aliaeque
3386 3901 3515 3955 gen—

1931 3964 2013 4027 tes
2034 3953 2363 4009 Gerinanica:
2382 3969 2483 4027 per
2501 3952 2749 4010 Rhenum
2770 3956 2821 4010 in
2842 3956 3039 4010 Gallias
3065 3970 3169 4010 non
3190 3952 3514 4027 irrumpunt,

1931 4025 2046 4096 ejus
2074 4035 2220 4079 metu
2252 4026 2612 4079 continentur.

2014 4107 2037 4134 ο
2067 4097 2267 4171 Alanos
2295 4111 2454 4171 unam
2486 4096 2537 4171 in
2568 4106 2780 4166 gentem
2808 4113 2927 4171 cum
2966 4097 3217 4154 Vandalis
3249 4099 3518 4171 in,ilispa-

1939 4168 2025 4222 nia
2056 4166 2319 4222 coaluisse
2337 4167 2445 4236 jam
2475 4144 3518 4235 (1ἰοῗυνῶνξᾶῖρἶι-δτξῦἧῖἶιίᾜῆξξεξίῖη

1941 4238 2293 4311 traiecerunt:
2344 4236 2484 4311 quod
2534 4249 2684 4292 notat
2715 4237 2993 4311 Possidius
3021 4240 3070 4293 in
3106 4240 3224 4295 Vita
3253 4242 3309 4297 S.
3344 4244 3521 4311 Augu-

1938 4309 2093 4374 stini;
2128 4319 2182 4363 et
2215 4308 2568 4374 Genseric‘us,
2596 4324 2659 4363 ac
2691 4310 2921 4377 posteri,
2955 4310 3314 4367 Vandalorum
3361 4308 3519 4369 simul

1939 4379 2339 4453 Alanorumque
2392 4394 2544 4448 reges
2592 4381 2843 4453 appellati
2891 4401 2903 4453 ς
2963 4392 3021 4453 ut
3066 4384 3205 4453 apud
3252 4384 3520 4440 Victorem

1942 4451 2239 4522 Vitenseni,
2267 4451 2318 4503 in
2338 4460 2621 4522 praecepto
2650 4451 2902 4505 liunerici
2938 4452 3004 4506 ad
3032 4451 3312 4522 episcopos
3340 4458 3523 4510 ortho-

1938 4521 2127 4585 doxos,
2161 4521 2311 4589 cujus
2335 4521 2449 4591 haec
2480 4529 2562 4575 est
2590 4521 2863 4591 inscriptio
2888 4540 2903 4578 :
2937 4523 3044 4576 Rea:
3067 4521 3360 4577 Hune’ricus
3388 4525 3523 4579 Van-

1939 4592 2175 4645 dalorum
2204 4602 2250 4663 et
2281 4590 2565 4663 Alanorum
2596 4593 2842 4663 uniuersis
2875 4594 3125 4663 episwpis
3149 4593 3523 4663 homousiam‘s;

232 4657 532 4734 Yandalos
552 4638 671 4734 cum
701 4654 938 4734 exercitu
964 4638 1283 4734 Ricimerem
1309 4665 1495 4734 auctor
1519 4667 1601 4734 est
1864 4638 1913 4699 D

227 4731 286 4787 in
318 4728 613 4796 excerptis
643 4726 986 4796 legationum.
1014 4725 1219 4796 Caesam
1250 4727 1409 4778 etiam
1436 4727 1720 4782 Ricimeris
1747 4745 1838 4785 co-

227 4802 392 4858 mitis
414 4794 877 4869 circumventioue
908 4794 1261 4869 Vandalorum
1290 4797 1704 4869 multitudinem,
1723 4815 1841 4869 quae

228 4871 578 4938 Carthagine
603 4883 725 4921 cum
746 4868 834 4938 ADO‘
866 4866 1092 4920 navibus
1122 4866 1375 4932 solverat,
1410 4867 1548 4922 inter
1580 4869 1717 4923 Aviti
1742 4866 1842 4926 res

230 4954 434 5016 gestas
463 4935 690 5016 adnotat
707 4935 925 5016 ldatius.

308 5024 336 5053 ε
371 5007 863 5077 Quidam,Curium
885 5020 1038 5058 curru
1062 5020 1081 5059 :
1106 5006 1244 5076 quod
1275 5008 1516 5063 eamdem
1543 5009 1701 5064 habet
1718 5025 1840 5066 sen-

232 5085 505 5140 tentiam.
540 5080 749 5133 Primus
777 5077 1089 5147 elephantos
1138 5077 1213 5148 de
1250 5078 1456 5148 Pyrrho
1506 5081 1839 5148 triumphans

233 5155 491 5211 duxerat
510 5150 699 5206 Curius
726 5148 981 5221 Dentatus
1003 5162 1143 5221 ann_o
1174 5146 1237 5203 U.
1260 5146 1319 5204 C.
1347 5149 1471 5216 427,
1495 5151 1587 5206 sed
1621 5146 1838 5221 pauens,

234 5237 492 5296 Quatuor
513 5225 794 5296 duntaxat,
825 5227 882 5273 ut
911 5219 1064 5296 docet
1094 5219 1515 5296 EutropiusuAt
1534 5219 1635 5296 iLI
1654 5219 1838 5296 Metelé-

239 5290 334 5351 rus
386 5298 449 5351 in
491 5291 762 5365 triumpho
791 5304 946 5349 quem
972 5290 1046 5365 de
1068 5290 1218 5365 victis
1247 5290 1298 5344 in
1319 5292 1507 5365 Sicilia
1532 5295 1709 5365 Poenis
1735 5295 1842 5365 egit

240 5383 398 5424 anno
431 5365 500 5421 υ.
533 5365 597 5419 C.
628 5359 750 5425 503,
777 5370 988 5415 centum
1017 5359 1168 5431 duxit
1193 5370 1248 5415 et
1282 5361 1465 5431 viginti
1492 5404 1505 5428 ,
1555 5364 1704 5419 Livio
1746 5359 1842 5419 ait-

240 5450 440 5502 ctore,
471 5445 529 5489 ut
558 5442 639 5488 est
665 5432 727 5502 in,
761 5433 1000 5499 Epitome
1032 5430 1129 5498 l9,
1160 5442 1213 5484 et
1238 5430 1437 5488 Seneca
1478 5435 1545 5489 de
1580 5436 1845 5490 Brevitate

242 5512 377 5565 vita:
409 5523 534 5575 cap.
580 5505 667 5559 H.
703 5501 868 5575 Idem,
907 5503 1096 5570 inquit,
1131 5503 1369 5555 narrabat
1403 5502 1663 5559 Metellum
1706 5508 1845 5560 victis

240 5582 301 5636 in
338 5578 537 5637 Sicilia
571 5576 736 5629 f’aznis
779 5574 1176 5643 triumphantem
1204 5589 1358 5625 unum
1388 5577 1613 5628 omnium
1659 5576 1838 5628 Rosia.

243 5667 449 5706 norum
478 5659 591 5701 ante
619 5661 823 5699 currum
857 5645 957 5698 tuo
983 5654 1029 5695 et
1057 5644 1126 5696 '20
1152 5645 1376 5710 captivos
1408 5644 1703 5714 elephantos
1734 5648 1845 5698 du—

245 5723 421 5778 xisse.
474 5719 611 5772 Vicit
651 5731 777 5787 ergo
820 5714 963 5769 Curii
1011 5729 1227 5768 currum
1275 5714 1542 5774 Metellus;
1579 5733 1673 5770 nec
1699 5717 1841 5771 Curii

248 5792 469 5856 modo,
498 5791 590 5847 sed
620 5790 841 5843 aliorum
859 5826 875 5854 ,
904 5795 1165 5856 quotquot
1203 5793 1386 5854 postea
1428 5788 1841 5856 triumpharunt.

1943 4732 2073 4786 dere
2094 4729 2213 4796 est,
2232 4744 2339 4801 cur
2380 4729 2805 4801 consanguineos
2834 4740 2888 4801 et
2918 4730 3085 4801 juncti
3116 4734 3300 4788 Martis
3327 4729 3528 4792 Alanos

1945 4817 2066 4856 cum
2092 4800 2381 4866 Vandalis,
2410 4800 2769 4869 Romanaeque
2799 4800 3120 4870 direptionis
3158 4805 3333 4860 socios
3362 4807 3525 4863 dicat.

2023 4870 2041 4909 τ
2094 4871 2274 4945 solea.
2304 4870 2497 4945 Genus
2516 4870 2567 4945 id
2607 4872 2993 4945 cothurnorum
3023 4874 3281 4929 describit
3308 4880 3446 4945 quod
3478 4880 3531 4931 in

1948 4942 2181 5012 antiquis
2230 4942 2420 4996 statuis
2450 4939 2633 4996 videre
2663 4950 2741 4996 est
2772 4960 2786 4997 :
2815 4942 2867 4998 in
2897 4960 3002 5013 quo
3022 4989 3035 5013 ,
3071 4955 3129 4998 ut
3159 4939 3529 5004 Gellii'verbis

1945 5022 2089 5079 utar,
2121 5013 2424 5086 plantarum
2452 5013 2632 5086 calces
2675 5022 2877 5086 tantum
2914 5014 3097 5071 intime
3122 5027 3391 5086 teguntur,
3425 5035 3529 5075 cre-

1948 5090 2062 5138 tera
2108 5083 2282 5149 nuda,
2312 5093 2365 5137 et
2408 5084 2665 5139 teretibus
2698 5084 2920 5142 habenis
2960 5088 3132 5141 vincta
3173 5083 3317 5143 sunt.
3348 5090 3533 5145 Solum

1948 5168 2077 5236 ergo
2099 5168 2200 5236 pro
2224 5153 2368 5210 solea
2397 5157 2594 5225 posuit,
2618 5164 2675 5209 ut
2701 5154 2954 5236 Plautus,
2988 5158 3276 5225 Martialis,
3313 5160 3531 5236 aliique.

1947 5224 2234 5302 Fornicem
2262 5224 2547 5302 vero,_pro
2571 5236 2721 5295 parte
2756 5226 2989 5302 devexa,
3016 5239 3071 5283 et
3091 5244 3227 5284 cavo
3258 5224 3409 5300 pedis
3425 5224 3533 5302 'op-

1950 5298 2163 5368 posita,
2196 5311 2355 5364 quam
2395 5298 2488 5352 lib.
2534 5312 2659 5360 vni,
2695 5298 2852 5366 epist.
2893 5298 2953 5353 11
2984 5341 2997 5363 ,
3042 5298 3307 5355 cameram
3359 5298 3531 5368 dixit,

1952 5366 2185 5449 fasceata
2233 5368 2432 5437 pariter
2474 5369 2836 5449 calceamenta
2877 5370 3224 5449 describens,
3258 5373 3312 5449 in
3341 5366 3532 5439 quibus

1951 5439 2268 5492 vinculorum
2298 5438 2715 5516 concurrentibus
2736 5439 2954 5505 ansulis,
2984 5443 3184 5516 reﬂexa
3203 5443 3272 5496 ad
3299 5438 3415 5500 crus
3442 5464 3533 5516 per

1952 5525 2206 5586 cameram
2235 5519 2411 5586 catena
2425 5510 2620 5586 surgit.
2669 5510 2804 5564 Sunt
2850 5510 3043 5568 tamen
3068 5512 3282 5570 codices
3307 5519 3398 5586 qui
3426 5510 3537 5575 non

1954 5582 2165 5650 fornice,
2192 5581 2283 5635 sed
2314 5581 2485 5650 fomite
2517 5581 2712 5647 legant.

2028 5661 2051 5695 εξ
2088 5650 2245 5721 114
2276 5654 2495 5705 Aurorae
2545 5651 2713 5731 facem
2745 5655 2948 5731 _sceptri
2994 5656 3361 5731 viceﬂtribuit:
3392 5664 3535 5731 quod

1953 5735 2015 5776 ex
2068 5731 2246 5775 vetere
2298 5721 2680 5776 consuetudine
2728 5721 2944 5777 ductum
2976 5736 3076 5781 est.
3105 5726 3235 5781 Nam
3266 5745 3391 5785 cum
3410 5721 3547 5790 llaec

1876 5872 1919 5881 ἤ-
1952 5791 2268 5862 pingelmtur
2310 5806 2329 5845 :
2366 5792 2507 5847 unde
2545 5792 2941 5871 lupa-«6727690;
2982 5813 3194 5867 quoque
3239 5802 3571 5869 appellata“,
