4060 6332
632 286 737 343 655

632 396 918 468 Lampadis
958 397 1106 451 hasta
1136 394 1306 465 replet
1336 411 1349 448 :
1380 409 1484 450 nox
1514 392 1688 450 adstat
1717 394 1959 465 proxima
1985 396 2142 464 divae,

632 494 751 549 Jani
774 491 987 560 refugos
1013 503 1274 544 conversa
1307 489 1487 559 pedes,
1523 504 1584 545 ac
1607 504 1744 559 pone
1772 490 2005 546 tribunal

630 586 836 642 Premit
857 585 947 639 lux
968 598 1233 638 summum
1260 584 1345 637 vix
1377 583 1645 640 intellecta
1683 599 1961 643 cacumen.

627 680 765 735 Hinc
790 679 1013 734 Romam
1043 678 1243 749 liquido
1266 677 1568 734 venientem
1595 680 1807 734 tramite
1828 678 2073 747 ce’rnens,

627 774 859 829 Exsiluit
886 788 1134 843 propere,
1170 782 1224 828 et
1250 771 1461 829 blandis
1491 772 1638 843 prior
1659 787 1781 828 orsa
1807 772 2052 847 loquelis.

698 864 860 931 Quid,
889 873 1049 934 caput
1072 880 1104 920 ο
1134 865 1341 931 mundi,
1372 865 1527 929 dixit,
1559 880 1675 921 mea
1706 880 1869 936 regna
1891 865 2078 920 revisis
2110 879 2124 917 :

624 958 1031 1029 Qnidvejubes?
1055 958 1275 1013 Paulum
1291 958 1380 1013 illa
1397 959 1583 1026 silens,
1602 969 1761 1030 atque
1776 974 1966 1030 aspera
1984 958 2216 1014 miscens

623 1054 864 1120 Mitibus,
896 1052 1012 1107 lucc
1038 1053 1202 1121 erepit
1232 1072 1244 1106 :
1278 1053 1447 1109 Venio
1478 1053 1713 1122 (desiste
1735 1054 1966 1118 moveri,

623 1146 737 1203 Nec
764 1146 993 1207 multum
1025 1145 1263 1216 trepida)
1292 1161 1396 1201 non
1422 1157 1477 1201 ut
1509 1146 1641 1201 mihi
1668 1162 1883 1216 pressus
1912 1151 2124 1202 Araxes

622 1238 882 1329 Imposito
910 1238 1008 1293 sub
1031 1245 1195 1309 ponte
1222 1240 1369 1305 fluat,
1402 1254 1501 1295 nec
1532 1248 1589 1293 ut
1617 1239 1806 1295 ordine
1829 1240 2005 1309 prisco

622 1330 841 1387 Indicus
871 1332 1106 1387 Ausonia
1141 1339 1353 1401 potetur
1382 1332 1591 1387 casside
1616 1330 1857 1403 Ganges;

622 1427 733 1483 Aut
758 1435 817 1481 ut
839 1425 1062 1497 tigriferi
1084 1428 1388 1497 pharetrata
1416 1441 1513 1496 per
1536 1441 1664 1482 arva
1691 1426 1933 1497 Niphatis

622 1520 989 1590 Depopuletur
1012 1534 1181 1575 ovans
1208 1518 1468 1573 Artaxata
1494 1518 1686 1589 CaSpia
1717 1519 1924 1574 consul.

623 1624 654 1652 ιι
681 1614 796 1670 Non
818 1615 941 1671 Pori
963 1614 1124 1670 modo
1149 1629 1313 1685 regna
1344 1629 1552 1684 precor,
1593 1630 1693 1669 nec
1721 1622 1781 1669 ut
1817 1614 1964 1669 hisce
1997 1612 2212 1669 lacertis

624 1707 860 1779 Frangat
885 1708 1196 1780 Hydaspeas
1225 1708 1366 1763 aries
1392 1708 1653 1777 impactus
1683 1706 1959 1776 Erythras.

620 1799 740 1855 Non
769 1801 821 1853 in
855 1797 1040 1855 Baetra
1071 1800 1237 1867 feror,
1268 1814 1369 1855 nec
1388 1798 1771 1854 committentia
1801 1813 2004 1868 pugnas

622 1891 874 1947 Arsacias
903 1906 1006 1947 non
1031 1905 1213 1961 quaero
1243 1890 1455 1959 domus,
1487 1906 1586 1945 nec
1617 1899 1819 1945 tessera
1850 1890 2041 1945 castris

620 1984 685 2039 In
709 1984 1058 2053 Ctesiphonta
1082 1984 1239 2040 datur
1261 2002 1274 2037 :
1296 1993 1464 2040 totum
1482 1985 1623 2039 hunc
1645 1983 1739 2039 tibi
1756 1984 2017 2040 cessimus
2034 1996 2208 2048 axem,

618 2077 690 2134 Et
711 2092 811 2133 nec
835 2079 912 2134 sic
934 2093 1144 2134 mereor
1172 2090 1408 2133 nostram
1437 2088 1496 2132 ut
1522 2087 1705 2133 tueare
1727 2077 2033 2132 senectam?

618 2170 795 2227 Omne
815 2171 958 2241 quod
985 2170 1309 2240 Euphratem
1335 2171 1642 2239 Tigrimque
1664 2170 1963 2240 interjacet,
1985 2169 2113 2224 olim

617 2262 747 2319 Sola
780 2272 931 2318 tenes
964 2281 975 2314 :
1011 2278 1097 2317 res
1126 2270 1303 2331 empta
1339 2261 1471 2316 mihi
1500 2272 1583 2317 est
1610 2262 1676 2317 de
1706 2262 1961 2331 sanguine
1984 2260 2163 2317 Crassi
2192 2277 2208 2316 :

619 2352 787 2423 θοή.
816 2353 896 2407 Ad
927 2352 1119 2407 Carras
1149 2353 1379 2422 pretium
1402 2352 1612 2422 scripsi,
1648 2367 1744 2407 nec
1766 2353 1934 2407 inulta
1957 2352 2209 2421 remansi,

618 2445 727 2503 Aut
752 2445 908 2514 periit
930 2447 1006 2500 sic
1033 2453 1244 2514 emptus
1275 2459 1404 2515 ager
1432 2462 1447 2503 :
1479 2446 1524 2499 si
1550 2445 1695 2511 fallo,
1727 2445 1969 2515 probasti

618 2535 649 2578 ι’
679 2537 934 2593 Ventidio
963 2528 1192 2593 mactate
1219 2537 1423 2609 Sapor;
1459 2553 1559 2594 nec
1586 2538 1782 2595 sufﬁcit
1811 2539 1950 2595 istud
1979 2558 1993 2592 :

615 2630 904 2685 Armenias
936 2628 1276 2699 Pontumque
1306 2629 1462 2698 dedi,
1494 2646 1600 2700 quo
1628 2625 1802 2686 Marte
1821 2632 2064 2701 petitum,

617 2721 769 2778 Dicat
787 2723 937 2794 Sylla
961 2725 1085 2789 tibi;
1117 2724 1297 2778 forsan
1328 2739 1434 2778 non
1465 2724 1701 2780 creditur
1730 2725 1820 2779 uni
1853 2743 1868 2780 :

616 2813 852 2871 Consule
881 2816 1184 2871 Lucullum.
1220 2817 1394 2872 Taceo
1419 2817 1529 2887 jam
1563 2817 1824 2887 Cycladas
1850 2833 2063 2875 omnes.

614 2909 894 2980 Acquisita
920 2925 1041 2965 meo
1076 2910 1246 2966 servit
1272 2910 1367 2966 tibi
1394 2911 1550 2966 Creta
1577 2911 1811 2967 Metello.

598 3001 953 3079 .Transcripsi
982 3003 1176 3061 Cilicas
1200 3022 1214 3059 :
1242 3006 1340 3060 hos
1363 3004 1580 3075 Magnus
1604 3005 1814 3062 fuderat
1839 3007 1986 3063 olim.

613 3094 804 3166 Adjeci
835 3097 1027 3169 Syriae,
1060 3112 1193 3167 quos
1222 3112 1365 3152 nunc
1391 3098 1709 3167 moderaris,
1740 3098 1950 3155 Isauros
1979 3119 1994 3154 :

612 3186 729 3241 Hos
757 3202 971 3258 quoque
1000 3188 1101 3243 sub
1128 3190 1327 3244 nostris
1354 3189 1561 3245 domuit
1588 3189 1847 3247 Servilius
1876 3194 2060 3249 armis.

611 3278 869 3334 Concessi
891 3266 1104 3335 [Etolos
1126 3288 1361 3346 veteres,
1393 3281 1758 3351 Acheloiaque
1784 3298 1931 3351 arva,

612 3369 897 3452 Tr'ansfudi
924 3373 1213 3430 Attalicum
1245 3375 1386 3429 male
1414 3375 1629 3430 credula
1661 3385 2063 3435 testamentum.

609 3463 835 3536 Epirum
867 3468 1099 3531 retines;
1130 3476 1186 3521 tu
1216 3466 1323 3522 scis
1348 3466 1438 3536 qui
1465 3466 1656 3523 debeat
1683 3467 1835 3523 illam

606 3548 889 3627 Pyrrhus;
922 3560 975 3613 in
1005 3556 1272 3628 Illyricum
1304 3566 1491 3629 specto
1518 3567 1569 3614 te
1590 3558 1801 3616 mittere
1820 3561 1938 3631 jura
1961 3604 1976 3630 ,

606 3647 687 3707 Ac
708 3649 970 3707 Macetum
998 3652 1171 3706 terras
1198 3668 1212 3706 :
1237 3660 1289 3705 et
1318 3649 1486 3706 habes
1508 3661 1583 3718 tu,
1609 3651 1792 3719 Paule,
1815 3664 2058 3725 nepotes.

609 3741 825 3814 Egypti
854 3744 1122 3799 frumenta
1154 3742 1308 3810 dedi;
1342 3743 1474 3798 mihi
1503 3744 1705 3801 vicerat
1732 3747 1857 3801 olim

608 3832 888 3893 Leucadiis
911 3836 1147 3907 Agrippa
1173 3834 1347 3893 fretis.
1371 3834 1555 3892 Iudaea
1578 3846 1789 3897 tenetur

606 4008 781 4066 eoque
808 3993 991 4066 habitu
1032 3996 1232 4063 passim
1259 3995 1497 4050 cernitur
1528 3996 1581 4050 in
1614 3995 1847 4066 antiquis
1879 4011 2196 4055 monumen-

608 4066 697 4121 tis.
727 4065 947 4122 Ovidius
968 4082 999 4120 v
1022 4067 1308 4123 Fastorum
1339 4085 1351 4119 :
1614 4104 1617 4109 ς

731 4179 938 4244 Postera
959 4192 1281 4244 cumproseam
1306 4180 1461 4244 pulsis
1483 4180 1777 4244 Hyperionis
1797 4186 1939 4234 astris

790 4196 938 4228 )5tera
959 4196 1068 4229 cum
1090 4196 1281 4230 roseam
1339 4196 1461 4229 DISIS
1486 4196 1698 4244 HipCl‘lO

790 4240 849 4291 1n
869 4243 1115 4292 matutinis
1137 4196 1356 4304 lamparia
1379 4242 1521 4293 tollet
1546 4246 1701 4306 equis.

609 4344 680 4402 Et
703 4344 959 4404 Sidonius
986 4348 1098 4417 ipse
1128 4348 1367 4404 carmine
1390 4350 1422 4406 9
1452 4349 1609 4405 lndos
1640 4350 1773 4405 dixit

734 4459 934 4511 Aurorae
958 4458 1066 4510 face
1094 4461 1243 4512 civica
1269 4467 1511 4523 perustcs.

680 4572 708 4603 ι
738 4564 827 4621 Sic
856 4565 1137 4642 legendum
1167 4567 1373 4642 censui,
1415 4583 1523 4622 non
1552 4566 1757 4642 Pharii,
1783 4578 1840 4625 ut
1868 4570 1921 4626 in
1944 4571 2191 4642 vulgatis.

608 4634 850 4714 Regnum
884 4634 1008 4714 Pori
1039 4638 1177 4692 ultra
1208 4637 1509 4714 Hydaspem
1552 4649 1668 4694 erat
1698 4656 1712 4694 :
1744 4634 1813 4714 in
1839 4642 1992 4711 cujus
2036 4634 2190 4714 ripa,

610 4716 668 4781 ut
685 4708 899 4781 Gurtius
921 4709 1014 4763 lib.
1035 4724 1127 4764 vnr
1155 4720 1357 4777 narrat,
1375 4712 1547 4765 victus
1573 4718 1678 4781 est,
1704 4708 1991 4780 prohibere
2022 4708 2196 4770 trans-

608 4778 686 4834 itn
731 4779 925 4834 frustra
979 4790 1202 4835 conatus
1251 4778 1880 4839 Alexandrum.'Verum
1928 4786 2193 4845 Ervthras

608 4850 820 4928 Jonicas
841 4896 854 4919 ,
876 4850 1182 4928 _Bt§{oticas,
1227 4851 1500 4928 Aitolicas
1505 4926 1517 4928 _
1533 4853 1757 4928 legimus
1787 4874 1800 4909 :
1831 4848 2186 4928 llydas’pzeas,

608 4927 712 4995 hoc
753 4929 837 4995 est
875 4921 1121 4995 Indicas,
1160 4938 1446 4995 nusquam.
1479 4921 1789 4995 Eryihrmos
1822 4921 1965 4983 enim
1996 4921 2190 4985 Bacchi

607 4993 918 5071 triumphos
940 4994 1229 5071 Martialis__,
1262 4993 1569 5071 Erythrzeas
1600 5012 1839 5071 gemmas
1869 5011 1923 5071 et
1954 5014 2193 5071 smarag-

606 5064 1057 5140 ilos_Claudianus
1079 5066 1250 5140 etalia
1280 5064 1401 5140 alii,
1431 5081 1536 5140 non
1566 5064 1633 5122 ab
1663 5069 1794 5123 urbe
1833 5070 2043 5140 aliqua,
2094 5064 2191 5127 se'd

606 5136 675 5212 ab
708 5135 984 5212 Erythram
1008 5138 1166 5212 mari,
1191 5136 1331 5205 quod
1363 5136 1568 5191 Indiam
1588 5139 1761 5212 alluit,
1790 5135 2186 5212 nuncuparunt.

606 5210 676 5284 At
705 5208 953 5284 Sidonius
998 5208 1392 5284 urbis__nomen
1433 5223 1552 5284 esse
1596 5208 2187 5284 existimavitfeasqne

606 5276 959 5354 llvdaspruas,
993 5278 1345 5354 sagittiferas,
1378 5279 1585 5347 tepidas
1615 5281 1871 5351 Erythras
1912 5276 2187 5354 appellare

607 5351 761 5419 solet,
788 5357 895 5402 uta
924 5351 1135 5404 caneris
1162 5349 1472 5419 distinguat.

641 5487 650 5497 .
677 5417 707 5497 ξξ
734 5421 808 5497 ita
835 5420 1192 5497 lib_ri_omnes.
1218 5417 1376 5497 Atqui
1405 5421 1727 5497 Parthorum
1761 5424 1871 5493 regi
1903 5441 2060 5495 quem
2088 5442 2183 5483 oc-

605 5487 753 5561 sidit
767 5490 1072 5557 Ventidius,
1098 5509 1203 5548 non
1228 5487 1417 5561 Sapori
1437 5532 1451 5554 ,
1485 5495 1577 5547 sed
1605 5494 1806 5548 Pacoro
1825 5487 2027 5550 nomen
2061 5497 2181 5553 fuit.

607 5556 899 5635 SedSapor
929 5561 1150 5635 Sidonio
1170 5564 1273 5635 dici
1304 5556 1478 5631 potuit
1507 5565 1684 5632 quivis
1710 5581 1804 5619 rex
1833 5565 2177 5635 Parthorum,

608 5628 949 5710 ut_Arsaces.
982 5632 1226 5710 ltahenim
1258 5628 1321 5688 in'
1345 5628 1673 5710 Panegyrico
1703 5637 1844 5710 Aviti
1892 5638 2083 5708 legitur
2132 5628 2182 5694 in

609 5702 821 5767 nptimis
849 5716 977 5758 mss.
995 5702 1311 5778 ,_Partltigus
1344 5702 1733 5762 ultro—restituit
1758 5723 1867 5762 mea
1911 5702 2056 5778 signa
2084 5710 2187 5766 Sa-

608 5787 724 5849 por,
752 5785 874 5829 cum
906 5775 1198 5858 restituerit
1227 5776 1506 5837 Phraates.
1552 5779 1791 5839 Pacorus
1826 5775 2019 5839 Orodis
2048 5782 2185 5843 ﬁlius

1910 278 2153 337 SIDONII
2193 277 2649 337 APOLLINARIS

2244 398 2299 459 Α
2325 394 2439 453 Sub
2467 396 2671 453 ditione
2694 402 2802 461 tua,
2833 401 3084 465 tanquam
3109 402 3165 450 tu
3191 394 3403 452 miseris
3426 395 3555 452 illuc

2220 4611 2276 4674 D

3798 287 3889 346 ('56

2322 488 2590 560 Insignem
2618 503 2738 544 cum
2764 497 2912 558 patre
2941 487 3140 544 Titum.
3173 488 3292 544 Tibi
3314 487 3510 560 Cypria
3539 503 3744 549 merces

2324 582 2520 639 Fertur
2546 600 2559 637 :
2592 596 2864 654 pugnaces
2892 596 2992 653 ego
3014 597 3217 654 pauper
3245 582 3406 639 laudo
3430 583 3669 643 Catones
3685 628 3701 654 ,

2325 677 2594 732 Dorica'te
2624 677 2812 745 tellus,
2839 684 2894 733 et
2913 676 3141 732 Achaica
3164 676 3287 747 jura
3320 679 3664 747 tremiscunt,

2322 768 2524 825 Tendis
2553 777 2607 825 et
2626 770 2679 825 in
2702 769 2962 825 bimarem
2985 769 3160 825 felicia
3185 784 3349 841 regna
3377 770 3730 828 Corinthum:

2323 864 2419 920 Dic
2450 883 2461 918 :
2496 865 2821 936 Byzantinus
2843 866 2965 936 quis
2988 880 3103 935 rem
3135 866 3231 921 tibi
3259 866 3545 923 Mummius
3574 869 3714 939 egit?

2328 968 2352 998 ο
2385 960 2490 1015 Sed
2518 960 2562 1013 si
2591 958 2728 1016 forte
2758 960 2935 1029 placet
2965 968 3174 1015 veteres
3205 960 3385 1030 sopire
3413 961 3695 1031 querelas,

2319 1050 2664 1129 Anthemium
2692 1052 2928 1107 concede
2948 1052 3109 1119 mihi;
3136 1052 3208 1107 sit
3230 1053 3470 1121 partibus
3497 1053 3615 1108 istis

2322 1150 2617 1213 Angustus,
2649 1144 2976 1214 longumque
3006 1143 3145 1208 Leo;
3171 1158 3290 1199 mea
3314 1144 3433 1213 jura
3462 1145 3724 1216 gubernet

2321 1236 2491 1304 Quem
2521 1237 2683 1306 petii;
2717 1236 2892 1306 patrio
2914 1236 3099 1292 vestiri
3127 1239 3333 1293 murice
3353 1247 3531 1294 natam

2322 1328 2563 1385 Gaudeat
2592 1328 2944 1401 Euphemiam
2974 1328 3123 1385 sidus
3148 1329 3322 1385 divale
3344 1329 3603 1400 parentis.

2318 1424 2506 1494 Adjice
2530 1433 2791 1494 praeterea
2820 1424 3089 1494 privatum
3112 1422 3180 1478 ad
3211 1422 3423 1492 publica
3452 1422 3647 1479 fcedus.

2318 1515 2401 1573 Sit
2427 1532 2582 1573 socer
2605 1520 2875 1587 Augustus
2904 1531 3104 1589 genero
3126 1516 3395 1573 Ricimere
3423 1516 3642 1584 beatus;

2316 1614 2477 1686 305
2507 1613 2794 1669 Nobilitate
2823 1612 3053 1669 micant:
3082 1624 3163 1670 est
3190 1613 3342 1669 vobis
3383 1614 3529 1684 regia
3558 1612 3732 1685 virgo,

2315 1705 2513 1776 Regius
2536 1708 2625 1763 ille
2656 1706 2825 1773 mihi;
2855 1707 2902 1761 si
2928 1721 3156 1763 concors
3191 1707 3385 1763 annuis
3411 1706 3577 1770 istud.

2240 1794 2291 1855 Β
2317 1799 2440 1855 Mox
2462 1799 2683 1869 Libyam
2704 1814 2926 1870 sperare
2945 1798 3131 1854 dabis:
3159 1800 3514 1869 circumspice
3546 1798 3712 1855 tedas

2315 1891 2598 1963 Autiquas,
2632 1907 2728 1962 par
2749 1893 2892 1947 nnlla
2921 1892 3014 1947 tibi
3051 1894 3129 1949 sic
3158 1893 3348 1963 copula
3379 1901 3580 1963 praesto
3608 1902 3711 1948 est.

2314 1983 2560 2041 Proferat
2588 1984 2673 2039 hic
2694 1994 2934 2040 veterum
2969 1985 3233 2040 thalamos
3254 1986 3566 2041 discrimine
3593 1995 3780 2056 partos

2315 2077 2543 2143 Graecia,
2571 2076 2624 2130 ni
2646 2076 2818 2146 pudor
2837 2085 2956 2132 est:
2989 2078 3251 2146 reparatis
3282 2078 3400 2132 Pisa
3426 2076 3706 2148 quadrigis

2314 2169 2550 2225 Suscitet
2574 2168 2935 2235 (Enomaum,
2964 2177 3104 2223 nata:
3125 2184 3285 2239 quem
3316 2168 3504 2225 fraude
3532 2169 3810 2227 cadentem

2314 2260 2482 2317 Cerea
2515 2260 2757 2316 destituit
2782 2260 3034 2316 resolutis
3063 2259 3250 2316 axibus
3276 2260 3436 2317 obex.

2315 2350 2579 2408 Procedat
2605 2350 2819 2406 Colchis
2843 2350 2989 2421 prius
3018 2352 3196 2422 agnita
3227 2353 3378 2424 virgo
3404 2353 3598 2411 marito

2315 2443 2573 2507 Crimine,
2599 2459 2756 2513 quam
2782 2457 2954 2509 sexu;
2983 2452 3189 2513 spectet
3217 2444 3285 2500 de
3310 2460 3528 2502 carcere
3547 2447 3675 2503 circi

2316 2537 2583 2592 Pallentes
2616 2536 2866 2591 Atalanta
2900 2550 3114 2605 procos,
3143 2546 3195 2591 et
3224 2552 3380 2606 poma
3411 2537 3595 2594 decori

2313 2629 2665 2701 Hippomenis
2681 2629 2792 2699 jam
2823 2644 2928 2683 non
2950 2643 3049 2698 pro
3078 2629 3196 2683 solo
3216 2629 3432 2701 colligat
3465 2645 3616 2687 auro.

2314 2721 2565 2793 Dejanira
2598 2732 2716 2778 tuas
2743 2722 3012 2778 Acheloiis
3036 2723 3304 2794 gymnade
3341 2725 3552 2794 pinguis

2313 2819 2558 2876 lllustret
2581 2817 2770 2883 madas,
2801 2823 2855 2872 et
2883 2816 2950 2871 ab
2972 2815 3202 2872 Hercule
3231 2831 3452 2886 pressus
3477 2816 3673 2874 anhelo

2313 2914 2593 2970 Lassatum
2624 2911 2802 2966 foveat
2830 2909 2960 2964 rivis
2992 2908 3253 2964 rivalibus
3284 2909 3511 2964 hostem.

2314 3003 2666 3074 Quantumvis
2688 3010 2925 3073 repetam
2951 2999 3149 3057 veteris
3171 3000 3435 3056 connubia
3459 3000 3629 3069 smcli,

2314 3095 2725 3151 Transcendunt
2761 3094 2848 3149 hic
2879 3092 3092 3160 heroas,
3116 3091 3363 3148 heroidas
3395 3093 3504 3149 illa.

2240 3181 2285 3246 C
2319 3190 2427 3248 llos
2456 3189 2743 3255 thalamos,
2789 3186 3045 3252 Ricimer,
3078 3186 3249 3240 virtus
3289 3184 3382 3241 tibi
3425 3186 3668 3256 pronuba
3705 3185 3869 3257 poscit|

2314 3286 2490 3353 Atque
2511 3281 2782 3335 Dionaeam
2808 3278 2900 3334 dat
2929 3278 3115 3333 Martia
3146 3277 3328 3333 laurea
3359 3287 3611 3348 myrtum.

2316 3377 2461 3447 Ergo
2489 3390 2616 3443 age:
2653 3373 2802 3430 trade
2840 3373 3012 3428 virum
3045 3388 3153 3427 non
3182 3371 3293 3427 otia
3324 3371 3471 3442 pigra
3498 3371 3775 3434 foventem,

2315 3469 2639 3539 Deliciisque
2665 3480 2911 3538 gravem;
2940 3464 3033 3520 sed
3065 3462 3092 3502 τι
3123 3480 3279 3535 quem
3321 3464 3484 3521 modo
3510 3464 3742 3521 nauticus
3772 3462 3871 3525 urit

2311 3563 2516 3628 [Estus,
2540 3560 2893 3633 Abydenique
2921 3559 3170 3625 sinus,.et
3198 3558 3400 3613 Sestias
3420 3574 3514 3614 ora

2310 3653 2761 3725 Hellespontiacis
2783 3651 3213 3708 circumclamata
3241 3652 3488 3722 procellis
3513 3668 3528 3705 :

2308 3749 2451 3816 Quas
2481 3747 2649 3816 pelagi
2683 3746 2857 3799 fauces
2879 3759 2985 3799 non
3016 3744 3093 3800 sic
3122 3746 3359 3800 tenuisse
3388 3745 3474 3800 vel
3504 3746 3654 3801 illum

2308 3840 2661 3906 Crediderim,
2692 3841 2775 3895 cui
2802 3847 2987 3910 ruptus
3016 3838 3207 3908 Athos,
3240 3839 3325 3895 cui
3348 3838 3551 3910 remige
3584 3839 3735 3895 Medo

2304 4001 2399 4057 illo
2436 4001 2552 4070 ipso
2592 3999 2680 4055 die
2707 4014 2812 4070 quo
2839 4009 2962 4054 ante
2993 4014 3164 4056 annos
3198 4001 3265 4056 15
3293 4001 3549 4056 Crassum
3594 4000 3664 4055 ad
3702 3996 3874 4054 Carras

2303 4087 2402 4142 per
2432 4074 2695 4128 Surenam
2732 4072 3031 4138 occiderat,
3059 4087 3089 4126 a
3118 4072 3365 4142 Yentidio
3411 4074 3526 4141 ipse
3577 4087 3749 4128 cassus
3789 4078 3878 4125 est.

2304 4140 2483 4270 91mm
2512 4143 2854 4269 (.Ilrlassiangm
2885 4143 3084 4199 cuidem
3117 4140 3306 4199 Pacori
3331 4140 3481 4199 caede
3509 4154 3787 4213 pensatam
3814 4142 3878 4195 ait

2374 4229 2500 4269 orus
2550 4230 2565 4267 ι
2610 4254 2623 4267 .
2656 4229 2727 4270 1v.
2798 4254 2811 4267 .

2352 4214 2500 4270 lorus
2532 4214 2623 4268 lib.
2656 4229 2727 4279 ιν,
2758 4213 2811 4269 9.

2385 4296 2407 4324 ε
2439 4285 2542 4340 Pro
2574 4294 2671 4351 tot,
2718 4285 2922 4355 inquit,
2971 4285 3197 4340 Romani
3229 4285 3366 4356 juris
3394 4286 3718 4356 provinciis,
3760 4297 3880 4354 quas

2308 4357 2379 4412 im
2424 4356 2539 4412 erio
2579 4357 3171 4427 Constantinopolitano
3212 4357 3565 4426 transcripsi,
3599 4358 3879 4427 principem

2308 4373 2438 4484 miiii
2467 4427 2810 4481 Anthemium
2842 4430 3079 4483 concede
3110 4446 3123 4483 :
3158 4428 3512 4484 Euphemiam
3544 4430 3746 4484 ﬁliam.
3774 4426 3879 4484 eius

2305 4426 2438 4484 mihi
2467 4427 2810 4481 Anthemium
2842 4426 3079 4483 concede
3110 4446 3123 4483 :
3158 4428 3512 4499 Euphemiam
3544 4430 3707 4483 ﬁliam
3729 4469 3746 4491 .
3774 4426 3881 4496 ejus

2307 4514 2530 4553 uxorem
2557 4498 2848 4567 Augustam
2875 4499 3050 4553 videat
3080 4498 3253 4553 divus
3274 4499 3575 4555 Marcianus
3625 4516 3640 4554 :
3678 4498 3813 4553 adde
3836 4506 3884 4551 et

2305 4570 2591 4625 Ricimeris
2616 4571 2826 4640 nuptias
2856 4586 2975 4626 cum
3007 4569 3112 4624 ﬁlia
3139 4570 3430 4625 Anthemii.
3463 4570 3597 4638 Quae
3618 4573 3797 4624 omnia
3825 4584 3881 4622 ex

2303 4642 2421 4697 aliis
2449 4640 2657 4697 Sidonii
2705 4640 2851 4695 locis
2881 4650 3003 4696 nota
3022 4685 3035 4709 ,
3083 4650 3278 4710 prmter
3307 4658 3503 4696 nomen
3534 4641 3848 4710 Euphemim
3867 4684 3879 4702 ,

2344 4712 2445 4768 uod
2500 4712 2625 4766 huic
2668 4712 2760 4765 uni
2805 4712 2921 4767 loco
2969 4712 3255 4767 debemus.
3296 4713 3372 4767 De
3400 4713 3499 4767 hac
3540 4722 3722 4768 tamen
3755 4711 3885 4765 Hub.

2354 4784 2544 4840 oltzins
2567 4783 2769 4851 antiqui
2792 4784 2991 4838 nummi
3020 4783 3221 4852 profert
3249 4784 3680 4853 inscriptionem,
3713 4785 3765 4837 in
3790 4796 3884 4851 qua

2305 4855 2387 4910 Fl.
2421 4855 2686 4911 Marciana
2718 4857 2954 4924 Augusta
2984 4854 3274 4925 vocitatur;
3308 4854 3448 4925 quod
3483 4856 3528 4910 si
3564 4869 3755 4910 verum
3780 4863 3884 4925 est,

2307 4926 2385 4984 ΡΙ.
2450 4925 2800 4997 Euphemiam
2856 4924 3176 4980 hlarcianam
3239 4924 3562 4997 appellatam
3631 4924 3883 4995 oportuit.

2298 4997 2566 5053 Caeterum
2588 5014 2652 5052 ex
2678 4996 2963 5051 Anthemio
2986 5005 3039 5051 et
3063 4997 3357 5065 Enphemia
3382 4998 3491 5050 nati
3515 5005 3667 5062 sunt,
3696 5005 3888 5065 prater

2297 5069 2491 5125 incerti
2523 5067 2753 5122 nominis
2783 5068 2945 5121 ﬁliam
2977 5082 3095 5138 qua:
3118 5066 3374 5124 Ricimeri
3398 5067 3599 5137 nupsit,
3631 5078 3747 5122 tres
3777 5066 3885 5138 filii,

2297 5140 2595 5194 Marcianus
2620 5181 2634 5203 ,
2669 5138 2924 5193 Homulus
2954 5137 3007 5193 et
3036 5140 3330 5207 Procopius
3351 5180 3364 5203 ,
3395 5139 3459 5193 de
3488 5141 3689 5207 quibus
3729 5137 3887 5191 multa

2298 5211 2612 5265 Theodorus
2642 5210 2831 5265 Lector
2858 5212 2907 5264 in
2934 5209 3324 5277 Collectaneis,
3368 5209 3606 5264 Malchus
3638 5209 3890 5279 Sopliista

2293 5282 2348 5337 in
2373 5282 2725 5351 llyzantiacis,
2760 5290 2814 5336 et
2843 5279 3114 5336 Candidus
3139 5282 3351 5336 lsaurns
3379 5282 3473 5335 lih.
3507 5296 3541 5334 ιι
3574 5281 3851 5335 Historiae.

2365 5351 2390 5389 ά
2414 5353 2688 5421 Significat
2713 5352 3082 5419 Anthemium,
3112 5368 3216 5422 quo
3245 5361 3485 5422 tempore
3514 5352 3580 5406 ad
3606 5352 3890 5420 imperium

2292 5425 2498 5481 accitus
2546 5434 2649 5490 est,
2702 5425 3109 5494 llellesponticae
3167 5425 3324 5478 classi
3376 5424 3532 5495 115
3589 5422 3893 5495 prmfuissc,

2293 5512 2449 5567 quam
2482 5497 2535 5549 in
2558 5496 2674 5563 ejus
2706 5496 2828 5550 freti
2854 5492 3111 5565 portubus
3143 5495 3342 5551 habere
3379 5492 3629 5567 solebant
3666 5492 3894 5567 impera

2295 5562 2441 5623 t'ores
2468 5562 2719 5622 Orientis.
2773 5562 2935 5621 Erant
2972 5568 3111 5621 cnim
3154 5576 3208 5622 et
3235 5567 3434 5621 classes
3474 5564 3597 5618 alia:
3643 5573 3762 5618 toto
3808 5562 3896 5617 illo

2296 5641 2429 5694 mari
2473 5640 2536 5692 ad
2570 5639 2745 5693 varios
2774 5654 2901 5693 usus
2940 5638 3223 5707 dispersre,
3258 5647 3316 5692 ut
3344 5635 3656 5707 Carpathia.
3703 5635 3895 5690 Seleu-

2295 5726 2448 5773 cena,
2492 5710 2874 5779 Alexandrina,
2908 5705 3133 5781 quarum
3174 5709 3376 5766 mentio
3436 5708 3490 5763 in
3535 5705 3749 5779 legibus
3790 5708 3897 5763 Λιι·

2296 5786 2488 5853 gustis.
