4060 6332
168 406 265 463 6'57

168 516 385 591 Tu'girla
411 515 660 573 silvosam
683 515 970 572 currebant
998 515 1117 571 vela
1150 529 1246 587 per
1273 515 1485 586 Alpem.

167 614 263 669 Nec
288 609 592 668 Lucullanis
615 608 659 663 si
692 607 806 663 haec
832 608 964 665 freta
990 610 1161 664 cincta
1192 609 1411 673 carinis,

166 704 338 776 Segnis
359 702 422 757 ad
453 701 714 771 insignem
742 700 881 756 sedit
905 716 1023 756 cum
1053 700 1281 771 Cyzicon
1314 694 1512 766 hostis;

164 798 254 865 Qui
277 802 494 866 cogente
521 801 680 861 tame,
710 803 934 864 cognata
961 794 1223 850 cadavera
1260 795 1545 863 mandens,

164 890 299 946 Vixit
327 897 496 943 morte
522 902 639 944 sua.
672 886 777 944 Sed
796 887 921 958 quid
957 902 1075 942 mea
1101 898 1222 943 vota
1251 882 1502 944 retardo?

165 984 310 1056 306
324 980 496 1037 Trade
520 981 705 1053 magis.
730 981 863 1036 Tum
881 995 1048 1051 pauca
1064 982 1227 1037 refert
1254 981 1466 1038 Titonia
1500 982 1727 1053 conjux:

223 1074 349 1141 Due,
378 1088 496 1146 age,
524 1080 708 1128 sancta
734 1086 1267 1145 parens,quanquam
1298 1074 1427 1128 mihi
1465 1073 1730 1131 maximus

1510 1166 1660 1239 [usus

158 1260 327 1318 lnvicti
353 1261 656 1332 summique
682 1259 851 1329 ducis,
884 1260 1011 1316 dum
1041 1260 1220 1317 mitior
1240 1270 1442 1328 exstes,

157 1354 216 1411 Et
240 1368 339 1410 non
360 1353 660 1425 disjun‘ctas
682 1353 873 1410 melius
894 1354 1236 1410 moderemur
1263 1355 1520 1412 habenas.
1582 1382 1585 1383 ν

155 1445 271 1501 Nam
296 1445 341 1501 si
368 1444 509 1501 forte
531 1446 707 1515 placet
733 1454 976 1502 veterum
1004 1446 1318 1503 meminisse
1351 1447 1617 1519 laborum,

156 1539 216 1594 Et
238 1538 318 1611 qui
346 1552 444 1609 pro
475 1537 643 1609 patria
665 1539 830 1594 vestri
856 1549 1118 1609 pugnaret
1146 1538 1277 1608 Iuli,

155 1632 215 1690 Ut
241 1632 311 1689 nil
338 1633 460 1703 plus
488 1632 685 1700 dicam,
706 1633 861 1702 prior
888 1632 1014 1689 hinc
1035 1648 1134 1704 ego
1170 1635 1450 1690 Memnona
1475 1634 1616 1691 misi.

220 1725 527 1781 Finierant:
557 1726 800 1803 geminas
821 1726 998 1797 jnnxit
1022 1727 1307 1783 concordia
1335 1737 1543 1798 partes,

154 1819 321 1875 Electo
343 1818 558 1875 tandem
591 1820 793 1889 potitur
820 1818 962 1889 quod
994 1820 1233 1889 principe
1264 1820 1455 1875 Roma.

152 1921 173 1948 ι
194 1910 333 1966 Nunc
357 1910 572 1983 aliquos
594 1919 717 1967 voto
745 1910 906 1966 simili
930 1911 1013 1966 vel
1043 1926 1246 1979 amore,
1275 1922 1511 1969 vetustas

149 2006 213 2063 Tc
236 2006 430 2077 legisse
454 2021 634 2077 crepa,
662 2021 931 2076 nunquam
962 2020 1067 2062 non
1093 2007 1290 2062 invidia
1321 2007 1546 2063 summis

148 2099 495 2171 Emeritisque
516 2099 666 2154 viris.
693 2098 892 2153 Brenni
920 2108 1109 2154 contra
1138 2114 1308 2166 arma,
1331 2098 1620 2155 Camillum

146 2188 317 2247 Profer
343 2190 414 2246 ab
438 2191 626 2246 exsilio
651 2209 663 2246 :
692 2189 1118 2262 Cincinnatoque
1148 2205 1365 2246 secures

146 2283 362 2355 Expulso
388 2282 621 2340 Caesone
649 2283 810 2350 refer,
839 2283 1166 2351 flentemque
1194 2292 1474 2354 parentem

143 2380 177 2433 Α
198 2379 376 2435 rastris
406 2378 478 2433 ad
502 2388 673 2434 rostra
696 2393 845 2450 roga,
875 2378 1178 2450 miseroque
1210 2380 1439 2435 tumultu

145 2465 273 2526 Pelle
299 2471 451 2542 prius
472 2484 608 2540 quos
635 2470 772 2525 victa
807 2478 991 2541 petas;
1022 2471 1068 2525 si
1100 2472 1302 2542 ruperit
1330 2473 1494 2541 Alpes

143 2561 342 2631 Pennus,
371 2562 444 2618 ad
475 2562 703 2619 afﬂictos
727 2564 1218 2634 condemnatosque
1242 2579 1480 2622 recurre.

142 2654 403 2726 Improbus
439 2665 495 2711 ut
521 2656 712 2712 rubeat
737 2656 1001 2712 Barebina
1032 2658 1186 2713 clade
1216 2658 1507 2727 Metaurus,

139 2746 377 2803 Multatus
404 2748 503 2802 tibi
534 2749 719 2803 consul
748 2757 868 2819 agat
894 2767 905 2800 :
937 2748 1027 2816 qui
1059 2750 1224 2804 millia
1255 2751 1482 2806 fundens

140 2839 499 2909 llasdrnbalis,
533 2841 755 2897 rutilum
786 2842 888 2897 sibi
914 2857 1035 2896 cum
1077 2841 1416 2899 fabricaverit
1439 2859 1651 2917 ensem,

139 2929 449 2992 Concretum
480 2944 634 3005 gerat
660 2935 774 3003 ipse
805 2943 997 3005 caput;
1032 2934 1186 3006 longe
1215 2937 1381 2991 altera
1410 2939 1580 2993 nostri

139 3025 303 3083 Gratia
331 3028 521 3099 judicii
547 3036 661 3081 est:
693 3027 799 3082 scit
825 3042 884 3082 se
909 3042 1013 3082 non
1036 3027 1194 3084 lresus
1221 3031 1410 3084 amari.

197 3124 265 3177 At
289 3137 409 3178 mea
437 3120 548 3191 jam
582 3119 730 3178 nimii
772 3121 1077 3191 propellunt
1103 3122 1323 3178 carbasa
1362 3124 1537 3181 flatus.

135 3213 286 3283 Siste,
315 3216 595 3281 Cammna,
622 3214 811 3270 modos
836 3224 1042 3280 tenues,
1073 3226 1390 3289 portumque
1420 3221 1619 3289 petenti

133 3307 237 3363 Iam
260 3307 473 3379 placido
497 3308 683 3364 sedeat
715 3308 843 3363 mihi
867 3309 1121 3364 carminis
1158 3311 1393 3368 anchora
1424 3312 1610 3370 fundo.

130 3401 395 3470 Attamen,
428 3417 463 3457 o
489 3403 754 3472 princeps,
784 3400 811 3439 ι)
834 3416 950 3472 qua:
982 3418 1123 3459 nunc
1155 3404 1246 3460 tibi
1269 3406 1459 3461 classis
1486 3417 1535 3463 et
1564 3424 1713 3464 arma

129 3492 470 3563 Tractentur,
489 3509 648 3565 quam
664 3509 855 3566 magna
879 3509 1055 3564 geras,
1081 3512 1236 3566 quam
1258 3507 1498 3568 tempore
1527 3516 1712 3572 parvo,

190 3668 219 3696 ει
252 3656 372 3712 Hoc
405 3656 618 3710 nomine
637 3654 981 3710 Anthemium
1010 3660 1229 3726 opponit
1275 3669 1327 3712 et
1362 3662 1575 3723 prtefcrt
1612 3664 1715 3718 ali-

122 3727 537 3801 quotRomanis
565 3726 795 3801 ducibus
821 3727 1075 3801 antiquis,
1108 3730 1249 3797 quod
1281 3730 1422 3784 nulla
1456 3733 1621 3800 prius,
1658 3742 1720 3788 ut

124 3797 216 3871 illi,
248 3799 417 3855 lzesus
444 3797 632 3871 injuria
673 3797 739 3852 ad
785 3798 1065 3871 imperium
1094 3809 1310 3854 evectus
1348 3797 1614 3857 sitham
1656 3804 1715 3858 L.

124 3866 477 3928 Cincinnatus
506 3870 559 3923 in
590 3883 824 3924 maerore
846 3868 917 3923 ob
938 3866 1175 3925 thsonis
1210 3871 1303 3925 lilii
1326 3873 1575 3927 exsilium
1599 3890 1722 3929 ver—

128 3944 368 4008 sabatur,
419 3940 634 4010 quando
687 3940 755 3995 ad
812 3940 1128 3995 dictaturam
1180 3942 1486 4009 bellumque
1534 3956 1721 4001 contra

130 4014 330 4085 Equos
376 4010 668 4083 gerendum
698 4020 921 4085 vocatus
960 4020 1061 4067 est.
1093 4013 1185 4085 _M.
1225 4012 1480 4068 Camillus
1528 4016 1721 4071 Ardea:

130 4083 408 4142 exsulabat
453 4085 587 4153 ipse,
632 4098 750 4138 cum
794 4083 1053 4138 adversus
1092 4083 1362 4139 Brennum
1409 4086 1638 4142 dictator
1684 4104 1720 4143 ll

132 4168 334 4214 creatus
358 4164 462 4227 est.
494 4155 564 4227 Μ.
597 4154 777 4227 Livius
813 4153 1176 4227 Salinatorlis
1200 4157 1344 4211 enim
1372 4166 1454 4212 est
1481 4160 1570 4227 qui
1592 4174 1723 4213 οοη.

133 4229 208 4282 sul
245 4245 280 4284 ιι
314 4225 704 4283 Hasdrubalem
752 4225 1041 4281 Poenorum
1072 4226 1264 4280 ducem
1306 4228 1371 4280 ad
1421 4225 1720 4285 Metaurum

135 4300 253 4370 vicit
279 4311 335 4357 et
380 4297 678 4370 interfecit)
701 4297 974 4370 expriore
1011 4298 1289 4370 consulatu
1336 4314 1460 4353 reus
1506 4301 1720 4370 publico

134 4367 321 4440 judicio
360 4368 643 4444 damnatus
690 4368 1049 4444 multatusque
1097 4368 1290 4425 fuerat.
1337 4370 1466 4439 Quae
1504 4367 1717 4444 singula

135 4439 344 4509 exponit
367 4441 553 4496 Livius
587 4439 680 4494 lib.
715 4454 793 4504 ιιι,
818 4439 852 4492 5
871 4448 924 4494 et
951 4441 1043 4494 27.

200 4512 225 4552 b
254 4512 532 4569 Adversus
562 4509 835 4583 Vandalus
866 4529 880 4566 :
916 4521 972 4566 ut
1013 4514 1215 4569 auxilio
1245 4523 1389 4569 esset
1439 4514 1716 4583 Basilisco,

135 4597 278 4651 quem
308 4585 427 4640 Leo
456 4597 576 4637 cum
600 4582 931 4652 amplissima
954 4582 1128 4639 classe
1150 4585 1202 4639 in
1231 4585 1469 4640 Africam
1498 4582 1722 4644 miserat

135 4665 304 4711 contra
351 4653 732 4711 Gensericum.
785 4653 925 4721 Quin
960 4655 1302 4711 Anthemium
1345 4657 1445 4712 hoc
1489 4661 1720 4715 maxime

136 4727 341 4783 consilio
361 4727 745 4798 imperatorem
768 4724 1126 4798 designatum,
1151 4726 1583 4798 destinatumque
1608 4731 1719 4784 Ro-

139 4810 286 4863 mam,
310 4795 502 4854 auctor
534 4805 617 4852 est
650 4795 943 4863 Procopius
973 4798 1024 4851 in
1073 4797 1374 4852 Vandalicis
1412 4795 1512 4853 lib.
1552 4815 1591 4864 ι,
1627 4800 1719 4854 ubi

138 4867 197 4922 de
224 4868 318 4926 hac
348 4868 594 4924 Basilisci
640 4866 982 4937 expeditione
1018 4869 1208 4922 multa.
1244 4868 1319 4923 De
1350 4871 1719 4925 Anthemiana:

140 4953 252 4995 vero
278 4955 537 4998 successu
564 4938 762 5009 Idatius
784 4947 971 5009 noster
994 4937 1078 4992 his
1104 4937 1283 4993 verbis
1308 4957 1321 4992 :
1351 4938 1625 5009 Expeditio
1651 4942 1719 4995 ad

138 5009 344 5077 Africam
368 5012 613 5067 adversus
640 5008 902 5063 Vandalus
926 5010 1163 5064 ordinata
1188 5012 1559 5065 metabularum
1581 5028 1715 5066 com-

138 5085 400 5139 mutatione
432 5092 480 5137 et
507 5080 843 5151 navigationis
872 5080 1259 5150 importunitate
1288 5094 1568 5139 revocatur.

205 5164 226 5192 ο
247 5155 489 5211 Alterum
518 5151 853 5225 consulatum
877 5160 1027 5225 optat
1059 5153 1335 5218 Ilieimeri,
1364 5156 1454 5223 qui
1480 5157 1715 5225 priorem

138 5224 231 5297 jam
254 5232 656 5297 gesseratanno
677 5222 803 5290 459,
831 5224 1042 5279 tertium
1071 5222 1497 5297 Anthemio,’qui
1519 5242 1715 5284 secun»

140 5294 248 5349 dum
264 5294 408 5351 tunc.
440 5296 627 5350 inibat.
896 5362 899 5365 b

200 5364 224 5401 ἀ
242 5366 512 5423 Solemnia
544 5365 766 5439 publica:
793 5364 1246 5439 manumissionis,
1278 5383 1395 5439 qua:
1424 5384 1454 5425 a
1479 5373 1714 5429 consuli-

139 5431 227 5491 bus
264 5431 988 5513 magistratum_ineuntibus
1030 5431 1499 5513 celebrabantur”:
1553 5459 1713 5513 quam

141 5507 416 5584 propterea
437 5507 838 5584 solem_nitatem_
859 5509 1427 5584 consulatusgappcllat
1445 5507 1714 5571 Honorius

142 5578 321 5656 imp._l.
352 5582 420 5637 I5
440 5579 559 5635 cod.
588 5578 875 5656 Theod._de
905 5578 1244 5656 infirmandis
1266 5581 1329 5656 i_is
1358 5597 1475 5656 quae
1506 5584 1607 5638 sub
1636 5595 1718 5656 ty-

143 5651 307 5723 rannis
333 5660 484 5723 gesta
505 5658 659 5723 sunt;
698 5659 753 5707 et
777 5650 1134 5723 Cassiodorus
1169 5652 1226 5706 in
1262 5650 1489 5715 formula
1520 5650 1718 5712 consu-

143 5715 267 5789 latus
318 5715 457 5779 inter
494 5722 596 5777 alia
646 5715 927 5777 consulum
976 5723 1157 5778 munia
1207 5732 1476 5789 recenset,
1524 5728 1716 5782 solvere

144 5787 345 5871 [astutos
381 5798 516 5871 jugo
546 5794 734 5871 seruili.
772 5792 858 5871 Ut_
878 5792 1040 5871 igitur
1074 5794 1418 5871 Anthemium
1454 5787 1713 5871 hoc_l_oco

90 5898 95 5905 ι
141 5860 399 5935 Sidonius;
427 5860 505 5920 sic
539 5864 806 5921 Iulianum
838 5860 1113 5931 Libanius,
1148 5866 1521 5923 Mamertinum
1567 5869 1710 5925 Mar-

146 5932 393 6004 cellinus,
433 5936 727 5995 Honorium
780 5944 936 6009 atque
996 5938 1312 6009 Eutropium
1358 5939 1707 6015 Claudianus,

1615 392 1942 452 CARMINA.

1758 514 1817 576 Α
1837 508 1893 566 Si
1921 521 2039 565 mea
2065 516 2188 565 vota
2217 510 2357 566 Deus
2388 513 2714 583 produxerit,
2747 518 2934 578 ordine
2972 533 3141 593 recte,

1748 4976 1801 5036 D

1842 613 1865 642 ε
1898 604 2006 658 Aut
2025 618 2227 673 genero
2257 606 2337 659 bis
2360 621 2506 675 mox,
2536 619 2626 664 aut
2658 620 2708 666 te
2737 621 2815 668 ter
2836 619 3056 674 consule
3084 621 3277 677 dicam.

1837 698 1970 754 Nam
2000 698 2160 754 modo
2187 695 2213 735 ἀ
2234 714 2330 755 nos
2348 701 2457 770 jam
2488 701 2619 759 festa
2639 718 2850 777 vocant,
2871 722 2923 765 et
2945 713 3008 766 ad
3026 714 3177 784 Ulpia
3199 728 3421 785 poscunt

1835 792 1995 864 307
2024 792 2099 848 Te
2127 793 2263 860 fora,
2299 793 2527 850 donabis
2556 813 2688 866 quos
2720 800 2963 860 libertate
2986 806 3241 878 Quirites,

1834 886 2075 954 Quorum
2107 885 2398 957 gaudentes
2427 899 2711 959 exceptant
2735 895 2955 951 verbera
2989 899 3162 965 malae,

1837 977 2026 1048 Perge,
2053 989 2202 1048 pater
2244 981 2429 1050 patria:
2458 980 2604 1045 felix,
2636 993 2797 1054 atque
2826 988 3007 1044 omine
3036 990 3209 1049 fausto

1833 1070 2085 1143 Captivos
2113 1073 2352 1129 vincture
2384 1088 2572 1139 novos,
2603 1076 2823 1133 absolve
2854 1088 3110 1137 vetustos.

2421 1189 2707 1246 CARMEN
2750 1191 2836 1248 lll.
2990 1240 3015 1264 ι

2160 1302 2470 1343 PANEGYMCI
2502 1298 2525 1326 θ
2554 1304 2732 1345 EDITIO
2758 1308 2824 1346 AD
2855 1307 3088 1348 PETRUN.

1834 1394 1973 1465 Quid
2006 1396 2207 1454 faceret
2254 1400 2404 1456 laetas
2441 1410 2674 1473 segetes,
2705 1388 2848 1475 quod
2890 1414 3101 1478 tempus
3135 1408 3422 1479 amandum

1904 1490 2188 1562 Messibus,
2217 1502 2272 1548 et
2296 1494 2570 1566 gregibus,
2604 1496 2823 1564 vitibus,
2856 1507 3019 1571 atque
3044 1501 3257 1573 apibus,

1832 1582 1914 1639 Ad
1941 1583 2245 1642 Maecenatis
2274 1588 2543 1659 quondam
2572 1599 2698 1645 sunt
2727 1591 2869 1647 edita
2904 1607 3100 1650 nomen
3125 1612 3137 1649 :

1902 1675 2061 1743 Hinc,
2093 1678 2260 1747 Maro,
2292 1688 2412 1749 post
2437 1681 2607 1737 audes
2633 1697 2783 1739 arma
2809 1685 3090 1757 virumque
3117 1686 3287 1760 loqui.

1826 1770 1901 1827 At
1930 1770 2062 1825 mihi
2091 1771 2283 1828 Petrus
2306 1775 2408 1830 erit
2438 1776 2701 1833 Mtecenas
2729 1780 2986 1851 temporis
3011 1780 3194 1854 hujus,

1903 1869 2034 1926 Nam
2067 1871 2223 1927 famae
2253 1874 2471 1944 pelagus
2503 1876 2681 1933 sidere
2702 1892 2863 1935 curro
2886 1894 3007 1936 suo.

1830 1961 1885 2020 Si
1918 1964 2129 2034 probat,
2164 1965 2396 2021 emittit:
2430 1968 2474 2022 si
2497 1967 2735 2037 damnat,
2759 1972 2998 2027 carmina
3028 1973 3186 2043 celat,

1900 2060 2010 2117 Nec
2038 2077 2138 2117 nos
2165 2062 2536 2121 rhonchisono
2562 2066 2906 2125 rhinocerote
2934 2078 3105 2126 natat.

1829 2156 1850 2211 I
1879 2156 2039 2227 liber,
2068 2158 2155 2214 hic
2178 2168 2428 2216 nostrum
2458 2170 2679 2229 tutatur,
2703 2162 2886 2231 crede,
2911 2165 3189 2234 pudorem.
3226 2190 3232 2197 α

1899 2250 2016 2309 Hoc
2039 2266 2269 2310 censore
2293 2254 2455 2310 etiam
2485 2255 2825 2326 displicuisse
2851 2259 3045 2328 placet.

3318 414 3430 474 658

3424 2198 3475 2278 Γ,

3344 2341 3370 2359 ν·
3402 2330 3437 2357 ’δ

2418 2370 2706 2427 CARMEN
2745 2373 2833 2428 IV.

1869 2470 1880 2481 ‘
1956 2478 2232 2519 PREFATIO
2266 2480 2581 2520 passorum
2619 2480 2759 2521 DIC'I'I
2796 2464 2829 2535 τη
2852 2480 3146 2524 ιιΑιοιιιΑΝο
3172 2484 3293 2528 sua.

1824 2575 2043 2649 Tityrus
2079 2586 2135 2632 ut
2155 2577 2426 2648 quondam
2457 2580 2651 2647 patulae
2674 2580 2776 2636 sub
2796 2580 3028 2651 tegmine
3058 2581 3165 2653 fagi

1896 2669 2151 2726 Volveret
2181 2671 2393 2726 inflatos
2420 2687 2694 2727 murmura
2726 2688 2822 2744 per
2849 2674 3110 2742 calamos,

1828 2760 2312 2825 Prtestititafllicto
2335 2762 2424 2831 jus
2445 2763 2569 2816 vitae
2599 2762 2781 2818 Czesar
2806 2774 2860 2820 et
2889 2764 3026 2834 agri,

1895 2855 2006 2912 Nec
2034 2857 2184 2912 stetit
2213 2857 2278 2911 ad
2312 2865 2525 2914 tenuem
2558 2857 2755 2913 celsior
2776 2857 2856 2913 ira
2888 2872 3041 2915 reum
3069 2875 3081 2910 :

1825 2948 1931 3007 Sed
1953 2964 2045 3005 rus
2072 2963 2390 3007 concessum
2413 2952 2536 3007 dum
2574 2952 2722 3023 largo
2752 2953 2804 3008 in
2833 2953 3079 3023 principe
3114 2951 3315 3021 laudat,

1893 3043 2101 3099 leum
2132 3059 2227 3113 pro
2262 3046 2421 3100 terris
2452 3045 2650 3100 rustica
2676 3060 2825 3102 musa
2856 3045 3023 3100 dedit.

1823 3136 1986 3208 308
2015 3134 2124 3191 Nec
2153 3135 2251 3190 fuit
2274 3136 2497 3197 inferius
2529 3136 2783 3193 Phoebeia
2810 3136 2953 3193 dona
2982 3137 3223 3195 referre:

1896 3227 2119 3283 Fecerat
2148 3227 2232 3282 hic
2254 3226 2553 3294 dominum,
2580 3228 2705 3284 fecit
2727 3237 2780 3283 ct
2802 3228 2891 3284 ille
2921 3228 3116 3283 deum:

1739 3313 1783 3377 C
1818 3322 1883 3378 Et
1905 3322 2020 3392 tibi,
2055 3321 2267 3385 Flacce,
2298 3324 2441 3379 acies
2465 3323 2611 3378 Bruti
2639 3323 2901 3394 Cassique
2922 3330 3127 3388 secuto,

1894 3415 2163 3473 Carminis
2190 3427 2272 3473 est
2298 3425 2505 3482 auctor,
2531 3419 2619 3488 qui
2648 3417 2747 3472 fuit
2775 3426 2829 3473 et
2856 3417 3047 3473 venite.

1823 3507 1916 3565 Sic
1944 3508 2077 3564 mihi
2100 3508 2318 3565 diverso
2343 3525 2516 3579 nuper
2546 3510 2645 3564 sub
2673 3510 2843 3566 Marte
2864 3508 3096 3577 cadenti,
3124 3498 3129 3503 ’

1824 3666 2199 3720 Ileraclianum
2235 3667 2502 3721 Ilonorius
2543 3667 2660 3736 lege
2698 3668 2879 3731 citata,
2928 3667 3082 3720 initio
3110 3667 3423 3723 consulatus

1824 3750 2011 3791 servos
2044 3738 2418 3793 manumisisse
2449 3748 2729 3792 testamur.
2759 3737 3098 3793 Marcellinus
3137 3738 3230 3792 lib.
3270 3753 3377 3792 xxu
3404 3758 3415 3791 :

1828 3806 2141 3859 Mamertino
2184 3809 2392 3861 consule
2441 3807 2669 3860 calendis
2716 3807 2983 3861 Ianuariis
3028 3806 3176 3860 ludos
3224 3808 3423 3873 edente,

1826 3877 2246 3931 manumittendis
2277 3894 2339 3931 ea:
2362 3894 2502 3931 more
2532 3878 2756 3931 inductis
2786 3896 2874 3948 per
2895 3878 3262 3933 admissionum
3301 3893 3424 3947 pro-v

1825 3948 2040 4002 mimum.
2073 3947 2404 4004 Claudianus
2436 3950 2487 4003 in
2524 3947 2835 4018 Eutropinm
2866 3950 2925 4003 I:

2320 4085 2724 4149 Libertatemque
2762 4085 2985 4149 daturus,

1952 4147 2105 4207 Quam
2129 4147 2343 4198 nondum
2367 4152 2566 4210 meruit,
2592 4146 2781 4199 scandit
2801 4146 3013 4198 sublime
3038 4146 3268 4197 lrtbunal.

1899 4307 1922 4335 θ
1948 4298 2177 4355 Carmen
2211 4299 2312 4355 hoc
2336 4301 2475 4357 male
2500 4299 2761 4357 hactenus
2788 4299 3063 4357 Anthemii
3098 4298 3423 4370 panegyrico

1826 4369 2238 4447 adnectebatur,
2268 4372 2416 4447 quasi
2456 4372 2527 4447 a_d_
2553 4373 2700 4447 illum
2749 4375 3075 4447 pertineret;
3104 4369 3231 4447 eum
3252 4369 3424 4447 perti<

1824 4451 1949 4514 neat
1976 4442 2043 4496 ad
2073 4444 2451 4514 panegyricum
2482 4444 2786 4512 Majoriani,
2818 4444 2976 4511 cujus
3013 4442 3271 4512 magistro
3310 4442 3424 4514 cpi-

1824 4513 2080 4567 stolarum
2127 4513 2285 4568 Petro
2316 4516 2432 4584 ejus
2466 4514 2755 4570 editionem
2795 4524 3089 4580 nuncupat.
3133 4514 3310 4584 Quare
3341 4513 3422 4566 illi

1825 4585 2186 4652 praemittitur,
2205 4583 2355 4639 sicut
2369 4601 2585 4640 carmen
2612 4587 2677 4639 ad
2697 4585 2943 4639 PrisCum
2978 4583 3320 4637 Valerianum
3368 4584 3425 4636 in

1823 4655 2056 4724 antiquis
2085 4655 2236 4709 libris
2263 4657 2593 4725 praeponitur
2617 4653 3132 4725 panegyrieoAviti,
3168 4652 3319 4719 cujus
3340 4660 3425 4705 est

1824 4723 2009 4779 editio.
2046 4723 2406 4794 Panegyricus
2432 4723 2707 4779 Anthemii
2744 4723 2995 4779 editionis
3036 4723 3423 4792 epigrammate

1824 4805 1993 4859 caret,
2019 4796 2157 4848 sicut
2186 4810 2372 4849 omnes
2394 4795 2691 4849 Claudiani.

1901 4867 2058 4936 116
2093 4864 2109 4902 ί
2147 4866 2302 4919 Avito
2336 4868 2471 4935 Aug.
2509 4875 2627 4930 post
2658 4865 2863 4935 aliquot
2896 4864 3159 4936 mensium
3189 4866 3421 4918 interre-

1825 4935 1989 5007 gnum
2022 4935 2289 5007 successit
2335 4937 2677 5005 Majorianus,
2718 4952 2860 4992 anno
2891 4935 3090 4990 Christi
3121 4935 3247 4990 457.
3292 4935 3424 5007 Pro-

1828 5006 1976 5062 ximo
2000 5006 2196 5062 dehinc
2229 5021 2369 5061 anno
2400 5009 2737 5062 consulatum
2769 5008 2836 5063 de
2874 5023 3024 5063 more
3050 5007 3236 5077 gessit,
3272 5006 3424 5073 Alpi-

1823 5079 2028 5147 busque
2055 5093 2243 5148 aSpera
2270 5079 2445 5133 hieme
2470 5094 2592 5133 cum
2626 5080 2824 5149 ingenti
2862 5079 3100 5135 exercitu
3132 5077 3419 5147 superatis,

1822 5150 2138 5219 Lugdunum
2176 5152 2343 5216 venit,
2376 5167 2534 5218 quam
2559 5153 2745 5207 urbem
2776 5153 2934 5220 paulo
2963 5160 3087 5204 ante
3110 5150 3161 5203 in
3186 5158 3424 5217 potesta-

1825 5233 1929 5276 tem
1964 5237 2111 5275 suam
2139 5236 2438 5289 receperat.
2475 5222 2867 5277 Adventantem
2911 5221 3165 5276 Sidonius
3197 5221 3298 5273 hoc
3327 5234 3423 5287 pa-

1821 5294 2075 5364 negyrieo
2106 5294 2335 5361 excepit,
2366 5310 2487 5347 cum
2524 5296 2734 5349 veniam
2765 5294 2833 5348 ab
2864 5307 2952 5359 co,
2994 5300 3055 5345 ut
3082 5302 3166 5364 est
3191 5291 3417 5364 inprae-

1820 5361 2041 5429 fationc,
2061 5364 2270 5418 hostilis
2294 5364 2570 5420 societatis
2588 5367 2695 5432 jam
2728 5367 3091 5434 impetrasset.
3127 5362 3238 5416 [loc
3257 5361 3422 5434 igitur

1821 5444 1903 5490 est
1932 5435 2218 5490 discrimen
2251 5435 2408 5505 hujus
2435 5436 2741 5505 panegyrici
2780 5432 2834 5491 et
2878 5434 3235 5505 reliquorum,
3276 5432 3423 5505 quod

1822 5506 1910 5561 alii
1944 5507 2050 5561 duo
2079 5502 2624 5561 calendis'Januarii's'
2650 5506 2713 5560 ad
2746 5502 3073 5562 celebranda
3104 5502 3423 5574 consulatus

1822 5578 2058 5646 auspicia
2084 5576 2246 5631 dicti:
2285 5579 2369 5631 hic
2394 5593 2521 5631 vero
2569 5577 2669 5631 alia
2718 5577 3025 5644 occasione,
3059 5583 3115 5631 et
3160 5574 3260 5646 sub
3291 5573 3419 5628 anni

1825 5645 2017 5714 linem;
2048 5663 2167 5702 cum
2204 5648 2379 5703 adhuc
2429 5658 2604 5719 tamen
2648 5649 2836 5702 consul
2874 5659 3015 5702 esset
3061 5645 3420 5719 Maiorianus:

1826 5726 1882 5774 ut
1923 5719 2169 5774 excusari
2203 5726 2435 5786 nequeat
2472 5718 2695 5774 Carolus
2735 5719 3010 5790 Sigonius,
3057 5718 3145 5790 qui
3200 5715 3420 5790 biennio

1824 5800 1948 5873 post
1974 5790 2175 5847 dictum
2204 5790 2419 5860 scripsit
2448 5790 2511 5844 ad
2550 5804 2746 5846 annum
2772 5787 2899 5849 £60.
2927 5790 3058 5847 Nam
3094 5788 3239 5847 clare
3265 5787 3419 5847 Sido-

1820 5876 1941 5919 ntus
1972 5880 1984 5915 ζ

2010 5954 2294 6020 Imperium,
2319 5953 2404 6015 ait,
2419 5956 2517 6015 jam
2541 5956 2705 6011 consul
2732 5958 2898 6009 habet.

3449 2286 3456 2322 i
