  <div class='ocr_page' id='page_1' title='image "/cluster/home/n/w/nwhite01/storage/ocr_20150623/58/hvd.32044015706401/335.png"; bbox 0 0 4060 6332; ppageno 0'>
   <div class='ocr_carea' id='block_1_1' title="bbox 1875 328 3842 393">
    <p class='ocr_par' dir='ltr' id='par_1_1' title="bbox 1875 328 3842 393">
     <span class='ocr_line' id='line_1_1' title="bbox 1875 328 3842 393; baseline -0.009 0"><span class='ocrx_word' id='word_1_1' title='bbox 1875 336 2117 393; x_wconf 85' lang='lat' dir='ltr'><strong>SIDONII</strong></span> <span class='ocrx_word' id='word_1_2' title='bbox 2161 333 2605 391; x_wconf 71' lang='lat' dir='ltr'><strong>APOLLINARIS</strong></span> <span class='ocrx_word' id='word_1_3' title='bbox 3755 328 3842 385; x_wconf 61' lang='lat'><strong>6&amp;0</strong></span> 
     </span>
    </p>
   </div>
   <div class='ocr_carea' id='block_1_2' title="bbox 2221 439 3721 517">
    <p class='ocr_par' dir='ltr' id='par_1_2' title="bbox 2221 439 3721 517">
     <span class='ocr_line' id='line_1_2' title="bbox 2221 439 3721 517; baseline -0.005 -15"><span class='ocrx_word' id='word_1_4' title='bbox 2221 452 2269 510; x_wconf 83' lang='grc' dir='ltr'><strong>Α</strong></span> <span class='ocrx_word' id='word_1_5' title='bbox 2304 447 2623 517; x_wconf 83' lang='lat' dir='ltr'><strong>Martigenas</strong></span> <span class='ocrx_word' id='word_1_6' title='bbox 2654 453 2708 503; x_wconf 91' lang='lat' dir='ltr'><strong>et</strong></span> <span class='ocrx_word' id='word_1_7' title='bbox 2734 446 2871 516; x_wconf 91' lang='lat' dir='ltr'><strong>picta</strong></span> <span class='ocrx_word' id='word_1_8' title='bbox 2900 445 3077 510; x_wconf 89' lang='lat' dir='ltr'><strong>timet;</strong></span> <span class='ocrx_word' id='word_1_9' title='bbox 3110 456 3233 514; x_wconf 90' lang='lat' dir='ltr'><strong>pars</strong></span> <span class='ocrx_word' id='word_1_10' title='bbox 3258 441 3499 513; x_wconf 80' lang='lat' dir='ltr'><strong>proxima</strong></span> <span class='ocrx_word' id='word_1_11' title='bbox 3525 439 3721 495; x_wconf 86' lang='lat' dir='ltr'><strong>Tibrim</strong></span> 
     </span>
    </p>
   </div>
   <div class='ocr_carea' id='block_1_3' title="bbox 2299 537 3657 613">
    <p class='ocr_par' dir='ltr' id='par_1_3' title="bbox 2299 537 3657 613">
     <span class='ocr_line' id='line_1_3' title="bbox 2299 537 3657 613; baseline -0.004 -15"><span class='ocrx_word' id='word_1_12' title='bbox 2299 544 2594 613; x_wconf 75' lang='lat' dir='ltr'><strong>Exprimit;</strong></span> <span class='ocrx_word' id='word_1_13' title='bbox 2628 541 2714 597; x_wconf 87' lang='lat' dir='ltr'><strong>hic</strong></span> <span class='ocrx_word' id='word_1_14' title='bbox 2743 541 2918 598; x_wconf 82' lang='lat' dir='ltr'><strong>scabri</strong></span> <span class='ocrx_word' id='word_1_15' title='bbox 2953 540 3103 595; x_wconf 85' lang='lat' dir='ltr'><strong>fusus</strong></span> <span class='ocrx_word' id='word_1_16' title='bbox 3132 542 3233 595; x_wconf 85' lang='lat' dir='ltr'><strong>sub</strong></span> <span class='ocrx_word' id='word_1_17' title='bbox 3259 539 3468 610; x_wconf 83' lang='lat' dir='ltr'><strong>pumice</strong></span> <span class='ocrx_word' id='word_1_18' title='bbox 3492 537 3657 609; x_wconf 89' lang='lat' dir='ltr'><strong>tophi,</strong></span> 
     </span>
    </p>
   </div>
   <div class='ocr_carea' id='block_1_4' title="bbox 2299 634 3731 705">
    <p class='ocr_par' dir='ltr' id='par_1_4' title="bbox 2299 634 3731 705">
     <span class='ocr_line' id='line_1_4' title="bbox 2299 634 3731 705; baseline -0.004 -15"><span class='ocrx_word' id='word_1_19' title='bbox 2299 635 2569 691; x_wconf 85' lang='lat' dir='ltr'><strong>Proﬂahat</strong></span> <span class='ocrx_word' id='word_1_20' title='bbox 2593 634 2861 690; x_wconf 89' lang='lat' dir='ltr'><strong>madidum</strong></span> <span class='ocrx_word' id='word_1_21' title='bbox 2891 650 2987 705; x_wconf 91' lang='lat' dir='ltr'><strong>per</strong></span> <span class='ocrx_word' id='word_1_22' title='bbox 3017 641 3230 703; x_wconf 80' lang='lat' dir='ltr'><strong>guttura</strong></span> <span class='ocrx_word' id='word_1_23' title='bbox 3256 634 3438 703; x_wconf 88' lang='lat' dir='ltr'><strong>glauca</strong></span> <span class='ocrx_word' id='word_1_24' title='bbox 3470 646 3731 701; x_wconf 91' lang='lat' dir='ltr'><strong>soporem.</strong></span> 
     </span>
    </p>
   </div>
   <div class='ocr_carea' id='block_1_5' title="bbox 2299 722 3642 796">
    <p class='ocr_par' dir='ltr' id='par_1_5' title="bbox 2299 722 3642 796">
     <span class='ocr_line' id='line_1_5' title="bbox 2299 722 3642 796; baseline -0.004 -17"><span class='ocrx_word' id='word_1_25' title='bbox 2299 725 2491 783; x_wconf 87' lang='lat' dir='ltr'><strong>Pectus</strong></span> <span class='ocrx_word' id='word_1_26' title='bbox 2519 726 2660 796; x_wconf 84' lang='lat' dir='ltr'><strong>palla</strong></span> <span class='ocrx_word' id='word_1_27' title='bbox 2690 725 2839 796; x_wconf 83' lang='lat' dir='ltr'><strong>tegit,</strong></span> <span class='ocrx_word' id='word_1_28' title='bbox 2872 740 3029 795; x_wconf 91' lang='lat' dir='ltr'><strong>quam</strong></span> <span class='ocrx_word' id='word_1_29' title='bbox 3058 733 3271 779; x_wconf 81' lang='lat' dir='ltr'><strong>neverat</strong></span> <span class='ocrx_word' id='word_1_30' title='bbox 3306 722 3396 777; x_wconf 90' lang='lat' dir='ltr'><strong>Ilia</strong></span> <span class='ocrx_word' id='word_1_31' title='bbox 3428 722 3642 792; x_wconf 78' lang='lat' dir='ltr'><strong>conjux,</strong></span> 
     </span>
    </p>
   </div>
   <div class='ocr_carea' id='block_1_6' title="bbox 2302 814 3739 892">
    <p class='ocr_par' dir='ltr' id='par_1_6' title="bbox 2302 814 3739 892">
     <span class='ocr_line' id='line_1_6' title="bbox 2302 814 3739 892; baseline -0.005 -17"><span class='ocrx_word' id='word_1_32' title='bbox 2302 820 2690 892; x_wconf 70' lang='lat' dir='ltr'><strong>Liquentiqutc</strong></span> <span class='ocrx_word' id='word_1_33' title='bbox 2715 820 2898 890; x_wconf 85' lang='lat' dir='ltr'><strong>juncta</strong></span> <span class='ocrx_word' id='word_1_34' title='bbox 2929 830 3047 873; x_wconf 90' lang='lat' dir='ltr'><strong>toro</strong></span> <span class='ocrx_word' id='word_1_35' title='bbox 3075 818 3184 871; x_wconf 68' lang='lat' dir='ltr'><strong>vult</strong></span> <span class='ocrx_word' id='word_1_36' title='bbox 3215 832 3486 871; x_wconf 89' lang='lat' dir='ltr'><strong>murmura</strong></span> <span class='ocrx_word' id='word_1_37' title='bbox 3514 814 3739 885; x_wconf 66' lang='lat' dir='ltr'><strong>lymphis</strong></span> 
     </span>
    </p>
   </div>
   <div class='ocr_carea' id='block_1_7' title="bbox 2301 907 3587 977">
    <p class='ocr_par' dir='ltr' id='par_1_7' title="bbox 2301 907 3587 977">
     <span class='ocr_line' id='line_1_7' title="bbox 2301 907 3587 977; baseline -0.006 -10"><span class='ocrx_word' id='word_1_38' title='bbox 2301 911 2530 977; x_wconf 86' lang='lat' dir='ltr'><strong>Tollere,</strong></span> <span class='ocrx_word' id='word_1_39' title='bbox 2562 919 2614 965; x_wconf 91' lang='lat' dir='ltr'><strong>et</strong></span> <span class='ocrx_word' id='word_1_40' title='bbox 2640 909 2830 966; x_wconf 87' lang='lat' dir='ltr'><strong>undosi</strong></span> <span class='ocrx_word' id='word_1_41' title='bbox 2859 924 3102 963; x_wconf 88' lang='lat' dir='ltr'><strong>somnum</strong></span> <span class='ocrx_word' id='word_1_42' title='bbox 3134 923 3357 962; x_wconf 88' lang='lat' dir='ltr'><strong>servare</strong></span> <span class='ocrx_word' id='word_1_43' title='bbox 3390 907 3587 961; x_wconf 80' lang='lat' dir='ltr'><strong>mariti.</strong></span> 
     </span>
    </p>
   </div>
   <div class='ocr_carea' id='block_1_8' title="bbox 608 345 715 404">
    <p class='ocr_par' dir='ltr' id='par_1_8' title="bbox 608 345 715 404">
     <span class='ocr_line' id='line_1_8' title="bbox 608 345 715 404; baseline -0.019 1"><span class='ocrx_word' id='word_1_44' title='bbox 608 345 715 404; x_wconf 71' lang='lat'><strong>059</strong></span> 
     </span>
    </p>
   </div>
   <div class='ocr_carea' id='block_1_9' title="bbox 682 449 1834 523">
    <p class='ocr_par' dir='ltr' id='par_1_9' title="bbox 682 449 1834 523">
     <span class='ocr_line' id='line_1_9' title="bbox 682 449 1834 523; baseline -0.009 -10"><span class='ocrx_word' id='word_1_45' title='bbox 682 454 895 513; x_wconf 74' lang='lat' dir='ltr'><strong>Iussisti</strong></span> <span class='ocrx_word' id='word_1_46' title='bbox 924 450 1132 523; x_wconf 90' lang='lat' dir='ltr'><strong>placido</strong></span> <span class='ocrx_word' id='word_1_47' title='bbox 1154 452 1323 507; x_wconf 88' lang='lat' dir='ltr'><strong>victor</strong></span> <span class='ocrx_word' id='word_1_48' title='bbox 1351 460 1406 504; x_wconf 89' lang='lat' dir='ltr'><strong>ut</strong></span> <span class='ocrx_word' id='word_1_49' title='bbox 1429 462 1602 506; x_wconf 89' lang='lat' dir='ltr'><strong>essem</strong></span> <span class='ocrx_word' id='word_1_50' title='bbox 1634 449 1834 515; x_wconf 91' lang='lat' dir='ltr'><strong>animo,</strong></span> 
     </span>
    </p>
   </div>
   <div class='ocr_carea' id='block_1_10' title="bbox 614 542 1738 614">
    <p class='ocr_par' dir='ltr' id='par_1_10' title="bbox 614 542 1738 614">
     <span class='ocr_line' id='line_1_10' title="bbox 614 542 1738 614; baseline -0.01 -9"><span class='ocrx_word' id='word_1_51' title='bbox 614 548 821 606; x_wconf 85' lang='lat' dir='ltr'><strong>Serviat</strong></span> <span class='ocrx_word' id='word_1_52' title='bbox 840 558 965 614; x_wconf 85' lang='lat' dir='ltr'><strong>ergo</strong></span> <span class='ocrx_word' id='word_1_53' title='bbox 995 543 1087 598; x_wconf 87' lang='lat' dir='ltr'><strong>tibi</strong></span> <span class='ocrx_word' id='word_1_54' title='bbox 1117 542 1312 598; x_wconf 87' lang='lat' dir='ltr'><strong>servati</strong></span> <span class='ocrx_word' id='word_1_55' title='bbox 1340 542 1517 611; x_wconf 88' lang='lat' dir='ltr'><strong>lingua</strong></span> <span class='ocrx_word' id='word_1_56' title='bbox 1548 550 1738 611; x_wconf 89' lang='lat' dir='ltr'><strong>poetae,</strong></span> 
     </span>
    </p>
   </div>
   <div class='ocr_carea' id='block_1_11' title="bbox 685 633 1802 709">
    <p class='ocr_par' dir='ltr' id='par_1_11' title="bbox 685 633 1802 709">
     <span class='ocr_line' id='line_1_11' title="bbox 685 633 1802 709; baseline -0.008 -14"><span class='ocrx_word' id='word_1_57' title='bbox 685 643 856 709; x_wconf 84' lang='lat' dir='ltr'><strong>Atque</strong></span> <span class='ocrx_word' id='word_1_58' title='bbox 886 650 1019 691; x_wconf 85' lang='lat' dir='ltr'><strong>meae</strong></span> <span class='ocrx_word' id='word_1_59' title='bbox 1048 635 1170 689; x_wconf 67' lang='lat' dir='ltr'><strong>vita:</strong></span> <span class='ocrx_word' id='word_1_60' title='bbox 1198 635 1313 689; x_wconf 91' lang='lat' dir='ltr'><strong>laus</strong></span> <span class='ocrx_word' id='word_1_61' title='bbox 1333 643 1419 689; x_wconf 89' lang='lat' dir='ltr'><strong>tua</strong></span> <span class='ocrx_word' id='word_1_62' title='bbox 1452 637 1523 689; x_wconf 88' lang='lat' dir='ltr'><strong>sit</strong></span> <span class='ocrx_word' id='word_1_63' title='bbox 1556 633 1802 704; x_wconf 82' lang='lat' dir='ltr'><strong>pretium.</strong></span> 
     </span>
    </p>
   </div>
   <div class='ocr_carea' id='block_1_12' title="bbox 598 726 2047 801">
    <p class='ocr_par' dir='ltr' id='par_1_12' title="bbox 598 726 2047 801">
     <span class='ocr_line' id='line_1_12' title="bbox 598 726 2047 801; baseline -0.002 -18"><span class='ocrx_word' id='word_1_64' title='bbox 598 732 731 789; x_wconf 81' lang='lat' dir='ltr'><strong>.Non</strong></span> <span class='ocrx_word' id='word_1_65' title='bbox 762 744 860 801; x_wconf 84' lang='lat' dir='ltr'><strong>ego</strong></span> <span class='ocrx_word' id='word_1_66' title='bbox 887 727 1124 783; x_wconf 88' lang='lat' dir='ltr'><strong>mordaci</strong></span> <span class='ocrx_word' id='word_1_67' title='bbox 1154 726 1351 781; x_wconf 81' lang='lat' dir='ltr'><strong>fodiam</strong></span> <span class='ocrx_word' id='word_1_68' title='bbox 1384 726 1544 781; x_wconf 88' lang='lat' dir='ltr'><strong>modo</strong></span> <span class='ocrx_word' id='word_1_69' title='bbox 1564 727 1725 781; x_wconf 87' lang='lat' dir='ltr'><strong>dente</strong></span> <span class='ocrx_word' id='word_1_70' title='bbox 1757 726 2047 791; x_wconf 83' lang='lat' dir='ltr'><strong>Maronem,</strong></span> 
     </span>
    </p>
   </div>
   <div class='ocr_carea' id='block_1_13' title="bbox 687 816 1907 889">
    <p class='ocr_par' dir='ltr' id='par_1_13' title="bbox 687 816 1907 889">
     <span class='ocr_line' id='line_1_13' title="bbox 687 816 1907 889; baseline -0.008 -11"><span class='ocrx_word' id='word_1_71' title='bbox 687 824 795 878; x_wconf 79' lang='lat' dir='ltr'><strong>Nec</strong></span> <span class='ocrx_word' id='word_1_72' title='bbox 820 822 991 876; x_wconf 82' lang='lat' dir='ltr'><strong>civem</strong></span> <span class='ocrx_word' id='word_1_73' title='bbox 1020 833 1256 889; x_wconf 87' lang='lat' dir='ltr'><strong>carpam,</strong></span> <span class='ocrx_word' id='word_1_74' title='bbox 1292 826 1432 873; x_wconf 88' lang='lat' dir='ltr'><strong>terra</strong></span> <span class='ocrx_word' id='word_1_75' title='bbox 1470 816 1703 882; x_wconf 89' lang='lat' dir='ltr'><strong>Sabella,</strong></span> <span class='ocrx_word' id='word_1_76' title='bbox 1737 825 1907 871; x_wconf 88' lang='lat' dir='ltr'><strong>tuum.</strong></span> 
     </span>
    </p>
   </div>
   <div class='ocr_carea' id='block_1_14' title="bbox 619 909 1955 985">
    <p class='ocr_par' dir='ltr' id='par_1_14' title="bbox 619 909 1955 985">
     <span class='ocr_line' id='line_1_14' title="bbox 619 909 1955 985; baseline -0.007 -12"><span class='ocrx_word' id='word_1_77' title='bbox 619 917 725 973; x_wconf 74' lang='lat' dir='ltr'><strong>Res</strong></span> <span class='ocrx_word' id='word_1_78' title='bbox 754 915 928 971; x_wconf 92' lang='lat' dir='ltr'><strong>minor</strong></span> <span class='ocrx_word' id='word_1_79' title='bbox 951 914 1164 985; x_wconf 86' lang='lat' dir='ltr'><strong>ingenio</strong></span> <span class='ocrx_word' id='word_1_80' title='bbox 1193 913 1369 975; x_wconf 86' lang='lat' dir='ltr'><strong>nobis,</strong></span> <span class='ocrx_word' id='word_1_81' title='bbox 1393 912 1485 967; x_wconf 89' lang='lat' dir='ltr'><strong>sed</strong></span> <span class='ocrx_word' id='word_1_82' title='bbox 1507 911 1718 966; x_wconf 85' lang='lat' dir='ltr'><strong>Caesare</strong></span> <span class='ocrx_word' id='word_1_83' title='bbox 1746 909 1918 979; x_wconf 88' lang='lat' dir='ltr'><strong>major</strong></span> <span class='ocrx_word' id='word_1_84' title='bbox 1942 926 1955 963; x_wconf 86' lang='lat'><strong>:</strong></span> 
     </span>
    </p>
   </div>
   <div class='ocr_carea' id='block_1_15' title="bbox 668 1002 1884 1075">
    <p class='ocr_par' dir='ltr' id='par_1_15' title="bbox 668 1002 1884 1075">
     <span class='ocr_line' id='line_1_15' title="bbox 668 1002 1884 1075; baseline -0.006 -13"><span class='ocrx_word' id='word_1_85' title='bbox 668 1008 918 1061; x_wconf 65' lang='lat' dir='ltr'><strong>’Vincant</strong></span> <span class='ocrx_word' id='word_1_86' title='bbox 942 1005 1175 1075; x_wconf 89' lang='lat' dir='ltr'><strong>eloquio,</strong></span> <span class='ocrx_word' id='word_1_87' title='bbox 1208 1004 1495 1058; x_wconf 88' lang='lat' dir='ltr'><strong>dummodo</strong></span> <span class='ocrx_word' id='word_1_88' title='bbox 1521 1018 1618 1058; x_wconf 90' lang='lat' dir='ltr'><strong>nos</strong></span> <span class='ocrx_word' id='word_1_89' title='bbox 1648 1002 1884 1057; x_wconf 89' lang='lat' dir='ltr'><strong>domino.</strong></span> 
     </span>
    </p>
   </div>
   <div class='ocr_carea' id='block_1_16' title="bbox 1226 1143 1611 1199">
    <p class='ocr_par' dir='ltr' id='par_1_16' title="bbox 1226 1143 1611 1199">
     <span class='ocr_line' id='line_1_16' title="bbox 1226 1143 1611 1199; baseline -0.005 0"><span class='ocrx_word' id='word_1_90' title='bbox 1226 1143 1505 1199; x_wconf 77' lang='lat' dir='ltr'><strong>CARMEN</strong></span> <span class='ocrx_word' id='word_1_91' title='bbox 1546 1144 1611 1197; x_wconf 87' lang='lat' dir='ltr'><strong>V.</strong></span> 
     </span>
    </p>
   </div>
   <div class='ocr_carea' id='block_1_17' title="bbox 623 1267 2196 1318">
    <p class='ocr_par' dir='ltr' id='par_1_17' title="bbox 623 1267 2196 1318">
     <span class='ocr_line' id='line_1_17' title="bbox 623 1267 2196 1318; baseline -0.006 -1"><span class='ocrx_word' id='word_1_92' title='bbox 623 1274 979 1318; x_wconf 76' lang='lat' dir='ltr'><strong>PANEGYRICUS</strong></span> <span class='ocrx_word' id='word_1_93' title='bbox 997 1274 1146 1314; x_wconf 71' lang='lat' dir='ltr'><strong>IULIO</strong></span> <span class='ocrx_word' id='word_1_94' title='bbox 1164 1273 1394 1313; x_wconf 70' lang='lat' dir='ltr'><strong>VALERIO</strong></span> <span class='ocrx_word' id='word_1_95' title='bbox 1418 1271 1711 1312; x_wconf 72' lang='lat' dir='ltr'><strong>HAJOBIANO</strong></span> <span class='ocrx_word' id='word_1_96' title='bbox 1731 1269 1969 1311; x_wconf 76' lang='lat' dir='ltr'><strong>AUGUSTO</strong></span> <span class='ocrx_word' id='word_1_97' title='bbox 1992 1267 2196 1310; x_wconf 81' lang='lat' dir='ltr'><strong>DICTUS.</strong></span> 
     </span>
    </p>
   </div>
   <div class='ocr_carea' id='block_1_18' title="bbox 694 1372 2197 1444">
    <p class='ocr_par' dir='ltr' id='par_1_18' title="bbox 694 1372 2197 1444">
     <span class='ocr_line' id='line_1_18' title="bbox 694 1372 2197 1444; baseline -0.003 -13"><span class='ocrx_word' id='word_1_98' title='bbox 694 1375 931 1444; x_wconf 88' lang='lat' dir='ltr'><strong>Concipe</strong></span> <span class='ocrx_word' id='word_1_99' title='bbox 953 1374 1272 1444; x_wconf 69' lang='lat' dir='ltr'><strong>praeteritos,</strong></span> <span class='ocrx_word' id='word_1_100' title='bbox 1306 1373 1628 1441; x_wconf 84' lang='lat' dir='ltr'><strong>respublica,</strong></span> <span class='ocrx_word' id='word_1_101' title='bbox 1662 1381 1839 1429; x_wconf 90' lang='lat' dir='ltr'><strong>mente</strong></span> <span class='ocrx_word' id='word_1_102' title='bbox 1867 1372 2197 1442; x_wconf 90' lang='lat' dir='ltr'><strong>triumphos:</strong></span> 
     </span>
    </p>
   </div>
   <div class='ocr_carea' id='block_1_19' title="bbox 628 1464 2202 1538">
    <p class='ocr_par' dir='ltr' id='par_1_19' title="bbox 628 1464 2202 1538">
     <span class='ocr_line' id='line_1_19' title="bbox 628 1464 2202 1538; baseline -0.002 -15"><span class='ocrx_word' id='word_1_103' title='bbox 628 1468 914 1538; x_wconf 78' lang='lat' dir='ltr'><strong>Imperium</strong></span> <span class='ocrx_word' id='word_1_104' title='bbox 942 1466 1050 1535; x_wconf 90' lang='lat' dir='ltr'><strong>jam</strong></span> <span class='ocrx_word' id='word_1_105' title='bbox 1080 1465 1267 1520; x_wconf 85' lang='lat' dir='ltr'><strong>consul</strong></span> <span class='ocrx_word' id='word_1_106' title='bbox 1298 1464 1477 1529; x_wconf 86' lang='lat' dir='ltr'><strong>habet,</strong></span> <span class='ocrx_word' id='word_1_107' title='bbox 1506 1480 1662 1535; x_wconf 90' lang='lat' dir='ltr'><strong>quem</strong></span> <span class='ocrx_word' id='word_1_108' title='bbox 1694 1480 1925 1535; x_wconf 92' lang='lat' dir='ltr'><strong>purpura</strong></span> <span class='ocrx_word' id='word_1_109' title='bbox 1950 1480 2054 1519; x_wconf 91' lang='lat' dir='ltr'><strong>non</strong></span> <span class='ocrx_word' id='word_1_110' title='bbox 2082 1466 2202 1535; x_wconf 88' lang='lat' dir='ltr'><strong>plus</strong></span> 
     </span>
    </p>
   </div>
   <div class='ocr_carea' id='block_1_20' title="bbox 627 1556 1984 1629">
    <p class='ocr_par' dir='ltr' id='par_1_20' title="bbox 627 1556 1984 1629">
     <span class='ocr_line' id='line_1_20' title="bbox 627 1556 1984 1629; baseline -0.003 -14"><span class='ocrx_word' id='word_1_111' title='bbox 627 1561 795 1629; x_wconf 85' lang='lat' dir='ltr'><strong>Quam</strong></span> <span class='ocrx_word' id='word_1_112' title='bbox 827 1559 991 1613; x_wconf 87' lang='lat' dir='ltr'><strong>lorica</strong></span> <span class='ocrx_word' id='word_1_113' title='bbox 1020 1558 1215 1627; x_wconf 88' lang='lat' dir='ltr'><strong>operit,</strong></span> <span class='ocrx_word' id='word_1_114' title='bbox 1247 1558 1400 1625; x_wconf 88' lang='lat' dir='ltr'><strong>cujus</strong></span> <span class='ocrx_word' id='word_1_115' title='bbox 1428 1556 1726 1612; x_wconf 82' lang='lat' dir='ltr'><strong>diademata</strong></span> <span class='ocrx_word' id='word_1_116' title='bbox 1756 1557 1984 1613; x_wconf 82' lang='lat' dir='ltr'><strong>frontem</strong></span> 
     </span>
    </p>
   </div>
   <div class='ocr_carea' id='block_1_21' title="bbox 627 1651 2008 1722">
    <p class='ocr_par' dir='ltr' id='par_1_21' title="bbox 627 1651 2008 1722">
     <span class='ocr_line' id='line_1_21' title="bbox 627 1651 2008 1722; baseline -0.001 -14"><span class='ocrx_word' id='word_1_117' title='bbox 627 1652 741 1708; x_wconf 88' lang='lat' dir='ltr'><strong>Non</strong></span> <span class='ocrx_word' id='word_1_118' title='bbox 771 1652 901 1708; x_wconf 82' lang='lat' dir='ltr'><strong>luxu</strong></span> <span class='ocrx_word' id='word_1_119' title='bbox 920 1651 1016 1707; x_wconf 90' lang='lat' dir='ltr'><strong>sed</strong></span> <span class='ocrx_word' id='word_1_120' title='bbox 1041 1651 1158 1722; x_wconf 80' lang='lat' dir='ltr'><strong>lege</strong></span> <span class='ocrx_word' id='word_1_121' title='bbox 1187 1660 1393 1721; x_wconf 86' lang='lat' dir='ltr'><strong>tegunt,</strong></span> <span class='ocrx_word' id='word_1_122' title='bbox 1426 1652 1735 1720; x_wconf 86' lang='lat' dir='ltr'><strong>meritisque</strong></span> <span class='ocrx_word' id='word_1_123' title='bbox 1764 1651 2008 1706; x_wconf 87' lang='lat' dir='ltr'><strong>laborum</strong></span> 
     </span>
    </p>
   </div>
   <div class='ocr_carea' id='block_1_22' title="bbox 626 1743 2097 1814">
    <p class='ocr_par' dir='ltr' id='par_1_22' title="bbox 626 1743 2097 1814">
     <span class='ocr_line' id='line_1_22' title="bbox 626 1743 2097 1814; baseline -0.001 -15"><span class='ocrx_word' id='word_1_124' title='bbox 626 1743 754 1799; x_wconf 85' lang='lat' dir='ltr'><strong>Post</strong></span> <span class='ocrx_word' id='word_1_125' title='bbox 779 1744 1010 1814; x_wconf 88' lang='lat' dir='ltr'><strong>palmam</strong></span> <span class='ocrx_word' id='word_1_126' title='bbox 1042 1743 1275 1813; x_wconf 82' lang='lat' dir='ltr'><strong>palmata</strong></span> <span class='ocrx_word' id='word_1_127' title='bbox 1302 1743 1487 1798; x_wconf 84' lang='lat' dir='ltr'><strong>venit:</strong></span> <span class='ocrx_word' id='word_1_128' title='bbox 1520 1743 1713 1799; x_wconf 89' lang='lat' dir='ltr'><strong>decora</strong></span> <span class='ocrx_word' id='word_1_129' title='bbox 1745 1744 1922 1798; x_wconf 85' lang='lat' dir='ltr'><strong>omnia</strong></span> <span class='ocrx_word' id='word_1_130' title='bbox 1947 1744 2097 1811; x_wconf 81' lang='lat' dir='ltr'><strong>regni</strong></span> 
     </span>
    </p>
   </div>
   <div class='ocr_carea' id='block_1_23' title="bbox 627 1834 2098 1906">
    <p class='ocr_par' dir='ltr' id='par_1_23' title="bbox 627 1834 2098 1906">
     <span class='ocr_line' id='line_1_23' title="bbox 627 1834 2098 1906; baseline -0.003 -15"><span class='ocrx_word' id='word_1_131' title='bbox 627 1836 982 1891; x_wconf 82' lang='lat' dir='ltr'><strong>Accumuiant</strong></span> <span class='ocrx_word' id='word_1_132' title='bbox 1010 1834 1203 1898; x_wconf 86' lang='lat' dir='ltr'><strong>fasces,</strong></span> <span class='ocrx_word' id='word_1_133' title='bbox 1226 1844 1280 1891; x_wconf 90' lang='lat' dir='ltr'><strong>et</strong></span> <span class='ocrx_word' id='word_1_134' title='bbox 1311 1844 1333 1871; x_wconf 66' lang='grc' dir='ltr'>ἰ</span> <span class='ocrx_word' id='word_1_135' title='bbox 1361 1836 1611 1906; x_wconf 86' lang='lat' dir='ltr'><strong>princeps</strong></span> <span class='ocrx_word' id='word_1_136' title='bbox 1640 1836 1860 1891; x_wconf 89' lang='lat' dir='ltr'><strong>consule</strong></span> <span class='ocrx_word' id='word_1_137' title='bbox 1885 1836 2098 1892; x_wconf 84' lang='lat' dir='ltr'><strong>crescit.</strong></span> 
     </span>
    </p>
   </div>
   <div class='ocr_carea' id='block_1_24' title="bbox 628 1928 2049 1998">
    <p class='ocr_par' dir='ltr' id='par_1_24' title="bbox 628 1928 2049 1998">
     <span class='ocr_line' id='line_1_24' title="bbox 628 1928 2049 1998; baseline -0.001 -15"><span class='ocrx_word' id='word_1_138' title='bbox 628 1928 888 1984; x_wconf 88' lang='lat' dir='ltr'><strong>Personat</strong></span> <span class='ocrx_word' id='word_1_139' title='bbox 914 1942 1040 1998; x_wconf 85' lang='lat' dir='ltr'><strong>ergo</strong></span> <span class='ocrx_word' id='word_1_140' title='bbox 1066 1938 1211 1983; x_wconf 91' lang='lat' dir='ltr'><strong>tuum</strong></span> <span class='ocrx_word' id='word_1_141' title='bbox 1235 1929 1396 1996; x_wconf 90' lang='lat' dir='ltr'><strong>coelo,</strong></span> <span class='ocrx_word' id='word_1_142' title='bbox 1429 1944 1572 1997; x_wconf 89' lang='lat' dir='ltr'><strong>rure,</strong></span> <span class='ocrx_word' id='word_1_143' title='bbox 1599 1929 1841 1998; x_wconf 85' lang='lat' dir='ltr'><strong>urbibus,</strong></span> <span class='ocrx_word' id='word_1_144' title='bbox 1872 1928 2049 1995; x_wconf 89' lang='lat' dir='ltr'><strong>undis,</strong></span> 
     </span>
    </p>
   </div>
   <div class='ocr_carea' id='block_1_25' title="bbox 630 2021 2025 2093">
    <p class='ocr_par' dir='ltr' id='par_1_25' title="bbox 630 2021 2025 2093">
     <span class='ocr_line' id='line_1_25' title="bbox 630 2021 2025 2093; baseline -0.002 -14"><span class='ocrx_word' id='word_1_145' title='bbox 630 2023 918 2079; x_wconf 80' lang='lat' dir='ltr'><strong>Exsultans</strong></span> <span class='ocrx_word' id='word_1_146' title='bbox 938 2021 1151 2093; x_wconf 89' lang='lat' dir='ltr'><strong>Europa</strong></span> <span class='ocrx_word' id='word_1_147' title='bbox 1178 2022 1393 2091; x_wconf 82' lang='lat' dir='ltr'><strong>saphos,</strong></span> <span class='ocrx_word' id='word_1_148' title='bbox 1425 2022 1563 2093; x_wconf 91' lang='lat' dir='ltr'><strong>quod</strong></span> <span class='ocrx_word' id='word_1_149' title='bbox 1592 2031 1767 2077; x_wconf 86' lang='lat' dir='ltr'><strong>rector</strong></span> <span class='ocrx_word' id='word_1_150' title='bbox 1792 2022 2025 2087; x_wconf 87' lang='lat' dir='ltr'><strong>baberis,</strong></span> 
     </span>
    </p>
   </div>
   <div class='ocr_carea' id='block_1_26' title="bbox 628 2112 1979 2185">
    <p class='ocr_par' dir='ltr' id='par_1_26' title="bbox 628 2112 1979 2185">
     <span class='ocr_line' id='line_1_26' title="bbox 628 2112 1979 2185; baseline 0 -17"><span class='ocrx_word' id='word_1_151' title='bbox 628 2113 811 2169; x_wconf 83' lang='lat' dir='ltr'><strong>Victor</strong></span> <span class='ocrx_word' id='word_1_152' title='bbox 839 2113 931 2183; x_wconf 86' lang='lat' dir='ltr'><strong>qui</strong></span> <span class='ocrx_word' id='word_1_153' title='bbox 958 2112 1173 2169; x_wconf 87' lang='lat' dir='ltr'><strong>fueras:</strong></span> <span class='ocrx_word' id='word_1_154' title='bbox 1208 2114 1402 2179; x_wconf 84' lang='lat' dir='ltr'><strong>fateor,</strong></span> <span class='ocrx_word' id='word_1_155' title='bbox 1434 2115 1790 2185; x_wconf 87' lang='lat' dir='ltr'><strong>trepidaverat</strong></span> <span class='ocrx_word' id='word_1_156' title='bbox 1812 2115 1979 2181; x_wconf 84' lang='lat' dir='ltr'><strong>orbis,</strong></span> 
     </span>
    </p>
   </div>
   <div class='ocr_carea' id='block_1_27' title="bbox 628 2207 1905 2278">
    <p class='ocr_par' dir='ltr' id='par_1_27' title="bbox 628 2207 1905 2278">
     <span class='ocr_line' id='line_1_27' title="bbox 628 2207 1905 2278; baseline 0 -16"><span class='ocrx_word' id='word_1_157' title='bbox 628 2207 763 2262; x_wconf 90' lang='lat' dir='ltr'><strong>Dum</strong></span> <span class='ocrx_word' id='word_1_158' title='bbox 793 2223 899 2263; x_wconf 89' lang='lat' dir='ltr'><strong>non</strong></span> <span class='ocrx_word' id='word_1_159' title='bbox 922 2207 1006 2262; x_wconf 87' lang='lat' dir='ltr'><strong>vis</strong></span> <span class='ocrx_word' id='word_1_160' title='bbox 1029 2208 1222 2263; x_wconf 75' lang='lat' dir='ltr'><strong>vicisse</strong></span> <span class='ocrx_word' id='word_1_161' title='bbox 1252 2207 1368 2274; x_wconf 89' lang='lat' dir='ltr'><strong>tibi,</strong></span> <span class='ocrx_word' id='word_1_162' title='bbox 1403 2209 1673 2278; x_wconf 89' lang='lat' dir='ltr'><strong>nimioque</strong></span> <span class='ocrx_word' id='word_1_163' title='bbox 1700 2210 1905 2278; x_wconf 88' lang='lat' dir='ltr'><strong>pudore</strong></span> 
     </span>
    </p>
   </div>
   <div class='ocr_carea' id='block_1_28' title="bbox 628 2301 2013 2373">
    <p class='ocr_par' dir='ltr' id='par_1_28' title="bbox 628 2301 2013 2373">
     <span class='ocr_line' id='line_1_28' title="bbox 628 2301 2013 2373; baseline -0.001 -17"><span class='ocrx_word' id='word_1_164' title='bbox 628 2301 781 2369; x_wconf 86' lang='lat' dir='ltr'><strong>Quod</strong></span> <span class='ocrx_word' id='word_1_165' title='bbox 802 2316 1023 2373; x_wconf 80' lang='lat' dir='ltr'><strong>regnum</strong></span> <span class='ocrx_word' id='word_1_166' title='bbox 1051 2316 1291 2356; x_wconf 90' lang='lat' dir='ltr'><strong>mereare</strong></span> <span class='ocrx_word' id='word_1_167' title='bbox 1316 2302 1467 2357; x_wconf 91' lang='lat' dir='ltr'><strong>doles</strong></span> <span class='ocrx_word' id='word_1_168' title='bbox 1487 2346 1499 2369; x_wconf 91' lang='lat'><strong>,</strong></span> <span class='ocrx_word' id='word_1_169' title='bbox 1533 2302 1774 2370; x_wconf 85' lang='lat' dir='ltr'><strong>tristique</strong></span> <span class='ocrx_word' id='word_1_170' title='bbox 1804 2302 2013 2371; x_wconf 90' lang='lat' dir='ltr'><strong>repulsa</strong></span> 
     </span>
    </p>
   </div>
   <div class='ocr_carea' id='block_1_29' title="bbox 631 2391 2206 2463">
    <p class='ocr_par' dir='ltr' id='par_1_29' title="bbox 631 2391 2206 2463">
     <span class='ocr_line' id='line_1_29' title="bbox 631 2391 2206 2463; baseline 0.001 -17"><span class='ocrx_word' id='word_1_171' title='bbox 631 2392 794 2463; x_wconf 78' lang='lat'><strong>309</strong></span> <span class='ocrx_word' id='word_1_172' title='bbox 812 2393 926 2447; x_wconf 89' lang='lat' dir='ltr'><strong>Non</strong></span> <span class='ocrx_word' id='word_1_173' title='bbox 949 2392 1276 2446; x_wconf 89' lang='lat' dir='ltr'><strong>moderanda</strong></span> <span class='ocrx_word' id='word_1_174' title='bbox 1307 2392 1472 2460; x_wconf 89' lang='lat' dir='ltr'><strong>subis,</strong></span> <span class='ocrx_word' id='word_1_175' title='bbox 1492 2408 1610 2462; x_wconf 67' lang='lat' dir='ltr'><strong>quae</strong></span> <span class='ocrx_word' id='word_1_176' title='bbox 1632 2391 1967 2447; x_wconf 86' lang='lat' dir='ltr'><strong>defendenda</strong></span> <span class='ocrx_word' id='word_1_177' title='bbox 1991 2392 2206 2463; x_wconf 88' lang='lat' dir='ltr'><strong>putasti.</strong></span> 
     </span>
    </p>
   </div>
   <div class='ocr_carea' id='block_1_30' title="bbox 702 2481 1947 2551">
    <p class='ocr_par' dir='ltr' id='par_1_30' title="bbox 702 2481 1947 2551">
     <span class='ocr_line' id='line_1_30' title="bbox 702 2481 1947 2551; baseline 0.002 -16"><span class='ocrx_word' id='word_1_178' title='bbox 702 2481 732 2520; x_wconf 70' lang='grc' dir='ltr'>δ</span> <span class='ocrx_word' id='word_1_179' title='bbox 768 2483 989 2537; x_wconf 74' lang='lat' dir='ltr'><strong>Sederat</strong></span> <span class='ocrx_word' id='word_1_180' title='bbox 1019 2493 1241 2537; x_wconf 82' lang='lat' dir='ltr'><strong>exserto</strong></span> <span class='ocrx_word' id='word_1_181' title='bbox 1262 2482 1505 2536; x_wconf 83' lang='lat' dir='ltr'><strong>bellatrix</strong></span> <span class='ocrx_word' id='word_1_182' title='bbox 1533 2492 1749 2551; x_wconf 87' lang='lat' dir='ltr'><strong>pectore</strong></span> <span class='ocrx_word' id='word_1_183' title='bbox 1780 2482 1947 2537; x_wconf 79' lang='lat' dir='ltr'><strong>Roma</strong></span> 
     </span>
    </p>
   </div>
   <div class='ocr_carea' id='block_1_31' title="bbox 634 2572 1838 2642">
    <p class='ocr_par' dir='ltr' id='par_1_31' title="bbox 634 2572 1838 2642">
     <span class='ocr_line' id='line_1_31' title="bbox 634 2572 1838 2642; baseline -0.001 -14"><span class='ocrx_word' id='word_1_184' title='bbox 634 2572 919 2628; x_wconf 89' lang='lat' dir='ltr'><strong>Cristatum</strong></span> <span class='ocrx_word' id='word_1_185' title='bbox 951 2573 1138 2626; x_wconf 90' lang='lat' dir='ltr'><strong>turrita</strong></span> <span class='ocrx_word' id='word_1_186' title='bbox 1168 2582 1345 2640; x_wconf 90' lang='lat' dir='ltr'><strong>caput,</strong></span> <span class='ocrx_word' id='word_1_187' title='bbox 1377 2574 1462 2625; x_wconf 87' lang='lat' dir='ltr'><strong>cui</strong></span> <span class='ocrx_word' id='word_1_188' title='bbox 1492 2587 1629 2641; x_wconf 92' lang='lat' dir='ltr'><strong>pone</strong></span> <span class='ocrx_word' id='word_1_189' title='bbox 1658 2574 1838 2642; x_wconf 89' lang='lat' dir='ltr'><strong>capaci</strong></span> 
     </span>
    </p>
   </div>
   <div class='ocr_carea' id='block_1_32' title="bbox 634 2667 1903 2738">
    <p class='ocr_par' dir='ltr' id='par_1_32' title="bbox 634 2667 1903 2738">
     <span class='ocr_line' id='line_1_32' title="bbox 634 2667 1903 2738; baseline 0.002 -18"><span class='ocrx_word' id='word_1_190' title='bbox 634 2667 855 2721; x_wconf 86' lang='lat' dir='ltr'><strong>Casside</strong></span> <span class='ocrx_word' id='word_1_191' title='bbox 880 2668 1156 2736; x_wconf 87' lang='lat' dir='ltr'><strong>prolapsus</strong></span> <span class='ocrx_word' id='word_1_192' title='bbox 1186 2667 1453 2735; x_wconf 79' lang='lat' dir='ltr'><strong>perfundit</strong></span> <span class='ocrx_word' id='word_1_193' title='bbox 1485 2677 1629 2738; x_wconf 83' lang='lat' dir='ltr'><strong>terga</strong></span> <span class='ocrx_word' id='word_1_194' title='bbox 1659 2670 1903 2737; x_wconf 86' lang='lat' dir='ltr'><strong>capillus.</strong></span> 
     </span>
    </p>
   </div>
   <div class='ocr_carea' id='block_1_33' title="bbox 636 2757 1967 2830">
    <p class='ocr_par' dir='ltr' id='par_1_33' title="bbox 636 2757 1967 2830">
     <span class='ocr_line' id='line_1_33' title="bbox 636 2757 1967 2830; baseline 0.005 -19"><span class='ocrx_word' id='word_1_195' title='bbox 636 2757 897 2812; x_wconf 77' lang='lat' dir='ltr'><strong>Lzetitiam</strong></span> <span class='ocrx_word' id='word_1_196' title='bbox 927 2774 1156 2814; x_wconf 88' lang='lat' dir='ltr'><strong>censura</strong></span> <span class='ocrx_word' id='word_1_197' title='bbox 1187 2770 1389 2823; x_wconf 87' lang='lat' dir='ltr'><strong>manet,</strong></span> <span class='ocrx_word' id='word_1_198' title='bbox 1424 2770 1701 2830; x_wconf 89' lang='lat' dir='ltr'><strong>terrorque</strong></span> <span class='ocrx_word' id='word_1_199' title='bbox 1735 2762 1933 2827; x_wconf 89' lang='lat' dir='ltr'><strong>pudore</strong></span> <span class='ocrx_word' id='word_1_200' title='bbox 1954 2787 1967 2799; x_wconf 77' lang='grc' dir='ltr'><strong><em>ο</em></strong></span> 
     </span>
    </p>
   </div>
   <div class='ocr_carea' id='block_1_34' title="bbox 635 2845 1909 2919">
    <p class='ocr_par' dir='ltr' id='par_1_34' title="bbox 635 2845 1909 2919">
     <span class='ocr_line' id='line_1_34' title="bbox 635 2845 1909 2919; baseline 0.003 -16"><span class='ocrx_word' id='word_1_201' title='bbox 635 2845 859 2913; x_wconf 85' lang='lat' dir='ltr'><strong>Crescit,</strong></span> <span class='ocrx_word' id='word_1_202' title='bbox 894 2860 947 2903; x_wconf 88' lang='lat' dir='ltr'><strong>et</strong></span> <span class='ocrx_word' id='word_1_203' title='bbox 975 2850 1135 2903; x_wconf 86' lang='lat' dir='ltr'><strong>invita</strong></span> <span class='ocrx_word' id='word_1_204' title='bbox 1166 2860 1381 2919; x_wconf 89' lang='lat' dir='ltr'><strong>superat</strong></span> <span class='ocrx_word' id='word_1_205' title='bbox 1411 2852 1611 2907; x_wconf 89' lang='lat' dir='ltr'><strong>virtute</strong></span> <span class='ocrx_word' id='word_1_206' title='bbox 1642 2859 1909 2907; x_wconf 89' lang='lat' dir='ltr'><strong>venustas.</strong></span> 
     </span>
    </p>
   </div>
   <div class='ocr_carea' id='block_1_35' title="bbox 633 2936 1876 3010">
    <p class='ocr_par' dir='ltr' id='par_1_35' title="bbox 633 2936 1876 3010">
     <span class='ocr_line' id='line_1_35' title="bbox 633 2936 1876 3010; baseline 0.003 -17"><span class='ocrx_word' id='word_1_207' title='bbox 633 2936 925 2993; x_wconf 76' lang='lat' dir='ltr'><strong>OSIricolor</strong></span> <span class='ocrx_word' id='word_1_208' title='bbox 956 2939 1097 3008; x_wconf 87' lang='lat' dir='ltr'><strong>pepli</strong></span> <span class='ocrx_word' id='word_1_209' title='bbox 1125 2949 1318 3005; x_wconf 77' lang='lat' dir='ltr'><strong>textus,</strong></span> <span class='ocrx_word' id='word_1_210' title='bbox 1352 2957 1509 3010; x_wconf 88' lang='lat' dir='ltr'><strong>quem</strong></span> <span class='ocrx_word' id='word_1_211' title='bbox 1544 2943 1702 2996; x_wconf 81' lang='lat' dir='ltr'><strong>fibula</strong></span> <span class='ocrx_word' id='word_1_212' title='bbox 1737 2952 1876 2998; x_wconf 90' lang='lat' dir='ltr'><strong>torto</strong></span> 
     </span>
    </p>
   </div>
   <div class='ocr_carea' id='block_1_36' title="bbox 633 3031 2214 3109">
    <p class='ocr_par' dir='ltr' id='par_1_36' title="bbox 633 3031 2214 3109">
     <span class='ocr_line' id='line_1_36' title="bbox 633 3031 2214 3109; baseline 0.004 -23"><span class='ocrx_word' id='word_1_213' title='bbox 633 3031 852 3087; x_wconf 83' lang='lat' dir='ltr'><strong>Mordax</strong></span> <span class='ocrx_word' id='word_1_214' title='bbox 882 3032 1043 3087; x_wconf 86' lang='lat' dir='ltr'><strong>dente</strong></span> <span class='ocrx_word' id='word_1_215' title='bbox 1066 3044 1217 3087; x_wconf 87' lang='lat' dir='ltr'><strong>vorat</strong></span> <span class='ocrx_word' id='word_1_216' title='bbox 1249 3050 1261 3085; x_wconf 72' lang='grc' dir='ltr'><strong>ι</strong></span> <span class='ocrx_word' id='word_1_217' title='bbox 1290 3043 1412 3089; x_wconf 92' lang='lat' dir='ltr'><strong>tunc</strong></span> <span class='ocrx_word' id='word_1_218' title='bbox 1439 3035 1696 3109; x_wconf 76' lang='lat' dir='ltr'><strong>quidquid</strong></span> <span class='ocrx_word' id='word_1_219' title='bbox 1720 3052 1949 3091; x_wconf 91' lang='lat' dir='ltr'><strong>mamma</strong></span> <span class='ocrx_word' id='word_1_220' title='bbox 1977 3036 2214 3093; x_wconf 87' lang='lat' dir='ltr'><strong>refundit</strong></span> 
     </span>
    </p>
   </div>
   <div class='ocr_carea' id='block_1_37' title="bbox 634 3124 2070 3200">
    <p class='ocr_par' dir='ltr' id='par_1_37' title="bbox 634 3124 2070 3200">
     <span class='ocr_line' id='line_1_37' title="bbox 634 3124 2070 3200; baseline 0.006 -21"><span class='ocrx_word' id='word_1_221' title='bbox 634 3124 925 3195; x_wconf 84' lang='lat' dir='ltr'><strong>Tegminis,</strong></span> <span class='ocrx_word' id='word_1_222' title='bbox 956 3125 1059 3193; x_wconf 84' lang='lat' dir='ltr'><strong>hoc</strong></span> <span class='ocrx_word' id='word_1_223' title='bbox 1088 3127 1269 3196; x_wconf 87' lang='lat' dir='ltr'><strong>patulo</strong></span> <span class='ocrx_word' id='word_1_224' title='bbox 1296 3129 1564 3183; x_wconf 91' lang='lat' dir='ltr'><strong>concludit</strong></span> <span class='ocrx_word' id='word_1_225' title='bbox 1594 3145 1802 3200; x_wconf 85' lang='lat' dir='ltr'><strong>gemma</strong></span> <span class='ocrx_word' id='word_1_226' title='bbox 1832 3146 2070 3189; x_wconf 90' lang='lat' dir='ltr'><strong>recessu.</strong></span> 
     </span>
    </p>
   </div>
   <div class='ocr_carea' id='block_1_38' title="bbox 636 3216 1843 3289">
    <p class='ocr_par' dir='ltr' id='par_1_38' title="bbox 636 3216 1843 3289">
     <span class='ocr_line' id='line_1_38' title="bbox 636 3216 1843 3289; baseline 0.003 -16"><span class='ocrx_word' id='word_1_227' title='bbox 636 3216 771 3274; x_wconf 84' lang='lat' dir='ltr'><strong>Hinc</strong></span> <span class='ocrx_word' id='word_1_228' title='bbox 801 3218 953 3274; x_wconf 83' lang='lat' dir='ltr'><strong>fulcit</strong></span> <span class='ocrx_word' id='word_1_229' title='bbox 974 3221 1165 3274; x_wconf 89' lang='lat' dir='ltr'><strong>rutilus</strong></span> <span class='ocrx_word' id='word_1_230' title='bbox 1185 3223 1423 3289; x_wconf 88' lang='lat' dir='ltr'><strong>spatioso</strong></span> <span class='ocrx_word' id='word_1_231' title='bbox 1449 3223 1629 3277; x_wconf 89' lang='lat' dir='ltr'><strong>circite</strong></span> <span class='ocrx_word' id='word_1_232' title='bbox 1654 3224 1843 3277; x_wconf 85' lang='lat' dir='ltr'><strong>laevum</strong></span> 
     </span>
    </p>
   </div>
   <div class='ocr_carea' id='block_1_39' title="bbox 637 3306 1927 3371">
    <p class='ocr_par' dir='ltr' id='par_1_39' title="bbox 637 3306 1927 3371">
     <span class='ocr_line' id='line_1_39' title="bbox 637 3306 1927 3371; baseline 0.005 -7"><span class='ocrx_word' id='word_1_233' title='bbox 637 3306 810 3365; x_wconf 87' lang='lat' dir='ltr'><strong>Umbo</strong></span> <span class='ocrx_word' id='word_1_234' title='bbox 834 3310 972 3365; x_wconf 82' lang='lat' dir='ltr'><strong>latus</strong></span> <span class='ocrx_word' id='word_1_235' title='bbox 996 3328 1009 3364; x_wconf 90' lang='lat'><strong>:</strong></span> <span class='ocrx_word' id='word_1_236' title='bbox 1034 3311 1219 3365; x_wconf 89' lang='lat' dir='ltr'><strong>videas</strong></span> <span class='ocrx_word' id='word_1_237' title='bbox 1248 3312 1333 3366; x_wconf 90' lang='lat' dir='ltr'><strong>hic</strong></span> <span class='ocrx_word' id='word_1_238' title='bbox 1360 3326 1540 3367; x_wconf 81' lang='lat' dir='ltr'><strong>crasso</strong></span> <span class='ocrx_word' id='word_1_239' title='bbox 1568 3313 1685 3368; x_wconf 87' lang='lat' dir='ltr'><strong>fusa</strong></span> <span class='ocrx_word' id='word_1_240' title='bbox 1713 3316 1927 3371; x_wconf 90' lang='lat' dir='ltr'><strong>metallo</strong></span> 
     </span>
    </p>
   </div>
   <div class='ocr_carea' id='block_1_40' title="bbox 638 3400 2132 3475">
    <p class='ocr_par' dir='ltr' id='par_1_40' title="bbox 638 3400 2132 3475">
     <span class='ocr_line' id='line_1_40' title="bbox 638 3400 2132 3475; baseline 0.005 -17"><span class='ocrx_word' id='word_1_241' title='bbox 638 3400 804 3458; x_wconf 79' lang='lat' dir='ltr'><strong>Antra</strong></span> <span class='ocrx_word' id='word_1_242' title='bbox 828 3402 1013 3469; x_wconf 81' lang='lat' dir='ltr'><strong>Rheae,</strong></span> <span class='ocrx_word' id='word_1_243' title='bbox 1040 3404 1309 3472; x_wconf 78' lang='lat' dir='ltr'><strong>fetamque</strong></span> <span class='ocrx_word' id='word_1_244' title='bbox 1338 3404 1539 3474; x_wconf 91' lang='lat' dir='ltr'><strong>lupam,</strong></span> <span class='ocrx_word' id='word_1_245' title='bbox 1570 3421 1728 3475; x_wconf 87' lang='lat' dir='ltr'><strong>quam</strong></span> <span class='ocrx_word' id='word_1_246' title='bbox 1758 3410 1908 3465; x_wconf 90' lang='lat' dir='ltr'><strong>fauce</strong></span> <span class='ocrx_word' id='word_1_247' title='bbox 1931 3416 2132 3466; x_wconf 87' lang='lat' dir='ltr'><strong>retecta</strong></span> 
     </span>
    </p>
   </div>
   <div class='ocr_carea' id='block_1_41' title="bbox 639 3492 2146 3568">
    <p class='ocr_par' dir='ltr' id='par_1_41' title="bbox 639 3492 2146 3568">
     <span class='ocr_line' id='line_1_41' title="bbox 639 3492 2146 3568; baseline 0.007 -21"><span class='ocrx_word' id='word_1_248' title='bbox 639 3492 880 3549; x_wconf 82' lang='lat' dir='ltr'><strong>Blandiri</strong></span> <span class='ocrx_word' id='word_1_249' title='bbox 907 3508 1119 3564; x_wconf 86' lang='lat' dir='ltr'><strong>quoque</strong></span> <span class='ocrx_word' id='word_1_250' title='bbox 1149 3502 1325 3549; x_wconf 87' lang='lat' dir='ltr'><strong>terror</strong></span> <span class='ocrx_word' id='word_1_251' title='bbox 1348 3502 1483 3561; x_wconf 90' lang='lat' dir='ltr'><strong>erat,</strong></span> <span class='ocrx_word' id='word_1_252' title='bbox 1515 3512 1817 3568; x_wconf 89' lang='lat' dir='ltr'><strong>quanquam</strong></span> <span class='ocrx_word' id='word_1_253' title='bbox 1845 3500 1933 3555; x_wconf 93' lang='lat' dir='ltr'><strong>illa</strong></span> <span class='ocrx_word' id='word_1_254' title='bbox 1955 3516 2146 3558; x_wconf 85' lang='lat' dir='ltr'><strong>vorare</strong></span> 
     </span>
    </p>
   </div>
   <div class='ocr_carea' id='block_1_42' title="bbox 622 3649 1375 3723">
    <p class='ocr_par' dir='ltr' id='par_1_42' title="bbox 622 3649 1375 3723">
     <span class='ocr_line' id='line_1_42' title="bbox 622 3649 1375 3723; baseline 0.005 -22"><span class='ocrx_word' id='word_1_255' title='bbox 622 3696 627 3701; x_wconf 90' lang='lat'><strong>.</strong></span> <span class='ocrx_word' id='word_1_256' title='bbox 709 3657 739 3689; x_wconf 71' lang='grc' dir='ltr'>ι</span> <span class='ocrx_word' id='word_1_257' title='bbox 765 3649 825 3706; x_wconf 76' lang='lat' dir='ltr'><strong>In</strong></span> <span class='ocrx_word' id='word_1_258' title='bbox 848 3650 1171 3723; x_wconf 84' lang='lat' dir='ltr'><strong>panegyrico</strong></span> <span class='ocrx_word' id='word_1_259' title='bbox 1195 3650 1336 3707; x_wconf 87' lang='lat' dir='ltr'><strong>Aviti</strong></span> <span class='ocrx_word' id='word_1_260' title='bbox 1362 3669 1375 3705; x_wconf 89' lang='lat'><strong>:</strong></span> 
     </span>
    </p>
   </div>
   <div class='ocr_carea' id='block_1_43' title="bbox 992 3745 1976 3802">
    <p class='ocr_par' dir='ltr' id='par_1_43' title="bbox 992 3745 1976 3802">
     <span class='ocr_line' id='line_1_43' title="bbox 992 3745 1976 3802; baseline 0.007 -7"><span class='ocrx_word' id='word_1_261' title='bbox 992 3745 1209 3795; x_wconf 88' lang='lat' dir='ltr'><strong>Emerita</strong></span> <span class='ocrx_word' id='word_1_262' title='bbox 1234 3747 1415 3795; x_wconf 86' lang='lat' dir='ltr'><strong>trabeis</strong></span> <span class='ocrx_word' id='word_1_263' title='bbox 1436 3746 1707 3801; x_wconf 81' lang='lat' dir='ltr'><strong>diademata</strong></span> <span class='ocrx_word' id='word_1_264' title='bbox 1729 3759 1976 3802; x_wconf 88' lang='lat' dir='ltr'><strong>crescunt.</strong></span> 
     </span>
    </p>
   </div>
   <div class='ocr_carea' id='block_1_44' title="bbox 641 3850 2219 3922">
    <p class='ocr_par' dir='ltr' id='par_1_44' title="bbox 641 3850 2219 3922">
     <span class='ocr_line' id='line_1_44' title="bbox 641 3850 2219 3922; baseline 0.004 -16"><span class='ocrx_word' id='word_1_265' title='bbox 641 3851 995 3921; x_wconf 82' lang='lat' dir='ltr'><strong>Imperatores</strong></span> <span class='ocrx_word' id='word_1_266' title='bbox 1026 3850 1190 3915; x_wconf 90' lang='lat' dir='ltr'><strong>enim,</strong></span> <span class='ocrx_word' id='word_1_267' title='bbox 1239 3865 1360 3905; x_wconf 92' lang='lat' dir='ltr'><strong>cum</strong></span> <span class='ocrx_word' id='word_1_268' title='bbox 1400 3858 1624 3907; x_wconf 73' lang='lat' dir='ltr'><strong>caeteras</strong></span> <span class='ocrx_word' id='word_1_269' title='bbox 1664 3854 1947 3922; x_wconf 79' lang='lat' dir='ltr'><strong>dignitates</strong></span> <span class='ocrx_word' id='word_1_270' title='bbox 1996 3855 2129 3910; x_wconf 89' lang='lat' dir='ltr'><strong>infra</strong></span> <span class='ocrx_word' id='word_1_271' title='bbox 2161 3871 2219 3912; x_wconf 91' lang='lat' dir='ltr'><strong>se</strong></span> 
     </span>
    </p>
   </div>
   <div class='ocr_carea' id='block_1_45' title="bbox 642 3922 2217 3984">
    <p class='ocr_par' dir='ltr' id='par_1_45' title="bbox 642 3922 2217 3984">
     <span class='ocr_line' id='line_1_45' title="bbox 642 3922 2217 3984; baseline 0.003 -7"><span class='ocrx_word' id='word_1_272' title='bbox 642 3922 920 3984; x_wconf 86' lang='lat' dir='ltr'><strong>ducerent,</strong></span> <span class='ocrx_word' id='word_1_273' title='bbox 952 3923 1263 3975; x_wconf 85' lang='lat' dir='ltr'><strong>consulatus</strong></span> <span class='ocrx_word' id='word_1_274' title='bbox 1292 3931 1466 3976; x_wconf 86' lang='lat' dir='ltr'><strong>tamen</strong></span> <span class='ocrx_word' id='word_1_275' title='bbox 1498 3922 1690 3977; x_wconf 81' lang='lat' dir='ltr'><strong>infulas</strong></span> <span class='ocrx_word' id='word_1_276' title='bbox 1721 3942 1823 3978; x_wconf 85' lang='lat' dir='ltr'><strong>non</strong></span> <span class='ocrx_word' id='word_1_277' title='bbox 1852 3928 2021 3979; x_wconf 81' lang='lat' dir='ltr'><strong>solum</strong></span> <span class='ocrx_word' id='word_1_278' title='bbox 2052 3926 2217 3981; x_wconf 81' lang='lat' dir='ltr'><strong>fortu-</strong></span> 
     </span>
    </p>
   </div>
   <div class='ocr_carea' id='block_1_46' title="bbox 641 3993 2215 4063">
    <p class='ocr_par' dir='ltr' id='par_1_46' title="bbox 641 3993 2215 4063">
     <span class='ocr_line' id='line_1_46' title="bbox 641 3993 2215 4063; baseline 0.004 -18"><span class='ocrx_word' id='word_1_279' title='bbox 641 4008 725 4063; x_wconf 73' lang='lat' dir='ltr'><strong>nae</strong></span> <span class='ocrx_word' id='word_1_280' title='bbox 757 4006 868 4045; x_wconf 72' lang='lat' dir='ltr'><strong>suze</strong></span> <span class='ocrx_word' id='word_1_281' title='bbox 910 4006 1223 4059; x_wconf 75' lang='lat' dir='ltr'><strong>congruere,</strong></span> <span class='ocrx_word' id='word_1_282' title='bbox 1274 3993 1363 4063; x_wconf 81' lang='lat' dir='ltr'><strong>sed</strong></span> <span class='ocrx_word' id='word_1_283' title='bbox 1397 3994 1596 4063; x_wconf 88' lang='lat' dir='ltr'><strong>nomini</strong></span> <span class='ocrx_word' id='word_1_284' title='bbox 1627 4010 1837 4063; x_wconf 88' lang='lat' dir='ltr'><strong>quoque</strong></span> <span class='ocrx_word' id='word_1_285' title='bbox 1869 3998 2129 4061; x_wconf 71' lang='lat' dir='ltr'><strong>Augusto,</strong></span> <span class='ocrx_word' id='word_1_286' title='bbox 2164 4007 2215 4051; x_wconf 90' lang='lat' dir='ltr'><strong>ut</strong></span> 
     </span>
    </p>
   </div>
   <div class='ocr_carea' id='block_1_47' title="bbox 645 4062 2217 4135">
    <p class='ocr_par' dir='ltr' id='par_1_47' title="bbox 645 4062 2217 4135">
     <span class='ocr_line' id='line_1_47' title="bbox 645 4062 2217 4135; baseline 0.004 -20"><span class='ocrx_word' id='word_1_287' title='bbox 645 4062 1040 4135; x_wconf 74' lang='lat' dir='ltr'><strong>Valentinianus</strong></span> <span class='ocrx_word' id='word_1_288' title='bbox 1058 4062 1109 4115; x_wconf 91' lang='lat' dir='ltr'><strong>in</strong></span> <span class='ocrx_word' id='word_1_289' title='bbox 1129 4062 1424 4135; x_wconf 73' lang='lat' dir='ltr'><strong>Novellaad</strong></span> <span class='ocrx_word' id='word_1_290' title='bbox 1449 4064 1753 4135; x_wconf 81' lang='lat' dir='ltr'><strong>Spdratium</strong></span> <span class='ocrx_word' id='word_1_291' title='bbox 1782 4068 2031 4135; x_wconf 89' lang='lat' dir='ltr'><strong>loquitur,</strong></span> <span class='ocrx_word' id='word_1_292' title='bbox 2054 4068 2217 4121; x_wconf 79' lang='lat' dir='ltr'><strong>decus</strong></span> 
     </span>
    </p>
   </div>
   <div class='ocr_carea' id='block_1_48' title="bbox 645 4131 2217 4192">
    <p class='ocr_par' dir='ltr' id='par_1_48' title="bbox 645 4131 2217 4192">
     <span class='ocr_line' id='line_1_48' title="bbox 645 4131 2217 4192; baseline 0.004 -7"><span class='ocrx_word' id='word_1_293' title='bbox 645 4131 843 4185; x_wconf 87' lang='lat' dir='ltr'><strong>addere</strong></span> <span class='ocrx_word' id='word_1_294' title='bbox 871 4131 1257 4186; x_wconf 84' lang='lat' dir='ltr'><strong>existimarunt.</strong></span> <span class='ocrx_word' id='word_1_295' title='bbox 1306 4131 1428 4186; x_wconf 89' lang='lat' dir='ltr'><strong>Ideo</strong></span> <span class='ocrx_word' id='word_1_296' title='bbox 1474 4134 1611 4187; x_wconf 89' lang='lat' dir='ltr'><strong>hunc</strong></span> <span class='ocrx_word' id='word_1_297' title='bbox 1656 4131 1935 4191; x_wconf 40' lang='lat' dir='ltr'><strong>solum—ex</strong></span> <span class='ocrx_word' id='word_1_298' title='bbox 1971 4138 2217 4192; x_wconf 86' lang='lat' dir='ltr'><strong>omnibus</strong></span> 
     </span>
    </p>
   </div>
   <div class='ocr_carea' id='block_1_49' title="bbox 645 4201 1861 4271">
    <p class='ocr_par' dir='ltr' id='par_1_49' title="bbox 645 4201 1861 4271">
     <span class='ocr_line' id='line_1_49' title="bbox 645 4201 1861 4271; baseline 0 -14"><span class='ocrx_word' id='word_1_299' title='bbox 645 4201 1004 4257; x_wconf 68' lang='lat' dir='ltr'><strong>assumebaut.</strong></span> <span class='ocrx_word' id='word_1_300' title='bbox 1031 4201 1351 4255; x_wconf 83' lang='lat' dir='ltr'><strong>Claudianus</strong></span> <span class='ocrx_word' id='word_1_301' title='bbox 1378 4201 1431 4255; x_wconf 92' lang='lat' dir='ltr'><strong>in</strong></span> <span class='ocrx_word' id='word_1_302' title='bbox 1460 4204 1766 4271; x_wconf 86' lang='lat' dir='ltr'><strong>Eutropium</strong></span> <span class='ocrx_word' id='word_1_303' title='bbox 1792 4208 1814 4259; x_wconf 81' lang='lat' dir='ltr'><strong>I</strong></span> <span class='ocrx_word' id='word_1_304' title='bbox 1850 4224 1861 4257; x_wconf 91' lang='lat'>:</span> 
     </span>
    </p>
   </div>
   <div class='ocr_carea' id='block_1_50' title="bbox 696 4335 1778 4398">
    <p class='ocr_par' dir='ltr' id='par_1_50' title="bbox 696 4335 1778 4398">
     <span class='ocr_line' id='line_1_50' title="bbox 696 4335 1778 4398; baseline 0 -11"><span class='ocrx_word' id='word_1_305' title='bbox 696 4384 697 4387; x_wconf 45' lang='grc' dir='ltr'><strong>η</strong></span> <span class='ocrx_word' id='word_1_306' title='bbox 781 4393 793 4398; x_wconf 79' lang='lat'>_</span> <span class='ocrx_word' id='word_1_307' title='bbox 843 4392 857 4398; x_wconf 93' lang='lat'><em>_</em></span> <span class='ocrx_word' id='word_1_308' title='bbox 1026 4397 1032 4398; x_wconf 17' lang='grc' dir='ltr'>ί</span> <span class='ocrx_word' id='word_1_309' title='bbox 1260 4335 1402 4386; x_wconf 83' lang='lat' dir='ltr'><strong>Hunc</strong></span> <span class='ocrx_word' id='word_1_310' title='bbox 1424 4338 1778 4398; x_wconf 33' lang='lat' dir='ltr'><strong>accipitunum‘</strong></span> 
     </span>
    </p>
   </div>
   <div class='ocr_carea' id='block_1_51' title="bbox 765 4392 2011 4462">
    <p class='ocr_par' dir='ltr' id='par_1_51' title="bbox 765 4392 2011 4462">
     <span class='ocr_line' id='line_1_51' title="bbox 765 4392 2011 4462; baseline 0.009 -22"><span class='ocrx_word' id='word_1_311' title='bbox 765 4392 888 4462; x_wconf 79' lang='lat' dir='ltr'><strong>_A_ula</strong></span> <span class='ocrx_word' id='word_1_312' title='bbox 908 4397 1244 4462; x_wconf 75' lang='lat' dir='ltr'><strong>magistratum</strong></span> <span class='ocrx_word' id='word_1_313' title='bbox 1272 4411 1284 4443; x_wconf 92' lang='lat'><strong>:</strong></span> <span class='ocrx_word' id='word_1_314' title='bbox 1312 4399 1448 4447; x_wconf 87' lang='lat' dir='ltr'><strong>vobis</strong></span> <span class='ocrx_word' id='word_1_315' title='bbox 1468 4392 1785 4462; x_wconf 73' lang='lat' dir='ltr'><strong>patribusque</strong></span> <span class='ocrx_word' id='word_1_316' title='bbox 1800 4402 2011 4451; x_wconf 90' lang='lat' dir='ltr'><strong>recurrit</strong></span> 
     </span>
    </p>
   </div>
   <div class='ocr_carea' id='block_1_52' title="bbox 764 4454 1297 4509">
    <p class='ocr_par' dir='ltr' id='par_1_52' title="bbox 764 4454 1297 4509">
     <span class='ocr_line' id='line_1_52' title="bbox 764 4454 1297 4509; baseline 0.006 -6"><span class='ocrx_word' id='word_1_317' title='bbox 764 4455 861 4504; x_wconf 82' lang='lat' dir='ltr'><strong>Hic</strong></span> <span class='ocrx_word' id='word_1_318' title='bbox 882 4454 1100 4506; x_wconf 79' lang='lat' dir='ltr'><strong>alternus</strong></span> <span class='ocrx_word' id='word_1_319' title='bbox 1126 4458 1297 4509; x_wconf 89' lang='lat' dir='ltr'><strong>honos.</strong></span> 
     </span>
    </p>
   </div>
   <div class='ocr_carea' id='block_1_53' title="bbox 2300 986 3693 1072">
    <p class='ocr_par' dir='ltr' id='par_1_53' title="bbox 2300 986 3693 1072">
     <span class='ocr_line' id='line_1_53' title="bbox 2300 986 3693 1072; baseline -0.004 -15"><span class='ocrx_word' id='word_1_320' title='bbox 2300 1004 2401 1057; x_wconf 91' lang='lat' dir='ltr'><strong>Ista</strong></span> <span class='ocrx_word' id='word_1_321' title='bbox 2432 1002 2629 1057; x_wconf 90' lang='lat' dir='ltr'><strong>micant</strong></span> <span class='ocrx_word' id='word_1_322' title='bbox 2650 1003 2835 1072; x_wconf 84' lang='lat' dir='ltr'><strong>clypeo</strong></span> <span class='ocrx_word' id='word_1_323' title='bbox 2857 1020 2870 1068; x_wconf 88' lang='lat'><strong>;</strong></span> <span class='ocrx_word' id='word_1_324' title='bbox 2896 986 3073 1069; x_wconf 75' lang='lat' dir='ltr'><strong>cuspis</strong></span> <span class='ocrx_word' id='word_1_325' title='bbox 3100 1001 3249 1055; x_wconf 90' lang='lat' dir='ltr'><strong>trabe</strong></span> <span class='ocrx_word' id='word_1_326' title='bbox 3280 1000 3449 1070; x_wconf 78' lang='lat' dir='ltr'><strong>surgit</strong></span> <span class='ocrx_word' id='word_1_327' title='bbox 3471 999 3693 1067; x_wconf 87' lang='lat' dir='ltr'><strong>eburna,</strong></span> 
     </span>
    </p>
   </div>
   <div class='ocr_carea' id='block_1_54' title="bbox 2304 1092 3676 1163">
    <p class='ocr_par' dir='ltr' id='par_1_54' title="bbox 2304 1092 3676 1163">
     <span class='ocr_line' id='line_1_54' title="bbox 2304 1092 3676 1163; baseline -0.004 -12"><span class='ocrx_word' id='word_1_328' title='bbox 2304 1096 2463 1151; x_wconf 87' lang='lat' dir='ltr'><strong>Ebria</strong></span> <span class='ocrx_word' id='word_1_329' title='bbox 2495 1096 2638 1150; x_wconf 74' lang='lat' dir='ltr'><strong>crede</strong></span> <span class='ocrx_word' id='word_1_330' title='bbox 2663 1098 2834 1149; x_wconf 88' lang='lat' dir='ltr'><strong>virum</strong></span> <span class='ocrx_word' id='word_1_331' title='bbox 2864 1112 2877 1149; x_wconf 91' lang='lat'><strong>:</strong></span> <span class='ocrx_word' id='word_1_332' title='bbox 2902 1101 3118 1163; x_wconf 87' lang='lat' dir='ltr'><strong>propter</strong></span> <span class='ocrx_word' id='word_1_333' title='bbox 3158 1092 3382 1147; x_wconf 87' lang='lat' dir='ltr'><strong>Berlona</strong></span> <span class='ocrx_word' id='word_1_334' title='bbox 3416 1101 3676 1161; x_wconf 83' lang='lat' dir='ltr'><strong>tropaeum</strong></span> 
     </span>
    </p>
   </div>
   <div class='ocr_carea' id='block_1_55' title="bbox 2304 1184 3666 1256">
    <p class='ocr_par' dir='ltr' id='par_1_55' title="bbox 2304 1184 3666 1256">
     <span class='ocr_line' id='line_1_55' title="bbox 2304 1184 3666 1256; baseline -0.004 -13"><span class='ocrx_word' id='word_1_335' title='bbox 2304 1188 2557 1253; x_wconf 85' lang='lat' dir='ltr'><strong>Exstruit,</strong></span> <span class='ocrx_word' id='word_1_336' title='bbox 2596 1196 2647 1241; x_wconf 88' lang='lat' dir='ltr'><strong>et</strong></span> <span class='ocrx_word' id='word_1_337' title='bbox 2674 1201 2929 1256; x_wconf 89' lang='lat' dir='ltr'><strong>quercum</strong></span> <span class='ocrx_word' id='word_1_338' title='bbox 2958 1184 3166 1255; x_wconf 88' lang='lat' dir='ltr'><strong>captivo</strong></span> <span class='ocrx_word' id='word_1_339' title='bbox 3194 1184 3429 1254; x_wconf 90' lang='lat' dir='ltr'><strong>pondere</strong></span> <span class='ocrx_word' id='word_1_340' title='bbox 3456 1192 3666 1239; x_wconf 80' lang='lat' dir='ltr'><strong>curvat.</strong></span> 
     </span>
    </p>
   </div>
   <div class='ocr_carea' id='block_1_56' title="bbox 2300 1278 3539 1352">
    <p class='ocr_par' dir='ltr' id='par_1_56' title="bbox 2300 1278 3539 1352">
     <span class='ocr_line' id='line_1_56' title="bbox 2300 1278 3539 1352; baseline -0.005 -15"><span class='ocrx_word' id='word_1_341' title='bbox 2300 1282 2587 1352; x_wconf 81' lang='lat' dir='ltr'><strong>Consurgit</strong></span> <span class='ocrx_word' id='word_1_342' title='bbox 2615 1281 2806 1336; x_wconf 91' lang='lat' dir='ltr'><strong>solium</strong></span> <span class='ocrx_word' id='word_1_343' title='bbox 2837 1280 3000 1346; x_wconf 78' lang='lat' dir='ltr'><strong>saxis,</strong></span> <span class='ocrx_word' id='word_1_344' title='bbox 3030 1293 3147 1350; x_wconf 89' lang='lat' dir='ltr'><strong>quae</strong></span> <span class='ocrx_word' id='word_1_345' title='bbox 3173 1294 3307 1333; x_wconf 68' lang='lat' dir='ltr'><strong>ca&#39;sa</strong></span> <span class='ocrx_word' id='word_1_346' title='bbox 3330 1278 3539 1332; x_wconf 90' lang='lat' dir='ltr'><strong>rubenti</strong></span> 
     </span>
    </p>
   </div>
   <div class='ocr_carea' id='block_1_57' title="bbox 2304 1369 3739 1443">
    <p class='ocr_par' dir='ltr' id='par_1_57' title="bbox 2304 1369 3739 1443">
     <span class='ocr_line' id='line_1_57' title="bbox 2304 1369 3739 1443; baseline -0.003 -14"><span class='ocrx_word' id='word_1_347' title='bbox 2304 1373 2608 1443; x_wconf 66' lang='lat' dir='ltr'><strong>Ethiopum</strong></span> <span class='ocrx_word' id='word_1_348' title='bbox 2638 1373 2704 1428; x_wconf 89' lang='lat' dir='ltr'><strong>de</strong></span> <span class='ocrx_word' id='word_1_349' title='bbox 2726 1380 2908 1427; x_wconf 90' lang='lat' dir='ltr'><strong>monte</strong></span> <span class='ocrx_word' id='word_1_350' title='bbox 2938 1372 3151 1437; x_wconf 88' lang='lat' dir='ltr'><strong>cadunt,</strong></span> <span class='ocrx_word' id='word_1_351' title='bbox 3183 1371 3271 1425; x_wconf 91' lang='lat' dir='ltr'><strong>ubi</strong></span> <span class='ocrx_word' id='word_1_352' title='bbox 3297 1370 3409 1425; x_wconf 86' lang='lat' dir='ltr'><strong>sole</strong></span> <span class='ocrx_word' id='word_1_353' title='bbox 3441 1369 3739 1441; x_wconf 87' lang='lat' dir='ltr'><strong>propinquo</strong></span> 
     </span>
    </p>
   </div>
   <div class='ocr_carea' id='block_1_58' title="bbox 2308 1467 3426 1536">
    <p class='ocr_par' dir='ltr' id='par_1_58' title="bbox 2308 1467 3426 1536">
     <span class='ocr_line' id='line_1_58' title="bbox 2308 1467 3426 1536; baseline -0.006 -12"><span class='ocrx_word' id='word_1_354' title='bbox 2308 1470 2490 1524; x_wconf 82' lang='lat' dir='ltr'><strong>Nativa</strong></span> <span class='ocrx_word' id='word_1_355' title='bbox 2514 1477 2728 1524; x_wconf 78' lang='lat' dir='ltr'><strong>exustas</strong></span> <span class='ocrx_word' id='word_1_356' title='bbox 2755 1467 2955 1521; x_wconf 80' lang='lat' dir='ltr'><strong>afﬂavit</strong></span> <span class='ocrx_word' id='word_1_357' title='bbox 2984 1480 3214 1536; x_wconf 88' lang='lat' dir='ltr'><strong>purpura</strong></span> <span class='ocrx_word' id='word_1_358' title='bbox 3248 1480 3426 1533; x_wconf 86' lang='lat' dir='ltr'><strong>rupes.</strong></span> 
     </span>
    </p>
   </div>
   <div class='ocr_carea' id='block_1_59' title="bbox 2304 1554 3800 1633">
    <p class='ocr_par' dir='ltr' id='par_1_59' title="bbox 2304 1554 3800 1633">
     <span class='ocr_line' id='line_1_59' title="bbox 2304 1554 3800 1633; baseline -0.008 -13"><span class='ocrx_word' id='word_1_359' title='bbox 2304 1562 2552 1633; x_wconf 84' lang='lat' dir='ltr'><strong>Jungitur</strong></span> <span class='ocrx_word' id='word_1_360' title='bbox 2572 1560 2661 1615; x_wconf 87' lang='lat' dir='ltr'><strong>hic</strong></span> <span class='ocrx_word' id='word_1_361' title='bbox 2686 1560 2900 1625; x_wconf 88' lang='lat' dir='ltr'><strong>Sinnas,</strong></span> <span class='ocrx_word' id='word_1_362' title='bbox 2924 1558 3224 1612; x_wconf 83' lang='lat' dir='ltr'><strong>Nomadum</strong></span> <span class='ocrx_word' id='word_1_363' title='bbox 3256 1557 3388 1626; x_wconf 83' lang='lat' dir='ltr'><strong>lapis</strong></span> <span class='ocrx_word' id='word_1_364' title='bbox 3419 1554 3632 1611; x_wconf 84' lang='lat' dir='ltr'><strong>additur</strong></span> <span class='ocrx_word' id='word_1_365' title='bbox 3658 1554 3800 1610; x_wconf 84' lang='lat' dir='ltr'><strong>isthic</strong></span> 
     </span>
    </p>
   </div>
   <div class='ocr_carea' id='block_1_60' title="bbox 2308 1651 3713 1727">
    <p class='ocr_par' dir='ltr' id='par_1_60' title="bbox 2308 1651 3713 1727">
     <span class='ocr_line' id='line_1_60' title="bbox 2308 1651 3713 1727; baseline -0.006 -16"><span class='ocrx_word' id='word_1_366' title='bbox 2308 1656 2595 1727; x_wconf 87' lang='lat' dir='ltr'><strong>Antiquum</strong></span> <span class='ocrx_word' id='word_1_367' title='bbox 2626 1654 2880 1709; x_wconf 90' lang='lat' dir='ltr'><strong>mentitus</strong></span> <span class='ocrx_word' id='word_1_368' title='bbox 2912 1653 3082 1708; x_wconf 80' lang='lat' dir='ltr'><strong>ebur:</strong></span> <span class='ocrx_word' id='word_1_369' title='bbox 3118 1660 3238 1723; x_wconf 91' lang='lat' dir='ltr'><strong>post</strong></span> <span class='ocrx_word' id='word_1_370' title='bbox 3264 1661 3415 1707; x_wconf 91' lang='lat' dir='ltr'><strong>caute</strong></span> <span class='ocrx_word' id='word_1_371' title='bbox 3444 1651 3713 1706; x_wconf 86' lang='lat' dir='ltr'><strong>Laconum</strong></span> 
     </span>
    </p>
   </div>
   <div class='ocr_carea' id='block_1_61' title="bbox 2234 1744 3548 1806">
    <p class='ocr_par' dir='ltr' id='par_1_61' title="bbox 2234 1744 3548 1806">
     <span class='ocr_line' id='line_1_61' title="bbox 2234 1744 3548 1806; baseline -0.006 1"><span class='ocrx_word' id='word_1_372' title='bbox 2234 1790 2239 1799; x_wconf 69' lang='grc' dir='ltr'><strong><em>ι</em></strong></span> <span class='ocrx_word' id='word_1_373' title='bbox 2306 1749 2582 1806; x_wconf 85' lang='lat' dir='ltr'><strong>Marmoris</strong></span> <span class='ocrx_word' id='word_1_374' title='bbox 2611 1748 2825 1803; x_wconf 89' lang='lat' dir='ltr'><strong>herbosi</strong></span> <span class='ocrx_word' id='word_1_375' title='bbox 2856 1747 3070 1802; x_wconf 86' lang='lat' dir='ltr'><strong>radians</strong></span> <span class='ocrx_word' id='word_1_376' title='bbox 3093 1746 3369 1801; x_wconf 89' lang='lat' dir='ltr'><strong>interviret</strong></span> <span class='ocrx_word' id='word_1_377' title='bbox 3393 1744 3548 1800; x_wconf 92' lang='lat' dir='ltr'><strong>ordo.</strong></span> 
     </span>
    </p>
   </div>
   <div class='ocr_carea' id='block_1_62' title="bbox 2230 1835 3739 1912">
    <p class='ocr_par' dir='ltr' id='par_1_62' title="bbox 2230 1835 3739 1912">
     <span class='ocr_line' id='line_1_62' title="bbox 2230 1835 3739 1912; baseline -0.004 -17"><span class='ocrx_word' id='word_1_378' title='bbox 2230 1835 2277 1895; x_wconf 85' lang='grc' dir='ltr'><strong>Β</strong></span> <span class='ocrx_word' id='word_1_379' title='bbox 2376 1841 2516 1912; x_wconf 80' lang='lat' dir='ltr'><strong>Ergo</strong></span> <span class='ocrx_word' id='word_1_380' title='bbox 2545 1848 2603 1895; x_wconf 88' lang='lat' dir='ltr'><strong>ut</strong></span> <span class='ocrx_word' id='word_1_381' title='bbox 2624 1855 2682 1895; x_wconf 91' lang='lat' dir='ltr'><strong>se</strong></span> <span class='ocrx_word' id='word_1_382' title='bbox 2708 1839 2937 1894; x_wconf 91' lang='lat' dir='ltr'><strong>mediam</strong></span> <span class='ocrx_word' id='word_1_383' title='bbox 2964 1838 3105 1903; x_wconf 35' lang='lat' dir='ltr'><strong>solio.</strong></span> <span class='ocrx_word' id='word_1_384' title='bbox 3129 1836 3295 1902; x_wconf 88' lang='lat' dir='ltr'><strong>dedit,</strong></span> <span class='ocrx_word' id='word_1_385' title='bbox 3327 1837 3541 1891; x_wconf 86' lang='lat' dir='ltr'><strong>advolat</strong></span> <span class='ocrx_word' id='word_1_386' title='bbox 3569 1837 3739 1891; x_wconf 90' lang='lat' dir='ltr'><strong>omnis</strong></span> 
     </span>
    </p>
   </div>
   <div class='ocr_carea' id='block_1_63' title="bbox 2308 1928 3754 2001">
    <p class='ocr_par' dir='ltr' id='par_1_63' title="bbox 2308 1928 3754 2001">
     <span class='ocr_line' id='line_1_63' title="bbox 2308 1928 3754 2001; baseline -0.006 -11"><span class='ocrx_word' id='word_1_387' title='bbox 2308 1935 2473 1990; x_wconf 83' lang='lat' dir='ltr'><strong>Terra</strong></span> <span class='ocrx_word' id='word_1_388' title='bbox 2502 1932 2693 1998; x_wconf 92' lang='lat' dir='ltr'><strong>simul;</strong></span> <span class='ocrx_word' id='word_1_389' title='bbox 2720 1942 2830 1986; x_wconf 91' lang='lat' dir='ltr'><strong>tum</strong></span> <span class='ocrx_word' id='word_1_390' title='bbox 2863 1945 3084 2001; x_wconf 79' lang='lat' dir='ltr'><strong>quaeque</strong></span> <span class='ocrx_word' id='word_1_391' title='bbox 3113 1945 3238 1983; x_wconf 92' lang='lat' dir='ltr'><strong>suos</strong></span> <span class='ocrx_word' id='word_1_392' title='bbox 3261 1929 3534 1999; x_wconf 86' lang='lat' dir='ltr'><strong>provincia</strong></span> <span class='ocrx_word' id='word_1_393' title='bbox 3560 1928 3754 1981; x_wconf 78' lang='lat' dir='ltr'><strong>fructus</strong></span> 
     </span>
    </p>
   </div>
   <div class='ocr_carea' id='block_1_64' title="bbox 2308 2018 3853 2096">
    <p class='ocr_par' dir='ltr' id='par_1_64' title="bbox 2308 2018 3853 2096">
     <span class='ocr_line' id='line_1_64' title="bbox 2308 2018 3853 2096; baseline -0.008 -14"><span class='ocrx_word' id='word_1_394' title='bbox 2308 2025 2469 2096; x_wconf 83' lang='lat'><strong>310</strong></span> <span class='ocrx_word' id='word_1_395' title='bbox 2499 2022 2790 2093; x_wconf 81' lang='lat' dir='ltr'><strong>Exposuit:</strong></span> <span class='ocrx_word' id='word_1_396' title='bbox 2814 2021 2915 2076; x_wconf 83' lang='lat' dir='ltr'><strong>fert</strong></span> <span class='ocrx_word' id='word_1_397' title='bbox 2936 2020 3094 2075; x_wconf 89' lang='lat' dir='ltr'><strong>ludus</strong></span> <span class='ocrx_word' id='word_1_398' title='bbox 3118 2020 3269 2085; x_wconf 92' lang='lat' dir='ltr'><strong>ebur,</strong></span> <span class='ocrx_word' id='word_1_399' title='bbox 3286 2018 3572 2073; x_wconf 86' lang='lat' dir='ltr'><strong>Chaldaeus</strong></span> <span class='ocrx_word' id='word_1_400' title='bbox 3595 2030 3853 2085; x_wconf 72' lang='lat' dir='ltr'><strong>amomum,</strong></span> 
     </span>
    </p>
   </div>
   <div class='ocr_carea' id='block_1_65' title="bbox 2309 2110 3683 2188">
    <p class='ocr_par' dir='ltr' id='par_1_65' title="bbox 2309 2110 3683 2188">
     <span class='ocr_line' id='line_1_65' title="bbox 2309 2110 3683 2188; baseline -0.007 -15"><span class='ocrx_word' id='word_1_401' title='bbox 2309 2117 2559 2188; x_wconf 81' lang='lat' dir='ltr'><strong>Assyrius</strong></span> <span class='ocrx_word' id='word_1_402' title='bbox 2586 2128 2845 2186; x_wconf 81' lang='lat' dir='ltr'><strong>gemmas,</strong></span> <span class='ocrx_word' id='word_1_403' title='bbox 2880 2114 2978 2169; x_wconf 89' lang='lat' dir='ltr'><strong>Ser</strong></span> <span class='ocrx_word' id='word_1_404' title='bbox 3007 2113 3229 2176; x_wconf 85' lang='lat' dir='ltr'><strong>vellera,</strong></span> <span class='ocrx_word' id='word_1_405' title='bbox 3263 2111 3415 2165; x_wconf 89' lang='lat' dir='ltr'><strong>thura</strong></span> <span class='ocrx_word' id='word_1_406' title='bbox 3440 2110 3683 2175; x_wconf 67' lang='lat' dir='ltr'><strong>Sabaeus,</strong></span> 
     </span>
    </p>
   </div>
   <div class='ocr_carea' id='block_1_66' title="bbox 2312 2204 3771 2276">
    <p class='ocr_par' dir='ltr' id='par_1_66' title="bbox 2312 2204 3771 2276">
     <span class='ocr_line' id='line_1_66' title="bbox 2312 2204 3771 2276; baseline -0.008 -9"><span class='ocrx_word' id='word_1_407' title='bbox 2312 2211 2488 2267; x_wconf 86' lang='lat' dir='ltr'><strong>Atthis</strong></span> <span class='ocrx_word' id='word_1_408' title='bbox 2519 2211 2647 2275; x_wconf 87' lang='lat' dir='ltr'><strong>mel,</strong></span> <span class='ocrx_word' id='word_1_409' title='bbox 2677 2208 2898 2264; x_wconf 81' lang='lat' dir='ltr'><strong>Phoenix</strong></span> <span class='ocrx_word' id='word_1_410' title='bbox 2927 2208 3155 2276; x_wconf 86' lang='lat' dir='ltr'><strong>palmas,</strong></span> <span class='ocrx_word' id='word_1_411' title='bbox 3183 2204 3532 2259; x_wconf 63' lang='lat' dir='ltr'><strong>Lacedaemon</strong></span> <span class='ocrx_word' id='word_1_412' title='bbox 3560 2204 3771 2270; x_wconf 87' lang='lat' dir='ltr'><strong>olivum,</strong></span> 
     </span>
    </p>
   </div>
   <div class='ocr_carea' id='block_1_67' title="bbox 2316 2296 3697 2371">
    <p class='ocr_par' dir='ltr' id='par_1_67' title="bbox 2316 2296 3697 2371">
     <span class='ocr_line' id='line_1_67' title="bbox 2316 2296 3697 2371; baseline -0.006 -14"><span class='ocrx_word' id='word_1_413' title='bbox 2316 2314 2337 2342; x_wconf 79' lang='grc' dir='ltr'><strong>ο</strong></span> <span class='ocrx_word' id='word_1_414' title='bbox 2363 2303 2529 2357; x_wconf 86' lang='lat' dir='ltr'><strong>Arcas</strong></span> <span class='ocrx_word' id='word_1_415' title='bbox 2559 2317 2746 2371; x_wconf 89' lang='lat' dir='ltr'><strong>equos,</strong></span> <span class='ocrx_word' id='word_1_416' title='bbox 2779 2300 2970 2370; x_wconf 89' lang='lat' dir='ltr'><strong>Epirus</strong></span> <span class='ocrx_word' id='word_1_417' title='bbox 3000 2313 3184 2368; x_wconf 91' lang='lat' dir='ltr'><strong>equas,</strong></span> <span class='ocrx_word' id='word_1_418' title='bbox 3220 2298 3464 2366; x_wconf 88' lang='lat' dir='ltr'><strong>pecuaria</strong></span> <span class='ocrx_word' id='word_1_419' title='bbox 3494 2296 3697 2361; x_wconf 87' lang='lat' dir='ltr'><strong>Gallus,</strong></span> 
     </span>
    </p>
   </div>
   <div class='ocr_carea' id='block_1_68' title="bbox 2312 2385 3851 2465">
    <p class='ocr_par' dir='ltr' id='par_1_68' title="bbox 2312 2385 3851 2465">
     <span class='ocr_line' id='line_1_68' title="bbox 2312 2385 3851 2465; baseline -0.008 -15"><span class='ocrx_word' id='word_1_420' title='bbox 2312 2396 2473 2449; x_wconf 83' lang='lat' dir='ltr'><strong>Arma</strong></span> <span class='ocrx_word' id='word_1_421' title='bbox 2501 2392 2755 2465; x_wconf 82' lang='lat' dir='ltr'><strong>Chalybs,</strong></span> <span class='ocrx_word' id='word_1_422' title='bbox 2780 2392 3039 2445; x_wconf 86' lang='lat' dir='ltr'><strong>frumenta</strong></span> <span class='ocrx_word' id='word_1_423' title='bbox 3072 2390 3254 2460; x_wconf 84' lang='lat' dir='ltr'><strong>Libys,</strong></span> <span class='ocrx_word' id='word_1_424' title='bbox 3285 2387 3590 2458; x_wconf 89' lang='lat' dir='ltr'><strong>Campanus</strong></span> <span class='ocrx_word' id='word_1_425' title='bbox 3616 2385 3851 2452; x_wconf 83' lang='lat' dir='ltr'><strong>Iacchum,</strong></span> 
     </span>
    </p>
   </div>
   <div class='ocr_carea' id='block_1_69' title="bbox 2316 2478 3799 2557">
    <p class='ocr_par' dir='ltr' id='par_1_69' title="bbox 2316 2478 3799 2557">
     <span class='ocr_line' id='line_1_69' title="bbox 2316 2478 3799 2557; baseline -0.009 -13"><span class='ocrx_word' id='word_1_426' title='bbox 2316 2492 2514 2544; x_wconf 88' lang='lat' dir='ltr'><strong>Aurum</strong></span> <span class='ocrx_word' id='word_1_427' title='bbox 2548 2487 2744 2557; x_wconf 82' lang='lat' dir='ltr'><strong>Lydus,</strong></span> <span class='ocrx_word' id='word_1_428' title='bbox 2778 2483 2950 2539; x_wconf 83' lang='lat' dir='ltr'><strong>Arabs</strong></span> <span class='ocrx_word' id='word_1_429' title='bbox 2970 2485 3196 2553; x_wconf 80' lang='lat' dir='ltr'><strong>guttam,</strong></span> <span class='ocrx_word' id='word_1_430' title='bbox 3228 2480 3491 2534; x_wconf 88' lang='lat' dir='ltr'><strong>Panchaia</strong></span> <span class='ocrx_word' id='word_1_431' title='bbox 3522 2478 3799 2549; x_wconf 83' lang='lat' dir='ltr'><strong>myrrham,</strong></span> 
     </span>
    </p>
   </div>
   <div class='ocr_carea' id='block_1_70' title="bbox 2317 2569 3740 2644">
    <p class='ocr_par' dir='ltr' id='par_1_70' title="bbox 2317 2569 3740 2644">
     <span class='ocr_line' id='line_1_70' title="bbox 2317 2569 3740 2644; baseline -0.011 -5"><span class='ocrx_word' id='word_1_432' title='bbox 2317 2584 2514 2638; x_wconf 86' lang='lat' dir='ltr'><strong>Pontus</strong></span> <span class='ocrx_word' id='word_1_433' title='bbox 2542 2588 2806 2641; x_wconf 79' lang='lat' dir='ltr'><strong>castorea,</strong></span> <span class='ocrx_word' id='word_1_434' title='bbox 2834 2577 3054 2630; x_wconf 86' lang='lat' dir='ltr'><strong>blattam</strong></span> <span class='ocrx_word' id='word_1_435' title='bbox 3087 2574 3279 2644; x_wconf 86' lang='lat' dir='ltr'><strong>Tyrus,</strong></span> <span class='ocrx_word' id='word_1_436' title='bbox 3309 2587 3414 2627; x_wconf 78' lang='lat' dir='ltr'><strong>mra</strong></span> <span class='ocrx_word' id='word_1_437' title='bbox 3437 2569 3740 2625; x_wconf 91' lang='lat' dir='ltr'><strong>Corinthus.</strong></span> 
     </span>
    </p>
   </div>
   <div class='ocr_carea' id='block_1_71' title="bbox 2316 2663 3576 2739">
    <p class='ocr_par' dir='ltr' id='par_1_71' title="bbox 2316 2663 3576 2739">
     <span class='ocr_line' id='line_1_71' title="bbox 2316 2663 3576 2739; baseline -0.012 -10"><span class='ocrx_word' id='word_1_438' title='bbox 2316 2672 2557 2732; x_wconf 87' lang='lat' dir='ltr'><strong>Sardinia</strong></span> <span class='ocrx_word' id='word_1_439' title='bbox 2588 2678 2886 2739; x_wconf 84' lang='lat' dir='ltr'><strong>argentum,</strong></span> <span class='ocrx_word' id='word_1_440' title='bbox 2910 2681 3073 2720; x_wconf 82' lang='lat' dir='ltr'><strong>naves</strong></span> <span class='ocrx_word' id='word_1_441' title='bbox 3108 2665 3353 2734; x_wconf 86' lang='lat' dir='ltr'><strong>Hispania</strong></span> <span class='ocrx_word' id='word_1_442' title='bbox 3382 2663 3576 2729; x_wconf 88' lang='lat' dir='ltr'><strong>defert,</strong></span> 
     </span>
    </p>
   </div>
   <div class='ocr_carea' id='block_1_72' title="bbox 2226 2752 3775 2832">
    <p class='ocr_par' dir='ltr' id='par_1_72' title="bbox 2226 2752 3775 2832">
     <span class='ocr_line' id='line_1_72' title="bbox 2226 2752 3775 2832; baseline -0.012 -9"><span class='ocrx_word' id='word_1_443' title='bbox 2226 2787 2230 2790; x_wconf 65' lang='grc'><em>’</em></span> <span class='ocrx_word' id='word_1_444' title='bbox 2315 2769 2341 2805; x_wconf 73' lang='grc' dir='ltr'><strong>ά</strong></span> <span class='ocrx_word' id='word_1_445' title='bbox 2375 2765 2636 2821; x_wconf 83' lang='lat' dir='ltr'><strong>Fulminis</strong></span> <span class='ocrx_word' id='word_1_446' title='bbox 2666 2772 2719 2819; x_wconf 90' lang='lat' dir='ltr'><strong>et</strong></span> <span class='ocrx_word' id='word_1_447' title='bbox 2748 2760 3008 2832; x_wconf 86' lang='lat' dir='ltr'><strong>lapidem;</strong></span> <span class='ocrx_word' id='word_1_448' title='bbox 3034 2756 3282 2826; x_wconf 87' lang='lat' dir='ltr'><strong>scopulos</strong></span> <span class='ocrx_word' id='word_1_449' title='bbox 3303 2754 3587 2824; x_wconf 90' lang='lat' dir='ltr'><strong>jaculabile</strong></span> <span class='ocrx_word' id='word_1_450' title='bbox 3616 2752 3775 2822; x_wconf 84' lang='lat' dir='ltr'><strong>fulgur</strong></span> 
     </span>
    </p>
   </div>
   <div class='ocr_carea' id='block_1_73' title="bbox 2314 2848 3625 2927">
    <p class='ocr_par' dir='ltr' id='par_1_73' title="bbox 2314 2848 3625 2927">
     <span class='ocr_line' id='line_1_73' title="bbox 2314 2848 3625 2927; baseline -0.012 -12"><span class='ocrx_word' id='word_1_451' title='bbox 2314 2861 2500 2927; x_wconf 86' lang='lat' dir='ltr'><strong>Fucat,</strong></span> <span class='ocrx_word' id='word_1_452' title='bbox 2533 2866 2587 2912; x_wconf 87' lang='lat' dir='ltr'><strong>et</strong></span> <span class='ocrx_word' id='word_1_453' title='bbox 2612 2869 2889 2909; x_wconf 83' lang='lat' dir='ltr'><strong>accensam</strong></span> <span class='ocrx_word' id='word_1_454' title='bbox 2921 2852 3126 2906; x_wconf 89' lang='lat' dir='ltr'><strong>silicem</strong></span> <span class='ocrx_word' id='word_1_455' title='bbox 3159 2849 3378 2904; x_wconf 88' lang='lat' dir='ltr'><strong>fecunda</strong></span> <span class='ocrx_word' id='word_1_456' title='bbox 3410 2848 3625 2901; x_wconf 88' lang='lat' dir='ltr'><strong>maritat</strong></span> 
     </span>
    </p>
   </div>
   <div class='ocr_carea' id='block_1_74' title="bbox 2316 2940 3628 3018">
    <p class='ocr_par' dir='ltr' id='par_1_74' title="bbox 2316 2940 3628 3018">
     <span class='ocr_line' id='line_1_74' title="bbox 2316 2940 3628 3018; baseline -0.011 -11"><span class='ocrx_word' id='word_1_457' title='bbox 2316 2953 2397 3007; x_wconf 91' lang='lat' dir='ltr'><strong>Ira</strong></span> <span class='ocrx_word' id='word_1_458' title='bbox 2421 2952 2577 3007; x_wconf 91' lang='lat' dir='ltr'><strong>deum</strong></span> <span class='ocrx_word' id='word_1_459' title='bbox 2606 2967 2617 3001; x_wconf 95' lang='lat'>:</span> <span class='ocrx_word' id='word_1_460' title='bbox 2644 2948 2853 3018; x_wconf 88' lang='lat' dir='ltr'><strong>quoties</strong></span> <span class='ocrx_word' id='word_1_461' title='bbox 2876 2944 3068 2999; x_wconf 61' lang='lat' dir='ltr'><strong>coelum</strong></span> <span class='ocrx_word' id='word_1_462' title='bbox 3095 2958 3154 2998; x_wconf 88' lang='lat' dir='ltr'><strong>se</strong></span> <span class='ocrx_word' id='word_1_463' title='bbox 3181 2948 3481 2996; x_wconf 78' lang='lat' dir='ltr'><strong>commovet</strong></span> <span class='ocrx_word' id='word_1_464' title='bbox 3504 2940 3628 3005; x_wconf 85' lang='lat' dir='ltr'><strong>illic,</strong></span> 
     </span>
    </p>
   </div>
   <div class='ocr_carea' id='block_1_75' title="bbox 2315 3031 3742 3101">
    <p class='ocr_par' dir='ltr' id='par_1_75' title="bbox 2315 3031 3742 3101">
     <span class='ocr_line' id='line_1_75' title="bbox 2315 3031 3742 3101; baseline -0.011 -1"><span class='ocrx_word' id='word_1_465' title='bbox 2315 3046 2440 3101; x_wconf 90' lang='lat' dir='ltr'><strong>Plus</strong></span> <span class='ocrx_word' id='word_1_466' title='bbox 2468 3044 2538 3097; x_wconf 90' lang='lat' dir='ltr'><strong>ibi</strong></span> <span class='ocrx_word' id='word_1_467' title='bbox 2572 3052 2710 3095; x_wconf 87' lang='lat' dir='ltr'><strong>terra</strong></span> <span class='ocrx_word' id='word_1_468' title='bbox 2740 3040 2901 3093; x_wconf 90' lang='lat' dir='ltr'><strong>valet.</strong></span> <span class='ocrx_word' id='word_1_469' title='bbox 2938 3048 2959 3074; x_wconf 77' lang='grc' dir='ltr'><strong>ο</strong></span> <span class='ocrx_word' id='word_1_470' title='bbox 2988 3036 3175 3092; x_wconf 88' lang='lat' dir='ltr'><strong>Subito</strong></span> <span class='ocrx_word' id='word_1_471' title='bbox 3201 3035 3335 3089; x_wconf 83' lang='lat' dir='ltr'><strong>ﬂens</strong></span> <span class='ocrx_word' id='word_1_472' title='bbox 3362 3032 3541 3086; x_wconf 82' lang='lat' dir='ltr'><strong>Africa</strong></span> <span class='ocrx_word' id='word_1_473' title='bbox 3571 3031 3742 3101; x_wconf 83' lang='lat' dir='ltr'><strong>nigras</strong></span> 
     </span>
    </p>
   </div>
   <div class='ocr_carea' id='block_1_76' title="bbox 2315 3124 3640 3200">
    <p class='ocr_par' dir='ltr' id='par_1_76' title="bbox 2315 3124 3640 3200">
     <span class='ocr_line' id='line_1_76' title="bbox 2315 3124 3640 3200; baseline -0.011 -8"><span class='ocrx_word' id='word_1_474' title='bbox 2315 3134 2604 3192; x_wconf 91' lang='lat' dir='ltr'><strong>Procubuit</strong></span> <span class='ocrx_word' id='word_1_475' title='bbox 2635 3133 2861 3186; x_wconf 77' lang='lat' dir='ltr'><strong>lacerata</strong></span> <span class='ocrx_word' id='word_1_476' title='bbox 2892 3143 3072 3200; x_wconf 82' lang='lat' dir='ltr'><strong>genas,</strong></span> <span class='ocrx_word' id='word_1_477' title='bbox 3105 3135 3161 3182; x_wconf 89' lang='lat' dir='ltr'><strong>et</strong></span> <span class='ocrx_word' id='word_1_478' title='bbox 3188 3140 3383 3181; x_wconf 90' lang='lat' dir='ltr'><strong>cernua</strong></span> <span class='ocrx_word' id='word_1_479' title='bbox 3414 3124 3640 3178; x_wconf 85' lang='lat' dir='ltr'><strong>frontem</strong></span> 
     </span>
    </p>
   </div>
   <div class='ocr_carea' id='block_1_77' title="bbox 2242 3214 3615 3287">
    <p class='ocr_par' dir='ltr' id='par_1_77' title="bbox 2242 3214 3615 3287">
     <span class='ocr_line' id='line_1_77' title="bbox 2242 3214 3615 3287; baseline -0.01 -4"><span class='ocrx_word' id='word_1_480' title='bbox 2242 3214 2285 3276; x_wconf 87' lang='lat' dir='ltr'><strong>C</strong></span> <span class='ocrx_word' id='word_1_481' title='bbox 2319 3228 2433 3283; x_wconf 85' lang='lat' dir='ltr'><strong>Jam</strong></span> <span class='ocrx_word' id='word_1_482' title='bbox 2461 3225 2603 3279; x_wconf 90' lang='lat' dir='ltr'><strong>male</strong></span> <span class='ocrx_word' id='word_1_483' title='bbox 2631 3222 2887 3278; x_wconf 86' lang='lat' dir='ltr'><strong>fecundas</strong></span> <span class='ocrx_word' id='word_1_484' title='bbox 2913 3222 2966 3275; x_wconf 93' lang='lat' dir='ltr'><strong>in</strong></span> <span class='ocrx_word' id='word_1_485' title='bbox 2995 3220 3195 3274; x_wconf 90' lang='lat' dir='ltr'><strong>vertice</strong></span> <span class='ocrx_word' id='word_1_486' title='bbox 3224 3218 3379 3287; x_wconf 87' lang='lat' dir='ltr'><strong>fregit</strong></span> <span class='ocrx_word' id='word_1_487' title='bbox 3405 3216 3615 3270; x_wconf 68' lang='lat' dir='ltr'><strong>aristas.</strong></span> 
     </span>
    </p>
   </div>
   <div class='ocr_carea' id='block_1_78' title="bbox 2322 3303 3704 3382">
    <p class='ocr_par' dir='ltr' id='par_1_78' title="bbox 2322 3303 3704 3382">
     <span class='ocr_line' id='line_1_78' title="bbox 2322 3303 3704 3382; baseline -0.01 -10"><span class='ocrx_word' id='word_1_488' title='bbox 2322 3318 2389 3372; x_wconf 89' lang='lat' dir='ltr'><strong>Et</strong></span> <span class='ocrx_word' id='word_1_489' title='bbox 2409 3318 2486 3371; x_wconf 89' lang='lat' dir='ltr'><strong>sic</strong></span> <span class='ocrx_word' id='word_1_490' title='bbox 2511 3330 2629 3369; x_wconf 87' lang='lat' dir='ltr'><strong>orsa</strong></span> <span class='ocrx_word' id='word_1_491' title='bbox 2654 3314 2794 3382; x_wconf 88' lang='lat' dir='ltr'><strong>loqui</strong></span> <span class='ocrx_word' id='word_1_492' title='bbox 2819 3321 2900 3367; x_wconf 88' lang='lat' dir='ltr'><strong>est</strong></span> <span class='ocrx_word' id='word_1_493' title='bbox 2934 3330 2945 3364; x_wconf 91' lang='lat'>:</span> <span class='ocrx_word' id='word_1_494' title='bbox 2984 3311 3147 3365; x_wconf 84' lang='lat' dir='ltr'><strong>Venio</strong></span> <span class='ocrx_word' id='word_1_495' title='bbox 3177 3322 3299 3377; x_wconf 84' lang='lat' dir='ltr'><strong>pars</strong></span> <span class='ocrx_word' id='word_1_496' title='bbox 3328 3306 3484 3361; x_wconf 87' lang='lat' dir='ltr'><strong>tertia</strong></span> <span class='ocrx_word' id='word_1_497' title='bbox 3513 3303 3704 3365; x_wconf 84' lang='lat' dir='ltr'><strong>mundi,</strong></span> 
     </span>
    </p>
   </div>
   <div class='ocr_carea' id='block_1_79' title="bbox 2321 3399 3416 3468">
    <p class='ocr_par' dir='ltr' id='par_1_79' title="bbox 2321 3399 3416 3468">
     <span class='ocr_line' id='line_1_79' title="bbox 2321 3399 3416 3468; baseline -0.011 -5"><span class='ocrx_word' id='word_1_498' title='bbox 2321 3407 2506 3463; x_wconf 87' lang='lat' dir='ltr'><strong>Infelix</strong></span> <span class='ocrx_word' id='word_1_499' title='bbox 2539 3406 2689 3461; x_wconf 87' lang='lat' dir='ltr'><strong>felice</strong></span> <span class='ocrx_word' id='word_1_500' title='bbox 2715 3419 2819 3459; x_wconf 90' lang='lat' dir='ltr'><strong>uno</strong></span> <span class='ocrx_word' id='word_1_501' title='bbox 2842 3444 2856 3468; x_wconf 91' lang='lat'><strong>,</strong></span> <span class='ocrx_word' id='word_1_502' title='bbox 2887 3402 3082 3456; x_wconf 86' lang='lat' dir='ltr'><strong>famula</strong></span> <span class='ocrx_word' id='word_1_503' title='bbox 3116 3409 3260 3455; x_wconf 90' lang='lat' dir='ltr'><strong>satus</strong></span> <span class='ocrx_word' id='word_1_504' title='bbox 3291 3399 3416 3453; x_wconf 89' lang='lat' dir='ltr'><strong>olim</strong></span> 
     </span>
    </p>
   </div>
   <div class='ocr_carea' id='block_1_80' title="bbox 2324 3488 3775 3570">
    <p class='ocr_par' dir='ltr' id='par_1_80' title="bbox 2324 3488 3775 3570">
     <span class='ocr_line' id='line_1_80' title="bbox 2324 3488 3775 3570; baseline -0.01 -15"><span class='ocrx_word' id='word_1_505' title='bbox 2324 3501 2422 3555; x_wconf 88' lang='lat' dir='ltr'><strong>Hic</strong></span> <span class='ocrx_word' id='word_1_506' title='bbox 2453 3498 2654 3570; x_wconf 64' lang='lat' dir='ltr'><strong>praedo,</strong></span> <span class='ocrx_word' id='word_1_507' title='bbox 2687 3505 2741 3552; x_wconf 90' lang='lat' dir='ltr'><strong>et</strong></span> <span class='ocrx_word' id='word_1_508' title='bbox 2768 3496 2996 3551; x_wconf 89' lang='lat' dir='ltr'><strong>dominis</strong></span> <span class='ocrx_word' id='word_1_509' title='bbox 3022 3493 3321 3564; x_wconf 78' lang='lat' dir='ltr'><strong>exstinctis,</strong></span> <span class='ocrx_word' id='word_1_510' title='bbox 3354 3492 3581 3546; x_wconf 90' lang='lat' dir='ltr'><strong>barbara</strong></span> <span class='ocrx_word' id='word_1_511' title='bbox 3606 3488 3775 3545; x_wconf 89' lang='lat' dir='ltr'><strong>dudum</strong></span> 
     </span>
    </p>
   </div>
   <div class='ocr_carea' id='block_1_81' title="bbox 2395 3651 3857 3729">
    <p class='ocr_par' dir='ltr' id='par_1_81' title="bbox 2395 3651 3857 3729">
     <span class='ocr_line' id='line_1_81' title="bbox 2395 3651 3857 3729; baseline -0.007 -14"><span class='ocrx_word' id='word_1_512' title='bbox 2395 3672 2416 3699; x_wconf 76' lang='grc' dir='ltr'><em>ε</em></span> <span class='ocrx_word' id='word_1_513' title='bbox 2444 3658 2679 3729; x_wconf 90' lang='lat' dir='ltr'><strong>Vulgati,</strong></span> <span class='ocrx_word' id='word_1_514' title='bbox 2712 3657 2912 3729; x_wconf 69' lang='lat' dir='ltr'><strong>Argoa;</strong></span> <span class='ocrx_word' id='word_1_515' title='bbox 2937 3653 3029 3729; x_wconf 87' lang='lat' dir='ltr'><strong>sed</strong></span> <span class='ocrx_word' id='word_1_516' title='bbox 3059 3662 3297 3708; x_wconf 88' lang='lat' dir='ltr'><strong>veterum</strong></span> <span class='ocrx_word' id='word_1_517' title='bbox 3323 3651 3580 3729; x_wconf 76' lang='lat' dir='ltr'><strong>librorum</strong></span> <span class='ocrx_word' id='word_1_518' title='bbox 3607 3656 3857 3729; x_wconf 75' lang='lat' dir='ltr'><strong>consensui</strong></span> 
     </span>
    </p>
   </div>
   <div class='ocr_carea' id='block_1_82' title="bbox 2321 3720 3857 3796">
    <p class='ocr_par' dir='ltr' id='par_1_82' title="bbox 2321 3720 3857 3796">
     <span class='ocr_line' id='line_1_82' title="bbox 2321 3720 3857 3796; baseline -0.01 -9"><span class='ocrx_word' id='word_1_519' title='bbox 2321 3720 2600 3787; x_wconf 70' lang='lat' dir='ltr'><strong>Sidonium</strong></span> <span class='ocrx_word' id='word_1_520' title='bbox 2630 3720 3090 3796; x_wconf 56' lang='lat' dir='ltr'><strong>Arcus&#39;scripsisse</strong></span> <span class='ocrx_word' id='word_1_521' title='bbox 3115 3723 3416 3796; x_wconf 71' lang='lat' dir='ltr'><strong>persuadet.</strong></span> <span class='ocrx_word' id='word_1_522' title='bbox 3437 3720 3857 3796; x_wconf 49' lang='lat' dir='ltr'><strong>Alioquilaudam</strong></span> 
     </span>
    </p>
   </div>
   <div class='ocr_carea' id='block_1_83' title="bbox 2320 3791 3861 3867">
    <p class='ocr_par' dir='ltr' id='par_1_83' title="bbox 2320 3791 3861 3867">
     <span class='ocr_line' id='line_1_83' title="bbox 2320 3791 3861 3867; baseline -0.008 -11"><span class='ocrx_word' id='word_1_523' title='bbox 2320 3812 2407 3856; x_wconf 93' lang='lat' dir='ltr'><strong>tur</strong></span> <span class='ocrx_word' id='word_1_524' title='bbox 2431 3802 2590 3856; x_wconf 89' lang='lat' dir='ltr'><strong>etiam</strong></span> <span class='ocrx_word' id='word_1_525' title='bbox 2614 3799 2732 3867; x_wconf 92' lang='lat' dir='ltr'><strong>equi</strong></span> <span class='ocrx_word' id='word_1_526' title='bbox 2768 3791 3024 3863; x_wconf 80' lang='lat' dir='ltr'><strong>Argolici,</strong></span> <span class='ocrx_word' id='word_1_527' title='bbox 3060 3791 3623 3867; x_wconf 76' lang='lat' dir='ltr'><strong>utArcadici.Strabo</strong></span> <span class='ocrx_word' id='word_1_528' title='bbox 3650 3791 3736 3867; x_wconf 83' lang='lat' dir='ltr'><strong>li_b_.</strong></span> <span class='ocrx_word' id='word_1_529' title='bbox 3765 3804 3861 3844; x_wconf 81' lang='lat' dir='ltr'><strong>rut:</strong></span> 
     </span>
    </p>
   </div>
   <div class='ocr_carea' id='block_1_84' title="bbox 2317 3863 3861 3941">
    <p class='ocr_par' dir='ltr' id='par_1_84' title="bbox 2317 3863 3861 3941">
     <span class='ocr_line' id='line_1_84' title="bbox 2317 3863 3861 3941; baseline -0.008 -13"><span class='ocrx_word' id='word_1_530' title='bbox 2317 3872 2463 3928; x_wconf 76' lang='grc' dir='ltr'><strong>’Ἐστι</strong></span> <span class='ocrx_word' id='word_1_531' title='bbox 2506 3870 2559 3926; x_wconf 76' lang='grc' dir='ltr'><strong>δὲ</strong></span> <span class='ocrx_word' id='word_1_532' title='bbox 2595 3863 2679 3925; x_wconf 71' lang='lat' dir='ltr'><strong>xui</strong></span> <span class='ocrx_word' id='word_1_533' title='bbox 2726 3870 2782 3924; x_wconf 84' lang='grc' dir='ltr'><strong>τὸ</strong></span> <span class='ocrx_word' id='word_1_534' title='bbox 2815 3870 2954 3941; x_wconf 67' lang='grc' dir='ltr'><strong>γένος·</strong></span> <span class='ocrx_word' id='word_1_535' title='bbox 2989 3875 3087 3941; x_wconf 68' lang='grc' dir='ltr'>τῶν</span> <span class='ocrx_word' id='word_1_536' title='bbox 3127 3868 3301 3941; x_wconf 58' lang='grc' dir='ltr'><strong>ἶππῳν</strong></span> <span class='ocrx_word' id='word_1_537' title='bbox 3341 3866 3607 3941; x_wconf 48' lang='grc' dir='ltr'><strong>ξράἳιεῖτον</strong></span> <span class='ocrx_word' id='word_1_538' title='bbox 3640 3863 3861 3941; x_wconf 46' lang='lat' dir='ltr'><strong>«:61ng-</strong></span> 
     </span>
    </p>
   </div>
   <div class='ocr_carea' id='block_1_85' title="bbox 2320 3884 3863 4014">
    <p class='ocr_par' dir='ltr' id='par_1_85' title="bbox 2320 3884 3863 4014">
     <span class='ocr_line' id='line_1_85' title="bbox 2320 3884 3861 3941; baseline -0.009 -13"><span class='ocrx_word' id='word_1_539' title='bbox 2320 3884 2463 3928; x_wconf 80' lang='grc' dir='ltr'><strong>Ἐστι</strong></span> <span class='ocrx_word' id='word_1_540' title='bbox 2506 3884 2559 3926; x_wconf 73' lang='grc' dir='ltr'><em>δὲ</em></span> <span class='ocrx_word' id='word_1_541' title='bbox 2595 3884 2679 3925; x_wconf 80' lang='grc' dir='ltr'><strong>καὶ</strong></span> <span class='ocrx_word' id='word_1_542' title='bbox 2726 3884 2782 3924; x_wconf 83' lang='grc' dir='ltr'><strong>το</strong></span> <span class='ocrx_word' id='word_1_543' title='bbox 2815 3884 2954 3941; x_wconf 67' lang='grc' dir='ltr'><strong>γενος·</strong></span> <span class='ocrx_word' id='word_1_544' title='bbox 2989 3884 3087 3922; x_wconf 78' lang='grc' dir='ltr'><strong>τῶν</strong></span> <span class='ocrx_word' id='word_1_545' title='bbox 3130 3884 3301 3921; x_wconf 72' lang='grc' dir='ltr'><em>ιππων</em></span> <span class='ocrx_word' id='word_1_546' title='bbox 3436 3886 3607 3919; x_wconf 56' lang='lat' dir='ltr'><strong>natos</strong></span> <span class='ocrx_word' id='word_1_547' title='bbox 3640 3886 3693 3917; x_wconf 83' lang='grc' dir='ltr'>το</span> <span class='ocrx_word' id='word_1_548' title='bbox 3731 3884 3861 3937; x_wconf 71' lang='grc' dir='ltr'><strong>Αρπα-</strong></span> 
     </span>
     <span class='ocr_line' id='line_1_86' title="bbox 2320 3884 3863 4014; baseline -0.008 -15"><span class='ocrx_word' id='word_1_549' title='bbox 2320 3944 2481 4008; x_wconf 77' lang='grc' dir='ltr'><strong>δικὸν,</strong></span> <span class='ocrx_word' id='word_1_550' title='bbox 2542 3945 2761 4014; x_wconf 63' lang='grc' dir='ltr'><strong>καοᾴπςρ</strong></span> <span class='ocrx_word' id='word_1_551' title='bbox 2806 3944 2891 4014; x_wconf 61' lang='lat' dir='ltr'><strong>mi</strong></span> <span class='ocrx_word' id='word_1_552' title='bbox 2918 3941 2975 3994; x_wconf 83' lang='grc' dir='ltr'><strong>τὸ</strong></span> <span class='ocrx_word' id='word_1_553' title='bbox 3003 3938 3306 4014; x_wconf 43' lang='grc' dir='ltr'><strong>Ἀργολικὸν-ι</strong></span> <span class='ocrx_word' id='word_1_554' title='bbox 3341 3884 3686 4014; x_wconf 48' lang='grc' dir='ltr'><strong>ἕῖ-[ἦοωετο</strong></span> <span class='ocrx_word' id='word_1_555' title='bbox 3729 3933 3863 4013; x_wconf 54' lang='grc' dir='ltr'><strong>’Δργρς</strong></span> 
     </span>
    </p>
   </div>
   <div class='ocr_carea' id='block_1_86' title="bbox 2321 4001 3861 4085">
    <p class='ocr_par' dir='ltr' id='par_1_86' title="bbox 2321 4001 3861 4085">
     <span class='ocr_line' id='line_1_87' title="bbox 2321 4001 3861 4085; baseline -0.006 -18"><span class='ocrx_word' id='word_1_556' title='bbox 2321 4001 2595 4069; x_wconf 65' lang='grc' dir='ltr'><strong>ἱππόϐοτον</strong></span> <span class='ocrx_word' id='word_1_557' title='bbox 2624 4001 2838 4085; x_wconf 75' lang='lat' dir='ltr'><strong>dicitur,</strong></span> <span class='ocrx_word' id='word_1_558' title='bbox 2871 4001 3243 4085; x_wconf 54' lang='grc' dir='ltr'><strong>ἷππιοςἋργὸς</strong></span> <span class='ocrx_word' id='word_1_559' title='bbox 3268 4005 3532 4076; x_wconf 87' lang='lat' dir='ltr'><strong>Euripidi,</strong></span> <span class='ocrx_word' id='word_1_560' title='bbox 3560 4014 3727 4077; x_wconf 77' lang='lat' dir='ltr'><strong>aptum</strong></span> 
     </span>
    </p>
   </div>
   <div class='ocr_carea' id='block_1_87' title="bbox 2324 4083 2751 4152">
    <p class='ocr_par' dir='ltr' id='par_1_87' title="bbox 2324 4083 2751 4152">
     <span class='ocr_line' id='line_1_88' title="bbox 2324 4083 2751 4152; baseline -0.009 -15"><span class='ocrx_word' id='word_1_561' title='bbox 2324 4087 2484 4152; x_wconf 79' lang='lat' dir='ltr'><strong>Argos</strong></span> <span class='ocrx_word' id='word_1_562' title='bbox 2517 4083 2751 4137; x_wconf 87' lang='lat' dir='ltr'><strong>iloratio.</strong></span> 
     </span>
    </p>
   </div>
   <div class='ocr_carea' id='block_1_88' title="bbox 2388 4145 3861 4218">
    <p class='ocr_par' dir='ltr' id='par_1_88' title="bbox 2388 4145 3861 4218">
     <span class='ocr_line' id='line_1_89' title="bbox 2388 4145 3861 4218; baseline -0.01 -9"><span class='ocrx_word' id='word_1_563' title='bbox 2388 4145 2415 4193; x_wconf 70' lang='grc' dir='ltr'><em>δ</em></span> <span class='ocrx_word' id='word_1_564' title='bbox 2440 4153 2755 4209; x_wconf 86' lang='lat' dir='ltr'><strong>Cerauniam</strong></span> <span class='ocrx_word' id='word_1_565' title='bbox 2773 4164 3058 4218; x_wconf 84' lang='lat' dir='ltr'><strong>gemmam.</strong></span> <span class='ocrx_word' id='word_1_566' title='bbox 3076 4149 3397 4205; x_wconf 88' lang='lat' dir='ltr'><strong>Claudianus</strong></span> <span class='ocrx_word' id='word_1_567' title='bbox 3416 4148 3472 4203; x_wconf 87' lang='lat' dir='ltr'><strong>in</strong></span> <span class='ocrx_word' id='word_1_568' title='bbox 3490 4146 3649 4203; x_wconf 88' lang='lat' dir='ltr'><strong>laude</strong></span> <span class='ocrx_word' id='word_1_569' title='bbox 3664 4145 3861 4202; x_wconf 70' lang='lat' dir='ltr'><strong>Serene.</strong></span> 
     </span>
    </p>
   </div>
   <div class='ocr_carea' id='block_1_89' title="bbox 2700 4326 3289 4387">
    <p class='ocr_par' dir='ltr' id='par_1_89' title="bbox 2700 4326 3289 4387">
     <span class='ocr_line' id='line_1_90' title="bbox 2700 4326 3289 4387; baseline 0 -14"><span class='ocrx_word' id='word_1_570' title='bbox 2700 4328 3005 4387; x_wconf 70' lang='lat' dir='ltr'><strong>i&#39;yreneique</strong></span> <span class='ocrx_word' id='word_1_571' title='bbox 3028 4326 3119 4373; x_wconf 92' lang='lat' dir='ltr'><strong>sub</strong></span> <span class='ocrx_word' id='word_1_572' title='bbox 3139 4327 3289 4373; x_wconf 72' lang='lat' dir='ltr'><strong>antris</strong></span> 
     </span>
    </p>
   </div>
   <div class='ocr_carea' id='block_1_90' title="bbox 2448 4384 3594 4451">
    <p class='ocr_par' dir='ltr' id='par_1_90' title="bbox 2448 4384 3594 4451">
     <span class='ocr_line' id='line_1_91' title="bbox 2448 4384 3594 4451; baseline -0.004 -13"><span class='ocrx_word' id='word_1_573' title='bbox 2448 4389 2600 4451; x_wconf 83' lang='lat' dir='ltr'><strong>Ignea</strong></span> <span class='ocrx_word' id='word_1_574' title='bbox 2619 4384 2865 4436; x_wconf 85' lang='lat' dir='ltr'><strong>fulmineis</strong></span> <span class='ocrx_word' id='word_1_575' title='bbox 2887 4384 3060 4448; x_wconf 77' lang='lat' dir='ltr'><strong>legere</strong></span> <span class='ocrx_word' id='word_1_576' title='bbox 3088 4388 3315 4435; x_wconf 85' lang='lat' dir='ltr'><strong>ceraunia</strong></span> <span class='ocrx_word' id='word_1_577' title='bbox 3340 4384 3594 4448; x_wconf 84' lang='lat' dir='ltr'><strong>Nymphae.</strong></span> 
     </span>
    </p>
   </div>
   <div class='ocr_carea' id='block_1_91' title="bbox 2327 4528 3865 4604">
    <p class='ocr_par' dir='ltr' id='par_1_91' title="bbox 2327 4528 3865 4604">
     <span class='ocr_line' id='line_1_92' title="bbox 2327 4528 3865 4604; baseline -0.008 -15"><span class='ocrx_word' id='word_1_578' title='bbox 2327 4536 2542 4591; x_wconf 87' lang='lat' dir='ltr'><strong>Solinus</strong></span> <span class='ocrx_word' id='word_1_579' title='bbox 2580 4534 2931 4604; x_wconf 83' lang='lat' dir='ltr'><strong>Polyhistoris</strong></span> <span class='ocrx_word' id='word_1_580' title='bbox 2971 4546 3090 4604; x_wconf 80' lang='lat' dir='ltr'><strong>cap.</strong></span> <span class='ocrx_word' id='word_1_581' title='bbox 3123 4532 3215 4604; x_wconf 67' lang='lat'><strong>56,</strong></span> <span class='ocrx_word' id='word_1_582' title='bbox 3250 4531 3598 4604; x_wconf 10' lang='lat' dir='ltr'><strong>ret._Isidorus</strong></span> <span class='ocrx_word' id='word_1_583' title='bbox 3624 4528 3865 4604; x_wconf 76' lang='lat' dir='ltr'><strong>Originum</strong></span> 
     </span>
    </p>
   </div>
   <div class='ocr_carea' id='block_1_92' title="bbox 644 4571 2212 4676">
    <p class='ocr_par' dir='ltr' id='par_1_92' title="bbox 644 4581 2212 4676">
     <span class='ocr_line' id='line_1_93' title="bbox 644 4581 2212 4676; baseline 0.004 -39"><span class='ocrx_word' id='word_1_584' title='bbox 644 4581 898 4676; x_wconf 50' lang='lat' dir='ltr'><strong>Libanius</strong></span> <span class='ocrx_word' id='word_1_585' title='bbox 919 4583 1108 4673; x_wconf 63' lang='lat' dir='ltr'><strong>rhetor</strong></span> <span class='ocrx_word' id='word_1_586' title='bbox 1138 4585 1187 4671; x_wconf 68' lang='lat' dir='ltr'><strong>iu</strong></span> <span class='ocrx_word' id='word_1_587' title='bbox 1218 4584 1488 4676; x_wconf 52' lang='lat' dir='ltr'><strong>Juli&#39;anum</strong></span> <span class='ocrx_word' id='word_1_588' title='bbox 1508 4603 1522 4640; x_wconf 87' lang='lat'><strong>:</strong></span> <span class='ocrx_word' id='word_1_589' title='bbox 1543 4588 1677 4668; x_wconf 66' lang='lat' dir='ltr'><strong>nam</strong></span> <span class='ocrx_word' id='word_1_590' title='bbox 1698 4590 1805 4671; x_wconf 60' lang='grc' dir='ltr'><strong>*γὰρ</strong></span> <span class='ocrx_word' id='word_1_591' title='bbox 1833 4588 1920 4648; x_wconf 80' lang='grc' dir='ltr'><strong>ἥδε</strong></span> <span class='ocrx_word' id='word_1_592' title='bbox 1946 4599 2103 4676; x_wconf 51' lang='lat' dir='ltr'><strong>rimi}?</strong></span> <span class='ocrx_word' id='word_1_593' title='bbox 2142 4615 2212 4646; x_wconf 54' lang='lat' dir='ltr'><strong>mi</strong></span> 
     </span>
    </p>
   </div>
   <div class='ocr_carea' id='block_1_93' title="bbox 2318 4571 3868 4676">
    <p class='ocr_par' dir='ltr' id='par_1_93' title="bbox 2327 4571 3868 4676">
     <span class='ocr_line' id='line_1_94' title="bbox 2327 4571 3865 4591; baseline -0.008 0"><span class='ocrx_word' id='word_1_594' title='bbox 2327 4571 2542 4591; x_wconf 69' lang='lat' dir='ltr'><strong>Uuuuua</strong></span> <span class='ocrx_word' id='word_1_595' title='bbox 2582 4571 2673 4589; x_wconf 80' lang='grc' dir='ltr'><strong>ιν.</strong></span> <span class='ocrx_word' id='word_1_596' title='bbox 2717 4571 2928 4587; x_wconf 52' lang='lat' dir='ltr'><strong>&quot;me...</strong></span> <span class='ocrx_word' id='word_1_597' title='bbox 2972 4571 3031 4585; x_wconf 68' lang='grc' dir='ltr'><strong>ν..</strong></span> <span class='ocrx_word' id='word_1_598' title='bbox 3078 4571 3090 4583; x_wconf 94' lang='grc'><strong>.</strong></span> <span class='ocrx_word' id='word_1_599' title='bbox 3123 4571 3215 4589; x_wconf 71' lang='grc' dir='ltr'><strong>υν,</strong></span> <span class='ocrx_word' id='word_1_600' title='bbox 3265 4571 3318 4585; x_wconf 64' lang='grc' dir='ltr'><strong>ν.</strong></span> <span class='ocrx_word' id='word_1_601' title='bbox 3359 4571 3598 4584; x_wconf 56' lang='grc' dir='ltr'><strong>..υ</strong></span> <span class='ocrx_word' id='word_1_602' title='bbox 3629 4571 3709 4584; x_wconf 71' lang='grc' dir='ltr'><strong>ν..</strong></span> 
     </span>
     <span class='ocr_line' id='line_1_95' title="bbox 2331 4571 3868 4676; baseline -0.008 -14"><span class='ocrx_word' id='word_1_603' title='bbox 2331 4607 2417 4672; x_wconf 80' lang='grc'><strong>16,</strong></span> <span class='ocrx_word' id='word_1_604' title='bbox 2443 4622 2548 4661; x_wconf 91' lang='lat' dir='ltr'><strong>non</strong></span> <span class='ocrx_word' id='word_1_605' title='bbox 2586 4606 2637 4659; x_wconf 90' lang='lat' dir='ltr'><strong>in</strong></span> <span class='ocrx_word' id='word_1_606' title='bbox 2660 4571 2892 4676; x_wconf 58' lang='lat' dir='ltr'><strong>Pyrenei</strong></span> <span class='ocrx_word' id='word_1_607' title='bbox 2918 4571 3078 4671; x_wconf 59' lang='grc' dir='ltr'><strong>Ῑιιείξ,</strong></span> <span class='ocrx_word' id='word_1_608' title='bbox 3124 4601 3215 4655; x_wconf 84' lang='lat' dir='ltr'><strong>sed</strong></span> <span class='ocrx_word' id='word_1_609' title='bbox 3248 4603 3297 4655; x_wconf 91' lang='lat' dir='ltr'><strong>in</strong></span> <span class='ocrx_word' id='word_1_610' title='bbox 3326 4601 3600 4676; x_wconf 85' lang='lat' dir='ltr'><strong>Lusitania</strong></span> <span class='ocrx_word' id='word_1_611' title='bbox 3650 4571 3743 4668; x_wconf 51' lang='lat' dir='ltr'><strong>legal</strong></span> <span class='ocrx_word' id='word_1_612' title='bbox 3785 4607 3868 4651; x_wconf 47' lang='lat' dir='ltr'><strong>ira.</strong></span> 
     </span>
    </p>
   </div>
   <div class='ocr_carea' id='block_1_94' title="bbox 683 4655 2222 4746">
    <p class='ocr_par' dir='ltr' id='par_1_94' title="bbox 683 4655 2222 4746">
     <span class='ocr_line' id='line_1_96' title="bbox 683 4655 2222 4746; baseline 0.005 -37"><span class='ocrx_word' id='word_1_613' title='bbox 683 4655 888 4746; x_wconf 50' lang='lat' dir='ltr'><strong>acilia);</strong></span> <span class='ocrx_word' id='word_1_614' title='bbox 907 4658 1102 4746; x_wconf 51' lang='lat' dir='ltr'><strong>{ippon</strong></span> <span class='ocrx_word' id='word_1_615' title='bbox 1124 4655 1286 4746; x_wconf 53' lang='grc' dir='ltr'><strong>τύχῃ.</strong></span> <span class='ocrx_word' id='word_1_616' title='bbox 1311 4656 1554 4746; x_wconf 36' lang='grc' dir='ltr'><strong>ξιιυίδηυε</strong></span> <span class='ocrx_word' id='word_1_617' title='bbox 1576 4659 1688 4746; x_wconf 70' lang='lat' dir='ltr'><strong>ipse</strong></span> <span class='ocrx_word' id='word_1_618' title='bbox 1710 4655 2030 4746; x_wconf 62' lang='lat' dir='ltr'><strong>iu&#39;encotnio</strong></span> <span class='ocrx_word' id='word_1_619' title='bbox 2054 4662 2222 4718; x_wconf 84' lang='lat' dir='ltr'><strong>Euse-</strong></span> 
     </span>
    </p>
   </div>
   <div class='ocr_carea' id='block_1_95' title="bbox 681 4727 2225 4802">
    <p class='ocr_par' dir='ltr' id='par_1_95' title="bbox 681 4727 2225 4802">
     <span class='ocr_line' id='line_1_97' title="bbox 681 4727 2225 4802; baseline 0.005 -22"><span class='ocrx_word' id='word_1_620' title='bbox 681 4727 745 4802; x_wconf 61' lang='grc' dir='ltr'><strong>ξω</strong></span> <span class='ocrx_word' id='word_1_621' title='bbox 800 4727 1099 4802; x_wconf 54' lang='lat' dir='ltr'><strong>Augustae;</strong></span> <span class='ocrx_word' id='word_1_622' title='bbox 1140 4727 1271 4802; x_wconf 59' lang='grc' dir='ltr'><strong>Οὔξε</strong></span> <span class='ocrx_word' id='word_1_623' title='bbox 1308 4727 1512 4802; x_wconf 74' lang='grc' dir='ltr'><strong>ἰδιῴτης</strong></span> <span class='ocrx_word' id='word_1_624' title='bbox 1535 4770 1547 4791; x_wconf 75' lang='lat'>.</span> <span class='ocrx_word' id='word_1_625' title='bbox 1580 4727 1698 4785; x_wconf 73' lang='grc' dir='ltr'><strong>οὔτε</strong></span> <span class='ocrx_word' id='word_1_626' title='bbox 1732 4729 1969 4802; x_wconf 73' lang='grc' dir='ltr'><strong>βασιλεύς</strong></span> <span class='ocrx_word' id='word_1_627' title='bbox 2018 4736 2154 4787; x_wconf 79' lang='grc' dir='ltr'><strong>ἐστιν</strong></span> <span class='ocrx_word' id='word_1_628' title='bbox 2194 4734 2225 4795; x_wconf 77' lang='grc' dir='ltr'>ἢ</span> 
     </span>
    </p>
   </div>
   <div class='ocr_carea' id='block_1_96' title="bbox 679 4794 2224 4875">
    <p class='ocr_par' dir='ltr' id='par_1_96' title="bbox 679 4794 2224 4875">
     <span class='ocr_line' id='line_1_98' title="bbox 679 4794 2224 4875; baseline 0.004 -24"><span class='ocrx_word' id='word_1_629' title='bbox 679 4799 841 4875; x_wconf 58' lang='grc' dir='ltr'><strong>ἐγανςςν</strong></span> <span class='ocrx_word' id='word_1_630' title='bbox 867 4838 884 4863; x_wconf 84' lang='grc'><em>,</em></span> <span class='ocrx_word' id='word_1_631' title='bbox 930 4794 1004 4875; x_wconf 50' lang='grc' dir='ltr'><strong>ὃς.</strong></span> <span class='ocrx_word' id='word_1_632' title='bbox 1028 4800 1085 4875; x_wconf 62' lang='lat' dir='ltr'><strong>et}</strong></span> <span class='ocrx_word' id='word_1_633' title='bbox 1122 4797 1603 4875; x_wconf 35' lang='grc' dir='ltr'><strong>ζηλωςςόχ.ἐνόμιζενΔ</strong></span> <span class='ocrx_word' id='word_1_634' title='bbox 1636 4794 1831 4863; x_wconf 75' lang='grc' dir='ltr'><strong>ὖπάτος·</strong></span> <span class='ocrx_word' id='word_1_635' title='bbox 1876 4794 2224 4875; x_wconf 55' lang='grc' dir='ltr'><strong>ὀνομασθῆναιζ</strong></span> 
     </span>
    </p>
   </div>
   <div class='ocr_carea' id='block_1_97' title="bbox 2331 4673 3869 4743">
    <p class='ocr_par' dir='ltr' id='par_1_97' title="bbox 2331 4673 3869 4743">
     <span class='ocr_line' id='line_1_99' title="bbox 2331 4673 3869 4743; baseline -0.007 -11"><span class='ocrx_word' id='word_1_636' title='bbox 2331 4678 2481 4732; x_wconf 87' lang='lat' dir='ltr'><strong>dunt.</strong></span> <span class='ocrx_word' id='word_1_637' title='bbox 2510 4675 2623 4731; x_wconf 89' lang='lat' dir='ltr'><strong>Duo</strong></span> <span class='ocrx_word' id='word_1_638' title='bbox 2650 4673 2791 4731; x_wconf 78' lang='lat' dir='ltr'><strong>enim</strong></span> <span class='ocrx_word' id='word_1_639' title='bbox 2836 4674 3032 4728; x_wconf 84' lang='lat' dir='ltr'><strong>faciunt</strong></span> <span class='ocrx_word' id='word_1_640' title='bbox 3071 4688 3264 4743; x_wconf 89' lang='lat' dir='ltr'><strong>genera</strong></span> <span class='ocrx_word' id='word_1_641' title='bbox 3296 4673 3667 4727; x_wconf 88' lang='lat' dir='ltr'><strong>cerauniorum</strong></span> <span class='ocrx_word' id='word_1_642' title='bbox 3696 4691 3705 4723; x_wconf 95' lang='lat'>:</span> <span class='ocrx_word' id='word_1_643' title='bbox 3732 4683 3869 4743; x_wconf 81' lang='lat' dir='ltr'><strong>unum</strong></span> 
     </span>
    </p>
   </div>
   <div class='ocr_carea' id='block_1_98' title="bbox 2329 4738 3869 4818">
    <p class='ocr_par' dir='ltr' id='par_1_98' title="bbox 2329 4738 3869 4818">
     <span class='ocr_line' id='line_1_100' title="bbox 2329 4738 3869 4818; baseline -0.009 -16"><span class='ocrx_word' id='word_1_644' title='bbox 2329 4748 2471 4818; x_wconf 87' lang='lat' dir='ltr'><strong>quod</strong></span> <span class='ocrx_word' id='word_1_645' title='bbox 2498 4748 2777 4803; x_wconf 88' lang='lat' dir='ltr'><strong>Carmania</strong></span> <span class='ocrx_word' id='word_1_646' title='bbox 2802 4744 2988 4818; x_wconf 70' lang='lat' dir='ltr'><strong>mittit.</strong></span> <span class='ocrx_word' id='word_1_647' title='bbox 3008 4738 3262 4818; x_wconf 72' lang='lat' dir='ltr'><strong>crystallo</strong></span> <span class='ocrx_word' id='word_1_648' title='bbox 3285 4743 3478 4818; x_wconf 78' lang='lat' dir='ltr'><strong>simile,</strong></span> <span class='ocrx_word' id='word_1_649' title='bbox 3501 4746 3639 4818; x_wconf 78' lang='lat' dir='ltr'><strong>quod</strong></span> <span class='ocrx_word' id='word_1_650' title='bbox 3661 4738 3869 4817; x_wconf 74' lang='lat' dir='ltr'><strong>splendet</strong></span> 
     </span>
    </p>
   </div>
   <div class='ocr_carea' id='block_1_99' title="bbox 688 4867 1649 4925">
    <p class='ocr_par' dir='ltr' id='par_1_99' title="bbox 688 4867 1649 4925">
     <span class='ocr_line' id='line_1_101' title="bbox 688 4867 1649 4925; baseline 0.003 -4"><span class='ocrx_word' id='word_1_651' title='bbox 688 4867 965 4923; x_wconf 78' lang='lat' dir='ltr'><strong>laudianus</strong></span> <span class='ocrx_word' id='word_1_652' title='bbox 990 4867 1131 4922; x_wconf 91' lang='lat' dir='ltr'><strong>idem</strong></span> <span class='ocrx_word' id='word_1_653' title='bbox 1164 4872 1214 4922; x_wconf 90' lang='lat' dir='ltr'><strong>in</strong></span> <span class='ocrx_word' id='word_1_654' title='bbox 1248 4867 1552 4925; x_wconf 82' lang='lat' dir='ltr'><strong>Stilieonem</strong></span> <span class='ocrx_word' id='word_1_655' title='bbox 1575 4871 1609 4922; x_wconf 73' lang='grc'>2</span> <span class='ocrx_word' id='word_1_656' title='bbox 1638 4890 1649 4924; x_wconf 91' lang='lat'>:</span> 
     </span>
    </p>
   </div>
   <div class='ocr_carea' id='block_1_100' title="bbox 646 4988 656 4997">
    <p class='ocr_par' dir='ltr' id='par_1_100' title="bbox 646 4988 656 4997">
     <span class='ocr_line' id='line_1_102' title="bbox 646 4988 656 4997; baseline 0 0"><span class='ocrx_word' id='word_1_657' title='bbox 646 4988 656 4997; x_wconf 69' lang='grc' dir='ltr'><em>ο</em></span> 
     </span>
    </p>
   </div>
   <div class='ocr_carea' id='block_1_101' title="bbox 1012 4979 1957 5045">
    <p class='ocr_par' dir='ltr' id='par_1_101' title="bbox 1012 4979 1957 5045">
     <span class='ocr_line' id='line_1_103' title="bbox 1012 4979 1957 5045; baseline 0.003 -16"><span class='ocrx_word' id='word_1_658' title='bbox 1012 4979 1295 5045; x_wconf 85' lang='lat' dir='ltr'><strong>Titulumne</strong></span> <span class='ocrx_word' id='word_1_659' title='bbox 1319 4980 1479 5030; x_wconf 89' lang='lat' dir='ltr'><strong>levem</strong></span> <span class='ocrx_word' id='word_1_660' title='bbox 1510 4984 1742 5045; x_wconf 83' lang='lat' dir='ltr'><strong>parvique</strong></span> <span class='ocrx_word' id='word_1_661' title='bbox 1762 4984 1957 5035; x_wconf 90' lang='lat' dir='ltr'><strong>decoris</strong></span> 
     </span>
    </p>
   </div>
   <div class='ocr_carea' id='block_1_102' title="bbox 800 5040 2026 5105">
    <p class='ocr_par' dir='ltr' id='par_1_102' title="bbox 800 5040 2026 5105">
     <span class='ocr_line' id='line_1_104' title="bbox 800 5040 2026 5105; baseline 0.003 -13"><span class='ocrx_word' id='word_1_662' title='bbox 800 5040 1071 5103; x_wconf 87' lang='lat' dir='ltr'><strong>Credimus,</strong></span> <span class='ocrx_word' id='word_1_663' title='bbox 1099 5043 1304 5105; x_wconf 81' lang='lat' dir='ltr'><strong>Augusti</strong></span> <span class='ocrx_word' id='word_1_664' title='bbox 1326 5056 1424 5105; x_wconf 93' lang='lat' dir='ltr'><strong>quo</strong></span> <span class='ocrx_word' id='word_1_665' title='bbox 1448 5040 1759 5095; x_wconf 64' lang='lat' dir='ltr'><strong>se&#39;deeor&#39;are</strong></span> <span class='ocrx_word' id='word_1_666' title='bbox 1781 5045 2026 5098; x_wconf 84' lang='lat' dir='ltr'><strong>fatentur?</strong></span> 
     </span>
    </p>
   </div>
   <div class='ocr_carea' id='block_1_103' title="bbox 715 5167 2218 5244">
    <p class='ocr_par' dir='ltr' id='par_1_103' title="bbox 715 5167 2218 5244">
     <span class='ocr_line' id='line_1_105' title="bbox 715 5167 2218 5244; baseline 0.02 -39"><span class='ocrx_word' id='word_1_667' title='bbox 715 5167 742 5205; x_wconf 88' lang='lat' dir='ltr'><strong>b</strong></span> <span class='ocrx_word' id='word_1_668' title='bbox 766 5168 951 5244; x_wconf 43' lang='lat' dir='ltr'><strong>Romi;</strong></span> <span class='ocrx_word' id='word_1_669' title='bbox 978 5170 1455 5244; x_wconf 55' lang='lat' dir='ltr'><strong>prgsopograpbia,</strong></span> <span class='ocrx_word' id='word_1_670' title='bbox 1492 5171 1707 5244; x_wconf 80' lang='lat' dir='ltr'><strong>elegans</strong></span> <span class='ocrx_word' id='word_1_671' title='bbox 1737 5173 2019 5244; x_wconf 89' lang='lat' dir='ltr'><strong>imprimis,</strong></span> <span class='ocrx_word' id='word_1_672' title='bbox 2065 5176 2218 5244; x_wconf 80' lang='lat'><strong>117</strong></span> 
     </span>
    </p>
   </div>
   <div class='ocr_carea' id='block_1_104' title="bbox 646 5239 2209 5313">
    <p class='ocr_par' dir='ltr' id='par_1_104' title="bbox 646 5239 2209 5313">
     <span class='ocr_line' id='line_1_106' title="bbox 646 5239 2209 5313; baseline 0.003 -19"><span class='ocrx_word' id='word_1_673' title='bbox 646 5251 845 5313; x_wconf 79' lang='lat' dir='ltr'><strong>etquae</strong></span> <span class='ocrx_word' id='word_1_674' title='bbox 886 5239 1193 5313; x_wconf 59' lang='lat' dir='ltr'><strong>Claudianus</strong></span> <span class='ocrx_word' id='word_1_675' title='bbox 1224 5242 1277 5294; x_wconf 91' lang='lat' dir='ltr'><strong>in</strong></span> <span class='ocrx_word' id='word_1_676' title='bbox 1320 5239 1597 5313; x_wconf 78' lang='lat' dir='ltr'><strong>consulatu</strong></span> <span class='ocrx_word' id='word_1_677' title='bbox 1637 5239 1836 5313; x_wconf 82' lang='lat' dir='ltr'><strong>Olybrii</strong></span> <span class='ocrx_word' id='word_1_678' title='bbox 1877 5255 1931 5298; x_wconf 89' lang='lat' dir='ltr'><strong>et</strong></span> <span class='ocrx_word' id='word_1_679' title='bbox 1972 5239 2209 5311; x_wconf 48' lang='lat' dir='ltr'><strong>ProTn&#39;ni&#39;,</strong></span> 
     </span>
    </p>
   </div>
   <div class='ocr_carea' id='block_1_105' title="bbox 644 5310 2207 5381">
    <p class='ocr_par' dir='ltr' id='par_1_105' title="bbox 644 5310 2207 5381">
     <span class='ocr_line' id='line_1_107' title="bbox 644 5310 2207 5381; baseline 0.002 -16"><span class='ocrx_word' id='word_1_680' title='bbox 644 5312 709 5367; x_wconf 85' lang='lat' dir='ltr'><strong>ad</strong></span> <span class='ocrx_word' id='word_1_681' title='bbox 755 5310 907 5379; x_wconf 87' lang='lat' dir='ltr'><strong>cujus</strong></span> <span class='ocrx_word' id='word_1_682' title='bbox 936 5311 1240 5379; x_wconf 79' lang='lat' dir='ltr'><strong>exemplum</strong></span> <span class='ocrx_word' id='word_1_683' title='bbox 1288 5310 1464 5366; x_wconf 82' lang='lat' dir='ltr'><strong>effleta</strong></span> <span class='ocrx_word' id='word_1_684' title='bbox 1508 5310 1739 5377; x_wconf 78' lang='lat' dir='ltr'><strong>videtur,</strong></span> <span class='ocrx_word' id='word_1_685' title='bbox 1773 5326 1956 5381; x_wconf 85' lang='lat' dir='ltr'><strong>parum</strong></span> <span class='ocrx_word' id='word_1_686' title='bbox 1999 5313 2207 5368; x_wconf 87' lang='lat' dir='ltr'><strong>debeat.</strong></span> 
     </span>
    </p>
   </div>
   <div class='ocr_carea' id='block_1_106' title="bbox 645 5380 2206 5451">
    <p class='ocr_par' dir='ltr' id='par_1_106' title="bbox 645 5380 2206 5451">
     <span class='ocr_line' id='line_1_108' title="bbox 645 5380 2206 5451; baseline 0.003 -17"><span class='ocrx_word' id='word_1_687' title='bbox 645 5382 809 5435; x_wconf 85' lang='lat' dir='ltr'><strong>Porro</strong></span> <span class='ocrx_word' id='word_1_688' title='bbox 842 5381 1143 5451; x_wconf 85' lang='lat' dir='ltr'><strong>panegyrici</strong></span> <span class='ocrx_word' id='word_1_689' title='bbox 1173 5380 1328 5450; x_wconf 88' lang='lat' dir='ltr'><strong>hujus</strong></span> <span class='ocrx_word' id='word_1_690' title='bbox 1356 5392 1535 5449; x_wconf 88' lang='lat' dir='ltr'><strong>partes</strong></span> <span class='ocrx_word' id='word_1_691' title='bbox 1580 5380 1859 5450; x_wconf 61' lang='lat' dir='ltr'><strong>praecipua:</strong></span> <span class='ocrx_word' id='word_1_692' title='bbox 1905 5393 2027 5437; x_wconf 89' lang='lat' dir='ltr'><strong>sunt</strong></span> <span class='ocrx_word' id='word_1_693' title='bbox 2071 5386 2206 5451; x_wconf 68' lang='lat' dir='ltr'><strong>dum,</strong></span> 
     </span>
    </p>
   </div>
   <div class='ocr_carea' id='block_1_107' title="bbox 643 5450 2209 5521">
    <p class='ocr_par' dir='ltr' id='par_1_107' title="bbox 643 5450 2209 5521">
     <span class='ocr_line' id='line_1_109' title="bbox 643 5450 2209 5521; baseline 0.005 -20"><span class='ocrx_word' id='word_1_694' title='bbox 643 5466 863 5519; x_wconf 67' lang='lat' dir='ltr'><strong>quarum</strong></span> <span class='ocrx_word' id='word_1_695' title='bbox 898 5450 1118 5505; x_wconf 83' lang='lat' dir='ltr'><strong>alteram</strong></span> <span class='ocrx_word' id='word_1_696' title='bbox 1154 5454 1263 5507; x_wconf 88' lang='lat' dir='ltr'><strong>fere</strong></span> <span class='ocrx_word' id='word_1_697' title='bbox 1293 5460 1518 5521; x_wconf 88' lang='lat' dir='ltr'><strong>occupat</strong></span> <span class='ocrx_word' id='word_1_698' title='bbox 1546 5454 1739 5509; x_wconf 76' lang='lat' dir='ltr'><strong>Africae</strong></span> <span class='ocrx_word' id='word_1_699' title='bbox 1783 5456 1951 5507; x_wconf 88' lang='lat' dir='ltr'><strong>oratio</strong></span> <span class='ocrx_word' id='word_1_700' title='bbox 1988 5455 2209 5509; x_wconf 84' lang='lat' dir='ltr'><strong>Romam</strong></span> 
     </span>
    </p>
   </div>
   <div class='ocr_carea' id='block_1_108' title="bbox 643 5522 2215 5600">
    <p class='ocr_par' dir='ltr' id='par_1_108' title="bbox 643 5522 2215 5600">
     <span class='ocr_line' id='line_1_110' title="bbox 643 5522 2215 5600; baseline 0.005 -27"><span class='ocrx_word' id='word_1_701' title='bbox 643 5522 939 5600; x_wconf 64' lang='lat' dir='ltr'><strong>exorantia2</strong></span> <span class='ocrx_word' id='word_1_702' title='bbox 972 5530 1029 5575; x_wconf 90' lang='lat' dir='ltr'><strong>ut</strong></span> <span class='ocrx_word' id='word_1_703' title='bbox 1059 5522 1380 5600; x_wconf 77' lang='lat' dir='ltr'><strong>Majoriauus</strong></span> <span class='ocrx_word' id='word_1_704' title='bbox 1412 5524 1669 5579; x_wconf 81' lang='lat' dir='ltr'><strong>adversus</strong></span> <span class='ocrx_word' id='word_1_705' title='bbox 1698 5522 2043 5579; x_wconf 89' lang='lat' dir='ltr'><strong>Gensericum</strong></span> <span class='ocrx_word' id='word_1_706' title='bbox 2075 5526 2215 5581; x_wconf 92' lang='lat' dir='ltr'><strong>ultor</strong></span> 
     </span>
    </p>
   </div>
   <div class='ocr_carea' id='block_1_109' title="bbox 644 5592 2210 5663">
    <p class='ocr_par' dir='ltr' id='par_1_109' title="bbox 644 5592 2210 5663">
     <span class='ocr_line' id='line_1_111' title="bbox 644 5592 2210 5663; baseline 0.006 -23"><span class='ocrx_word' id='word_1_707' title='bbox 644 5592 821 5643; x_wconf 88' lang='lat' dir='ltr'><strong>veniat</strong></span> <span class='ocrx_word' id='word_1_708' title='bbox 849 5592 1115 5663; x_wconf 74' lang='lat' dir='ltr'><strong>:_al_teram</strong></span> <span class='ocrx_word' id='word_1_709' title='bbox 1152 5602 1301 5660; x_wconf 88' lang='lat' dir='ltr'><strong>poeta</strong></span> <span class='ocrx_word' id='word_1_710' title='bbox 1355 5594 1469 5661; x_wconf 88' lang='lat' dir='ltr'><strong>ipse</strong></span> <span class='ocrx_word' id='word_1_711' title='bbox 1516 5604 1703 5663; x_wconf 85' lang='lat' dir='ltr'><strong>suapte</strong></span> <span class='ocrx_word' id='word_1_712' title='bbox 1753 5611 1813 5647; x_wconf 71' lang='lat' dir='ltr'><strong>ex</strong></span> <span class='ocrx_word' id='word_1_713' title='bbox 1867 5611 2091 5663; x_wconf 88' lang='lat' dir='ltr'><strong>persona</strong></span> <span class='ocrx_word' id='word_1_714' title='bbox 2138 5599 2210 5651; x_wconf 96' lang='lat' dir='ltr'><strong>lo-</strong></span> 
     </span>
    </p>
   </div>
   <div class='ocr_carea' id='block_1_110' title="bbox 644 5660 2212 5735">
    <p class='ocr_par' dir='ltr' id='par_1_110' title="bbox 644 5660 2212 5735">
     <span class='ocr_line' id='line_1_112' title="bbox 644 5660 2212 5735; baseline 0.004 -22"><span class='ocrx_word' id='word_1_715' title='bbox 644 5673 833 5735; x_wconf 82' lang='lat' dir='ltr'><strong>quens.</strong></span> <span class='ocrx_word' id='word_1_716' title='bbox 860 5660 915 5712; x_wconf 90' lang='lat' dir='ltr'><strong>In</strong></span> <span class='ocrx_word' id='word_1_717' title='bbox 943 5660 1029 5713; x_wconf 89' lang='lat' dir='ltr'><strong>illa</strong></span> <span class='ocrx_word' id='word_1_718' title='bbox 1058 5662 1334 5730; x_wconf 85' lang='lat' dir='ltr'><strong>Majoriani</strong></span> <span class='ocrx_word' id='word_1_719' title='bbox 1376 5660 1559 5719; x_wconf 89' lang='lat' dir='ltr'><strong>laudes</strong></span> <span class='ocrx_word' id='word_1_720' title='bbox 1599 5660 1661 5719; x_wconf 80' lang='lat' dir='ltr'><strong>ex</strong></span> <span class='ocrx_word' id='word_1_721' title='bbox 1700 5667 1763 5721; x_wconf 89' lang='lat' dir='ltr'><strong>iis</strong></span> <span class='ocrx_word' id='word_1_722' title='bbox 1792 5660 1936 5721; x_wconf 85' lang='lat' dir='ltr'><strong>ducit</strong></span> <span class='ocrx_word' id='word_1_723' title='bbox 1965 5682 2083 5735; x_wconf 64' lang='lat' dir='ltr'><strong>quae</strong></span> <span class='ocrx_word' id='word_1_724' title='bbox 2115 5668 2212 5721; x_wconf 88' lang='lat' dir='ltr'><strong>im-</strong></span> 
     </span>
    </p>
   </div>
   <div class='ocr_carea' id='block_1_111' title="bbox 597 5731 2209 5808">
    <p class='ocr_par' dir='ltr' id='par_1_111' title="bbox 597 5731 2209 5808">
     <span class='ocr_line' id='line_1_113' title="bbox 597 5731 2209 5808; baseline 0.005 -25"><span class='ocrx_word' id='word_1_725' title='bbox 597 5764 603 5769; x_wconf 95' lang='lat'><strong><em>-</em></strong></span> <span class='ocrx_word' id='word_1_726' title='bbox 641 5731 849 5808; x_wconf 77' lang='lat' dir='ltr'><strong>perium</strong></span> <span class='ocrx_word' id='word_1_727' title='bbox 881 5740 1313 5808; x_wconf 70' lang='lat' dir='ltr'><strong>antecesserunt;</strong></span> <span class='ocrx_word' id='word_1_728' title='bbox 1352 5736 1401 5788; x_wconf 92' lang='lat' dir='ltr'><strong>in</strong></span> <span class='ocrx_word' id='word_1_729' title='bbox 1437 5736 1532 5791; x_wconf 88' lang='lat' dir='ltr'><strong>hac</strong></span> <span class='ocrx_word' id='word_1_730' title='bbox 1560 5738 1757 5808; x_wconf 90' lang='lat' dir='ltr'><strong>reliqua</strong></span> <span class='ocrx_word' id='word_1_731' title='bbox 1783 5731 2117 5808; x_wconf 81' lang='lat' dir='ltr'><strong>persequitur</strong></span> <span class='ocrx_word' id='word_1_732' title='bbox 2143 5738 2209 5792; x_wconf 86' lang='lat' dir='ltr'><strong>ad</strong></span> 
     </span>
    </p>
   </div>
   <div class='ocr_carea' id='block_1_112' title="bbox 642 5800 1569 5873">
    <p class='ocr_par' dir='ltr' id='par_1_112' title="bbox 642 5800 1569 5873">
     <span class='ocr_line' id='line_1_114' title="bbox 642 5800 1569 5873; baseline 0.003 -17"><span class='ocrx_word' id='word_1_733' title='bbox 642 5800 928 5857; x_wconf 77' lang='lat' dir='ltr'><strong>adventum</strong></span> <span class='ocrx_word' id='word_1_734' title='bbox 959 5815 1122 5866; x_wconf 88' lang='lat' dir='ltr'><strong>usque</strong></span> <span class='ocrx_word' id='word_1_735' title='bbox 1147 5802 1569 5873; x_wconf 85' lang='lat' dir='ltr'><strong>Lugdunensem.</strong></span> 
     </span>
    </p>
   </div>
   <div class='ocr_carea' id='block_1_113' title="bbox 2331 4808 3869 4884">
    <p class='ocr_par' dir='ltr' id='par_1_113' title="bbox 2331 4808 3869 4884">
     <span class='ocr_line' id='line_1_115' title="bbox 2331 4808 3869 4884; baseline -0.008 -12"><span class='ocrx_word' id='word_1_736' title='bbox 2331 4808 2507 4875; x_wconf 73' lang='lat' dir='ltr'><strong>tamen</strong></span> <span class='ocrx_word' id='word_1_737' title='bbox 2534 4820 2784 4884; x_wconf 63' lang='lat' dir='ltr'><strong>caeruleo,</strong></span> <span class='ocrx_word' id='word_1_738' title='bbox 2815 4827 2867 4871; x_wconf 88' lang='lat' dir='ltr'><strong>et</strong></span> <span class='ocrx_word' id='word_1_739' title='bbox 2890 4814 2993 4870; x_wconf 88' lang='lat' dir='ltr'><strong>sub</strong></span> <span class='ocrx_word' id='word_1_740' title='bbox 3022 4808 3109 4868; x_wconf 61' lang='lat' dir='ltr'><strong>di&#39;o</strong></span> <span class='ocrx_word' id='word_1_741' title='bbox 3142 4815 3369 4882; x_wconf 86' lang='lat' dir='ltr'><strong>positum</strong></span> <span class='ocrx_word' id='word_1_742' title='bbox 3394 4808 3725 4879; x_wconf 85' lang='lat' dir='ltr'><strong>splendorem</strong></span> <span class='ocrx_word' id='word_1_743' title='bbox 3754 4808 3869 4884; x_wconf 72' lang='lat' dir='ltr'><strong>rapit</strong></span> 
     </span>
    </p>
   </div>
   <div class='ocr_carea' id='block_1_114' title="bbox 2329 4882 3869 4955">
    <p class='ocr_par' dir='ltr' id='par_1_114' title="bbox 2329 4882 3869 4955">
     <span class='ocr_line' id='line_1_116' title="bbox 2329 4882 3869 4955; baseline -0.01 -10"><span class='ocrx_word' id='word_1_744' title='bbox 2329 4892 2596 4955; x_wconf 88' lang='lat' dir='ltr'><strong>siderum;</strong></span> <span class='ocrx_word' id='word_1_745' title='bbox 2628 4882 2858 4942; x_wconf 89' lang='lat' dir='ltr'><strong>alterum</strong></span> <span class='ocrx_word' id='word_1_746' title='bbox 2900 4902 2931 4942; x_wconf 89' lang='lat' dir='ltr'><strong>e</strong></span> <span class='ocrx_word' id='word_1_747' title='bbox 2978 4886 3240 4939; x_wconf 83' lang='lat' dir='ltr'><strong>Lusitanis</strong></span> <span class='ocrx_word' id='word_1_748' title='bbox 3288 4885 3560 4955; x_wconf 76' lang='lat' dir='ltr'><strong>Hispania:</strong></span> <span class='ocrx_word' id='word_1_749' title='bbox 3612 4882 3869 4955; x_wconf 81' lang='lat' dir='ltr'><strong>littoribus,</strong></span> 
     </span>
    </p>
   </div>
   <div class='ocr_carea' id='block_1_115' title="bbox 2332 4951 3868 5026">
    <p class='ocr_par' dir='ltr' id='par_1_115' title="bbox 2332 4951 3868 5026">
     <span class='ocr_line' id='line_1_117' title="bbox 2332 4951 3868 5026; baseline -0.009 -11"><span class='ocrx_word' id='word_1_750' title='bbox 2332 4962 2413 5015; x_wconf 91' lang='lat' dir='ltr'><strong>cui</strong></span> <span class='ocrx_word' id='word_1_751' title='bbox 2442 4951 2592 5018; x_wconf 80' lang='lat' dir='ltr'><strong>color</strong></span> <span class='ocrx_word' id='word_1_752' title='bbox 2618 4969 2694 5014; x_wconf 89' lang='lat' dir='ltr'><strong>est</strong></span> <span class='ocrx_word' id='word_1_753' title='bbox 2726 4972 2891 5026; x_wconf 88' lang='lat' dir='ltr'><strong>prope</strong></span> <span class='ocrx_word' id='word_1_754' title='bbox 2929 4955 3186 5011; x_wconf 90' lang='lat' dir='ltr'><strong>rubentis.</strong></span> <span class='ocrx_word' id='word_1_755' title='bbox 3208 4951 3422 5026; x_wconf 12' lang='lat' dir='ltr'><strong>,Alludi‘t</strong></span> <span class='ocrx_word' id='word_1_756' title='bbox 3448 4954 3682 5013; x_wconf 82' lang='lat' dir='ltr'><strong>Ruricius</strong></span> <span class='ocrx_word' id='word_1_757' title='bbox 3706 4951 3793 5005; x_wconf 91' lang='lat' dir='ltr'><strong>lib.</strong></span> <span class='ocrx_word' id='word_1_758' title='bbox 3821 4965 3868 5009; x_wconf 76' lang='grc' dir='ltr'><strong>ιι.</strong></span> 
     </span>
    </p>
   </div>
   <div class='ocr_carea' id='block_1_116' title="bbox 2331 5025 3871 5101">
    <p class='ocr_par' dir='ltr' id='par_1_116' title="bbox 2331 5025 3871 5101">
     <span class='ocr_line' id='line_1_118' title="bbox 2331 5025 3871 5101; baseline -0.011 -14"><span class='ocrx_word' id='word_1_759' title='bbox 2331 5033 2488 5101; x_wconf 86' lang='lat' dir='ltr'><strong>epist.</strong></span> <span class='ocrx_word' id='word_1_760' title='bbox 2512 5033 2575 5085; x_wconf 72' lang='grc'><strong>14</strong></span> <span class='ocrx_word' id='word_1_761' title='bbox 2587 5025 2894 5086; x_wconf 63' lang='lat' dir='ltr'><strong>Ceraunim:</strong></span> <span class='ocrx_word' id='word_1_762' title='bbox 2918 5027 2983 5082; x_wconf 83' lang='lat' dir='ltr'><strong>Ut</strong></span> <span class='ocrx_word' id='word_1_763' title='bbox 3006 5030 3183 5101; x_wconf 68' lang='lat' dir='ltr'><strong>possis,</strong></span> <span class='ocrx_word' id='word_1_764' title='bbox 3205 5025 3392 5093; x_wconf 84' lang='lat' dir='ltr'><strong>inquit,</strong></span> <span class='ocrx_word' id='word_1_765' title='bbox 3409 5026 3691 5101; x_wconf 65' lang='lat' dir='ltr'><strong>secundum</strong></span> <span class='ocrx_word' id='word_1_766' title='bbox 3709 5036 3871 5101; x_wconf 71' lang='lat' dir='ltr'><strong>nomen</strong></span> 
     </span>
    </p>
   </div>
   <div class='ocr_carea' id='block_1_117' title="bbox 2331 5093 3866 5163">
    <p class='ocr_par' dir='ltr' id='par_1_117' title="bbox 2331 5093 3866 5163">
     <span class='ocr_line' id='line_1_119' title="bbox 2331 5093 3866 5163; baseline -0.007 -11"><span class='ocrx_word' id='word_1_767' title='bbox 2331 5093 2475 5155; x_wconf 62' lang='lat' dir='ltr'><strong>trium</strong></span> <span class='ocrx_word' id='word_1_768' title='bbox 2500 5117 2612 5154; x_wconf 86' lang='lat' dir='ltr'><strong>cum</strong></span> <span class='ocrx_word' id='word_1_769' title='bbox 2636 5101 2725 5154; x_wconf 79' lang='lat' dir='ltr'><strong>illa</strong></span> <span class='ocrx_word' id='word_1_770' title='bbox 2754 5101 3009 5153; x_wconf 83' lang='lat' dir='ltr'><strong>beatorum</strong></span> <span class='ocrx_word' id='word_1_771' title='bbox 3034 5097 3179 5149; x_wconf 84' lang='lat' dir='ltr'><strong>turba</strong></span> <span class='ocrx_word' id='word_1_772' title='bbox 3205 5111 3316 5148; x_wconf 81' lang='lat' dir='ltr'><strong>vera</strong></span> <span class='ocrx_word' id='word_1_773' title='bbox 3338 5096 3607 5163; x_wconf 79' lang='lat' dir='ltr'><strong>splendere</strong></span> <span class='ocrx_word' id='word_1_774' title='bbox 3635 5093 3866 5163; x_wconf 75' lang='lat' dir='ltr'><strong>ceraunia,</strong></span> 
     </span>
    </p>
   </div>
   <div class='ocr_carea' id='block_1_118' title="bbox 2331 5162 3867 5229">
    <p class='ocr_par' dir='ltr' id='par_1_118' title="bbox 2331 5162 3867 5229">
     <span class='ocr_line' id='line_1_120' title="bbox 2331 5162 3867 5229; baseline -0.008 -4"><span class='ocrx_word' id='word_1_775' title='bbox 2331 5183 2375 5225; x_wconf 85' lang='lat' dir='ltr'><strong>et</strong></span> <span class='ocrx_word' id='word_1_776' title='bbox 2420 5173 2648 5227; x_wconf 72' lang='lat' dir='ltr'><strong>t‘Ocabitli</strong></span> <span class='ocrx_word' id='word_1_777' title='bbox 2691 5172 2762 5224; x_wconf 84' lang='lat' dir='ltr'><strong>tui</strong></span> <span class='ocrx_word' id='word_1_778' title='bbox 2808 5179 2985 5223; x_wconf 78' lang='lat' dir='ltr'><strong>auctor</strong></span> <span class='ocrx_word' id='word_1_779' title='bbox 3034 5167 3266 5219; x_wconf 77' lang='lat' dir='ltr'><strong>existere.</strong></span> <span class='ocrx_word' id='word_1_780' title='bbox 3322 5167 3526 5220; x_wconf 80' lang='lat' dir='ltr'><strong>Nmnen</strong></span> <span class='ocrx_word' id='word_1_781' title='bbox 3568 5167 3702 5225; x_wconf 86' lang='lat' dir='ltr'><strong>inde.</strong></span> <span class='ocrx_word' id='word_1_782' title='bbox 3747 5162 3867 5229; x_wconf 87' lang='lat' dir='ltr'><strong>quod</strong></span> 
     </span>
    </p>
   </div>
   <div class='ocr_carea' id='block_1_119' title="bbox 2321 5236 3865 5323">
    <p class='ocr_par' dir='ltr' id='par_1_119' title="bbox 2321 5236 3865 5323">
     <span class='ocr_line' id='line_1_121' title="bbox 2321 5236 3865 5323; baseline -0.008 -27"><span class='ocrx_word' id='word_1_783' title='bbox 2321 5243 2449 5323; x_wconf 77' lang='lat' dir='ltr'><strong>alibi</strong></span> <span class='ocrx_word' id='word_1_784' title='bbox 2467 5257 2621 5323; x_wconf 79' lang='lat' dir='ltr'><strong>quam</strong></span> <span class='ocrx_word' id='word_1_785' title='bbox 2649 5242 2699 5294; x_wconf 92' lang='lat' dir='ltr'><strong>in</strong></span> <span class='ocrx_word' id='word_1_786' title='bbox 2731 5241 2858 5294; x_wconf 91' lang='lat' dir='ltr'><strong>locis</strong></span> <span class='ocrx_word' id='word_1_787' title='bbox 2879 5245 3121 5314; x_wconf 77' lang='grc' dir='ltr'><strong>κεραυνῷ,</strong></span> <span class='ocrx_word' id='word_1_788' title='bbox 3142 5236 3191 5289; x_wconf 90' lang='lat' dir='ltr'><strong>id</strong></span> <span class='ocrx_word' id='word_1_789' title='bbox 3217 5244 3298 5290; x_wconf 90' lang='lat' dir='ltr'><strong>est</strong></span> <span class='ocrx_word' id='word_1_790' title='bbox 3320 5236 3561 5302; x_wconf 87' lang='lat' dir='ltr'><strong>fulmine,</strong></span> <span class='ocrx_word' id='word_1_791' title='bbox 3593 5236 3751 5296; x_wconf 87' lang='lat' dir='ltr'><strong>tactis,</strong></span> <span class='ocrx_word' id='word_1_792' title='bbox 3777 5246 3865 5286; x_wconf 92' lang='lat' dir='ltr'><strong>non</strong></span> 
     </span>
    </p>
   </div>
   <div class='ocr_carea' id='block_1_120' title="bbox 2320 5314 2635 5367">
    <p class='ocr_par' dir='ltr' id='par_1_120' title="bbox 2320 5314 2635 5367">
     <span class='ocr_line' id='line_1_122' title="bbox 2320 5314 2635 5367; baseline -0.01 -1"><span class='ocrx_word' id='word_1_793' title='bbox 2320 5314 2635 5367; x_wconf 84' lang='lat' dir='ltr'><strong>inveniatur.</strong></span> 
     </span>
    </p>
   </div>
   <div class='ocr_carea' id='block_1_121' title="bbox 2394 5373 3869 5449">
    <p class='ocr_par' dir='ltr' id='par_1_121' title="bbox 2394 5373 3869 5449">
     <span class='ocr_line' id='line_1_123' title="bbox 2394 5373 3869 5449; baseline -0.007 -11"><span class='ocrx_word' id='word_1_794' title='bbox 2394 5393 2416 5420; x_wconf 74' lang='grc' dir='ltr'><strong>ο</strong></span> <span class='ocrx_word' id='word_1_795' title='bbox 2444 5383 2635 5437; x_wconf 69' lang='lat' dir='ltr'><strong>Africa}</strong></span> <span class='ocrx_word' id='word_1_796' title='bbox 2661 5382 2778 5435; x_wconf 88' lang='lat' dir='ltr'><strong>icon</strong></span> <span class='ocrx_word' id='word_1_797' title='bbox 2797 5390 2849 5433; x_wconf 86' lang='lat' dir='ltr'><strong>et</strong></span> <span class='ocrx_word' id='word_1_798' title='bbox 2874 5379 3059 5441; x_wconf 83' lang='lat' dir='ltr'><strong>oratio,</strong></span> <span class='ocrx_word' id='word_1_799' title='bbox 3076 5395 3194 5449; x_wconf 89' lang='lat' dir='ltr'><strong>quae</strong></span> <span class='ocrx_word' id='word_1_800' title='bbox 3219 5394 3324 5434; x_wconf 92' lang='lat' dir='ltr'><strong>non</strong></span> <span class='ocrx_word' id='word_1_801' title='bbox 3347 5393 3532 5448; x_wconf 91' lang='lat' dir='ltr'><strong>parum</strong></span> <span class='ocrx_word' id='word_1_802' title='bbox 3551 5373 3869 5449; x_wconf 70' lang='lat' dir='ltr'><strong>etiamliabet</strong></span> 
     </span>
    </p>
   </div>
   <div class='ocr_carea' id='block_1_122' title="bbox 2320 5445 3866 5521">
    <p class='ocr_par' dir='ltr' id='par_1_122' title="bbox 2320 5445 3866 5521">
     <span class='ocr_line' id='line_1_124' title="bbox 2320 5445 3866 5521; baseline -0.011 -11"><span class='ocrx_word' id='word_1_803' title='bbox 2320 5469 2350 5509; x_wconf 90' lang='lat' dir='ltr'><strong>e</strong></span> <span class='ocrx_word' id='word_1_804' title='bbox 2370 5454 2645 5510; x_wconf 88' lang='lat' dir='ltr'><strong>Claudiani</strong></span> <span class='ocrx_word' id='word_1_805' title='bbox 2676 5450 3018 5506; x_wconf 88' lang='lat' dir='ltr'><strong>Gildoniacis.</strong></span> <span class='ocrx_word' id='word_1_806' title='bbox 3044 5445 3119 5505; x_wconf 77' lang='lat' dir='ltr'><strong>lbi</strong></span> <span class='ocrx_word' id='word_1_807' title='bbox 3147 5445 3389 5521; x_wconf 73' lang='lat' dir='ltr'><strong>queritur</strong></span> <span class='ocrx_word' id='word_1_808' title='bbox 3418 5449 3503 5521; x_wconf 85' lang='lat' dir='ltr'><strong>illa</strong></span> <span class='ocrx_word' id='word_1_809' title='bbox 3527 5464 3588 5503; x_wconf 91' lang='lat' dir='ltr'><strong>se</strong></span> <span class='ocrx_word' id='word_1_810' title='bbox 3619 5445 3866 5521; x_wconf 78' lang='lat' dir='ltr'><strong>aGildonc</strong></span> 
     </span>
    </p>
   </div>
   <div class='ocr_carea' id='block_1_123' title="bbox 2321 5514 3914 5593">
    <p class='ocr_par' dir='ltr' id='par_1_123' title="bbox 2321 5514 3914 5593">
     <span class='ocr_line' id='line_1_125' title="bbox 2321 5514 3914 5593; baseline -0.004 -13"><span class='ocrx_word' id='word_1_811' title='bbox 2321 5538 2659 5593; x_wconf 86' lang='lat' dir='ltr'><strong>oppressam;</strong></span> <span class='ocrx_word' id='word_1_812' title='bbox 2716 5522 2799 5577; x_wconf 92' lang='lat' dir='ltr'><strong>hic</strong></span> <span class='ocrx_word' id='word_1_813' title='bbox 2838 5538 2863 5573; x_wconf 87' lang='lat' dir='ltr'><strong>a</strong></span> <span class='ocrx_word' id='word_1_814' title='bbox 2891 5514 3201 5585; x_wconf 72' lang='lat' dir='ltr'><strong>Genserico,</strong></span> <span class='ocrx_word' id='word_1_815' title='bbox 3229 5522 3315 5591; x_wconf 93' lang='lat' dir='ltr'><strong>qui</strong></span> <span class='ocrx_word' id='word_1_816' title='bbox 3344 5520 3598 5593; x_wconf 78' lang='lat' dir='ltr'><strong>Vandalis</strong></span> <span class='ocrx_word' id='word_1_817' title='bbox 3629 5514 3863 5593; x_wconf 49' lang='grc' dir='ltr'><strong>ἱιιᾼίξῐςπ</strong></span> <span class='ocrx_word' id='word_1_818' title='bbox 3909 5570 3914 5574; x_wconf 89' lang='grc'>.</span> 
     </span>
    </p>
   </div>
   <div class='ocr_carea' id='block_1_124' title="bbox 2321 5584 3867 5664">
    <p class='ocr_par' dir='ltr' id='par_1_124' title="bbox 2321 5584 3867 5664">
     <span class='ocr_line' id='line_1_126' title="bbox 2321 5584 3867 5664; baseline -0.01 -15"><span class='ocrx_word' id='word_1_819' title='bbox 2321 5584 2609 5664; x_wconf 78' lang='lat' dir='ltr'><strong>iiitperans,</strong></span> <span class='ocrx_word' id='word_1_820' title='bbox 2636 5584 2886 5653; x_wconf 74' lang='lat' dir='ltr'><strong>barbara,</strong></span> <span class='ocrx_word' id='word_1_821' title='bbox 2914 5601 2970 5645; x_wconf 88' lang='lat' dir='ltr'><strong>ut</strong></span> <span class='ocrx_word' id='word_1_822' title='bbox 2987 5593 3095 5664; x_wconf 68' lang='lat' dir='ltr'><strong>ait,</strong></span> <span class='ocrx_word' id='word_1_823' title='bbox 3117 5584 3325 5659; x_wconf 73' lang='lat' dir='ltr'><strong>sceptra</strong></span> <span class='ocrx_word' id='word_1_824' title='bbox 3349 5589 3558 5664; x_wconf 68' lang='lat' dir='ltr'><strong>tenebat</strong></span> <span class='ocrx_word' id='word_1_825' title='bbox 3579 5606 3592 5654; x_wconf 93' lang='lat'><strong>;</strong></span> <span class='ocrx_word' id='word_1_826' title='bbox 3617 5584 3867 5664; x_wconf 67' lang='lat' dir='ltr'><strong>nobilibus</strong></span> 
     </span>
    </p>
   </div>
   <div class='ocr_carea' id='block_1_125' title="bbox 2315 5661 3863 5731">
    <p class='ocr_par' dir='ltr' id='par_1_125' title="bbox 2315 5661 3863 5731">
     <span class='ocr_line' id='line_1_127' title="bbox 2315 5661 3863 5731; baseline -0.007 -13"><span class='ocrx_word' id='word_1_827' title='bbox 2315 5661 2729 5731; x_wconf 80' lang='lat' dir='ltr'><strong>honoratisque,</strong></span> <span class='ocrx_word' id='word_1_828' title='bbox 2790 5664 2929 5731; x_wconf 86' lang='lat' dir='ltr'><strong>quod</strong></span> <span class='ocrx_word' id='word_1_829' title='bbox 2984 5662 3210 5730; x_wconf 86' lang='lat' dir='ltr'><strong>Prosper</strong></span> <span class='ocrx_word' id='word_1_830' title='bbox 3256 5670 3310 5715; x_wconf 88' lang='lat' dir='ltr'><strong>et</strong></span> <span class='ocrx_word' id='word_1_831' title='bbox 3354 5661 3535 5715; x_wconf 80' lang='lat' dir='ltr'><strong>Victor</strong></span> <span class='ocrx_word' id='word_1_832' title='bbox 3580 5661 3863 5731; x_wconf 78' lang='lat' dir='ltr'><strong>observant.</strong></span> 
     </span>
    </p>
   </div>
   <div class='ocr_carea' id='block_1_126' title="bbox 2314 5727 3865 5805">
    <p class='ocr_par' dir='ltr' id='par_1_126' title="bbox 2314 5727 3865 5805">
     <span class='ocr_line' id='line_1_128' title="bbox 2314 5727 3865 5805; baseline -0.008 -16"><span class='ocrx_word' id='word_1_833' title='bbox 2314 5737 2579 5805; x_wconf 86' lang='lat' dir='ltr'><strong>praecipue</strong></span> <span class='ocrx_word' id='word_1_834' title='bbox 2608 5727 2847 5805; x_wconf 77' lang='lat' dir='ltr'><strong>infestus.</strong></span> <span class='ocrx_word' id='word_1_835' title='bbox 2896 5727 3133 5805; x_wconf 56' lang='lat' dir='ltr'><strong>Romani</strong></span> <span class='ocrx_word' id='word_1_836' title='bbox 3158 5734 3313 5787; x_wconf 86' lang='lat' dir='ltr'><strong>etiam</strong></span> <span class='ocrx_word' id='word_1_837' title='bbox 3348 5732 3578 5786; x_wconf 87' lang='lat' dir='ltr'><strong>triennio</strong></span> <span class='ocrx_word' id='word_1_838' title='bbox 3613 5740 3728 5783; x_wconf 87' lang='lat' dir='ltr'><strong>ante</strong></span> <span class='ocrx_word' id='word_1_839' title='bbox 3767 5727 3865 5778; x_wconf 63' lang='lat' dir='ltr'><strong>haec</strong></span> 
     </span>
    </p>
   </div>
   <div class='ocr_carea' id='block_1_127' title="bbox 2314 5803 3150 5874">
    <p class='ocr_par' dir='ltr' id='par_1_127' title="bbox 2314 5803 3150 5874">
     <span class='ocr_line' id='line_1_129' title="bbox 2314 5803 3150 5874; baseline -0.005 -15"><span class='ocrx_word' id='word_1_840' title='bbox 2314 5803 2517 5874; x_wconf 77' lang='lat' dir='ltr'><strong>captant</strong></span> <span class='ocrx_word' id='word_1_841' title='bbox 2542 5806 2651 5859; x_wconf 90' lang='lat' dir='ltr'><strong>suis</strong></span> <span class='ocrx_word' id='word_1_842' title='bbox 2670 5803 2856 5874; x_wconf 87' lang='lat' dir='ltr'><strong>opibus</strong></span> <span class='ocrx_word' id='word_1_843' title='bbox 2881 5804 3150 5873; x_wconf 79' lang='lat' dir='ltr'><strong>spoliarat.</strong></span> 
     </span>
    </p>
   </div>
  </div>
