4060 6332
248 292 341 351 661

251 416 460 483 Sceptra
489 414 630 464 tenet
658 406 854 463 tellure
880 419 1017 470 mea,
1052 406 1368 476 penitusque
1395 402 1572 473 fugata

254 503 526 562 Nobilitate
555 498 763 561 furens.
798 497 941 568 quod
968 510 1072 551 non
1103 504 1208 563 est,
1241 509 1346 550 non
1377 500 1521 549 amat
1546 493 1763 564 hospes.

251 596 292 653 0
313 593 441 650 Latii
468 590 641 660 sopite
669 588 822 660 vigor
851 597 937 643 tua
968 588 1166 643 mmnia
1194 584 1329 641 ridet

253 683 449 747 insidiis
473 682 701 739 cessisse
724 680 874 735 suis:
908 695 1013 734 non
1042 678 1285 735 concutis
1313 676 1556 733 hastam?

252 779 356 835 Non
386 789 482 846 pro
507 772 693 829 mevel
720 778 872 842 capt'a
900 771 1091 827 doles?
1115 781 1200 827 tua
1234 785 1426 841 nempe
1449 778 1703 842 putantur

249 869 469 939 Surgere
493 865 602 921 fata
629 864 802 929 malis,
824 871 880 921 et
906 864 1100 920 celsior
1130 878 1249 920 esse
1276 864 1452 919 ruina.

248 960 346 1019 Sed
372 958 589 1027 melius,
606 971 713 1028 quo
735 965 907 1013 terror
936 956 1047 1013 abit
1071 975 1082 1009 :
1110 956 1218 1028 jam
1243 956 1463 1012 vincere
1489 964 1657 1012 restat

249 1053 303 1111 Si
330 1064 548 1123 pugnas,
580 1058 639 1106 ut
664 1050 801 1105 victa
829 1048 993 1105 soles.
1024 1057 1050 1086 α
1078 1048 1352 1106 Porsenna
1378 1048 1667 1119 superbum

248 1144 586 1215 Tarquinium
611 1142 932 1213 impingens,
962 1142 1252 1212 complevit
1280 1142 1448 1199 milite
1477 1141 1693 1197 Thusco

246 1228 540 1296 laniculum
565 1234 868 1305 quondam;
898 1234 993 1291 sed
1013 1234 1141 1290 dum
1173 1248 1522 1305 perrumpere
1546 1243 1727 1305 portas

245 1327 535 1388 Obsidione
560 1335 736 1397 parat,
766 1336 931 1383 totam
954 1335 1004 1383 te
1032 1328 1251 1396 pertulit
1280 1340 1387 1382 uno

243 1420 461 1479 Coclitis
485 1420 539 1476 in
562 1419 779 1492 clypeo;
810 1430 1122 1491 presserunt
1147 1420 1307 1477 millia
1337 1421 1511 1477 solum

244 1511 395 1569 Multa
415 1511 621 1582 virum,
643 1511 911 1582 pendente
941 1512 1061 1577 via;
1092 1528 1191 1568 nec
1220 1521 1381 1585 ponte
1407 1515 1585 1570 soluto

240 1605 392 1676 311
421 1601 559 1660 Cum
580 1602 821 1669 caderet,
848 1602 1061 1661 cecidit.
1092 1603 1204 1660 Rex
1234 1604 1375 1660 idem
1394 1607 1624 1677 denique
1646 1612 1827 1662 morte

242 1694 567 1751 Admonitus
587 1694 779 1751 scribat
809 1693 999 1751 didicit
1026 1695 1126 1751 sibi
1159 1696 1301 1751 bella
1330 1699 1552 1765 moveri,

176 1819 188 1831 -
241 1786 348 1842 Non
378 1786 559 1841 solum
591 1801 713 1843 cum
744 1787 881 1843 bella
911 1789 1116 1852 forent;
1148 1803 1271 1844 mox
1301 1803 1431 1859 pace
1455 1792 1636 1859 petita,

240 1879 295 1935 In
322 1895 550 1952 regnum
582 1881 760 1946 rediit,
800 1896 903 1936 tum
938 1893 1044 1937 tam
1075 1881 1298 1937 feriente
1329 1883 1561 1953 fugatus,

238 1973 402 2041 Quam
438 1973 698 2043 ﬂagrante
727 1975 843 2028 viro
870 1991 884 2029 :
911 1982 1137 2043 steterat
1163 1992 1285 2030 nam
1314 1978 1476 2033 corde
1505 1978 1681 2048 gelato
1708 1980 1715 1985 '

240 2066 504 2130 Scaevola,
538 2076 594 2129 et
617 2068 861 2139 apposito
890 2067 1131 2123 dextram
1159 2070 1507 2126 damnaverat
1530 2072 1661 2141 igni,

240 2156 363 2214 Plus
391 2158 524 2213 felix
557 2168 813 2229 peccante
839 2175 1021 2225 manu,
1049 2175 1171 2215 cum
1198 2160 1331 2215 forte
1359 2162 1575 2217 satelles

240 2249 495 2317 Palleret,
529 2259 813 2306 constante
840 2265 954 2313 reo.
989 2261 1359 2321 tormentaque
1387 2256 1527 2323 capti

241 2344 286 2398 ls
309 2344 544 2417 fugeret,
575 2344 666 2415 qui
697 2354 869 2400 tortor
898 2345 1033 2401 erat.
1067 2346 1333 2402 Brennum
1368 2348 1629 2404 tremuisti

238 2434 362 2491 Post
389 2435 589 2491 melior
616 2455 627 2490 τ
654 2437 1007 2508 quodcunque
1040 2448 1187 2493 tuum
1220 2447 1325 2504 est,
1351 2440 1706 2513 quodcunque
1736 2457 1826 2497 vo-

1583 2533 1601 2606 [
1619 2535 1759 2590 caris

238 2621 359 2689 lam
379 2621 535 2678 solus
562 2622 820 2693 Tarpeius
845 2632 991 2690 erat;
1023 2624 1117 2679 sed
1147 2625 1381 2695 reppulit
1405 2641 1541 2681 unus

240 2714 370 2771 Tum
390 2732 609 2789 quoque
628 2726 790 2773 totam
810 2718 999 2786 aciem,
1020 2718 1259 2774 Senones
1275 2719 1400 2774 dum
1416 2722 1658 2789 garrulus
1671 2735 1831 2778 anser

240 2809 483 2877 Nuntiat,
521 2819 574 2866 et
598 2812 784 2883 vigilat
810 2820 1044 2867 vestrum
1071 2814 1186 2867 sine
1216 2813 1385 2868 milite
1416 2814 1602 2870 fatum.

240 2902 323 2959 Mc
350 2918 567 2974 quoque
600 2904 688 2976 (da
719 2907 953 2970 veniam,
982 2906 1121 2975 quod
1151 2905 1347 2961 bellum
1368 2907 1629 2976 gessimus
1650 2908 1801 2978 olim)

239 2991 365 3051 Post
390 2997 645 3071 Trebiam
676 2998 996 3069 Cannasque
1019 2999 1205 3054 domas
1231 3020 1241 3052 :
1271 3001 1618 3073 Romanaque
1641 3012 1778 3058 tecta

242 3089 510 3146 Hannibal
537 3100 662 3146 ante
693 3106 869 3158 meus,
902 3107 1058 3160 quam
1091 3100 1273 3147 nostra
1303 3094 1481 3164 Scipio
1511 3095 1664 3150 vidit.

238 3181 376 3249 Quid
406 3184 618 3239 merui?
642 3184 764 3239 fatis
792 3198 955 3253 cogor
990 3184 1082 3240 tibi
1113 3186 1247 3241 bella
1282 3202 1522 3253 movere,

235 3272 373 3327 Cum
401 3273 551 3339 volo,
571 3289 697 3329 cum
730 3275 856 3329 nolo
883 3291 896 3332 :
923 3275 1162 3346 trepidus
1190 3288 1241 3332 te
1269 3279 1477 3333 territat
1507 3278 1696 3344 hostis,

234 3366 344 3421 Sed
375 3375 521 3422 tutus
552 3367 835 3425 claudente
866 3368 1026 3436 freto,
1061 3370 1209 3425 velut
1241 3370 1485 3443 hispidus
1515 3372 1618 3427 alta

232 3455 347 3513 Sus
383 3470 550 3526 prope
572 3465 754 3525 tesqua
777 3457 941 3527 jacet,
971 3458 1292 3529 claususque
1316 3463 1620 3516 cacuminat
1646 3461 1780 3516 albis

234 3553 316 3605 Us
343 3549 557 3616 nigrum
585 3549 705 3605 telis
731 3549 1034 3620 gravidum,
1066 3553 1432 3607 circumlatrat
1462 3556 1649 3624 ingens

234 3643 435 3700 Turba
460 3658 672 3707 canum,
703 3642 749 3697 si
777 3643 916 3699 forte
945 3645 1073 3699 velit
1098 3660 1421 3702 concurrere
1449 3662 1639 3717 campo
1667 3667 1677 3702 :

235 3734 339 3790 Ille
365 3748 466 3804 per
494 3733 734 3803 obiectos
760 3747 953 3807 vepres
976 3742 1145 3789 tumet
1173 3744 1332 3806 atque
1362 3737 1626 3806 superbit,

238 3828 306 3883 Vi
336 3829 540 3895 tenuis,
567 3826 829 3898 fortisque
851 3827 989 3894 loco,
1019 3827 1146 3883 dum
1179 3830 1451 3899 proximus
1478 3831 1570 3885 Eia

236 3920 487 3976 Venator
514 3920 583 3976 de
604 3920 741 3977 colle
771 3929 928 3977 sonet
953 3938 965 3977 :
997 3936 1099 3976 vox
1140 3931 1266 3978 nota
1290 3924 1533 3994 magistri

239 4002 531 4071 Lassatam
558 4022 771 4083 reparat
800 4012 1004 4070 rabiem
1029 4031 1042 4067 :
1068 4023 1180 4069 tum
1212 4016 1432 4071 vulnera
1464 4033 1637 4073 caecus

240 4105 478 4163 Fastidit
501 4107 700 4162 sentire
725 4105 890 4161 furor.
919 4106 1055 4175 Quid
1084 4108 1267 4177 praelia
1300 4107 1520 4162 differs?

317 4256 345 4286 ι
374 4247 531 4315 Quod
559 4248 869 4316 Porsennae,
888 4248 1422 4312 Brenno,Hannibali
1450 4250 1717 4318 quondam
1744 4265 1836 4306 ac-

242 4320 401 4392 cidit,
436 4328 548 4373 uta
572 4319 829 4392 Romanis
858 4330 977 4388 post
998 4318 1261 4392 maximas
1284 4320 1462 4374 clades
1495 4331 1836 4392 terroresque

243 4391 703 4463 proﬂigarentur,
769 4390 909 4445 idem
948 4406 1104 4463 nunc
1163 4389 1459 4446 Genserico
1514 4389 1832 4447 eventurum

243 4462 501 4530 Spondet,
533 4462 578 4516 si
595 4462 917 4531 Maiorianus
946 4462 998 4515 in
1024 4478 1143 4516 eum
1171 4477 1318 4515 arma
1342 4472 1620 4517 convertat
1644 4479 1657 4519 :
1682 4466 1834 4532 quasi

1688 277 2014 335 CARMINA.

1844 402 1895 465 Α
1920 400 2057 469 Quid
2089 414 2235 457 mare
2260 402 2534 473 formidas,
2559 418 2655 474 pro
2677 405 2831 473 cujus
2859 417 3001 473 stepe
3033 404 3320 475 triumphis

3397 289 3505 353 661

1922 492 1989 548 Et
2016 495 2211 550 coelum
2239 509 2476 565 pugnare
2499 494 2666 552 solet?
2697 497 2835 566 Quid
2863 497 3007 569 quod
3041 497 3134 553 tibi
3163 498 3413 569 princeps

1921 587 2010 641 Est
2037 602 2176 643 nunc
2199 586 2445 655 eximius,
2475 605 2633 659 quem
2661 592 2883 661 praescia
2902 591 3099 647 saecula
3119 591 3355 647 clamant

1919 680 2079 753 312
2100 680 2393 737 Venturum
2421 682 2629 737 excidio
2658 682 2859 755 Libyae,
2891 683 2981 753 qui
3010 684 3201 740 tertius
3228 698 3298 740 ex
3324 697 3409 739 me

1921 778 2165 848 Accipiet
2190 778 2422 833 nomen?
2447 777 2647 833 debent
2668 779 2767 833 hoc
2795 779 2898 833 fata
2925 779 3117 847 labori,

1921 870 2230 941 Maioriane,
2258 878 2348 925 tuo
2378 887 2390 924 :
2418 884 2574 939 quem
2602 885 2698 924 cur
2723 871 3086 927 conscendere
3113 871 3365 938 classem,

1920 966 1997 1019 Ac
2024 973 2207 1034 portus
2236 964 2435 1017 intrare
2464 976 2630 1028 meas,
2663 962 2955 1032 urbemque
2987 963 3184 1029 subire,

1922 1061 1977 1115 Si
1997 1060 2208 1128 iubeas,
2238 1060 2469 1126 cupiam,
2501 1057 2689 1127 paucis
2719 1071 2780 1111 ex
2816 1055 3004 1112 ordine
3032 1056 3200 1113 fabor.

1992 1152 2182 1209 Fertur
2207 1152 2499 1208 Pannoniae
2525 1166 2625 1222 qua
2654 1150 2680 1189 ι)
2707 1150 2892 1205 Martia
2920 1151 3084 1221 pollet
3110 1151 3364 1218 Acincus,

1924 1246 2195 1316 Illyricum
2223 1245 2429 1300 rexisse
2457 1243 2629 1299 solum
2648 1257 2769 1299 cum
2802 1244 3057 1299 tractibus
3079 1243 3197 1298 l5tri

1924 1338 2092 1406 Hujus
2124 1352 2285 1402 avus;
2320 1351 2440 1391 nam
2474 1334 2945 1407 Theudosius'quo
2974 1345 3215 1405 tempore
3243 1334 3403 1392 Sirmi

1925 1432 2217 1503 Augustum
2246 1432 2475 1501 sumpsit
2500 1428 2726 1497 nomen,
2759 1445 2855 1500 per
2881 1420 3161 1499 utramque
3189 1429 3491 1500 magistron

1926 1523 2188 1588 Militiam,
2223 1522 2289 1577 ad
2318 1530 2495 1592 partes
2525 1514 2685 1593 regni
2704 1531 2958 1577 venturus
2986 1536 3111 1577 eoas
3130 1561 3147 1588 ,

1926 1615 2278 1684 Maiorianum
2304 1613 2508 1668 habuit.
2543 1613 2707 1668 Latiis
2727 1622 2852 1668 sunt
2880 1612 3093 1668 condita
3119 1610 3271 1668 fastis

1927 1706 2085 1762 Facta
2107 1706 2259 1762 ducis
2282 1722 2296 1760 :
2319 1704 2529 1776 quoties
2555 1704 2823 1777 Scythicis
2848 1706 2990 1761 illata
3018 1686 3225 1760 colonis

1849 1792 1897 1854 Β
1923 1799 2154 1855 Classica
2187 1809 2495 1869 presserunt
2525 1798 2809 1871 Hypanim,
2844 1798 3180 1866 Peucemque
3214 1799 3321 1861 γὶμι-

1928 1893 2109 1949 Monte
2135 1893 2376 1948 salutatis
2407 1890 2572 1947 irrisit
2608 1891 2715 1946 lixa
2744 1891 2983 1961 pruinis?
3018 1922 3023 1927 ι

1928 1984 2080 2040 Hmc
2109 1999 2354 2040 socerum
2386 1994 2536 2055 pater
2562 1982 2719 2055 hujus
2751 1983 2938 2049 habet,
2968 1983 3054 2038 vir
3081 1983 3290 2052 clarus,
3322 1992 3375 2039 et
3403 1998 3503 2038 uno

1927 2080 2181 2137 Culmine
2208 2080 2413 2136 militia:
2440 2064 2653 2149 semper
2681 2087 2983 2144 contentus,
3016 2086 3073 2132 ut
3103 2092 3266 2131 unum

1926 2174 2152 2231 Casibus
2180 2174 2232 2228 in
2262 2174 2440 2228 dubiis
2463 2172 2678 2249 junctus
2706 2182 3024 2243 sequeretur
3043 2172 3296 2226 amicum.

1928 2265 2044 2321 Non
2073 2266 2240 2321 semel
2270 2265 2461 2320 oblatis
2490 2266 2713 2319 tentavit
2742 2263 2970 2318 fascibus
3001 2262 3150 2316 illum

1929 2356 2086 2412 Aetio
2110 2370 2301 2427 rapere
2324 2355 2445 2410 aula
2474 2368 2600 2419 suo;
2636 2354 2727 2410 sed
2759 2352 2993 2423 perstitit
3021 2352 3111 2407 ille

1930 2448 2098 2518 Maior
2118 2446 2393 2503 honoratis
2423 2464 2434 2499 :
2467 2446 2631 2516 cmpit
2655 2445 2941 2516 pretiosior
2969 2457 3120 2509 esse,

1930 2541 2023 2598 Sic
2048 2541 2221 2611 pretio
2243 2555 2348 2595 non
2372 2548 2524 2609 capta
2556 2538 2688 2593 ﬁdes
2709 2554 2723 2604 ;
2748 2547 2864 2593 erat
2893 2537 2981 2592 ille
3007 2534 3147 2606 quod
3173 2535 3299 2589 olim

1930 2634 2178 2702 Qutcstor
2204 2632 2539 2697 consulibus,
2570 2630 2828 2686 tractabat
2860 2631 3066 2699 publica
3090 2629 3212 2699 jure

1933 2726 2064 2782 IEra
2093 2740 2213 2793 suo,
2247 2734 2557 2794 tantumque
2585 2724 2801 2779 modum
2830 2723 3100 2787 servabat,
3127 2732 3183 2777 ut
3205 2722 3354 2777 illum

1933 2817 2185 2873 Narraret
2210 2831 2397 2871 rumor
2416 2816 2526 2885 iam
2555 2815 2718 2870 rebus
2748 2828 2969 2884 parcere
2994 2814 3126 2868 nati.

1932 2910 2187 2966 Senserat
2209 2909 2309 2964 hoc
2332 2908 2424 2964 sed
2449 2908 2585 2963 forte
2612 2918 2632 2945 ο
2666 2907 2819 2961 ducis
2844 2907 2952 2975 iam
2983 2906 3139 2961 livida
3169 2906 3396 2972 coniux;

1934 3004 2129 3074 Augeri
2157 3004 2351 3058 famam
2384 3003 2555 3073 pueri,
2583 3001 2886 3072 suffusaque
2912 3001 3025 3069 bili,

1935 3095 2171 3153 Coxerat
2195 3097 2462 3154 internum
2487 3110 2582 3165 per
2609 3093 2836 3151 barbara
2860 3093 3022 3148 corda
3055 3106 3339 3148 venenum.

1858 3180 1907 3248 ο
1937 3189 2079 3245 Ilicet
2113 3188 2357 3258 explorat
2378 3187 2597 3253 cmlum,
2633 3194 2905 3256 totamque
2931 3184 3127 3240 volutis

1941 3280 2209 3336 Percurrit
2241 3276 2521 3335 mathesim
2555 3276 2820 3341 numeris,
2854 3276 3146 3346 interrogat
3175 3272 3411 3336 umbras.

1937 3374 2185 3429 Fulmina
2215 3374 2461 3437 rimatur,
2494 3368 2656 3426 ﬁbras
2683 3368 2845 3433 videt,
2880 3368 3116 3438 undique
3142 3366 3378 3437 gaudens

1935 3468 2096 3539 313
2126 3467 2403 3522 Secretum
2440 3465 2685 3535 rapuisse
2715 3463 2826 3519 Deo
2856 3482 2868 3517 :
2900 3462 2978 3517 sic
3006 3469 3155 3516 torva
3186 3460 3468 3530 Pelasgum

1937 3558 2148 3615 Colchis
2180 3558 2233 3612 in
2261 3558 2483 3627 aplustri
2513 3564 2734 3612 steterat
2756 3555 3055 3625 trepidante
3080 3554 3272 3607 marito
3296 3569 3311 3605 :

1942 3651 2229 3722 Absyrtum
2259 3664 2509 3719 sparsura
2538 3649 2698 3718 patri,
2731 3649 2747 3679 ¹
2783 3648 3092 3715 facturaque
3119 3645 3247 3700 caesi

1942 3743 2195 3800 Germani
2224 3743 2343 3812 plus
2375 3749 2546 3796 morte
2573 3740 2745 3805 nefas,
2771 3738 2895 3797 dum
2928 3739 3111 3791 funere
3141 3743 3360 3805 pugnat,

1946 3838 2015 3893 Et
2041 3837 2257 3893 fratrem
2289 3837 2392 3892 sibi
2420 3834 2525 3891 tela
2558 3834 2683 3889 facit
2716 3850 2730 3887 :
2758 3831 2840 3888 vel
2870 3845 2990 3886 cum
3013 3830 3191 3885 obruit
3220 3829 3397 3898 ignem

1945 3930 2267 3993 Taurorum,
2296 3928 2416 3999 plus
2442 3928 2559 3998 ipsa
2581 3926 2785 3992 calens,
2820 3923 3055 3993 texitque
3084 3928 3402 3977 trementem

1948 4023 2161 4094 Frigida
2190 4022 2403 4077 ﬂamma
2431 4021 2624 4083 virum,
2651 4033 2810 4091 quem
2838 4016 3161 4073 defendente
3189 4026 3399 4087 veneno

1946 4114 2090 4170 Inter
2120 4116 2406 4186 flagrantes
2435 4112 2718 4184 perhibent
2747 4112 2931 4165 alsisse
2955 4109 3234 4180 iuvencos.

1944 4254 2196 4309 cidentali
2239 4251 2510 4307 attributa
2554 4258 2710 4315 sunt,
2764 4256 2827 4303 ut
2872 4247 3159 4313 Noricum,
3205 4245 3528 4308 Pannoniae,

1948 4324 2203 4378 Dalmatia
2238 4341 2249 4377 :
2288 4324 2405 4377 alia:
2435 4321 2723 4380 Orientali.
2753 4328 2811 4374 ut
2841 4319 3021 4375 Maesia
3048 4317 3313 4386 superior,
3346 4316 3528 4380 Dacia,

1946 4395 2286 4459 Macedonia,
2335 4394 2523 4458 Epirus
2561 4401 2614 4447 et
2644 4391 2796 4457 aliae,
2848 4405 2979 4460 quas
3026 4390 3079 4443 in
3112 4388 3298 4460 eadem
3328 4386 3528 4460 Notitia

1945 4466 2128 4521 videre
2174 4458 2281 4520 est.
2318 4463 2432 4518 Non
2473 4463 2611 4517 male
2642 4476 2771 4531 ergo
2813 4458 3087 4531 Sidonius
3114 4458 3437 4531 Pannoniam
3477 4458 3532 4513 in

246 4535 301 4615 in
335 4533 461 4615 fatis
492 4533 560 4587 sit
588 4530 756 4597 illum,
782 4534 932 4615 quod
952 4534 1047 4615 ait,
1082 4542 1361 4587 venturum
1393 4534 1605 4615 excidio
1631 4530 1834 4605 Libym,
1868 4558 1919 4615 ι)
1945 4537 2155 4608 Illyrico
2201 4538 2361 4615 locat.
2395 4535 2497 4615 Sed
2532 4530 2808 4615 Maioriani
2854 4530 3105 4615 magistri
3128 4530 3354 4615 militu'n‘i
3383 4536 3534 4615 pote:

246 4606 580 4670 tertiumque
600 4619 665 4658 ex
683 4619 743 4656 ea
770 4613 885 4672 post
900 4604 1178 4671 Scipiones
1194 4619 1490 4671 cognomen
1515 4604 1831 4659 relaturum.

318 4675 347 4712 ι’
382 4674 525 4731 Urbs
553 4682 637 4727 est
664 4674 951 4729 Pannonia:
973 4673 1037 4740 ll,
1068 4675 1119 4728 in
1143 4689 1244 4742 qua
1268 4685 1322 4727 et
1345 4676 1595 4729 Sirmium
1628 4678 1838 4744 provin-

247 4748 346 4802 cia
389 4753 574 4813 caput.
617 4745 850 4799 Acincus
885 4746 1108 4809 eadem,
1154 4759 1260 4797 non
1307 4744 1553 4798 Arinthus
1595 4747 1841 4799 scribitur

246 4820 413 4886 etim
447 4815 585 4886 apud
614 4814 1009 4880 Marcellinum,
1053 4824 1108 4869 et
1138 4816 1188 4868 in
1223 4814 1547 4875 Itinerariis,
1598 4824 1756 4883 atque
1790 4818 1839 4870 in

248 4878 496 4952 Nomia,
537 4886 592 4940 in
623 4900 731 4956 qua-
766 4896 821 4940 et
859 4878 1180 4941 Acincenses
1213 4885 1408 4938 milites
1452 4888 1551 4940 sub
1593 4878 1842 4955 magistro

250 4960 495 5030 equitum
546 4973 641 5024 per
683 4956 923 5030 Galliasr
950 4957 1067 5030 1am
1100 4956 1199 5009 hoc
1235 4969 1447 5030 quoque
1476 4965 1683 5030 certum
1724 4967 1838 5024 est,

250 5026 453 5101 Illyrici
478 5027 1117 5101 nomen_pjvs_terioribus
1151 5026 1365 5081 saeculis
1412 5026 1646 5101 imperii,
1686 5030 1843 5101 118

252 5098 363 5154 non
396 5100 559 5153 unius
587 5098 640 5153 in
670 5098 963 5153 Hadriatici
990 5098 1149 5152 maris
1181 5112 1273 5151 ora
1310 5098 1594 5163 provinciae
1626 5098 1838 5163 finibus,

252 5182 312 5226 ut
337 5171 494 5235 olim,
521 5169 760 5224 clausum
790 5169 985 5235 fuisse;
1013 5170 1108 5225 sed
1135 5170 1199 5223 ad
1231 5169 1487 5240 plurimas
1508 5169 1845 5240 circumqua-

252 5258 359 5312 que
390 5241 694 5312 provincias
721 5241 1041 5309 pertinuisse
1073 5259 1086 5295 :
1118 5239 1256 5310 quod
1299 5253 1548 5312 magnum
1573 5239 1842 5312 Illyricum

255 5311 339 5383 est
375 5311 619 5367 Ausonio
646 5313 1027 5383 epigrammate
1056 5313 1106 5364 1.
1148 5311 1292 5365 Festi
1324 5311 1441 5364 Rufi
1485 5327 1600 5366 aevo
1629 5311 1692 5366 t7
1724 5328 1846 5383 pro-

254 5382 465 5464 vincies
496 5382 979 5464 complectebatur;
1012 5392 1131 5451 post
1159 5384 1318 5464 etiam
1476 5399 1696 5464 quarum
1718 5382 1847 5464 alia:

295 5464 385 5509 ost
430 5452 642 5521 imperii
672 5452 983 5507 divisionem
1015 5468 1133 5521 quae
1170 5453 1223 5506 in
1262 5453 1458 5507 Notitia
1502 5454 1844 5521 describitur,

295 5467 385 5509 ost
430 5468 642 5521 imperti
672 5467 983 5507 utvrstonem
1015 5468 1133 5521 quae
1170 5468 1223 5506 tn
1262 5467 1458 5507 tvouua
1502 5467 1844 5521 describitur,

256 5467 367 5581 ξος
396 5532 482 5581 est
508 5532 629 5595 post
655 5523 871 5579 Arcadii
892 5533 945 5578 et
974 5522 1194 5578 Honorii
1226 5535 1484 5592 tempora,
1517 5524 1728 5595 Illyrico
1745 5526 1849 5579 0c-

338 5636 354 5667 ²
392 5604 639 5690 Barthius
684 5633 899 5701 Adsere.
925 5671 941 5697 ,
991 5646 1111 5702 pag.
1154 5631 1311 5696 1626,
1361 5632 1439 5687 sic
1489 5632 1649 5687 scribi
1689 5633 1800 5688 vult
1834 5652 1844 5687 :

266 5706 516 5763 Germani
546 5707 658 5775 plus
698 5714 855 5758 morte
896 5703 1145 5775 (nefas!)
1185 5718 1306 5757 nam
1353 5703 1551 5773 alioqui
1592 5704 1850 5760 absonum

266 5778 417 5837 dictu
449 5793 597 5847 esse,
630 5779 742 5847 plus
776 5778 920 5849 nefas
950 5776 1117 5846 facere
1150 5790 1245 5846 pro
1280 5776 1446 5845 majus
1483 5775 1645 5829 scelus
1676 5790 1852 5845 perpe-

1949 4597 2061 4662 stas
2094 4618 2245 4663 extra
2280 4604 2473 4675 Illyrici
2513 4597 2672 4675 etiam
2711 4602 2845 4675 fines
2872 4600 3274 4675 porrigehaiur.
3301 4597 3534 4675 Hypanis

1949 4679 2145 4731 etenim
2171 4667 2363 4730 fluvius
2391 4674 2647 4744 Scythizc,
2674 4680 2730 4725 et
2756 4667 2927 4744 Penee
2954 4670 3136 4744 insula.
3157 4667 3276 4721 lstri
3308 4667 3459 4721 ostiis
3480 4667 3536 4721 in

1952 4748 2135 4800 Μοδεὴὶ
2162 4746 2414 4799 inferiore
2434 4739 2705 4811 adiacens,
2733 4739 2799 4811 ad
2826 4739 3068 4811 Thraciae
3089 4739 3389 4811 dicaceseos
3414 4752 3537 4811 pro-

1951 4818 2154 4871 vincias
2184 4807 2611 4886 pertinentium
2645 4810 3084 4886 ad_l_||yri_cia_nas,
3114 4808 3357 4886 blandum
3381 4807 3536 4886 vide-

1953 4887 2079 4941 licet
2116 4876 2349 4953 ma'gistri
2385 4883 2610 4937 militum
2628 4897 2670 4953 ia
2698 4876 3004 4953 Theodosio
3033 4880 3201 4953 divisa
3233 4876 3403 4953 fuerat
3433 4892 3538 4953 po-

1953 4966 2116 5013 tesras
2148 4974 2161 5010 :
2208 4949 2301 5024 qui
2350 4956 2578 5025 primus,
2600 4952 2837 5025 ⁸Ὶεοειῇιῐιθ
2882 4958 3056 5025 teste,
3098 4951 3192 5025 lib.
3222 4965 3274 5003 tv
3304 4949 3539 5025 ltanc_i_t_a

1951 5018 2309 5090 distinxitfut
2338 5018 2469 5079 alius
2518 5025 2569 5078 in
2600 5023 2832 5094 Illyrico,
2878 5021 3013 5076 alius
3042 5022 3094 5077 in
3125 5020 3350 5094 Thracia
3398 5018 3540 5073 mili-

1952 5108 2062 5153 tum
2090 5098 2343 5169 magister
2376 5104 2548 5160 esset,
2590 5091 2709 5150 cuin
2756 5107 2894 5148 unus
2940 5099 3095 5149 antea
3127 5091 3374 5147 omnibus
3407 5103 3540 5159 prae-

1951 5178 2111 5226 esset.
2344 5185 2350 5189 '

2029 5251 2051 5279 °
2084 5240 2225 5297 Aetii
2256 5253 2409 5295 uxor.
2438 5237 2546 5294 Nec
2574 5246 2775 5293 temere
2800 5233 3049 5301 conficta,
3081 5248 3201 5305 quae
3226 5232 3293 5305 de
3319 5230 3459 5305 illius
3488 5231 3540 5283 in

1956 5312 2308 5381 Maiorianum
2351 5310 2603 5379 iuvenem
2642 5307 2769 5381 odio
2814 5303 3279 5375 dicuntum—quasi
3328 5303 3542 5381 timeret

1956 5399 2023 5438 ne
2042 5371 2099 5438 'is
2136 5371 2404 5449 praeterito
2438 5381 2544 5434 lilio
2575 5378 2932 5449 principatum
2963 5371 3398 5449 consequeretur.
3433 5371 3541 5449 _Re-

1955 5469 2080 5510 vera
2112 5444 2253 5510 enim
2284 5444 2586 5508 Gaudentio
2613 5449 2721 5503 filio
2756 5444 3048 5517 imperium
3078 5446 3303 5519 parabat
3330 5444 3536 5499 Aetius.

1960 5644 2116 5777 ξαῖῗ.
2147 5665 2215 5677 ——
2240 5634 2470 5690 Baumus
2499 5630 2771 5691 Sirmond.
2800 5630 2996 5695 editor,
3025 5629 3227 5700 prmfat.
3256 5627 3318 5684 ad
3345 5634 3475 5683 tom.
3500 5624 3542 5693 l,
