4060 6332
506 234 510 237 ’
525 240 632 303 863

1797 234 1993 291 SIDON
2003 235 2061 291 ll‘
2080 234 2535 295 APOLLINARIS
3691 239 3783 304 6M

528 356 667 423 Ergo
695 354 859 411 animi
889 353 1088 410 dudum
1115 328 1427 421 impatiens,
1453 356 1735 419 postquam
1767 349 1937 407 audiit
1966 349 2051 407 isti
2136 353 2191 416 Α
2217 352 2398 409 Donec
2426 352 2494 408 ad
2517 352 2816 409 anfractum
2846 358 3003 410 meta:
3029 352 3381 425 iamiamque
3402 354 3627 413 relictus

528 450 813 521 Imperium
844 459 898 503 et
926 448 1140 516 longum
1164 445 1345 511 statui,
1379 444 1575 498 laniata
1601 442 1831 499 lacertos

527 540 830 611 Ingreditur
866 552 967 608 qua
998 546 1164 592 strata
1192 536 1313 603 viri,
1348 548 1640 604 vocemque
1668 537 1933 590 furentem

526 633 621 685 llis
651 629 813 699 rupit.
845 628 1043 685 Secure
1066 627 1214 695 iaces
1242 626 1407 697 oblite
1438 635 1676 692 tuorum,

524 725 568 779 Ο
598 724 765 794 piger,
796 732 850 777 et
880 720 1079 777 mundo
1110 720 1356 790 princeps
1386 721 1498 790 (sic
1522 718 1717 775 saecula
1743 719 2003 789 poscunt)

524 815 848 885 Maiorianus
872 813 1005 876 erit;
1036 813 1274 867 clamant
1304 815 1403 868 hoc
1429 812 1606 868 sidera
1637 812 1826 883 signis,

524 908 639 963 Hoc
669 906 912 961 homines
938 905 1076 960 votis
1107 922 1119 958 :
1152 904 1388 974 istiquid
1413 904 1591 960 sidera
1621 918 1826 972 quaero,

523 1000 715 1056 Fatum
741 998 881 1069 aliud
913 998 1000 1053 cui
1027 998 1150 1053 fecit
1174 998 1358 1053 amor?
1388 997 1462 1052 nil
1492 997 1681 1053 fortius
1704 997 1824 1052 illo.

524 1092 592 1145 Et
621 1105 757 1158 puer
787 1098 868 1144 est
893 1087 1116 1157 cupidus
1146 1092 1439 1159 nunquam,
1471 1088 1565 1144 sed
1597 1102 1786 1158 parcus
1819 1087 2071 1144 habendi.

526 1184 735 1254 Pauper
760 1183 935 1239 adhuc
962 1182 1070 1252 iam
1104 1184 1300 1253 spargit
1330 1197 1480 1253 opes,
1515 1182 1750 1253 ingentia
1778 1181 1969 1238 suadet

524 1277 783 1343 Consilia,
817 1285 871 1331 et
901 1276 1171 1344 sequitur;
1210 1283 1377 1329 totum
1403 1275 1545 1344 quod
1572 1275 1791 1345 cogitat,
1819 1276 1981 1330 altum
2004 1282 2102 1332 est.

524 1368 694 1439 Urget
720 1366 862 1438 quod
890 1375 1071 1436 sperat
1097 1382 1108 1417 :
1144 1365 1324 1420 ludum
1351 1365 1397 1421 si
1425 1365 1562 1421 forte
1583 1374 1823 1421 retexam
1843 1407 1856 1430 ,

528 1458 891 1529 Consumpsit,
922 1456 1178 1527 quidquid
1205 1456 1395 1526 iaculis
1424 1456 1619 1512 fecisse
1650 1458 1876 1525 putaris,

523 1552 684 1608 Istius
710 1566 813 1606 una
840 1550 953 1605 dies
981 1567 993 1603 :
1025 1549 1192 1604 tribus
1214 1548 1356 1604 hunc
1387 1558 1654 1606 tremuere
1681 1550 1888 1619 sagittis

525 1653 554 1682 ³
585 1644 811 1713 Anguis,
840 1638 1049 1709 cervus,
1082 1656 1241 1709 aper;
1276 1639 1303 1679 δ
1332 1656 1437 1696 non
1465 1641 1544 1697 sic
1572 1641 1788 1696 libravit
1817 1642 1870 1697 in
1901 1642 2107 1701 hostem

526 1739 762 1808 Spicula,
791 1736 878 1806 qui
906 1746 1038 1797 nato
1064 1736 1329 1806 serpentis
1353 1750 1578 1805 corpore
1604 1739 1802 1802 cincto,

523 1828 651 1883 Plus
685 1827 878 1894 timuit,
907 1827 1034 1882 dum
1058 1827 1343 1895 succurrit,
1370 1828 1497 1882 dum
1517 1829 1746 1897 iactibus
1774 1828 1962 1884 iisdem

526 1919 805 1978 Interitum
829 1919 1099 1990 vitamque
1128 1919 1299 1986 daret,
1329 1919 1677 1988 stabilemque
1708 1929 1914 1975 teneret

524 2011 698 2067 Corde
729 2020 990 2067 tremente
1013 2025 1252 2076 manum,
1288 2020 1556 2082 totamque
1586 2012 1755 2066 exiret
1782 2012 1833 2066 in
1863 2021 2033 2068 artem

522 2103 632 2174 Spe
656 2103 907 2174 prepiore
925 2111 1121 2171 metus,
1154 2102 1289 2159 dans
1316 2103 1457 2158 inter
1486 2104 1725 2158 membra
1755 2103 1980 2159 duorum

523 2195 695 2251 Unius
719 2204 944 2251 mortem
975 2213 986 2247 :
1021 2195 1181 2250 libeat
1203 2192 1495 2251 decernere
1521 2204 1706 2261 crestu,

526 2286 701 2343 Cessit
725 2287 864 2357 Eryx
891 2286 1128 2353 Siculus,
1161 2287 1323 2342 simili
1352 2302 1450 2342 nec
1476 2287 1654 2343 floruit
1676 2297 1791 2355 arte

524 2378 692 2450 3M.
715 2378 926 2449 Sparta,
952 2378 1279 2449 Therapnaza
1309 2380 1543 2451 pugilem
1565 2395 1685 2437 cum
1708 2383 1971 2454 gymnade
1994 2384 2106 2454 pia.

1848 2474 2033 2547 [guem

530 2575 554 2605 ε
585 2565 794 2621 Stratus
824 2564 1097 2636 Bebryciis
1128 2566 1358 2637 Amycus
1384 2566 1623 2635 suspexit
1650 2568 1850 2623 arenis.

527 2658 627 2725 Qui
653 2658 805 2727 vigor
833 2657 886 2712 in
917 2658 1179 2726 pedibus?
1209 2657 1403 2714 frustra
1429 2660 1530 2715 sibi
1554 2670 1710 2715 natus
1739 2661 1962 2732 Ophelte

526 2750 794 2807 Sicaniam
826 2750 1007 2807 tribuit
1036 2752 1292 2822 palmam,
1325 2754 1643 2824 plantasque
1670 2757 1929 2825 superbas

527 2842 680 2898 Haud
706 2843 777 2897 ita
804 2858 896 2911 per
918 2842 1114 2898 siccam
1141 2844 1382 2899 Nemeen
1412 2844 1440 2881 ἀ
1462 2846 1597 2901 citus
1618 2847 1808 2902 extulit
1836 2848 2032 2917 Arcas,

528 2934 693 3007 Cuius
716 2935 770 2991 in
802 2935 979 2991 [Etolo
1005 2946 1028 2973 ε
1051 2935 1361 2993 volitantem
1390 2940 1610 3007 pulvere
1640 2950 1866 2996 matrem
1929 2958 1937 2965 ·

528 3030 749 3086 Horruit
776 3030 1162 3102 Hippomenes,
1197 3032 1367 3087 multo
1396 3035 1485 3103 qui
1514 3036 1717 3106 cespite
1742 3036 1890 3091 circi.

529 3121 850 3191 Contempla
879 3123 1187 3186 praemissus
1216 3133 1355 3191 erat,
1387 3139 1507 3181 cum
1537 3128 1770 3183 carceris
1796 3138 1950 3184 antro

527 3212 763 3269 Emicuit
790 3214 977 3283 pernix
1007 3214 1202 3283 populo
1231 3215 1529 3284 trepidante
1549 3217 1753 3288 virago,

529 3303 617 3357 Nil
646 3311 756 3358 toto
785 3312 987 3359 tactura
1017 3305 1205 3374 gradu,
1233 3321 1355 3361 cum
1383 3307 1610 3377 pallidus
1638 3309 1727 3366 ille

529 3393 846 3466 ReSpiceret
870 3396 1101 3453 medium
1130 3407 1251 3467 post
1275 3413 1335 3455 se
1362 3399 1674 3457 decrescere
1699 3417 1966 3474 campum,
2042 3426 2045 3429 λ

532 3485 601 3543 Et
624 3485 813 3557 longas
842 3488 908 3543 ad
933 3489 1081 3559 signa
1114 3490 1225 3546 vias
1249 3531 1264 3557 ,
1292 3491 1525 3563 ﬂatuque
1552 3494 1849 3564 propinquo

532 3577 756 3637 Pressus
785 3580 837 3635 in
866 3580 1045 3636 hostili
1068 3582 1180 3653 iam
1209 3593 1448 3640 curreret
1471 3586 1660 3642 anxius
1691 3587 1875 3643 umbra
1896 3630 1911 3655 ,

606 3744 624 3764 '
668 3743 795 3799 Hinc
835 3744 1026 3798 iterum
1071 3752 1457 3799 commemorat
1503 3744 1741 3799 carmine
1782 3745 1870 3809 1'5,
1906 3755 2109 3802 exstat-

534 3828 638 3884 que
663 3814 731 3869 de
758 3814 943 3870 eadem
990 3829 1048 3868 re
1092 3823 1244 3886 vetus
1285 3815 1568 3886 distichum
1619 3816 1709 3869 lib.
1752 3832 1807 3870 IV
1844 3818 2111 3886 epigram-

534 3894 769 4011 0:211:11“,
820 3886 961 3955 quod
1006 3885 1248 3941 Pithoeus
1298 3885 1504 3941 Sidonii
1552 3886 1720 3955 ipsius
1766 3902 1885 3941 esse
1928 3885 2113 3958 Conie-

535 3970 563 4013 e
657 3970 686 4010 a
744 3974 755 4009 :
1687 4002 1693 4008 .

655 4046 857 4105 Cervus,
879 4059 1015 4107 aper,
1043 4047 1263 4106 coluber,
1280 4060 1377 4095 non
1396 4060 1564 4109 cursu,
1581 4046 1732 4097 dente
1752 4060 1942 4098 veneno

719 4109 943 4158 Vitarunt
964 4112 1109 4168 lctus,
1134 4109 1415 4170 Maioriane,
1442 4115 1569 4158 tuos.

602 4240 632 4281 1)
652 4221 829 4296 -Αὶοόη
858 4240 945 4294 hic
972 4239 1242 4295 Cretensis
1270 4256 1282 4293 :
1316 4239 1382 4291 de
1408 4254 1513 4308 quo
1536 4248 1589 4294 et
1618 4239 1845 4295 Phalere
1877 4240 1984 4294 filio
2006 4240 2113 4294 Ma-

536 4313 695 4370 nilius
720 4329 752 4365 v
782 4311 1210 4378 Astronomicon,
1248 4318 1300 4365 et
1324 4310 1565 4365 Valerius
1593 4310 1813 4366 Flaccus
1840 4312 2115 4380 Argonau-

777 4380 883 4435 Nec
915 4382 1090 4436 minus
1119 4355 1388 4451 eleganter
1418 4380 1635 4437 Grzecus
1668 4355 1821 4451 poveta
1840 4355 2114 4438 36111016”.
2144 4355 2195 4414 D

533 4455 635 4527 gite
660 4453 754 4509 lib.
782 4467 854 4517 VI,
885 4453 973 4508 Η.

642 4542 996 4621 Παῑᾷαβπατὴρ
1023 4541 1213 4621 "£0.ng
1242 4544 1367 4621 ᾦλοῷ
1396 4544 1707 4621 ςφιγχθὲντα
1732 4543 1969 4621 δράκοντι

746 4614 1179 4692 ἶΛθρμήσ-αξχδςιλῇ
1208 4614 1351 4692 τόξοέ
1391 4614 1585 4692 {sterili}:
1623 4619 1758 4692 χερί.

764 4634 1016 4743 augmine,
1045 4634 1179 4689 οειλῃ
1208 4634 1349 4679 “roger
1391 4634 1585 4687 εκαμψε
1623 4637 1758 4692 χερι.

642 4688 803 4764 Θηρὸς
825 4686 974 4764 ηὀὺκ
1010 4688 1291 4764 ὀξφάμᾳρτε.
1321 4684 1408 4764 διὰ
1435 4686 1689 4764 ereptura;
1718 4688 1815 4761 ’γὰρ
1846 4688 1870 4739 ὁ
1895 4687 2013 4747 σ’τός

752 4760 901 4831 Ἦςξεν
929 4757 1120 4831 rut-9’06;
1144 4757 1288 4828 βὰιὸν
1314 4757 1493 4831 ὕπερῼε
1527 4757 1761 4831 βρέφρυξ.

639 4827 963 4897 Παυσάμενος
993 4826 1045 4881 δέ
1068 4826 1237 4899 etiam),
1270 4826 1423 4903 παρόί
1442 4826 1697 4902 δριίἴτῇδε
1727 4830 1978 4901 φαρέτραν

746 4908 884 4968 Σῆμα
912 4901 994 4952 καί
1020 4900 1264 4969 εὐτυχίης
1289 4900 1399 4957 θὴὴε
1427 4900 1509 4952 mhi
1539 4901 1841 4969 εὐστοχὶης.

610 5042 633 5070 ο
660 5030 942 5086 Contraria
966 5045 1128 5086 sensu
1156 5030 1372 5100 vulgati,
1405 5037 1624 5083 stratum
1652 5032 1917 5099 Amycum.
1944 5033 2111 5099 Amy-

539 5116 635 5158 cus
664 5103 805 5156 enim
837 5102 881 5155 is
910 5111 993 5157 est
1026 5103 1115 5170 qni
1147 5102 1336 5170 pugilis
1366 5100 1714 5169 Therapnmi,
1745 5116 1839 5156 seu
1866 5101 2111 5155 Lacedae-

537 5173 705 5227 monii
738 5172 965 5227 Pollucis
990 5175 1128 5228 vires
1156 5171 1425 5239 suspexit,
1460 5186 1583 5241 cum
1625 5171 1690 5225 ab
1718 5187 1783 5227 eo
1817 5181 2109 5241 prostratus

536 5253 699 5305 esset,
725 5246 812 5311 qui
848 5254 1073 5298 czeteros
1102 5238 1312 5297 vincere
1338 5238 1563 5296 Solebat.

605 5312 632 5349 ά
656 5313 1071 5383 Parthenopaeus
1093 5315 1377 5374 Atalantae,
1404 5313 1469 5366 de
1492 5328 1592 5380 qua
1610 5328 1753 5373 mox.
1774 5313 1909 5367 filius
1927 5328 1992 5367 ex
2010 5312 2107 5366 Mi-

534 5382 767 5439 lanione.
803 5382 1003 5439 Arcada
1048 5384 1476 5455 Part/tenoptcum
1505 5392 1657 5455 vocat
1695 5384 1851 5455 etiam
1881 5382 2108 5450 Statius,

536 5468 802 5523 cursuque
829 5457 882 5510 in
908 5456 1107 5511 Nemea
1137 5456 1267 5510 silva
1291 5453 1545 5509 victorem
1572 5454 1695 5509 facit
1727 5453 1860 5508 libro
1890 5469 1938 5507 vi
1965 5454 2109 5509 The-

536 5523 752 5597 baidos;
791 5536 846 5580 et
878 5527 1035 5597 119
1070 5524 1425 5596 Apollodorus
1470 5525 1565 5579 lib.
1604 5540 1661 5579 nt
1703 5524 1828 5580 belli
1873 5524 2112 5597 Thebani

532 5593 699 5673 duces
738 5593 1088 5673 anum—emittis,
1120 5593 1485 5673 ’ῌαρθενρτταῖος
1506 5597 1847 5673 ,Μειλαγξωνος
1888 5596 2108 5673 ’ᾼρκάςε

538 5664 939 5736 Part/tenemus
964 5664 1262 5722 Milanimiis
1291 5668 1450 5737 ﬁlius,
1482 5668 1659 5721 Arcas.
1687 5669 1758 5721 lle
1784 5681 1888 5735 quo
1915 5664 2108 5724 iterum

537 5745 658 5809 post
683 5736 816 5807 alia,
852 5739 1073 5809 ἐγέννησε
1101 5738 1153 5795 δὲ
1184 5741 1236 5795 ἐκ
1264 5740 1594 5798 Meam-rimo;
1624 5739 1891 5798 Ἀταλάντη
1920 5740 2107 5811 Παρθε-

2211 443 2428 500 Concita
2458 455 2539 501 ter
2562 458 2749 514 sparso
2777 444 2934 515 fregit
2962 446 3186 517 vestigia
3218 461 3398 517 pomo.

2210 536 2311 604 Qui
2338 535 2481 591 videt
2509 535 2652 590 hunc
2677 526 2943 606 equitem,
2978 536 3229 593 Ledazum
3260 539 3468 607 spernit
3495 538 3781 609 alumnum,

2212 629 2291 682 Ac
2314 626 2562 697 iuvenem
2588 625 2912 683 Sthenebtea
2948 635 3095 682 tuum
3116 668 3131 695 ,
3160 628 3243 684 cui
3276 636 3422 700 terga
3451 638 3693 686 vetustas

2211 718 2434 774 Pennati
2467 719 2688 789 largitur
2710 719 2854 789 equi,
2884 719 3207 791 Lyciamque
3231 719 3551 776 Chimreram

2210 813 2381 880 Quem
2411 828 2693 882 superasse
2722 815 2920 879 refert,
2945 814 3141 869 vulnus
3167 830 3288 871 eum
3314 816 3534 872 sustulit
3559 832 3719 874 unum

2210 904 2343 959 Tres
2366 906 2570 959 animas
2603 921 2618 961 :
2647 904 2810 960 vitam
2844 913 2952 959 tum
2981 907 3028 961 si
3059 906 3156 961 tibi
3184 908 3286 963 fata
3315 907 3614 979 dedissent,

2210 993 2498 1062 Maioriane
2524 995 2694 1065 ferox,
2726 996 2991 1052 vetuisses
3016 994 3236 1053 Castora
3267 999 3472 1066 frenos,

2209 1083 2477 1141 Pollucem
2509 1096 2723 1152 caestus,
2753 1088 3010 1145 Alconem
3036 1076 3451 1161 spieula‘nosse,

2212 1178 2685 1245 Bellerophontaeis
2716 1180 3065 1236 insultaturus
3095 1181 3307 1253 opimis.

2209 1269 2266 1325 Si
2291 1270 2535 1341 clypeum
2570 1273 2762 1341 capiat,
2795 1273 2960 1329 vincit
2993 1274 3283 1331 Telamone
3310 1285 3546 1333 creatum
3567 1317 3583 1344 ,

2212 1360 2311 1426 Qui
2338 1377 2541 1433 puppes
2568 1362 2709 1418 inter
2732 1364 2944 1431 Graias,
2976 1376 3163 1421 contra
3194 1366 3438 1425 Hectoris
3468 1371 3669 1441 ignem,

2215 1452 2385 1522 Ipsam
2414 1456 2573 1509 etiam
2599 1455 2748 1511 infidi
2776 1458 3002 1513 classem
3031 1457 3269 1515 defendit
3298 1460 3504 1531 Ulyxis.

2212 1542 2411 1599 Missile
2439 1545 2484 1599 si
2514 1554 2713 1615 quanto
2739 1547 3007 1615 iaculetur
3032 1549 3271 1619 pondere
3296 1551 3515 1620 quieris,

2213 1634 2439 1704 Segnius
2467 1636 2681 1691 inserta:
2712 1638 2987 1708 trepidans
3016 1655 3113 1709 pro
3141 1640 3287 1697 fasce
3316 1640 3559 1699 Camillae

2136 1728 2185 1788 B
2214 1725 2459 1783 Excussit
2488 1728 2651 1784 telum
2680 1728 2936 1795 Metabus,
2968 1746 3069 1787 nec
3093 1733 3307 1790 turbine
3329 1741 3480 1791 tanto

2211 1818 2445 1875 Stridula
2476 1820 2669 1876 Pelidae
2695 1836 2790 1891 per
2815 1822 3032 1879 Troilon
3058 1824 3188 1881 exiit
3212 1840 3416 1882 ornus:

2210 1914 2369 1986 315
2396 1915 2504 1970 Nec
2529 1916 2606 1971 sic
2636 1917 2858 1972 heroum
2888 1919 3187 1979 tardantem
3219 1921 3374 1977 busta
3400 1919 3683 1979 Creontem

2215 2007 2425 2063 Atticus
2452 2007 2672 2078 [Egides
2695 2010 2837 2080 rupit
2866 2010 3235 2069 Marathonide
3262 2028 3464 2089 quercu
3492 2032 3506 2069 :

2216 2098 2325 2154 Nec
2355 2100 2432 2155 sic
2462 2100 2718 2156 intortum
2748 2103 2956 2158 violata:
2985 2104 3285 2160 Phoebados
3312 2106 3475 2161 ultrix

2211 2191 2266 2245 ln
2297 2186 2507 2247 Danaes
2540 2192 2736 2248 fulmen
2763 2194 2913 2263 iecit,
2948 2210 3066 2250 cum
3100 2195 3303 2252 Graecia
3332 2199 3511 2268 Troia:

2212 2283 2432 2339 Noctem
2457 2285 2661 2353 habuit,
2682 2286 3017 2357 similemque
3032 2284 3229 2354 Tacem,
3250 2290 3489 2361 fixusque
3511 2291 3783 2362 Capharei,

2210 2375 2469 2433 Cautibus
2500 2378 2642 2434 inter
2666 2393 2830 2448 aquas
2859 2380 3127 2436 flammam
3160 2381 3404 2436 ructabat
3429 2381 3636 2438 Oileus.

2279 2470 2446 2527 Parva
2462 2471 2681 2543 loquor:
2706 2472 2830 2542 quid
2866 2475 3007 2543 quod
3047 2476 3257 2545 quoties
3281 2474 3375 2529 tibi
3414 2476 3556 2532 bella
3602 2492 3782 2548 gerun.

3596 2568 3725 2642 [tur,

2208 2655 2510 2726 Discipulus
2535 2671 2644 2712 nou
2682 2657 2837 2714 miles
2863 2657 3050 2715 adest?
3081 2670 3135 2716 et
3164 2660 3314 2731 fingit
3343 2661 3656 2731 alumnum,

2208 2753 2457 2809 JEmulus
2487 2763 2709 2811 econtra
2734 2758 2979 2825 spectat?
3006 2756 3146 2826 quod
3174 2758 3366 2812 viceris
3396 2759 3529 2824 odit,

2208 2846 2275 2900 Et
2297 2860 2430 2915 quos
2454 2844 2624 2901 vincis
2648 2855 2790 2901 amat
2830 2863 2846 2903 :
2877 2856 3017 2902 totus
3042 2847 3293 2903 dormitat
3323 2849 3387 2904 ad
3412 2849 3577 2904 iatum

2215 2939 2435 3011 Magnus
2465 2940 2790 3005 Alexander,
2822 2940 2988 3011 patris
3015 2956 3171 3011 quem
3200 2942 3368 3012 gloria
3403 2944 3578 2998 torsit.

2217 3034 2355 3102 Quid
2384 3034 2575 3089 faciam
2605 3034 2829 3089 infelix?
2861 3043 2981 3089 nato
3006 3050 3127 3104 qua:
3157 3050 3316 3105 regna
3347 3036 3553 3105 parabo
3573 3076 3589 3102 ,

2137 3120 2182 3183 C
2217 3128 2443 3184 Exclusa
2470 3128 2696 3200 sceptris
2722 3130 2940 3195 Geticis,
2970 3129 3268 3199 respublica
3294 3130 3335 3184 si
3360 3145 3445 3185 me

2213 3224 2484 3289 Praeterit,
2518 3234 2572 3277 et
2605 3220 2626 3260 ί
2660 3238 2856 3293 parvus
2883 3238 3045 3294 super
3074 3225 3174 3279 hoc
3206 3223 3538 3280 Gaudentius
3574 3223 3722 3295 huius

2213 3314 2460 3371 Calcatur
2489 3315 2645 3371 fatis?
2670 3316 2828 3370 istum
2856 3315 2965 3384 iam
2995 3314 3162 3370 Gallia
3188 3315 3391 3382 laudat,

2217 3408 2476 3477 Quodque
2500 3423 2594 3478 per
2616 3408 2883 3477 Europam
2911 3416 2993 3463 est
3017 3425 3030 3461 :
3055 3407 3242 3477 rigidis
3262 3407 3405 3463 hunc
3430 3406 3597 3462 abluit
3617 3403 3771 3472 undis,

2218 3500 2471 3568 Rhenus,
2504 3502 2659 3567 Arar,
2692 3499 3009 3568 Rhodanus,
3039 3499 3205 3567 Mosa,
3236 3498 3495 3563 Matrona,
3529 3499 3783 3568 Sequana,

3431 3589 3491 3662 [ε
3526 3590 3719 3656 Ledus,

2218 3758 2427 3825 verrai'ov
2446 3790 2459 3811 ,
2497 3749 2551 3825 de
2578 3751 2866 3825 ἐπὶ-Θήϐας
2903 3748 3523 3825 ἑστρατεύσατοὶρςηαὶι
3554 3765 3619 3803 ea:
3653 3749 3791 3825 Μῑιφ

2220 3822 2368 3874 nionc
2396 3822 2637 3875 Atalanta
2670 3819 3100 3890 Parthenomtl'um
3122 3862 3139 3889 ,
3167 3826 3253 3892 qui
3283 3821 3572 3874 Thebanam
3598 3819 3793 3892 expedi-

2218 3892 2405 3945 tionem
2428 3901 2625 3945 seculus
2649 3901 2743 3945 est.

2295 3972 2318 3999 °
2351 3962 2672 4016 Atalantam.
2696 3963 2861 4017 Antea
2888 3961 3107 4016 Martem
3132 3962 3420 4029 legebatur.
3448 3961 3595 4015 nullo
3620 3976 3795 4016 sensu.

2225 4032 2404 4102 Itaque
2428 4043 2572 4087 certa
2610 4042 2692 4087 est
2718 4043 2771 4088 et
2801 4034 3099 4088 necessaria
3120 4073 3134 4096 ,
3168 4034 3293 4087 licet
3322 4031 3480 4086 unius
3512 4041 3716 4086 tantum
3744 4040 3796 4102 et

2220 4101 2469 4168 alterius,
2513 4118 2610 4157 nec
2650 4106 2971 4171 Optimorum
3013 4102 3277 4169 codicum,
3313 4102 3641 4157 emendatio.
3686 4101 3798 4155 Filii

2221 4174 2501 4229 occasione
2531 4185 2752 4229 matrem
2778 4182 3181 4241 commemorat,
3216 4185 3270 4228 ut
3300 4186 3353 4227 et
3378 4173 3587 4230 Statius
3613 4174 3797 4231 eodem

2220 4246 2338 4301 loco
2364 4266 2377 4299 :
2944 4257 2953 4264 ~

2346 4337 2467 4387 Nota
2492 4350 2668 4399 parens
2691 4350 2835 4387 cursu
2864 4353 2875 4387 :
2902 4339 3010 4399 quis
3033 4336 3265 4387 Maenaliae
3286 4334 3525 4385 Atalantaa

2345 4400 2545 4449 Nesciat
2568 4403 2824 4462 egregium
2844 4400 3011 4459 decus,
3037 4405 3090 4449 et
3115 4401 3321 4461 vestigia
3342 4400 3530 4447 cunctis

2345 4462 2712 4524 Indeprchensa
2741 4462 2930 4524 procis?

2302 4607 2320 4646 τ
2355 4609 2610 4663 Filiorum
2638 4609 2797 4673 Aetii,
2831 4624 3055 4679 quorum
3084 4608 3297 4675 quidem
3328 4606 3585 4679 memoria
3610 4616 3802 4675 exstat,

2227 4680 2359 4734 alter
2385 4679 2451 4734 de
2480 4680 2566 4733 avi
2604 4681 2829 4734 materni
2852 4678 3075 4733 nomine
3103 4679 3338 4748 Carpilio
3369 4678 3675 4746 appellatus
3704 4686 3804 4732 est.

2222 4751 2359 4805 Aetii
2392 4765 2623 4817 namque
2655 4766 2788 4804 uxor
2816 4750 3004 4805 incerti
3034 4750 3297 4817 nominis,
3341 4748 3446 4803 filia
3490 4748 3591 4803 fuit
3619 4749 3809 4817 Carpi-

2219 4821 2358 4875 lonis
2402 4837 2464 4875 ex
2497 4822 2691 4875 comite
2731 4821 3180 4884 domesticorum,
3227 4830 3284 4875 ut
3311 4830 3497 4874 auctor
3538 4829 3623 4874 cst
3671 4818 3807 4886 apud

2219 4891 2529 4961 Gregorium
2580 4892 2779 4945 Turon.
2831 4891 3157 4959 Frigeridus.
3220 4890 3469 4948 Sidonius
3518 4888 3805 4961 Gothicam

2220 4963 2294 5017 illi
2332 4960 2567 5031 regiique
2605 4964 2875 5031 sanguinis
2902 4963 3120 5031 stirpem
3150 4961 3313 5015 fuisse
3338 4961 3640 5030 significat;
3672 4960 3808 5013 alio-

2221 5034 2310 5100 qui
2337 5036 2609 5088 exclusam
2652 5049 2709 5087 se
2740 5048 2770 5084 a
2797 5033 3022 5099 sceptris
3065 5032 3263 5087 Geticis
3311 5046 3416 5085 non
3462 5040 3807 5100 quereretur.

2214 5099 2364 5157 Alter
2392 5104 2720 5159 Gaudentius
2741 5145 2755 5164 ,
2787 5102 2854 5157 de
2882 5119 2987 5171 quo
3027 5103 3111 5156 hic
3138 5116 3347 5167 sermo,
3388 5099 3493 5155 avo
3534 5102 3666 5171 item
3716 5099 3810 5155 sed

2216 5183 2439 5242 paterno
2468 5173 2817 5241 cognominis.
2852 5169 3005 5228 Aetio
3044 5173 3187 5227 enim
3228 5182 3378 5242 pater
3421 5171 3519 5226 fuit
3549 5169 3808 5226 Gauden-

2216 5248 2353 5305 tius,
2398 5259 2576 5300 comes
2609 5253 2662 5299 et
2699 5245 2949 5314 magister
2988 5245 3259 5314 equitum,
3292 5258 3447 5314 quem
3481 5243 3722 5314 Prosper
3754 5242 3807 5314 in

2216 5314 2402 5369 Galliis
2429 5330 2459 5368 a
2487 5315 2742 5369 militibus
2767 5312 2999 5370 occisum
3031 5322 3199 5369 notat.
3244 5313 3502 5368 Hunnicae
3524 5312 3809 5380 legationis

2226 5401 2324 5455 qua
2362 5386 2573 5440 functus
2602 5397 2685 5441 est
2719 5386 2950 5455 Carpilio
2991 5384 3169 5453 filius,
3202 5385 3353 5455 testis
3380 5393 3463 5455 est
3493 5382 3719 5455 Primus
3758 5384 3811 5436 in

2218 5452 2483 5527 e'xcerptis
2533 5452 2885 5527 legationum,
2917 5464 2973 5511 et
3014 5455 3238 5511 Senator
3266 5470 3284 5509 ι
3312 5454 3550 5527 Yariar.,
3578 5454 3638 5507 6.
3671 5452 3811 5527 (iam

2215 5523 2451 5583 dentium
2490 5523 2620 5582 vero
2658 5528 2796 5582 hunc
2830 5526 2974 5581 Urbe
3004 5536 3156 5596 capta
3198 5527 3251 5580 in
3278 5525 3516 5596 Africam
3547 5538 3674 5579 cum
3708 5523 3813 5578 Va-

2213 5597 2494 5723 :ﬁntiniani
2557 5598 2763 5654 filiabus
2825 5594 3110 5653 abductum
3173 5613 3204 5651 a
3262 5594 3553 5653 Genserico
3620 5602 3812 5649 narrat

2275 5679 2429 5723 atrus.

2275 5670 2429 5725 atius.

2283 5750 2306 5788 ε
2338 5740 2393 5797 In
2420 5741 2520 5799 hoc
2549 5741 2776 5800 elencho
2800 5740 3085 5801 fluviorum
3114 5739 3297 5799 Galliae
3320 5778 3336 5809 ,
3360 5753 3495 5813 quos
3525 5736 3811 5813 Maioriani
