4060 6332
263 295 367 358 665

1704 288 2025 348 CARMINA.

3414 302 3520 360 666

265 412 429 478 Clitis,
458 408 651 479 Elaris,
681 406 838 478 Atax,
867 407 1136 477 Vaebalis,
1171 404 1513 481 Ligerimque
1540 406 1755 477 bipenni
1854 409 1912 473 Α
1934 406 2031 463 ilic
2047 419 2261 478 quoque
2281 414 2519 465 monstra
2544 410 2747 481 domat,
2770 412 2951 470 crutili
2970 414 3516 487 quibusarcecorebri

266 504 512 564 Excisum
539 517 636 572 per
665 500 832 557 frusta
861 500 1034 567 bibit;
1064 514 1185 556 cum
1216 507 1245 539 ι
1273 499 1409 557 bella
1441 498 1692 556 timentes

267 594 507 654 Defendit
532 592 799 657 Turonos,
825 591 1017 648 aberas
1043 609 1058 647 :
1086 599 1206 663 post
1232 599 1472 661 tempore
1491 603 1656 661 parvo

265 686 543 761 Pugnastis
572 685 792 758 pariter,
818 683 1056 740 Francus
1082 682 1394 755 quabCloio
1418 689 1659 752 patentes
1752 732 1757 741 .

264 781 573 841 Atrebatum
605 789 777 837 terras
804 786 1109 850 pervaserat
1136 795 1150 834 :
1179 777 1267 833 hic
1291 785 1546 834 coeuntes
1642 796 1643 799 η

263 874 593 935 Claudebant
617 881 842 944 angusta
865 871 997 938 vias,
1026 886 1261 942 arcuque
1288 870 1569 926 subactum

267 968 447 1025 Vicum
480 966 756 1033 Helenam,
785 964 1091 1037 flumenque
1119 962 1278 1021 simul
1304 963 1406 1019 sub
1448 962 1659 1020 tramite
1680 962 1840 1035 longo

261 1062 424 1120 Artus
448 1057 740 1132 suppositis
771 1058 1009 1115 trabibus
1032 1057 1404 1113 transmiserat
1429 1071 1612 1128 agger.

261 1155 372 1213 illic
400 1163 453 1211 te
480 1152 679 1224 posito,
707 1151 977 1223 pugnabat
1000 1159 1165 1223 ponte
1191 1150 1293 1205 sub
1313 1151 1455 1221 ipso-

260 1247 582 1321 Majorianus
609 1259 772 1317 eques
802 1262 817 1302 :
851 1244 961 1300 fors
988 1244 1117 1313 ripa:
1145 1242 1281 1299 colle
1306 1241 1623 1314 prapinquo,

260 1339 578 1399 Barbaricus
600 1336 885 1395 resonabat
904 1336 1123 1409 hymen,
1155 1333 1526 1408 Scythicisque
1544 1333 1756 1392 choreis

260 1434 507 1493 Nuhehat
533 1429 675 1488 flavo
701 1430 893 1487 similis
921 1444 1058 1486 nova
1092 1437 1255 1500 nupta
1285 1427 1497 1483 marito.

258 1526 424 1601 316
445 1525 556 1583 Hos
580 1538 730 1597 ergo,
753 1531 814 1580 ut
842 1521 1158 1595 perhibent,
1188 1519 1416 1587 stravit;
1455 1519 1754 1592 crepitabat
1772 1518 1839 1576 ad

1610 1612 1770 1686 [ictus

258 1712 459 1781 Cassis,
485 1719 541 1770 et
566 1707 824 1782 appositis
855 1708 1128 1764 hastarum
1151 1705 1377 1763 verbera
1406 1706 1594 1761 thorax

257 1807 495 1865 Areebat
519 1804 774 1877 squamis,
803 1802 974 1859 donec
993 1815 1252 1858 conversa
1282 1799 1494 1870 fugatus

258 1900 443 1958 Hostis
466 1908 615 1971 terga
638 1896 822 1955 dedit:
854 1896 1106 1968 plaustris
1136 1894 1355 1951 rutilare
1383 1894 1592 1951 videres

255 1989 536 2050 Barbarici
565 1988 699 2045 vada
729 1988 863 2045 festa
896 1987 1020 2055 tori,
1050 1986 1398 2058 conjectaquc
1428 1987 1625 2057 passim

254 2082 885 2153 Fercula,-captivasque
905 2079 1089 2151 dapes,
1123 2080 1371 2151 cirroque
1394 2080 1641 2136 madente

251 2178 426 2240 Ferre
447 2182 733 2232 coronatos
754 2173 1051 2231 redolentia
1080 2182 1225 2230 serta
1256 2171 1479 2228 lebetas.

251 2270 411 2330 Ilicet
440 2269 695 2326 increscit
718 2267 959 2335 Mavors,
991 2267 1314 2337 thalamique
1346 2267 1589 2338 refringit

249 2365 384 2425 Plus
408 2363 603 2420 ardens
628 2361 845 2418 Bellona
875 2360 1054 2428 faces;
1078 2360 1215 2430 rapit
1236 2359 1423 2416 esseda
1448 2360 1638 2428 victor,

248 2458 662 2526 Nubentemque
689 2469 903 2519 nurum,
925 2467 1030 2508 non
1059 2453 1138 2509 sic
1168 2452 1473 2509 Pholoetica
1502 2461 1761 2521 monstra,

246 2553 431 2623 Atque
460 2547 832 2604 Pelethronios
856 2546 1111 2617 Lapithas
1140 2544 1437 2602 Semeleius
1465 2546 1611 2602 Evan

246 2643 489 2710 Miscuit,
519 2640 799 2697 )Emonias
827 2639 952 2694 dum
982 2638 1257 2693 ﬂammant
1285 2638 1432 2708 orgia
1463 2646 1691 2707 matres,

244 2738 316 2794 Et
340 2736 617 2792 Venerem
643 2722 971 2803 hlartemque
996 2729 1159 2795 cient,
1190 2744 1253 2785 ac
1283 2730 1451 2799 prima
1478 2737 1730 2786 cruentos

245 2829 589 2887 Consumunt
614 2825 682 2882 ad
711 2824 850 2881 bella
878 2822 1051 2889 cibos,
1082 2823 1396 2891 Bacchoque
1426 2830 1598 2877 rotato

244 2923 454 2983 Pocula
486 2922 589 2978 tela
621 2928 829 2992 putant,
862 2934 982 2975 cum
1012 2918 1361 2974 crudescente
1383 2918 1614 2973 tumultu

244 3021 453 3077 Polluit
472 3016 799 3073 Emathium
828 3015 1044 3086 sanguis
1067 3014 1415 3072 Centauricus
1442 3013 1669 3071 Othrim.

243 3111 360 3170 Nec
384 3110 504 3185 plus
531 3108 854 3180 nubigenum
884 3106 1225 3163 celebrentur
1245 3107 1422 3181 jurgia
1452 3106 1693 3163 fratrum.

240 3379 687 3454 expeditionibus
722 3378 973 3454 lustratos
984 3374 1122 3454 ait,
1135 3371 1288 3454 pauci
1318 3369 1557 3454 suntqui
1597 3383 1702 3454 non
1732 3377 1840 3454 sta-‘-

240 3441 353 3509 tirr'i
384 3459 763 3524 agnoscantur.
776 3448 941 3524 _Nam
984 3444 1154 3524 Elaris
1184 3441 1506 3524 sinendubio
1544 3450 1727 3523 noster
1760 3450 1841 3497 est

237 3512 475 3587 Elaver,
515 3520 742 3575 Cresaris
769 3514 1176 3573 Commentariis
1226 3512 1564 3587 notissimus,
1612 3513 1701 3581 qui
1746 3527 1840 3587 per

238 3582 623 3650 Arvernorum
653 3589 807 3659 plana
837 3587 1156 3659 decurrens,
1178 3583 1710 3659 collecti_s_utrinque
1736 3582 1837 3659 ali-

237 3669 393 3733 quot
419 3651 690 3733 amnibus',
708 3659 762 3712 in
779 3657 1014 3733 Ligerim
1038 3656 1198 3733 paulo
1228 3652 1361 3733 irtfra
1385 3651 1672 3733 Nivernum
1695 3653 1841 3733 evol-

237 3722 427 3788 vitur.
461 3731 634 3787 Ledus
668 3722 730 3783 in
776 3722 1106 3795 Septimania
1143 3740 1175 3779 e
1225 3722 1530 3795 Cerpmenis
1573 3722 1842 3795 montibus

235 3819 355 3872 per
385 3802 577 3859 Volcas
607 3792 946 3872 Arecomieos
968 3806 1036 3872 et
1054 3794 1284 3872 Montem
1312 3792 1588 3849 Pessulum
1618 3793 1669 3845 in
1698 3808 1844 3872 mare

236 3864 524 3930 Gallicum
548 3870 807 3927 decurrit.
857 3869 931 3924 De
958 3867 1081 3922 Cliti
1121 3864 1275 3920 unica
1319 3872 1403 3920 est
1437 3864 1838 3917 controversia:

235 3949 300 4000 in
335 3960 447 4015 qua
490 3943 731 4015 plerique
772 3938 1002 4015 Papyrio
1040 3937 1288 4015 Massotio
1320 3932 1705 4015 assentiuntur,
1729 3934 1840 4015 qui

237 4002 794 4072 Clauum'Pictonum
820 4002 939 4066 esse
968 4009 1167 4063 docuit.
1209 4006 1363 4061 Olitis
1388 4011 1533 4059 certe
1563 4002 1841 4058 'l‘lieodnlll

236 4085 693 4149 Aurelianensis,
726 4082 795 4140 de
830 4095 935 4152 quo
961 4079 1080 4152 aliis
1120 4077 1343 4147 placuit,
1376 4075 1428 4131 in
1460 4074 1600 4129 hunc
1625 4076 1837 4145 locum,

235 4158 356 4216 nisi
395 4157 579 4227 luxato
609 4169 789 4222 versu,
820 4150 983 4227 recipi
1013 4165 1118 4227 non
1148 4157 1343 4227 potest.
1498 4218 1509 4227 .
1550 4218 1560 4227 _
1728 4215 1740 4227 .

320 4238 353 4267 ι
392 4225 705 4289 Timebant,
754 4217 961 4291 opinor,
996 4236 1026 4275 a
1069 4219 1258 4291 vicinis
1301 4218 1612 4291 Armoricis,
1654 4217 1741 4286 qui
1771 4217 1838 4273 ad

237 4301 563 4358 libertatem
598 4288 708 4366 jam
746 4288 973 4366 dudum,
1007 4300 1066 4345 ut
1112 4306 1178 4366 ex
1225 4288 1542 4366 Zesinilib.
1576 4304 1627 4366 vi
1670 4298 1833 4366 patet,

236 4360 719 4442 aspirantesfaut
743 4365 1012 4419 Romanos
1037 4362 1202 4442 armis
1231 4360 1554 4442 appetebant
1598 4360 1837 4442 ipsi.,_aut

235 4430 651 4513 appetebantur
675 4454 690 4493 :
714 4445 774 4513 u_t_
800 4450 906 4513 quo
929 4443 1168 4513 tempore
1190 4432 1388 4513 bellum
1410 4430 1666 4513 adversus
1693 4431 1833 4511 illos,

233 4501 421 4570 Α’ἑιὶο
459 4509 700 4573 absente,
737 4501 939 4560 llunnis
962 4501 1349 4558 auiriliantibus
1379 4501 1541 4572 gessit
1565 4501 1797 4573 Litorius
1818 4545 1833 4570 ,

235 4593 301 4639 ut
330 4590 431 4639 est
469 4580 521 4634 in
568 4572 886 4649 panegyrico
908 4574 1077 4641 Aviti,
1106 4574 1207 4631 sub
1237 4587 1457 4637 annum,
1486 4580 1545 4626 ut
1582 4572 1835 4628 ostende-

233 4651 632 4793 ωῗείιῇῗῦᾳι-
674 4734 811 4793 unus
842 4735 856 4771 :
889 4716 1029 4793 quod
1059 4724 1208 4793 certe
1233 4715 1407 4793 aptius
1443 4711 1654 4793 videtur
1686 4713 1840 4783 120

233 4808 425 4865 quam
452 4791 593 4865 quod
632 4792 685 4865 in
714 4790 831 4857 aliis
861 4806 873 4841 :
904 4781 1416 4865 Pugnast-isupnriter
1465 4781 1841 4865 Franeisgrfun

234 4853 428 4924 Cloio.
461 4853 777 4917 Francicum
794 4856 974 4933 autem
988 4853 1100 4911 hoc
1124 4853 1339 4919 bellum,
1369 4855 1433 4933 in,
1456 4869 1561 4922 quo
1588 4853 1656 4907 ab
1683 4853 1839 4933 Aetio

235 4947 299 4994 et
327 4934 637 5004 Majoriano
666 4928 1074 5004 cumAClodione
1094 4941 1221 4995 rege
1244 4932 1530 5004 pugnatum
1551 4933 1665 5004 est,
1683 4923 1842 5004 pleri-

236 5022 359 5079 que
392 4994 586 5061 o'mnes
614 5003 691 5079 ad
702 5000 933 5079 felicem
951 5006 1015 5079 _et
1033 4994 1266 5079 Taurum
1296 4994 1543 5079 consules
1562 5036 1577 5061 ,
1610 4994 1838 5079 Christi—

238 5064 363 5149 que
392 5090 598 5149 annum
626 5073 746 5149 421
778 5070 964 5126 referri
1006 5069 1193 5149 volunt
1216 5065 1418 5149 ;‘_quod
1449 5080 1511 5120 eo
1540 5079 1680 5146 anno
1712 5064 1842 5119 Pro-

235 5136 387 5221 ἐρει-
430 5156 486 5202 et
528 5142 876 5221 Cassiodorus
907 5147 1108 5209 partem
1156 5136 1445 5221 Galliarum
1490 5136 1840 5221 propinquam

239 5207 458 5276 R'heno
479 5230 636 5286 quam
668 5212 863 5286 Franei
900 5207 1243 5286 occuparant,
1272 5208 1414 5286 A_et_ii_
1436 5208 1647 5286 comitis
1675 5207 1840 5260 armis

238 5280 537 5358 receptam
567 5284 796 5341 tradant.
813 5282 1019 5358 _Veru_r_n
1038 5280 1137 5358 qui
1172 5280 1691 5358 potui_t_blajorianus
1715 5288 1841 5358 tunc

237 5350 481 5424 adesse,
506 5366 560 5413 et
588 5366 697 5411 tam
717 5355 912 5409 acriter
937 5353 1212 5424 dimicare,
1237 5352 1417 5424 qni_50
1442 5360 1560 5424 post
1587 5350 1839 5424 annos__i_n

238 5432 362 5487 hoc
416 5420 518 5484 suo
562 5426 843 5482 consulatu
887 5422 1099 5493 juvenis
1132 5424 1285 5477 erat?
1329 5421 1529 5493 Deinde
1561 5422 1705 5493 prior
1750 5420 1841 5474 illa

238 5499 542 5572 expeditio
584 5498 650 5572 ad
698 5491 942 5572 Rhenum
962 5535 978 5561 ,
1013 5494 1127 5547 haec
1157 5499 1340 5547 nostra
1366 5493 1432 5572 ad
1461 5491 1758 5572 Atrebates
1786 5500 1841 5546 et

238 5561 528 5630 Helenam
557 5569 752 5635 vicum,
780 5566 934 5636 cujus
959 5578 1098 5620 nunc
1125 5578 1337 5636 quoque
1366 5563 1419 5617 in
1450 5576 1583 5633 pago
1613 5561 1839 5636 Atreba-

241 5644 403 5701 tensi
429 5640 497 5696 ad
518 5632 770 5695 Caucium
792 5632 1004 5693 amnem
1029 5632 1261 5705 vestigia
1276 5632 1505 5698 restant;
1536 5646 1659 5686 nam
1684 5632 1841 5705 lledij

240 5729 391 5772 num
437 5710 601 5767 Vetus
648 5718 855 5767 vocant.
901 5706 1115 5763 Certius
1167 5702 1314 5775 ergo,
1350 5705 1461 5759 haec
1488 5713 1637 5773 gesta
1673 5702 1842 5759 videri

235 5793 386 5860 post
429 5796 627 5841 annum
669 5777 1025 5848 Cbristi'MS,
1058 5791 1162 5847 quo
1206 5785 1446 5846 tempore
1475 5781 1694 5832 narrant
1720 5789 1841 5851 cum

1940 499 2022 556 Ad
2045 500 2272 556 frontem
2295 515 2446 558 coma
2470 511 2634 560 tracta
2651 506 2814 576 jacet,
2842 507 3150 581 nudataque
3177 510 3358 566 cervix

1941 592 2185 649 Setarum
2216 607 2313 662 per
2331 593 2524 651 damna
2550 598 2705 665 nitet,
2734 607 2844 655 tum
2876 599 3077 657 lumine
3095 602 3283 673 glauco

1940 683 2101 741 Albet
2129 699 2326 756 aquosa
2356 686 2520 753 acies,
2544 702 2606 744 ac
2634 690 2871 747 vultibus
2897 693 3134 765 undique
3161 696 3315 765 rasis,

1941 780 2046 836 Pro
2065 779 2228 836 barba
2257 788 2443 838 tenues
2472 794 2784 852 perarantur
2810 790 3018 857 pectine
3044 793 3244 853 cristae.

1942 872 2189 931 Strictius
2216 883 2409 929 assuta:
2440 884 2616 931 vestes
2643 891 2862 946 procera
2888 890 3143 938 coercent

1941 965 2177 1022 Membra
2205 967 2408 1033 virum;
2441 974 2587 1037 patet
2616 967 2682 1023 iis
2705 968 2870 1025 altato
2898 973 3130 1040 tegmine
3157 975 3366 1045 poples,

1941 1057 2106 1115 Latus
2132 1066 2188 1115 et
2211 1067 2488 1130 angustam
2518 1060 2797 1131 suspendit
2825 1061 3031 1118 balteus
3052 1063 3257 1122 alvum.

1941 1151 2256 1208 Excussisse
2284 1152 2418 1207 citas
2440 1163 2647 1210 vastum
2675 1167 2770 1223 per
2799 1153 2958 1210 inane
2988 1155 3265 1226 bipennes,

1941 1243 2010 1301 Et
2038 1246 2206 1316 plaga:
2231 1247 2512 1317 praescisse
2537 1250 2709 1304 locum
2729 1289 2745 1316 ,
2775 1249 3099 1321 clypeosque
3127 1260 3305 1307 rotare

1940 1335 2143 1407 Ludus,
2171 1345 2226 1394 et
2253 1339 2477 1394 intortas
2492 1340 2808 1409 prmeedere
2836 1341 3060 1397 saltibus
3086 1342 3292 1409 hastas,

1940 1429 2104 1501 inque
2127 1431 2333 1489 hostem
2356 1433 2565 1489 venisse
2588 1435 2732 1505 prius
2762 1451 2775 1488 :
2800 1434 3093 1505 puerilibus
3118 1435 3272 1491 annis

1942 1525 2040 1581 Est
2062 1526 2186 1581 belli
2219 1537 2461 1582 maturus
2493 1542 2673 1596 amor;
2702 1529 2745 1584 si
2769 1529 2906 1586 forte
2928 1538 3240 1601 premantur

1940 1620 2100 1691 317
2123 1620 2229 1675 Seu
2259 1635 2505 1689 numero,
2534 1634 2629 1676 seu
2660 1620 2794 1679 forte
2821 1621 2944 1688 loci,
2977 1637 3123 1678 mors
3152 1622 3329 1678 obruit
3373 1622 3514 1694 illos,

1943 1711 2059 1767 Non
2090 1711 2279 1778 timor;
2308 1713 2486 1767 invicti
2518 1721 2778 1782 perstant,
2810 1714 3095 1784 animoque
3123 1724 3409 1784 supersunt

1869 1796 1920 1859 B
1944 1802 2062 1859 Jam
2091 1818 2255 1875 prope
2280 1813 2398 1874 post
2426 1807 2678 1861 animam.
2704 1805 2860 1861 Tales
2888 1816 2939 1861 te
2961 1814 3097 1861 teste
3124 1806 3346 1877 fugavit,

1947 1895 2012 1951 Et
2042 1894 2293 1951 laudante
2324 1896 2467 1952 viros
2501 1897 2781 1967 :quisnam
2808 1896 2977 1952 ferat?
3002 1897 3178 1954 omnia
3212 1906 3407 1964 tecum,

1945 1991 2022 2047 Te
2046 1993 2160 2047 sine
2190 1991 2353 2046 multa
2377 1980 2498 2046 facit
2526 2009 2540 2058 ;
2571 1988 2597 2028 ἀ
2623 2001 2858 2062 pugnant
2882 2005 2979 2062 pro
3002 1991 3242 2062 principe
3268 1990 3442 2058 multi,

1944 2085 2111 2152 Quam
2141 2082 2302 2139 timeo
2332 2099 2397 2138 ne
2421 2084 2532 2152 jam
2564 2084 2663 2139 iste
2691 2084 2821 2151 sibi;
2851 2085 2895 2139 si
2928 2100 3087 2156 regna
3121 2083 3343 2151 tenebit,

1943 2176 2076 2232 lluic
2101 2178 2291 2243 vincis,
2320 2176 2674 2247 quodcunque
2697 2177 2912 2244 domas;
2945 2178 3019 2233 nil
3064 2178 3167 2233 fata
3208 2178 3516 2249 relinquunt

1944 2268 2039 2325 llic
2065 2270 2295 2326 medium
2326 2286 2341 2325 :
2374 2284 2655 2339 percussor
2680 2270 2822 2326 enim
2848 2271 2892 2326 si
2924 2271 3131 2341 respuis
3160 2286 3306 2339 esse,

1945 2362 2145 2419 Servus
2168 2364 2307 2428 eris;
2339 2370 2486 2417 certe
2513 2370 2661 2416 recto
2686 2362 2733 2417 si
2757 2362 2967 2425 tramite
2992 2372 3171 2418 servat

1944 2459 2136 2516 Sidera
2164 2458 2482 2524 Chaldaeus;
2510 2460 2658 2514 novit
2687 2460 2729 2514 si
2761 2458 3002 2529 gramina
3030 2458 3281 2524 Colchus,

1945 2551 2174 2623 Fulgura
2203 2552 2246 2606 si
2274 2552 2539 2617 Tliuscus,
2570 2552 2614 2606 si
2644 2550 2935 2607 Thessalus
2966 2550 3111 2607 elicit
3141 2550 3376 2620 umbras,

1944 2644 2003 2701 Si
2027 2643 2203 2714 Lyciae
2231 2654 2404 2698 sortes
2428 2643 2658 2713 sapiunt,
2690 2642 2734 2697 si
2758 2654 2939 2697 nostra
2968 2643 3146 2697 volatu

1947 2737 2075 2792 Fata
2106 2737 2393 2806 loquuntur
2414 2751 2561 2803 aves,
2596 2737 2767 2792 doctis
2794 2736 3055 2791 balatibus
3085 2736 3347 2791 Hammon

1944 2829 1999 2885 Si
2029 2837 2269 2885 sanctum
2295 2831 2393 2885 sub
2419 2838 2565 2901 syrte
2587 2830 2770 2899 gemit,
2797 2830 2841 2885 si
2866 2830 3099 2900 denique
3127 2845 3309 2885 verum

1944 2923 2169 2991 Phtebe,
2196 2923 2433 2992 Themis,
2468 2924 2685 2980 Dodona
2711 2925 2879 2991 canis,
2912 2934 3033 2993 post
3076 2935 3314 2994 tempora
3341 2931 3516 2985 nostra

1944 3016 2116 3072 Julius
2139 3015 2224 3071 hic
2253 3020 2519 3086 Augustus
2549 3018 2667 3072 erit.
2702 3015 3031 3084 Conjunctus
3062 3029 3248 3071 amore

1867 3095 1915 3160 C
1946 3107 2216 3166 Praaterea
2243 3118 2325 3165 est
2357 3119 2380 3146 ο
2402 3109 2581 3179 juveni
2612 3108 2826 3180 grandis
2855 3123 3014 3180 quem
3044 3109 3266 3180 spiritus
3289 3116 3463 3165 armat

1950 3367 2212 3438 Gregorio
2258 3376 2313 3423 ct
2364 3367 2641 3435 Sigeberto
2688 3366 2922 3422 Annales
2966 3366 3525 3438 nostri,,Clodtonea

1946 3437 2338 3509 Thoringorum
2387 3438 2580 3493 tinibus
2625 3453 2896 3509 egressum
2924 3483 2937 3503 ,
2989 3437 3227 3508 protritis
3275 3439 3527 3496 Romanis

1946 3511 2035 3579 qui
2084 3511 2163 3565 cis
2197 3510 2437 3563 lthenum
2469 3520 2657 3573 erant,
2702 3511 2754 3562 in
2801 3509 3186 3564 Carbnnariam
3229 3511 3415 3563 silvam
3443 3525 3528 3564 ve.

1951 3581 2114 3644 nisse.
2146 3580 2446 3634 Tornacum
2473 3590 2527 3633 et
2553 3581 2901 3634 Cameracurn
2945 3581 3125 3643 urbes,
3159 3580 3371 3649 aliaque
3399 3596 3522 3635 mox

1950 3653 2127 3704 omnia
2171 3651 2236 3703 ad
2265 3650 2555 3705 Somonam
2601 3666 2769 3718 usque
2792 3650 3010 3703 fluvium
3040 3664 3353 3717 occupasse.
3383 3650 3526 3703 Con-

1951 3730 2056 3775 stat
2079 3720 2219 3775 enim
2248 3721 2407 3774 nrbes
2436 3722 2549 3775 illas
2571 3721 2884 3774 Atrebatum
2916 3720 3059 3788 agris
3093 3720 3362 3784 proximas
3384 3735 3526 3774 esse.

1951 3791 2124 3857 Quare
2145 3806 2264 3844 cmn
2290 3791 2339 3844 in
2365 3792 2462 3844 bos
2483 3805 2691 3860 quoque
2714 3800 2896 3859 postea
2916 3792 3269 3858 pervaderent
3313 3789 3527 3860 Franci,

1950 3862 2017 3916 ab
2046 3861 2203 3915 Aetio
2244 3858 2516 3923 inbibitos,
2549 3858 2730 3916 ct’bac
2777 3876 2934 3930 quam
2967 3860 3217 3917 Sidonius
3243 3858 3526 3916 laudat‘vis-

1952 3932 2118 3987 ctoria
2147 3946 2424 4000 repressos
2455 3932 2705 4002 CtmlelO.

2025 4014 2046 4042 ο
2080 4001 2343 4073 Grapliica
2391 4000 2632 4058 veterum
2686 4003 3007 4057 Francorum
3055 4000 3371 4071 descriptio;
3422 4017 3526 4072 qua

1946 4089 2049 4129 non
2098 4074 2271 4129 solum
2311 4076 2418 4129 oris
2458 4076 2693 4130 habitum
2737 4074 3046 4140 cultumque
3090 4088 3301 4128 omnem
3335 4088 3520 4141 persc-

1947 4146 2148 4212 quitur,
2182 4160 2397 4213 procera
2431 4161 2678 4214 corpora,
2725 4145 2911 4199 rutilos
2940 4146 3150 4210 crines,
3179 4145 3369 4198 exesios
3400 4159 3525 4199 ocu-

1946 4215 2046 4280 los,
2076 4230 2271 4286 pronas
2299 4216 2351 4269 in
2386 4216 2612 4270 frontem
2669 4228 2822 4269 tonso
2852 4216 3064 4284 occipiti
3096 4230 3304 4281 comas,
3339 4224 3524 4271 tenues

1945 4301 2066 4340 raso
2090 4287 2236 4341 vultu
2288 4288 2499 4353 barbas,
2531 4296 2707 4343 vestes
2745 4287 2959 4341 strictas
3008 4296 3062 4341 et
3107 4286 3341 4353 singulos
3372 4297 3521 4341 artus

1943 4360 2326 4427 exprimentes,
2360 4359 2531 4413 nudos
2558 4359 2803 4428 poplites,
2847 4358 2982 4411 latos
3004 4360 3236 4422 balteos;
3269 4357 3360 4411 sed
3393 4373 3523 4427 pro-

1945 4431 2057 4495 pria
2080 4429 2238 4484 etiam
2262 4445 2443 4483 eorum
2471 4446 2639 4491 arma.
2676 4430 3046 4498 pugnandique
3077 4429 3314 4495 modum,
3345 4439 3397 4482 ct
3441 4430 3522 4482 ἱιι⁴

1945 4501 2140 4554 fractos
2168 4500 2319 4554 bellis
2351 4502 2560 4555 animos
2589 4509 2989 4554 commemorat.
3019 4500 3303 4554 Armorum
3327 4515 3519 4567 genera

1943 4570 2166 4624 Francis
2192 4571 2377 4625 eadem
2410 4572 2861 4640 tribuitAgatliias
2885 4570 2975 4623 lib.
2999 4586 3054 4633 ιι,
3078 4585 3290 4640 secures
3318 4570 3522 4640 scilicet

1942 4649 1996 4695 ct
2050 4643 2238 4695 breves
2284 4642 2492 4705 hastas,
2540 4638 2679 4710 quas
2708 4657 2930 4691 anconas
2960 4641 3238 4692 vocabant.
3273 4638 3522 4710 Dic_t:ect

1942 4713 2303 4778 securesipsae
2332 4713 2400 4764 ab
2426 4706 2608 4765 eorum
2636 4726 2733 4764 usu
2766 4710 3051 4778 franrisrw,
3084 4721 3138 4762 ut
3181 4720 3325 4762 notat
3358 4706 3520 4761 Isido-

1943 4796 2053 4843 rus,
2087 4790 2141 4834 et
2166 4781 2351 4835 Gallici
2386 4781 2619 4834 Annales
2647 4782 2696 4832 in
2722 4780 2986 4833 Clodovzei
3023 4779 3180 4832 rebus
3208 4780 3515 4835 ostendunt.

1946 4851 2198 4905 Bellicam
2240 4866 2366 4904 vero
2398 4851 2719 4904 Francorum
2765 4850 3011 4901 virtutem
3060 4850 3520 4905 asseritmlnlia-

1946 4936 2045 4974 nus
2076 4922 2228 4989 imp.,
2260 4921 2348 4990 qui
2392 4920 2828 4990 bellicosissimus
2859 4919 3245 4974 Germanorum
3266 4919 3520 4972 ‘Franeos

1945 5000 1999 5047 et
2020 4992 2258 5046 Saxones
2282 4989 2409 5047 facit
2440 4994 2489 5045 in
2518 4993 2759 5046 encomio
2782 4989 3102 5053 Coxistantii,
3131 4990 3196 5043 de
3226 4991 3518 5057 Magnentio

1948 5063 2465 5148 loquensLiurujus
2511 5063 2701 5148 castris
2742 5063 2951 5148 utrique
3002 5060 3297 5115 militabant
3336 5061 3516 5148 :'llzo°

1944 5134 2148 5189 λούοουν
2166 5134 2217 5190 δὲ
2248 5139 2385 5207 αὐτῷ
2406 5137 2529 5190 κατὰ
2554 5136 2609 5190 τὸ
2629 5137 2856 5207 ξυγγενὲς
2879 5136 3148 5203 σύμμαχοι
3187 5135 3518 5207 προῡυμῴτα·

1944 5228 2020 5262 τοι
2050 5208 2163 5282 «apri;
2182 5229 2256 5263 κοι
2272 5195 2601 5273 καίΣάξονες,
2630 5195 2884 5273 τῶἶίύπέρ
2906 5207 2989 5260 τὸν
3020 5214 3174 5261 Ῥῆνον
3196 5195 3272 5259 ria
3298 5209 3383 5261 τήν
3407 5202 3517 5256 Ἐσ-

1945 5280 2127 5330 mnia»
2148 5230 2399 5330 ὅάλατταν
2426 5280 2571 5330 ἐθνῶν
2600 5279 2665 5330 τὰ
2692 5279 3059 5330 μαγιαὼτατα.

2048 5300 2127 5332 ιαν
2148 5297 2399 5335 vam-rtus
2426 5297 2571 5331 ευνων
2600 5300 2665 5332 τα
2691 5297 3059 5335 μαγιμωτατα.

1945 5298 2127 5350 rupta?
2148 5298 2399 5335 υαΛατταν
2426 5298 2571 5331 ευνων
2600 5300 2665 5332 τα
2690 5298 3059 5346 μαχιμωτατα.

2016 5346 2043 5385 ιι
2093 5348 2266 5404 Locus
2318 5359 2471 5404 antea
2522 5348 2780 5403 obscurus
2837 5346 2963 5399 vitio
3011 5345 3515 5414 interpunclionum.

1946 5419 2208 5489 Pugnant,
2241 5421 2430 5490 inquit,
2454 5433 2639 5474 omnes
2657 5434 2750 5488 pro
2778 5417 3017 5486 principe
3034 5434 3054 5490 _:
3083 5431 3178 5486 pro
3206 5431 3266 5471 se
3282 5416 3390 5490 jam
3422 5432 3515 5490 pu;

1945 5485 2073 5561 gnat
2118 5485 2455 5561 hlajorianus,
2482 5499 2540 5545 ut
2566 5485 2687 5559 pote
2737 5485 3004 5561 princeps
3026 5485 3253 5543 futurus.
3285 5485 3437 5561 Qund
3468 5486 3512 5545 si

1949 5557 2210 5631 princeps
2239 5561 2451 5618 futurus
2492 5557 2594 5629 est,
2620 5557 2838 5629 jam'illi
2867 5558 3108 5615 serviunt
3135 5573 3322 5615 omnes
3352 5557 3511 5613 victo-

1946 5634 2041 5689 riae
2064 5642 2185 5687 tua).

2021 5713 2043 5741 ε
2068 5703 2344 5768 Ricimeri,
2371 5702 2575 5767 Vallire,
2608 5710 2667 5756 ut
2695 5701 2747 5757 in
2789 5702 3149 5763 Anthemiano
3183 5701 3383 5761 dictum
3411 5707 3511 5769 est,

1947 5776 2087 5847 regis
2113 5775 2408 5835 Gothorum
2435 5788 2500 5834 ex
2526 5773 2635 5834 ﬁlia
2661 5775 2859 5840 nepoti.
3415 5802 3440 5813 ι-
