4060 6332
530 363 636 422 ϐεἹ

536 480 693 551 Regis
722 476 811 533 avi
843 491 857 527 :
882 485 988 543 quo
1015 479 1064 524 te
1090 466 1303 525 vertas?
1335 465 1400 521 ad
1429 465 1661 521 culmina
1690 462 1874 518 mundi

536 574 631 629 llic
665 570 833 625 fatum
893 564 1031 630 fert,
1058 561 1217 617 ambo
1260 560 1498 615 animum
1538 575 1551 615 :
1585 568 1876 625 consurge,
1934 551 2119 611 simul-

1957 655 2085 720 Lque

537 751 843 825 Aggredere
873 751 1117 821 ignaros;
1148 755 1395 803 neutrum
1428 753 1664 798 mactare
1693 739 1917 809 valebis,

533 849 584 900 Si
607 845 795 914 jubeas
828 851 1113 909 utrumque
1144 839 1278 893 mori
1305 855 1320 903 ;
1351 839 1445 893 sed
1476 844 1630 891 necte
1657 833 1871 889 dolosas

534 942 830 998 Blanditias
856 940 969 1007 uni,
998 938 1141 994 ferro
1173 946 1351 992 tamen
1380 936 1481 990 iste
1514 942 1741 1005 petatur.

534 1034 666 1101 Quid
697 1034 885 1103 loquor
909 1030 1212 1088 incassum?
1242 1029 1374 1085 nihil
1406 1036 1490 1084 est
1517 1027 1657 1097 quod
1676 1034 1826 1081 tanta
1840 1037 2118 1087 cavemus,

537 1126 598 1180 Ut
631 1135 838 1196 regnet,
870 1126 1111 1180 victurus
1132 1124 1254 1179 erit.
1280 1124 1592 1176 Commotus
1624 1121 1675 1173 in
1699 1119 1805 1172 iras

597 1218 799 1283 Aetius,
818 1217 895 1273 sic
922 1230 1086 1285 pauca
1108 1216 1299 1271 refert:
1329 1213 1622 1283 Compesce
1650 1210 1878 1266 furentis

542 1310 708 1378 .mpia
739 1318 862 1364 vota
890 1309 1083 1373 animi;
1107 1316 1335 1363 mortem
1366 1305 1621 1361 mandare
1648 1303 1839 1360 valebo

539 1400 791 1468 Insontis,
838 1412 1039 1458 taceam
1063 1401 1267 1455 nostri?
1296 1401 1647 1469 quisquamne
1675 1406 1921 1467 precatur

538 1493 607 1550 Ut
631 1493 747 1549 sine
777 1494 1088 1549 criminibus
1108 1493 1313 1549 crimen
1340 1492 1431 1547 fiat
1462 1492 1598 1546 bene
1622 1490 1808 1545 nasci?

540 1587 619 1643 Ad
643 1601 852 1657 poenam
885 1586 1005 1655 quis
1032 1585 1134 1640 fata
1160 1584 1357 1641 vocet?
1381 1594 1466 1639 tua
1501 1584 1707 1638 viscera
1732 1582 1878 1637 ferro

539 1677 827 1748 Majoriane
856 1678 1068 1747 petam?
1092 1675 1328 1731 Phoebus
1355 1675 1401 1731 si
1433 1686 1589 1730 nocte
1615 1673 1865 1743 refulget,

540 1771 705 1842 318
733 1770 879 1825 Luna
904 1769 1012 1835 die,
1035 1770 1230 1839 duplex
1259 1778 1423 1837 ponto
1448 1768 1492 1821 si
1524 1767 1759 1837 plaustra
1790 1773 2021 1820 novatur

544 1861 843 1926 Parrhasis,
872 1860 1141 1915 Atlantem
1169 1859 1386 1925 Tanais,
1419 1860 1461 1913 si
1488 1858 1727 1928 Bagrada
1758 1855 1932 1912 cernit

541 1954 843 2018 Caucason,
873 1952 1107 2007 Hercinii
1135 1952 1372 2006 nemoris
1398 1950 1443 2005 si
1473 1950 1858 2020 stipite'lintris

541 2044 710 2099 Texta
738 2043 1087 2098 Nabathaeum
1114 2058 1210 2112 pro
1238 2042 1426 2097 Rheno
1451 2042 1624 2096 sulcat
1651 2041 1959 2110 llidaspem,

541 2138 601 2195 Si
623 2138 757 2193 bibit
783 2138 1048 2207 Hispanus
1074 2136 1332 2206 Gangem,
1366 2135 1663 2205 tepidisque
1695 2135 1761 2189 ab
1778 2133 2027 2204 Erythris

542 2231 622 2286 Ad
650 2232 1015 2287 Tartesiacum
1047 2231 1196 2285 venit
1216 2229 1373 2283 Indus
1397 2236 1624 2298 aquator
1655 2226 1863 2282 Iberum
1894 2243 1907 2279 :

541 2322 593 2377 St
624 2336 682 2376 se,
712 2322 942 2376 Pollucis
970 2320 1239 2390 perfundit
1260 2321 1517 2389 sanguine
1543 2319 1737 2374 Castor
1763 2335 1776 2370 :

543 2412 748 2467 Thesea
773 2411 1019 2475 Pirithoi,
1054 2409 1306 2479 Pyladem
1328 2410 1373 2465 si
1400 2410 1593 2463 stravit
1624 2411 1814 2464 Oreste
1840 2458 1843 2459 ν

546 2502 643 2556 Vel
668 2492 950 2556 furibunda
980 2515 1188 2567 manus,
1222 2510 1435 2571 raperet
1464 2517 1582 2555 cum
1616 2501 1841 2556 Taurica
1863 2516 2013 2558 sacra

544 2596 815 2652 Matricida
839 2597 979 2667 pius.
1005 2595 1110 2653 Sed
1140 2612 1206 2651 ne
1220 2597 1490 2667 sprevisse
1516 2597 1758 2652 dolorem

545 2689 705 2745 Forte
732 2700 879 2745 tuum
902 2690 1108 2756 videar,
1136 2691 1299 2757 vivat,
1325 2700 1612 2759 careatque
1634 2704 1921 2760 parumper

548 2780 731 2836 Militia
761 2799 772 2834 :
798 2781 901 2838 heu
927 2783 1081 2838 nobis
1112 2783 1304 2852 potuit,
1339 2783 1439 2837 nisi
1479 2784 1630 2839 triste
1657 2794 1920 2853 putasses,

546 2872 835 2929 Fortunam
869 2874 1067 2930 debere
1088 2889 1263 2930 suam.
1292 2875 1381 2932 Sic
1411 2877 1573 2942 fatur,
1604 2887 1658 2932 et
1690 2877 1841 2932 illum

545 2962 690 3019 Rere
707 2964 857 3033 jubet
878 2967 1048 3035 patrio
1074 2979 1256 3023 suetos
1286 2976 1492 3023 mutare
1517 2968 1757 3033 labores,

547 3054 797 3111 Fatorum
821 3066 1070 3112 currente
1095 3068 1232 3125 rota,
1256 3074 1362 3128 quo
1392 3059 1623 3116 disceret
1650 3075 1779 3131 agro

547 3146 683 3213 Quid
714 3163 1077 3217 possessorem
1108 3162 1344 3215 maneat,
1378 3167 1511 3221 quos
1540 3152 1770 3222 denique
1800 3166 1976 3206 mores

548 3239 644 3295 Jus
671 3241 826 3295 civile
858 3251 1025 3309 paret,
1053 3259 1116 3298 ne
1145 3243 1314 3297 solam
1349 3243 1535 3297 militis
1564 3254 1730 3297 artem

552 3332 741 3388 Ferret
763 3334 829 3388 ad
858 3334 1163 3403 imperium.
1188 3334 1551 3402 Suspcnderat
1582 3336 1726 3390 ilicet
1748 3351 1896 3390 arma

553 3422 820 3478 Emeritos
848 3425 1079 3491 juvenis,
1110 3427 1309 3479 sterilis
1332 3426 1537 3495 jejuuia
1569 3437 1727 3481 terra:

555 3514 778 3569 Vomere
802 3514 1114 3581 fecundans,
1131 3519 1207 3571 sic
1231 3519 1496 3587 quundam
1519 3521 1738 3576 consule
1763 3536 1927 3579 curvo

555 3605 810 3661 Vertebas
836 3622 1074 3678 campos,
1106 3610 1318 3677 paulum
1354 3610 1395 3664 si
1427 3626 1552 3677 pace
1583 3624 1861 3681 sequestra

550 3695 784 3753 Classica
817 3698 1072 3767 laxasses,
1098 3700 1250 3755 fortis
1279 3703 1361 3755 cui
1397 3703 1525 3757 laeva
1554 3704 1779 3772 regebat

550 3787 745 3849 Stivam
778 3798 895 3857 post
926 3792 1151 3858 aquilas,
1185 3792 1328 3845 hutni
1357 3794 1368 3846 i
1401 3798 1522 3846 dum
1545 3797 1727 3862 juncta
1753 3799 1962 3852 camino

531 3873 784 3963 :Victoris
817 3881 1018 3935 fumum
1047 3883 1253 3937 biberet
1278 3887 1508 3953 palmata
1538 3888 1773 3965 bubulci.

555 3969 581 4009 δ
614 3971 875 4041 Principis
908 3973 1105 4029 interea
1137 3975 1315 4044 gladio
1341 3977 1684 4047 lacryuiabile
1711 3980 1874 4034 fatum

553 4063 826 4119 Clauserat
851 4068 1033 4120 Aetius
1064 4086 1073 4117 :
1110 4069 1261 4137 cujus
1292 4086 1396 4137 qua
1426 4072 1586 4125 tutius
1615 4071 1702 4125 ille

551 4154 737 4221 Magna
770 4155 1022 4213 Palatinis
1048 4161 1397 4227 c0njuugeret
1424 4164 1630 4231 agmina
1662 4167 1868 4231 turmis,

556 4244 755 4300 Evocat
780 4247 919 4304 hunc
941 4251 1219 4319 precibus;
1251 4253 1345 4307 sed
1379 4269 1483 4308 non
1513 4269 1572 4310 se
1604 4270 1758 4324 paena
1792 4268 2028 4314 moratur

554 4338 840 4409 Sanguinis
865 4340 1053 4407 effusi;
1087 4358 1365 4400 numerum
1388 4347 1678 4417 collegerat
1706 4364 1855 4421 ergo,

1816 345 2054 403 SIDONII
2096 344 2549 403 APOLLINARIS

2143 462 2194 523 Α
2221 461 2334 517 Non
2369 462 2603 531 animum
2637 460 2852 531 populi;
2884 460 3007 514 ferri
3040 461 3179 516 mala
3208 459 3430 515 crimina
3461 458 3605 515 ferro

3711 336 3809 400 (.68

2224 554 2385 625 319
2408 555 2598 619 Solvit,
2629 563 2683 609 ct
2713 554 2765 607 in
2800 562 3034 608 nostram
3060 554 3178 624 plus
3200 552 3436 608 concidit
3459 552 3548 606 ille
3578 552 3808 611 ruinam.

2223 647 2337 702 Jam
2368 658 2496 704 tunc
2520 648 2805 718 imperium
2838 648 3124 718 praesentis
3151 646 3409 716 principis
3440 659 3604 699 aurea

2230 741 2527 796 Volvebant
2553 744 2692 796 bona
2726 741 2831 796 fata
2860 741 3017 804 colu;
3052 740 3145 796 sed
3168 740 3381 811 publica
3409 740 3604 793 damna

2226 835 2480 889 Invidiam
2513 836 2696 906 fugere
2722 834 2822 889 viri
2853 852 2864 888 :
2897 834 3204 904 quicunque
3233 832 3446 887 fucrunt

2226 926 2428 981 Nomen
2454 928 2505 980 in
2533 929 2829 997 Augustum
2861 926 3007 993 lecti,
3035 934 3258 983 tenuere
3280 926 3532 981 relictum

2225 1020 2527 1074 Caesaribus
2548 1019 2741 1075 solium
2775 1036 2789 1076 :
2833 1028 3115 1090 postquam
3148 1030 3203 1074 tu
3235 1028 3392 1095 capta
3425 1016 3665 1082 laboras,

2230 1114 2325 1169 llic
2346 1116 2483 1180 quod
2514 1114 2674 1171 habet
2702 1115 2845 1170 fecit.
2872 1115 3159 1184 Traianum
3193 1114 3363 1171 Nerva
3394 1115 3606 1170 vocavit

2227 1207 2357 1262 Cum
2381 1208 2569 1278 pignus
2590 1208 2700 1277 jam
2733 1209 2905 1263 victor
2932 1216 3083 1272 erat;
3112 1208 3470 1265 Germanicus
3494 1215 3641 1265 esset

2229 1298 2298 1355 Ut
2326 1299 2515 1365 titulis,
2550 1300 2754 1355 meritis
2781 1299 2991 1365 fuerat;
3021 1314 3109 1356 res
3139 1300 3330 1357 ordine
3353 1299 3546 1366 currit,

2231 1394 2378 1449 [lane
2402 1395 2567 1449 ambit
2591 1396 2806 1460 famam,
2835 1395 3076 1465 quisquis
3097 1396 3173 1449 sic
3198 1395 3403 1464 incipit.
3436 1393 3583 1451 Olim

2231 1486 2358 1545 Post
2380 1486 2617 1556 Capreas
2644 1486 2849 1553 Tiberi,
2884 1497 3004 1556 post
3027 1487 3198 1554 turpia
3229 1486 3447 1541 numina
3475 1485 3601 1549 Cai,
3780 1551 3786 1557 ρ

2229 1579 2526 1635 Censuram
2556 1579 2763 1644 Claudi,
2793 1579 3052 1632 citharam
3080 1578 3449 1648 thalamosque
3481 1577 3733 1645 Neronis,

2232 1669 2362 1725 Post
2393 1670 2597 1738 Specnli
2629 1671 2877 1725 immanis
2908 1685 3183 1739 pompam.
3212 1684 3319 1740 quo
3345 1686 3406 1727 se
3446 1671 3537 1726 ille
3569 1669 3786 1725 videbat
3832 1658 3841 1665 ’

2234 1762 2368 1816 [linc
2399 1763 2587 1831 turpis,
2618 1762 2759 1832 quod
2787 1762 3010 1830 pulcher
3039 1763 3202 1827 Otho,
3240 1772 3358 1833 post
3393 1762 3579 1832 quinta
3610 1760 3769 1819 Viteli

2159 1836 2205 1898 Β
2233 1855 2418 1923 Millia,
2449 1856 2639 1911 famosi
2665 1857 2867 1909 ventris
2887 1856 3140 1909 damnata
3172 1855 3389 1910 baratro
3414 1872 3428 1920 ;

2236 1949 2328 2004 His
2359 1950 2526 2003 titulis
2550 1949 2798 2018 princeps
2820 1949 3015 2013 lectus,
3047 1948 3316 2017 similique
3348 1947 3521 2005 labori

2238 2041 2591 2110 Vespasianus
2618 2052 2753 2096 erat.
2790 2052 2810 2079 ε
2846 2040 2952 2096 Sed
2979 2057 3045 2096 ne
3074 2040 3302 2097 fortasse
3328 2039 3554 2096 latronis

2235 2132 2317 2187 Me
2338 2133 2573 2187 clausam
2598 2134 2795 2191 virtute
2826 2143 2998 2203 putes,
3034 2135 3372 2204 consumpsit
3393 2133 3447 2189 in
3477 2133 3575 2189 illo

2240 2225 2353 2281 Vim
2378 2228 2573 2297 gentis,
2599 2228 2722 2284 vita:
2748 2229 2935 2285 vilium
2966 2248 2977 2281 :
3012 2228 3323 2299 Scythicam
3354 2229 3627 2287 feritatem

2235 2316 2349 2371 Non
2379 2318 2522 2373 vires
2551 2319 2644 2373 sed
2680 2329 2799 2375 vota
2833 2330 3039 2385 tenent,
3064 2320 3355 2391 spoliisque
3380 2321 3585 2389 potitus

2236 2413 2543 2478 lminensis,
2569 2412 2732 2481 gobur
2754 2414 2881 2467 luxu
2904 2413 3015 2482 jam
3047 2414 3280 2484 perdidit
3307 2428 3495 2480 omne,

2235 2508 2353 2575 Quo
2382 2508 2545 2562 valuit
2572 2507 2700 2563 dum
2731 2521 2932 2576 pauper
2958 2517 3103 2571 erat;
3138 2522 3257 2563 mea
3285 2508 3495 2565 viscera
3523 2523 3621 2579 pro
3648 2522 3707 2565 se

2237 2601 2293 2655 ln
2320 2615 2404 2655 me
2433 2615 2574 2654 nunc
2603 2610 2808 2663 armat;
2840 2600 3048 2655 laceior
3081 2609 3159 2655 tot
3180 2609 3335 2669 capta
3356 2615 3450 2673 per
3476 2615 3649 2659 annos

2235 2692 2364 2748 Jure
2385 2707 2503 2756 suo,
2539 2691 2732 2745 virtute
2755 2706 2871 2747 mea
2895 2710 2909 2755 ;
2938 2690 3272 2762 fecundaque
3297 2692 3473 2762 paruis

2236 2784 2381 2851 Quos
2405 2784 2574 2853 patiar
2607 2783 2787 2853 pario;
2822 2783 3053 2853 propriis
3079 2782 3149 2837 nil
3178 2783 3604 2851 conficitarmis,

2237 2879 2479 2945 Gaztulis,
2510 2879 2775 2946 Numidis,
2806 2877 3242 2946 Garamantibus,
3278 2877 3649 2949 Autololisque

2236 2968 2264 3007 ἀ
2285 2970 2517 3042 Arzuge,
2546 2969 2891 3034 Marmarida,
2918 2969 3120 3040 Psyllo,
3146 2968 3448 3025 Nasamone
3477 2970 3694 3027 timetur

2236 3060 2445 3132 Segnis,
2477 3069 2531 3117 et
2559 3062 2759 3131 ingenti
2792 3061 2989 3115 ferrum
3008 3064 3117 3128 jam
3147 3060 3318 3115 nescit
3340 3058 3409 3115 ab
3428 3074 3584 3116 auro.

2226 3156 2339 3226 ilpsi
2371 3163 2546 3209 autem
2578 3154 2725 3208 color
2752 3154 3063 3223 exsanguis,
3096 3170 3255 3225 quem
3278 3155 3500 3224 crapula
3531 3164 3711 3223 vexat,

2161 3216 2208 3279 Ο
2241 3216 2304 3304 Fit
2337 3249 2540 3318 pallens
2569 3247 2835 3318 pinguedo
2868 3216 3332 3319 tenetpga-neaque
3360 3216 3582 3322 perenni

2238 3345 2405 3415 κο
2443 3344 2665 3399 Pressus
2704 3354 3044 3403 acescentem
3080 3344 3392 3399 stomachus
3440 3360 3544 3400 non
3587 3344 3805 3414 explicat

3516 3435 3733 3509 [ωηιιι.

2241 3526 2344 3581 Par
2374 3535 2456 3580 est
2479 3526 2584 3580 vita
2610 3526 2724 3580 suis
2752 3543 2764 3578 :
2795 3540 2899 3580 non
2930 3527 3008 3581 sic
3037 3526 3321 3582 Barehteus
3347 3528 3578 3598 opimam

2244 3620 2505 3674 Hannibal
2528 3621 2593 3671 ad
2616 3618 2854 3688 Capuam
2886 3619 3066 3688 periit,
3096 3633 3218 3673 cum
3252 3619 3406 3675 fortia
3439 3619 3583 3676 bello

2245 3711 2385 3765 Inter
2410 3710 2629 3763 delicias
2658 3710 2929 3763 mollirent
2950 3725 3177 3779 corpora
3207 3710 3344 3765 Baia:

2246 3805 2303 3858 Et
2330 3824 2386 3857 se
2412 3804 2663 3857 Lucrinas
2693 3819 2796 3873 qua
2820 3804 2991 3871 vergit
3019 3804 3229 3858 Gaurus
3260 3804 3311 3857 in
3337 3804 3529 3866 undas,

2246 3901 2463 3951 l‘iwi-hia
2498 3897 2759 3965 Massylus
2784 3898 3014 3965 jactaret
3037 3898 3182 3968 nigra
3217 3907 3441 3954 natator.

2250 3995 2307 4042 ait
2330 4008 2409 4056 pie
2435 3991 2554 4045 ideo
2585 3990 2727 4044 hunc
2749 3990 3023 4045 dominum
3058 3990 3236 4046 saltim
3272 4002 3390 4061 post
3417 3993 3620 4050 sarcula
3648 4002 3787 4051 tanta

2246 4084 2479 4137 lilorcm
2509 4082 2634 4136 mihi
2664 4082 2850 4146 redde,
2885 4100 3097 4153 precor,
3122 4101 3192 4142 ne
3216 4086 3435 4140 dimicet
3468 4087 3610 4141 ultra

2243 4174 2505 4243 Carthago
2539 4174 2741 4227 Italiam
2769 4185 2978 4229 contra.
3013 4176 3103 4232 Sic
3133 4177 3258 4242 fata,
3284 4177 3470 4232 dolore

2243 4266 2520 4335 Ingemuit,
2555 4266 2909 4337 l~cryuiisque
2940 4282 3126 4337 preces
3145 4270 3344 4339 adjuvit
3375 4270 3604 4326 obortis.

2242 4368 2265 4397 θ
2301 4359 2393 4415 His
2424 4363 2538 4414 hmc
2578 4362 2740 4413 liutna
2774 4362 2960 4418 refert.
2995 4364 3208 4433 Longas
3234 4364 3486 4433 succinge
3518 4363 3787 4432 querelas,

626 4492 1702 4592 129$“(’cfjtjgguﬁéflgtM95sat's
1733 4507 2128 4591 habui‘_t\0|ius
2158 4516 2207 4575 D
2238 4517 2510 4592 referunt,
2542 4526 2598 4575 et
2628 4519 2697 4575 ad
2730 4518 3171 4592 ﬁliosngenserici
3191 4563 3204 4581 .
3245 4536 3471 4591 quorum
3510 4522 3701 4592 jugum
3730 4521 3821 4576 ali.

556 4562 920 4647 {hippianqu
951 4568 1133 4647 militia
1170 4572 1410 4639 privare,
1444 4562 1768 4647 domumque
1812 4562 2126 4639 remittere“;

559 4636 1640 4721 121‘unde‘inaulam"postea,_n_tortuo
1671 4636 1846 4718 Aetio,
1877 4636 2153 4710 evocatus

552 4718 634 4832 git
654 4706 1105 4831 :bVlalcntiniano.
1134 4706 1216 4766 lfa'
1233 4714 1388 4768 saluti
1420 4716 1639 4784 illi'fuit,
1667 4722 1805 4790 quod
1826 4706 1939 4792 ejus
1968 4706 2129 4781 exitio

626 4793 652 4829 r
723 4793 749 4829 a
779 4795 859 4832 ur.

591 4790 859 4832 arauatur.
1856 4790 1867 4792 ἡ

554 4790 589 4845 p
625 4845 653 4885 ι’
684 4848 865 4930 (lamis
896 4861 1032 4930 esta
1065 4853 1435 4930 Valentiniano
1464 4860 1648 4915 Aetius
1688 4878 1829 4918 anno
1866 4866 1968 4919 454
1990 4862 2010 4930 .’
2039 4883 2127 4923 se-

555 4922 737 4996 quenti
758 4934 898 4974 anno
918 4922 1313 4979 Valentinianus
1346 4928 1459 4996 ipse
1494 4931 1561 4983 ab
1593 4936 1727 4987 Aetii
1758 4922 2123 4992 familiaribus.

553 4988 667 5074 iam
701 4998 1260 5074 tu_m._ergo‘regnare_.
1295 4988 1499 5074 inquit:
1531 5014 1738 5069 pntcrat
1783 4988 2126 5074 filajOriai—ins;

697 5059 966 5141 felicitatis
995 5059 1622 5141 fuittantispeiLdiffe'rri,
1658 5091 1724 5128 ne
1761 5059 2130 5141 illo'regnant—e

552 5130 847 5215 a_Vani_lalis
868 5132 1037 5215 Roma
1058 5130 1355 5215 caperetur.
1377 5139 1496 5195 Fuit
1511 5152 1565 5197 et
1588 5130 1769 5211 gloria:
1793 5130 2129 5215 imperiuma

554 5201 848 5284 Maioriano
877 5206 1021 5284 prius
1053 5201 1260 5284 restitui
1289 5225 1446 5284 quam
1475 5201 1694 5284 suscipi.
1726 5201 2129 5276 Nain'Cresares

554 5272 791 5359 plerique
836 5274 1077 5359 relictum
1122 5277 1224 5359 sibi
1253 5272 1321 5359 ali
1348 5282 1467 5359 aliis
1494 5272 1685 5359 soliu'm
1725 5272 2021 5359 occupant,
2044 5272 2130 5347 hic

554 5346 1174 5425 novumquodammodo
1195 5358 1315 5419 post
1335 5355 1509 5409 varias
1536 5357 1715 5413 clades
1743 5346 1884 5425 fecit',
1915 5370 1971 5413 ut
1996 5346 2126 5417 olim

556 5411 935 5482 Vespasianus.

630 5493 652 5573 ξ
690 5486 965 5573 Censerici
993 5507 1005 5542 :
1039 5504 1195 5572 quem
1226 5497 1453 5565 amplius
1484 5501 1829 5573 metuendum
1864 5513 2039 5573 negat,
2073 5514 2130 5559 ut

553 5555 659 5643 qui
688 5555 819 5643 Ἦριή
843 5574 965 5643 cum
1010 5555 1139 5629 suis,
1186 5555 1436 5643 tanquam
1484 5570 1744 5643 llannihal
1774 5555 1838 5627 ad
1866 5555 2126 5643 Cnidium,

551 5622 663 5705 jam
695 5622 889 5705 fractus
919 5639 972 5705 et
992 5622 1309 5703 enervatus;
1330 5640 1439 5692 sola
1468 5622 2128 5700 arroriiiii"iﬁiiiiuiii"§ii1

557 5701 906 5785 tuine-nitatur.
933 5701 1043 5757 Hoc
1065 5706 1205 5760 enim
1228 5701 1307 5762 est
1334 5710 1473 5779 quod
1502 5714 1739 5781 queritur
1762 5715 1957 5785 Africa,
1989 5720 2037 5770 in
2072 5734 2128 5773 sc

556 5779 751 5855 armari
788 5783 1144 5855 vrsccralsua,
1189 5793 1251 5855 se
1290 5797 1477 5855 parere.
1506 5779 1638 5851 quos
1668 5788 1915 5855 patiatur.
1943 5779 2130 5843 'Aliter

557 5836 672 5893 aliis
704 5840 871 5897 visum
900 5846 1092 5914 sentio,
1123 5836 1207 5918 qui
1240 5836 1351 5905 tia'eo
1375 5854 1436 5906 ad
1482 5836 2125 5931 camisia"ﬁiiiii'iiiéiiéin

2235 4590 2446 4661 quando
2479 4604 2703 4656 passura
2745 4591 2833 4646 sit.
2862 4590 2968 4646 Sed
2994 4593 3061 4645 de
3082 4590 3273 4661 quibus
3294 4590 3822 4660 Ιοψιαιιιτ,“οειρη‹]ςι

2235 4659 2553 4732 Libycarum
2579 4662 2820 4728 gentium
2853 4659 3185 4717 enumeratio
3216 4678 3332 4731 qlia!
3367 4659 3630 4732 Sequitur.

2306 4727 2643 4798 J'Arzugum
2685 4734 2957 4800 regionem
2989 4734 3209 4786 Orosius
3235 4727 3491 4787 'eamdein
3538 4736 3615 4787 ait
3662 4735 3824 4788 fuisse

2234 4815 2353 4875 cum
2396 4800 2598 4875 Tripoli
2650 4802 2947 4875 provincia,
2993 4804 3047 4857 in
3091 4818 3191 4873 qua
3237 4805 3416 4871 Leptis
3458 4816 3537 4857 est
3589 4806 3823 4875 Magna:

2237 4872 2499 4937 Quamvis,
2542 4872 2732 4941 inquit,
2768 4875 2992 4943 Arzuges
3032 4872 3118 4938 per
3154 4875 3357 4943 longum
3388 4876 3578 4940 Africrv
3608 4872 3825 4930 limitem

2235 4944 2535 5011 generaliter
2580 4942 2835 4996 dicantur.
2887 4942 3038 5011 Quod
3087 4959 3216 4997 sane
3243 4942 3439 4999 "verius
3484 4957 3645 5011 puto;
3702 4961 3822 5001 cum

2236 5015 2525 5086 Arzugesa
2558 5012 2903 5086 Tripolitanis
2936 5024 3191 5083 perpetuo
3220 5014 3467 5086 distingui
3498 5015 3740 5075 videam.
3773 5025 3830 5071 ut

2234 5083 2285 5135 in
2307 5084 2524 5157 synodo
2553 5084 2798 5157 Africana
2843 5101 2961 5138 can.
3005 5088 3068 5138 16
3102 5097 3154 5139 et
3187 5088 3274 5149 li),
3327 5083 3484 5140 et'ab
3521 5090 3827 5157 Augustino

2233 5154 2392 5222 epist.
2427 5155 2511 5217 48,
2541 5156 2629 5222 qui
2659 5156 2942 5209 interiores
2963 5159 3027 5208 ad
3056 5157 3332 5210 meridiem
3356 5173 3474 5212 esse
3510 5154 3694 5222 docet,
3728 5159 3827 5212 hoc

2235 5235 2336 5288 cst,
2374 5225 2424 5277 in
2450 5226 2617 5295 limite
2648 5228 2761 5293 ipso
2791 5229 3003 5279 ΑΓΓιΟω.
3034 5228 3309 5282 Publicola
3334 5229 3632 5293 Augustino
3664 5231 3824 5295 epist,

2236 5295 2338 5349 155
2380 5313 2390 5347 :
2436 5294 2501 5347 In
2540 5296 2850 5369 Arzugibus,
2904 5306 2956 5349 ut
2983 5298 3180 5363 audivi,
3224 5301 3485 5350 decuriam
3535 5301 3628 5369 qui
3677 5294 3828 5351 limiti

2233 5375 2437 5440 pressat,
2472 5367 2548 5419 vel
2578 5368 2778 5440 tribuno
2816 5369 2974 5440 solent
2992 5371 3175 5440 jurare
3202 5369 3425 5435 barbari,
3460 5367 3709 5440 juranles
3744 5386 3827 5433 per

2234 5432 2655 5511 dmntonessuos,
2692 5432 2776 5505 q'ui
2810 5439 2876 5491 ad
2916 5432 3239 5493 deducendas
3269 5432 3504 5507 (vastitatis
3532 5442 3674 5509 pacti
3712 5432 3825 5511 [ξλε-

2233 5508 2355 5560 rint.
2391 5509 2447 5561 ln
2479 5509 2678 5580 Aurelii
2709 5524 2835 5563 vero
2857 5512 3090 5578 episcopi
3114 5511 3571 5580 Carthaginiensis
3593 5508 3825 5580 epistola

2235 5587 2414 5651 contra
2461 5579 2775 5633 leestium
2819 5592 2871 5636 et
2900 5581 3179 5651 Pelagium
3224 5579 3509 5636 Azuritana
3546 5579 3827 5651 previncia

2234 5649 2426 5717 legitur
2458 5664 2553 5718 pro
2584 5654 2619 5701 Α
2632 5651 2921 5717 rzugitana.

2307 5729 2329 5755 ο
2374 5721 2564 5794 Afriere
2596 5725 2841 5794 precibus
2874 5724 3036 5777 Roma
3068 5725 3135 5776 ita
3168 5723 3473 5794 respondet,
3533 5732 3585 5779 ut
3632 5735 3829 5781 ventu-

2234 5807 2350 5866 rum
2375 5793 2437 5866 ad
2470 5793 2639 5861 ipsam
2667 5792 2994 5866 liberandam
3026 5792 3374 5863 Majorianum
3406 5798 3695 5866 spondeat,
3733 5798 3828 5851 sed

2232 5865 2505 5918 visendam
2536 5866 2580 5919 ei
2614 5865 2762 5933 prius
2784 5866 3007 5922 Galliam
3038 5882 3177 5935 esse,
3215 5884 3334 5937 quite
3366 5865 3684 5924 ab’intcritu
3721 5869 3827 5926 Va-
