4060 6332
340 317 445 375 669
1808 308 1907 364 CA1

2022 307 2131 365 NA.
3501 318 3610 381 670

338 433 378 488 0
405 431 597 487 devota
622 428 755 485 mihi
776 443 793 482 :
814 426 1009 484 vindex
1034 427 1126 483 tibi
1150 427 1369 483 nomine
1396 425 1581 483 divum

338 523 660 593 Majorianus
688 522 819 588 erit;
850 522 944 578 sed
974 521 1157 591 paucis
1178 535 1346 591 pauca
1375 530 1637 576 retexam.

338 627 361 656 ι
385 619 467 673 Ex
494 632 599 687 quo
622 613 959 671 Theudosius
986 615 1291 670 communia
1317 617 1438 684 jura
1465 614 1646 685 fugato

335 710 585 766 Reddidit
606 709 843 765 auctoris
863 708 1031 775 fratri,
1063 708 1149 764 cui
1175 716 1388 777 guttura
1411 708 1569 778 fregit

335 804 460 858 Post
486 803 545 859 in
568 817 626 858 se
651 801 905 859 vertenda
930 815 1141 867 manus,
1174 816 1291 856 mea
1322 799 1495 856 Gallia
1525 815 1706 857 rerum

332 897 612 967 Ignoratur
637 896 812 952 adhuc
839 893 1090 960 dominis,
1119 894 1409 965 ignaraque
1442 894 1628 950 servit.

332 987 415 1044 Ex
437 989 530 1044 illo
559 988 784 1044 multum
807 988 985 1059 periit,
1016 988 1137 1057 quia
1165 987 1404 1056 principe
1431 986 1639 1054 clauso,

331 1078 597 1150 Quidquid
617 1088 735 1135 erat
760 1079 941 1134 miseri
971 1078 1199 1133 diversis
1228 1078 1467 1148 partibus
1492 1078 1661 1145 orbis,

332 1171 541 1228 Vastari
567 1172 807 1229 solemne
826 1172 927 1227 fuit
957 1189 970 1227 :
1001 1186 1120 1241 quae
1146 1172 1249 1227 vita
1274 1172 1553 1241 placerem

328 1265 464 1321 Cum
485 1275 661 1321 rector
689 1264 1046 1321 moderandus
1076 1265 1223 1320 erat?
1250 1273 1556 1332 contempta
1590 1273 1666 1320 tot
1705 1278 1875 1321 annos

326 1355 590 1413 Nobilitas
614 1356 785 1428 jacuit
809 1375 821 1409 :
847 1358 1075 1427 pretium
1106 1358 1407 1426 respublica
1432 1356 1552 1411 forti

325 1448 555 1505 Rettulit
579 1447 857 1505 invidiam.
888 1448 1145 1518 Princeps
1169 1449 1282 1504 haec
1302 1450 1480 1503 omnia
1515 1459 1697 1506 noster

323 1540 581 1613 Corrigit,
613 1550 774 1612 atque
802 1551 975 1609 tuum,
1005 1544 1149 1598 vires
1174 1558 1240 1598 ex
1265 1543 1512 1612 gentibus
1539 1542 1765 1609 addens,

324 1636 410 1690 Ad
438 1636 639 1692 bellum
658 1650 752 1706 per
774 1636 914 1691 bella
941 1636 1118 1700 venit;
1147 1651 1268 1689 nam
1293 1636 1564 1690 maximus
1592 1635 1699 1691 isse
1727 1651 1834 1703 est,

321 1729 441 1785 Non
466 1744 729 1801 pugnasse
757 1729 907 1785 labor
934 1748 947 1784 :
974 1730 1196 1786 terimus
1218 1746 1312 1785 cur
1340 1740 1577 1798 tempora
1611 1731 1817 1788 verbis?

321 1822 602 1890 Pervenit,
636 1831 693 1879 et
712 1822 897 1878 vincit.
926 1823 1042 1878 Tali
1070 1838 1322 1879 sermone
1351 1835 1621 1893 peractum

317 1914 622 1973 Concilium
652 1927 755 1981 est,
779 1917 1063 1987 verbisque
1092 1918 1205 1972 deat
1239 1918 1528 1974 famulante
1558 1920 1796 1987 metallo,

317 2010 505 2064 Aurea
527 2007 824 2065 concordes
853 2017 1130 2065 traxerunt
1162 2010 1251 2063 ﬁla
1278 2026 1512 2066 sorores.

397 2103 506 2159 Hos
534 2118 641 2173 me,
672 2117 807 2173 quos
836 2103 1028 2168 cecini,
1059 2103 1242 2159 Roma:
1272 2104 1558 2174 Libyaeque
1587 2104 1798 2161 labores

315 2195 482 2269 331
512 2194 644 2250 Vota
674 2192 949 2251 hominum
980 2194 1211 2250 docuere
1250 2196 1430 2265 loqui;
1470 2194 1495 2233 ι)
1540 2198 1649 2266 jam
1698 2207 1907 2267 tempus

910 2346 913 2349 γ
1625 2287 1710 2359 [ad
1742 2289 1833 2344 illa

315 2382 487 2438 Ferre
512 2381 728 2452 pedem,
751 2395 872 2452 quae
914 2381 1070 2437 fanda
1102 2382 1232 2435 mihi
1264 2382 1347 2436 vel
1376 2382 1621 2450 Apolline
1652 2392 1801 2439 muto

318 2475 431 2529 Pro
463 2473 632 2529 Musis
658 2473 797 2529 Mars
818 2482 998 2530 vester
1020 2474 1144 2528 erit.
1172 2472 1573 2529 Conscenderat
1596 2475 1777 2545 Alpes,

315 2566 845 2638 licetorumquejugo
874 2582 970 2637 per
999 2568 1153 2637 longa
1184 2568 1396 2622 si’entia
1424 2566 1636 2632 ductus,

313 2662 567 2718 Romano
593 2662 798 2717 exierat
823 2660 1076 2731 populato
1105 2670 1226 2715 trux
1251 2660 1600 2724 Alamannus,

312 2767 334 2794 ε
374 2754 587 2823 Perque
610 2752 741 2808 Cani
763 2752 1031 2821 quondam
1059 2752 1231 2806 dictos
1253 2751 1320 2805 de
1348 2751 1567 2807 nomine
1592 2765 1831 2821 campos,

310 2848 370 2901 In
404 2845 640 2917 praidam
667 2853 879 2901 centum
911 2844 1096 2899 novies
1127 2843 1400 2899 dimiserat
1429 2843 1609 2897 hostes
1636 2861 1648 2896 :

312 2937 546 3008 Iamque
571 2935 825 3005 magister
849 2950 992 2999 eras,
1019 2934 1313 2987 Burconem
1341 2932 1529 3000 dirigis
1556 2933 1666 2997 illo,

313 3030 523 3101 Exigua
551 3028 843 3085 comitante
871 3041 1063 3089 manu;
1095 3025 1189 3079 sed
1221 3024 1418 3079 sufficit
1441 3025 1602 3091 istud,

314 3122 457 3183 Cum
486 3135 726 3193 pugnare
745 3120 929 3185 jubes;
964 3128 1111 3173 certa
1140 3127 1223 3172 est
1248 3118 1469 3172 victoria
1494 3118 1694 3173 nostris

1941 431 1996 492 Α
2020 425 2097 482 Te
2122 427 2407 485 mandasse
2430 431 2603 499 acies;
2632 433 2841 505 peragit
2871 432 3080 491 fortuna
3111 433 3461 506 triumphum,

2018 520 2135 577 Non
2159 524 2379 594 populo,
2412 525 2507 580 sed
2535 541 2720 584 amore
2751 538 2874 593 tuo;
2910 531 3036 585 nolo
3064 532 3275 599 agmina
3303 543 3497 601 campo

2016 619 2169 689 Quod
2194 621 2360 676 mittis
2384 637 2617 692 paucos;
2648 623 2775 680 felix
2811 636 2861 681 te
2890 627 3109 695 respicit
3132 628 3232 682 iste

2016 716 2252 771 Eventus
2275 716 2397 770 belli
2424 733 2436 769 :
2468 726 2731 774 certatum
2764 728 2847 775 est
2868 718 2990 789 jure
3020 720 3283 790 magistri,

2015 809 2235 878 Augusti
2259 808 2386 863 fato.
2420 806 2448 845 ά
2483 808 2662 878 Nuper
2693 819 2811 879 lost
2840 810 3011 867 hostis
3042 820 3228 881 aperto

2016 901 2241 957 Errabat
2264 903 2440 957 lentus
2465 901 2685 973 pelago;
2719 903 2876 957 simul
2906 903 3097 959 ordine
3126 902 3282 959 vobis

2012 994 2159 1050 Ordo
2187 996 2364 1051 omnis
2394 1010 2617 1066 regnum
2646 995 2890 1059 dederat,
2920 996 3088 1064 plebs,
3121 997 3291 1062 curia,
3323 993 3501 1063 miles,

2015 1088 2082 1143 Et
2107 1090 2309 1157 collega
2344 1089 2526 1144 simul.
2559 1088 2889 1159 Campanam
2922 1088 3173 1144 flantibus
3202 1087 3399 1144 austris

2013 1183 2323 1254 Ingrediens
2354 1192 2573 1249 terram,
2606 1198 2849 1239 securum
2887 1183 3057 1236 milite
3088 1183 3270 1236 Mauro

2012 1277 2313 1345 Agricolam
2345 1276 2679 1346 aggreditur;
2720 1275 2927 1344 pinguis
2951 1288 3047 1343 per
3076 1283 3308 1329 transtra
3338 1272 3561 1329 sedebat

2016 1368 2306 1434 Vandalus,
2329 1370 2618 1439 opperiens
2641 1367 2900 1437 prmdam,
2932 1382 3089 1436 quam
3111 1366 3347 1435 jusserat
3378 1364 3502 1421 illuc

2011 1461 2237 1529 Captivo
2265 1463 2510 1531 capiente
2546 1461 2711 1526 trahi;
2736 1460 2831 1517 sed
2863 1468 3041 1517 vestra
3070 1469 3291 1529 repente
3538 1532 3539 1535 η

2012 1550 2155 1607 Inter
2188 1562 2473 1623 utrumque
2496 1553 2704 1610 hostem
2727 1552 2990 1609 de‘derant
3017 1567 3139 1607 sese
3160 1551 3371 1620 agmina
3397 1550 3593 1620 planis,

2010 1645 2141 1713 Qua:
2170 1646 2388 1714 pelagus
2419 1646 2717 1715 collemque
2748 1654 2955 1710 secant,
2994 1654 3311 1715 portumque
3337 1642 3561 1699 reducto

2013 1736 2263 1793 Efficiunt
2286 1739 2422 1793 flexu
2447 1738 2612 1801 fluvii.
2648 1737 2938 1795 Perterrita
2964 1735 3217 1806 primum,

1940 1825 1984 1884 Β
2012 1831 2219 1885 Montes
2250 1830 2402 1885 turba
2429 1832 2579 1901 petit,
2610 1830 2845 1886 trabibus
2867 1845 2984 1899 quzn
3016 1829 3196 1883 clausa
3222 1825 3427 1882 relictis

2010 1922 2214 1980 Praeda:
2236 1924 2416 1993 pra-da
2450 1923 2565 1986 fuit,
2595 1932 2704 1977 tum
2731 1924 2972 1977 concitus
3001 1922 3212 1991 agmine
3236 1930 3375 1985 toto,

2010 2017 2063 2070 ln
2095 2032 2321 2086 pugnam
2352 2019 2518 2085 pirata
2540 2017 2649 2072 coit
2674 2034 2686 2069 :
2715 2031 2838 2086 pars
2862 2016 3020 2070 lintre
3041 2026 3225 2069 cavata

2008 2110 2125 2165 Iam
2154 2109 2354 2164 dociles
2384 2108 2605 2178 exponit
2639 2124 2826 2179 equos,
2861 2122 2986 2177 pars
3017 2107 3192 2163 ferrea
3229 2116 3371 2162 texta

2007 2201 2272 2256 Concolor
2294 2202 2551 2266 induitur,
2583 2209 2782 2257 teretes
2815 2216 2937 2271 pars
2962 2200 3193 2270 explicat
3223 2213 3399 2262 arcus,

2008 2295 2169 2366 322
2199 2296 2524 2364 Spiculaque
2552 2294 2785 2349 infusum
2818 2294 2963 2350 ferro
2986 2295 3159 2348 latura
3186 2306 3474 2355 venenum,

2008 2388 2135 2454 Qua;
2168 2388 2359 2442 feriant
2384 2388 2466 2443 bis
2488 2388 2648 2442 missa
2681 2388 2887 2453 semel;
2925 2396 2949 2424 ε
2970 2386 3081 2456 iam
3114 2385 3312 2442 textilis
3338 2384 3524 2452 anguis

2012 2479 2185 2534 Discat
2203 2482 2269 2534 rit
2292 2495 2386 2550 per
2417 2488 2699 2550 utramque
2726 2479 2919 2541 aciem,
2946 2479 3031 2533 cui
3062 2485 3243 2548 guttur
3265 2475 3470 2531 adactis

2008 2570 2290 2641 Turgescit
2317 2573 2594 2643 zephiris;
2631 2573 2810 2640 patulo
2842 2572 3096 2627 mentitur
3127 2569 3277 2624 hiatu

2011 2661 2204 2717 Iratam
2237 2663 2437 2732 pictura
2474 2664 2689 2725 famem,
2722 2676 3005 2731 pannoque
3032 2660 3270 2715 furorem

2008 2755 2150 2810 Aura
2184 2756 2327 2821 facit,
2360 2756 2572 2824 quoties
2604 2764 2878 2810 crassatur
2900 2754 3087 2809 vertile
3118 2762 3326 2823 tergum

2010 2847 2268 2913 Flatibus,
2293 2857 2347 2901 et
2376 2847 2598 2901 nimium
2622 2846 2732 2915 jam
2762 2862 2865 2901 non
2890 2846 3032 2915 capit
3059 2844 3209 2899 alvus
3235 2844 3416 2898 inane.

1905 2988 1916 2999 .
2010 2946 2080 2997 At
2111 2942 2233 2996 tuba
2267 2942 2533 2996 terrisono
2559 2940 2785 3009 strepuit
2809 2954 2970 3009 grave
3001 2953 3161 2992 rauca
3192 2937 3424 3007 fragore,

2010 3037 2312 3105 Responsat
2338 3035 2540 3089 clamor
2573 3033 2740 3101 lituis,
2767 3034 3036 3102 virtusque
3066 3040 3287 3101 repente

2012 3127 2220 3197 Ignavis
2242 3126 2324 3182 vel
2357 3140 2515 3196 parva
2545 3125 2674 3181 furit
2701 3142 2715 3190 ;
2748 3125 2890 3180 cadit
2912 3122 3144 3194 undique
3174 3122 3395 3187 ferrum,

317 3258 849 3329 lentinianijunioris
879 3273 974 3331 per
995 3258 1258 3331 annosAGli
1287 3257 1582 3331 lcgit‘mnm
1608 3260 1906 3330 principem
1939 3265 1985 3330 Ο
2016 3265 2235 3320 emersit
2268 3279 2335 3319 ex
2377 3266 2581 3329 privata
2621 3264 2849 3327 fortuna,
2885 3263 3226 3329 exsequitur;
3274 3276 3335 3315 ac
3365 3261 3592 3331 primum

318 3334 526 3390 nullum
557 3328 760 3385 viderat
791 3348 801 3382 :
836 3330 924 3383 ubi
957 3332 1113 3383 tacite
1147 3328 1386 3393 Honorii,
1413 3339 1465 3383 et
1494 3329 1632 3383 Plac.
1670 3328 1907 3388 Valenti.

319 3404 471 3460 niani
498 3402 802 3457 socordiam
831 3401 1126 3463 insimulat,
1159 3402 1247 3468 qui
1277 3400 1542 3454 Ilarennm
1577 3400 1687 3457 fere
1718 3407 1908 3459 maeni-

322 3477 424 3531 bus
454 3472 663 3532 inclusi,
711 3472 949 3523 barbaris
992 3470 1289 3537 provincias
1337 3472 1697 3527 lacerantibus
1729 3477 1907 3532 omnia

326 3542 839 3613 pessumdedcrnnt,
874 3555 992 3613 cum
1040 3540 1175 3593 alter
1216 3541 1284 3593 ob
1327 3542 1570 3594 inertiam
1596 3583 1609 3605 ,
1666 3546 1799 3598 alter
1841 3547 1909 3599 0b

326 3610 541 3669 aetatem
576 3610 1001 3664 moderatoribus
1029 3621 1267 3677 egerent.
1370 3631 1375 3636 -

402 3692 429 3720 ει
472 3680 547 3736 Ita
572 3682 836 3750 superius,
860 3690 914 3733 et
940 3679 1264 3734 Claudianus
1288 3681 1510 3747 passim,
1539 3684 1692 3737 metri
1714 3698 1905 3749 causa;

324 3762 481 3811 vetus
507 3753 780 3822 inscriptio
819 3750 1277 3819 Consmntinopoli
1322 3766 1481 3821 supra
1522 3753 1749 3808 Auream
1784 3770 1909 3825 por-

327 3833 484 3881 tam:

448 3894 563 3944 Haec
577 3893 681 3943 loca
703 3891 1012 3956 Theudosius
1033 3891 1231 3941 decorat
1256 3900 1364 3954 post
1388 3891 1483 3941 fata
1501 3896 1709 3956 tyranni.

448 3958 613 4007 Aurea
640 3954 779 4004 saecla
805 3956 933 4015 gerit
953 3956 1036 4016 qui
1065 3962 1251 4015 portam
1275 3954 1671 4005 construit‘auro.

328 4044 487 4115 122
520 4040 811 4094 Theodosii
850 4048 1170 4115 auctor_est_
1206 4038 1511 4115 Gratianus,
1539 4057 1569 4115 a
1610 4055 1715 4115 uno
1745 4043 1912 4111 impe-

324 4109 484 4169 Fin—n7
503 4121 779 4179 acceperat
817 4127 829 4162 :
863 4111 1098 4162 auctoris
1148 4110 1312 4162 frater
1356 4109 1779 4174 Valeltlinianw,
1826 4109 1909 4168 cui

321 4186 499 4253 gulam
548 4184 634 4250 qui
664 4182 820 4249 fregit
846 4180 1367 4253 Arbogastesuidem
1400 4182 1499 4234 sibi
1547 4190 1749 4247 postea,
1786 4200 1906 4236 cum

322 4251 563 4326 Eugenio
594 4262 816 4322 tyranno
838 4252 1009 4304 vietus
1029 4266 1058 4302 a
1082 4251 1406 4315 Theodosio,
1441 4266 1667 4326 mortem
1699 4255 1906 4326 consci-

320 4321 433 4392 vit,
474 4321 703 4392 septimo
734 4329 845 4377 lere
887 4331 1009 4390 post
1051 4337 1190 4375 anno
1236 4338 1393 4385 quam
1449 4321 1847 4379 Valentinianus
1876 4339 1906 4378 a

320 4398 561 4451 Maximo
609 4394 817 4461 fugatus
858 4393 1082 4460 imperio
1123 4407 1214 4459 per
1239 4393 1597 4447 Theodosium
1632 4396 1908 4450 restitutus

320 4467 522 4523 fuerat.
571 4466 830 4519 Auctores
878 4478 1005 4530 ergo
1052 4463 1200 4521 dicti.
1254 4465 1342 4531 qui
1397 4464 1481 4517 vel
1532 4466 1766 4533 generis,
1824 4466 1906 4521 vel

320 4553 486 4607 opum
508 4546 562 4591 et
590 4535 812 4607 honoris
839 4543 1095 4607 parentes
1122 4534 1240 4588 aliis
1270 4535 1508 4607 fuissent.
1537 4537 1623 4607 Sic
1649 4536 1903 4590 lladriani

320 4605 598 4664 auctorem
620 4605 906 4671 Traianum
929 4605 1156 4673 appellat
1181 4606 1514 4671 Spartianus,
1533 4605 1727 4659 Iuliani
1760 4609 1901 4660 (lon-

318 4651 1514 4745 istiista:sentit};stratasnantibi
1535 4651 1742 4741 ἷξῆζᾶ
1764 4651 1902 4745 an.
1942 4651 1988 4710 D

270 4755 279 4761 ’
319 4752 390 4806 ad
420 4749 706 4819 imperium
735 4749 903 4800 evecti
937 4748 1162 4798 fuerant.
1198 4744 1452 4819 Sidonius
1476 4746 1593 4819 ipse
1625 4744 1904 4819 Apollina-

320 4837 436 4879 rem
467 4816 621 4875 avum
654 4829 925 4871 auctorem
955 4830 1109 4869 suum
1141 4824 1295 4868 meat
1326 4816 1375 4866 in
1403 4816 1626 4879 cpistola
1650 4832 1767 4884 qua:
1788 4818 1904 4883 ejus

321 4893 655 4962 epitaphium
680 4886 993 4962 _09"li."°i.-.
1019 4885 1387 4962 ξ’ίιιιθεγτίξέοε
1406 4956 1416 4962 .
1434 4894 1585 4962 vim
1636 4888 1707 4962 η)-
1727 4888 1901 4962 Gem"

322 4952 521 5019 thliaeo
557 4956 879 5014 Maximiani.
924 4952 1227 5020 Itidemque,
1272 4954 1611 5020 Maximiane,
1660 4955 1904 5011 Hercules

320 5045 440 5089 tuus
470 5044 669 5093 auctor,
703 5043 818 5080 cum
846 5028 975 5082 inter
1004 5025 1232 5080 homines
1259 5034 1413 5091 esset,
1454 5035 1614 5079 terras
1657 5044 1829 5080 onmes
1858 5038 1904 5082 et

320 5115 551 5159 monstra
579 5101 796 5171 pacavit.
823 5098 913 5171 _|ta~
934 5096 1073 5151 enim
1098 5097 1197 5166 legi
1227 5097 1405 5171 debet.
1423 5099 1717 5171 Auctorem
1736 5099 1903 5153 Mavi-

323 5177 486 5230 miani
512 5168 792 5228 Herculem
818 5168 963 5233 facit,
979 5178 1037 5222 ut
1056 5171 1211 5236 paulo
1231 5176 1353 5222 ante
1371 5168 1679 5223 Diocletiani
1695 5168 1902 5232 Jovem,

322 5248 467 5315 quod
498 5245 566 5299 ab
593 5244 697 5297 illis
728 5240 828 5315 orti
856 5238 1732 5315 viderivoluerint._§ynimaclius
1754 5239 1907 5315 deni-

322 5309 425 5386 que
459 5316 551 5371 lib.
589 5330 641 5380 ι,
669 5312 826 5380 epist.
867 5310 940 5364 22
966 5318 1019 5364 et
1048 5310 1153 5386 57_,
1198 5325 1317 5364 cum
1350 5309 1637 5386 Theodosii
1667 5311 1906 5386 cjn_s_dem

324 5380 599 5442 auctorem
628 5390 1033 5446 commemorat,
1082 5380 1197 5448 ejus
1225 5390 1426 5449 patrem
1458 5381 1703 5449 intelligit
1731 5381 1907 5436 Theo-

324 5460 534 5513 dosium
571 5456 843 5520 comitem,
885 5468 1043 5521 quem
1088 5452 1394 5505 Africanum
1440 5460 1494 5506 et
1541 5452 1903 5506 Britannicum

325 5529 517 5585 ducem
554 5532 813 5589 nominat,
842 5522 912 5577 ob
940 5522 1158 5577 bellicas
1187 5522 1366 5576 lauros
1408 5538 1539 5591 quas
1572 5523 1637 5575 ab
1678 5532 1900 5592 utraque

325 5610 483 5670 gente
504 5598 783 5656 retulerat.
812 5593 1009 5649 Verum
1032 5593 1115 5647 hic
1136 5593 1350 5663 generis
1370 5603 1555 5647 auctor
1577 5592 1900 5661 Theodosio,

328 5672 534 5740 imperii
565 5671 866 5740 Gratianus.

400 5733 424 5781 Β
467 5743 591 5797 ιιιεο
616 5756 741 5811 pars
771 5736 1293 5811 alteraipancgyrici,
1316 5736 1492 5811 inqua
1524 5733 1661 5788 redit
1687 5734 1751 5789 ad
1782 5750 1901 5804 par-

2017 3336 2285 3405 duplicem
2328 3336 2442 3403 ejus
2482 3336 2760 3389 victoriam
2788 3352 2802 3388 :
2830 3350 2987 3389 unam
3030 3335 3097 3388 de
3133 3334 3467 3405 Alamannis,
3490 3332 3593 3405 Aqui

2016 3403 2111 3477 per
2139 3409 2299 3477 Alpes
2324 3407 2518 3461 “salias
2538 3407 2740 3477 delapsi
2765 3415 3065 3477 nongentos
3087 3421 3118 3460 e
3137 3407 3246 3459 suis
3269 3404 3333 3457 ad
3362 3403 3599 3477 praedam

2019 3473 2369 3532 immiserant.
2407 3478 2510 3530 llos
2541 3476 2859 3545 Majorianus
2890 3473 3124 3529 nondum
3158 3477 3466 3544 imperator,
3499 3473 3594 3545 sed

2008 3548 2120 3617 jam
2146 3547 2402 3616 magister
2433 3544 2685 3611 militum,
2716 3548 2919 3601 directo
2951 3548 3013 3617 in,
3033 3561 3125 3617 eos
3152 3546 3389 3617 Burconc
3415 3544 3594 3617 profli-

2015 3620 2179 3685 gavit.
2204 3618 2310 3671 Res
2333 3619 2509 3684 itaque
2529 3627 2737 3680 peracta
2757 3631 2941 3671 mense
2967 3616 3152 3669 Martio
3173 3616 3300 3668 anni
3321 3616 3444 3669 457.
3464 3616 3595 3670 Nam

2016 3702 2079 3742 ex
2111 3691 2296 3743 incerti
2322 3690 2559 3743 chronici
2590 3698 2809 3741 auctore
2827 3697 2990 3756 patet,
3009 3685 3360 3740 Constantino
3383 3686 3596 3756 etllnfo

2017 3773 2182 3821 coss.,
2228 3758 2398 3827 pridie
2439 3757 2692 3811 calendas
2741 3753 2971 3827 Martias
3008 3756 3319 3827 magistrum
3367 3753 3593 3827 militum

2017 3825 2439 3897 facturn‘fnisse,
2485 3842 2774 3897 purpuram
2815 3825 3008 3880 deinde
3052 3826 3287 3878 calendis
3324 3826 3596 3894 Aprilibus

2017 3900 2336 3970 suscepisse.

2095 3981 2117 4009 ο
2158 3966 2341 4039 Campi
2384 3969 2571 4024 Canini
2604 3969 2656 4023 in
2684 3984 2745 4023 ea
2774 3968 2957 4023 Rzetire
2997 3982 3089 4023 ora
3120 3967 3332 4022 fuerunt
3360 3966 3597 4039 quteLi-
3664 3993 3674 4000 -

2014 4042 2181 4109 guria:
2212 4037 2543 4096 euntcrrnina
2576 4050 2677 4094 est.
2711 4039 2881 4095 Situm
2911 4040 3066 4095 docet
3099 4039 3221 4092 item
3257 4037 3597 4093 Marcellinus

2014 4113 2109 4167 lib.
2134 4131 2197 4166 xv
2232 4114 2348 4166 :Ad
2392 4128 2541 4182 quem
2583 4111 2897 4182 procinctum
2936 4114 3210 4182 imperator
3250 4126 3498 4182 egressus,
3530 4110 3598 4164 in

2020 4182 2207 4237 thias
2233 4179 2536 4253 camposque
2566 4179 2695 4235 uenit
2719 4180 2958 4235 Caninos.
2989 4181 3056 4235 Et
3081 4197 3148 4253 ne
3177 4179 3594 4253 ambigiqueal,

2017 4254 2213 4308 indicio
2242 4265 2322 4307 est
2348 4250 2552 4315 'Bili'tio,
2588 4261 2738 4308 vetus
2768 4263 3000 4307 castrum
3032 4253 3084 4307 in
3118 4252 3201 4305 his
3230 4250 3431 4320 campis
3460 4254 3597 4320 posi-

2021 4333 2153 4387 tum,
2191 4325 2453 4394 hodieque
2500 4340 2601 4378 non
2633 4324 2942 4378 obscurum.
2975 4323 3262 4393 Gregorius
3302 4321 3349 4376 Χ
3396 4322 3594 4394 Hister.

2014 4411 2069 4449 ιιι
2101 4414 2113 4449 :
2173 4397 2267 4448 010
2312 4393 2416 4450 dua:
2452 4396 2519 4450 ad
2543 4394 2838 4447 Bilitionem
2868 4403 3093 4448 castrum
3134 4397 3185 4447 in
3229 4394 3419 4462 campis
3444 4393 3596 4447 situm

2014 4466 2223 4520 Caninis
2262 4468 2548 4534 importune
2585 4465 2863 4534 accedens,
2892 4468 3073 4538 jaculo
3112 4465 3369 4520 sauciatus
3417 4465 3597 4519 cecidit

2013 4550 2057 4590 εἰ
2086 4548 2312 4590 mortuus
2343 4549 2434 4589 (ἔτι.

2088 4604 2113 4642 ί¹
2154 4608 2331 4660 Altera
2366 4608 2642 4677 Majotiani
2678 4607 2852 4675 palma
2882 4607 2947 4660 de
2977 4605 3230 4677 Vandalis
3268 4605 3591 4677 Maurisque,

2014 4692 2148 4741 quos
2198 4694 2261 4730 ex
2293 4675 2468 4731 Africa
2510 4680 2561 4730 in
2608 4676 2951 4744 Campaniam
2994 4676 3243 4730 advectos
3275 4675 3596 4744 Majorianus

2009 4748 2118 4814 jam
2163 4747 2470 4812 imperator,
2518 4763 2621 4799 non
2656 4748 2827 4800 solum
2862 4746 3036 4813 prmda
3082 4760 3238 4813 quam
3271 4747 3597 4813 collegerant

2014 4816 2283 4897 spoliavit,
2300 4817 2391 4897 sed
2414 4817 2559 4897 gravi
2583 4818 2791 4870 attritos
2815 4816 2964 4896 clade
2987 4816 3230 4897 iniugati)
3255 4816 3379 4897 egit.
3399 4816 3595 4885 Pugnte

2014 4886 2189 4941 locum
2222 4888 2290 4941 ita
2320 4886 2582 4957 designat,
2628 4897 2682 4939 ut
2714 4887 2989 4954 perspicue
3033 4887 3341 4941 Sinuessani
3395 4895 3595 4940 tractus

2016 4958 2261 5026 planities
2290 4956 2508 5012 indicari
2537 4957 2800 5021 videatur,
2822 4972 2939 5024 qure
2961 4973 2990 5010 a
3025 4957 3173 5027 Lyris
3199 4957 3351 5011 ostiis
3378 4956 3442 5010 ad
3473 4957 3591 5011 Vul-

2015 5038 2224 5081 turnum
2245 5039 2510 5097 porrecta,
2534 5029 2657 5083 hinc
2674 5030 2825 5089 mari,
2854 5028 2995 5082 illinc
3019 5029 3221 5083 Massici
3249 5028 3446 5082 montis
3463 5030 3591 5098 jugo

2014 5099 2295 5154 clauditur.
2338 5101 2492 5171 123
2525 5100 2731 5153 Mauros
2780 5115 2927 5169 ergo,
2956 5099 3075 5169 quia
3119 5115 3148 5152 a
3181 5098 3430 5152 Vandalis
3467 5102 3595 5153 sul)-

2014 5171 2117 5224 acti
2151 5170 2380 5236 fuerant,
2408 5170 2647 5239 captiuis
2671 5179 2846 5236 vocat,
2878 5183 2928 5224 et
2953 5171 3325 5240 praetlamqua:
3356 5185 3449 5238 per
3476 5170 3594 5224 illos

2013 5242 2287 5309 agebatur,
2319 5243 2529 5307 captivo
2559 5241 2802 5310 capiente
2832 5245 2945 5309 capi
2970 5250 3155 5310 argute
3181 5239 3334 5306 dixit,
3353 5254 3414 5294 ac
3436 5241 3594 5309 paulo

2016 5321 2156 5377 post,
2192 5313 2385 5382 praedic
2416 5314 2647 5383 prtedatn
2680 5313 2861 5374 fuisse,
2897 5326 3016 5366 cum
3049 5311 3218 5366 Mauri
3250 5327 3278 5365 a
3316 5310 3592 5383 Maioriani

2011 5384 2181 5450 copiis
2225 5384 2384 5453 fugati
2420 5382 2481 5438 et
2522 5384 2729 5437 navium
2770 5383 2915 5436 aditu
2957 5383 3183 5447 exclusi,
3230 5397 3258 5437 a
3304 5382 3592 5453 Campanis

2012 5455 2143 5522 ipsis
2172 5471 2307 5522 quos
2336 5463 2587 5523 ceperant
2611 5456 2747 5521 capti
2775 5463 2918 5507 sunt.

2087 5535 2108 5560 ο
2150 5524 2437 5595 Gregorius
2486 5526 2850 5578 Nazianzenus
2900 5535 3035 5579 orat.
3095 5525 3117 5578 l
3170 5527 3225 5580 in
3272 5525 3587 5580 Iulianum:

2007 5592 2200 5651 Ὀσατε
2226 5595 2822 5671 avari/Lyram};exonera
2846 5598 3076 5671 γνιϐεροῖς
3096 5599 3366 5670 χάσμασιν
3386 5599 3592 5669 ἐμπνεό-

2004 5688 2129 5737 μενηκ
2178 5671 2253 5721 ἐπ’
2302 5666 2462 5738 ἄκρων
2517 5665 2744 5739 osori-:0»
2796 5665 3319 5744 αἰωρούμένόιξ,’καὶ
3371 5665 3451 5722 δίά
3495 5676 3592 5722 τῶν

2010 5739 2161 5792 (Sinin
2194 5740 2487 5811 [Ῑιπιζόμενα
2513 5741 2699 5807 ἰνώλίσιν
2724 5738 2961 5811 necarit}-
2990 5742 3360 5806 καταστίκτων,
3390 5738 3592 5798 ἥδιστόν

334 5824 410 5871 tes
444 5828 568 5872 suas
594 5808 772 5883 poeta,
806 5821 857 5867 et
885 5810 1085 5880 reliqua
1116 5808 1385 5879 Μαίοιίηηί
1417 5814 1586 5877 gesta,
1621 5814 1900 5880 postquam

2016 5833 2059 5868 τε
2090 5812 2212 5883 ἐμοῦ
2241 5814 2328 5866 καῖ
2349 5812 2543 5887 φρικτὸν
2572 5813 2729 5884 Οὲειμα
2756 5808 3067 5891 argos-ﬁrmet
3096 5819 3205 5869 ταῖς
3229 5809 3401 5883 illm.
3472 5860 3483 5869 ,

1934 5894 1989 5911 -/
