4060 6332
467 326 560 383 6'”

467 447 494 477 α
523 437 657 495 Hinc
683 446 861 495 tamen
891 436 940 492 in
963 435 1200 507 jngulos.
1231 433 1387 489 [tunc
1414 440 1552 491 torta
1577 432 1791 509 falarica
1816 434 1963 504 jactu

466 531 729 596 Praeterit,
761 531 825 586 ad
860 540 1085 585 mortem
1116 529 1202 584 vix
1239 537 1514 584 cessatura
1545 528 1835 584 secundam
1867 546 1880 584 :

467 625 617 680 Hunc
643 626 786 680 conti
819 632 958 679 rotat
987 625 1146 688 ictus,
1180 637 1318 694 equo
1346 623 1451 678 ruit
1480 623 1653 678 aclide
1683 622 1861 679 fossus

464 718 576 785 Ille,
605 733 841 790 veruque
864 718 1032 783 alius;
1060 717 1204 788 jacet
1230 717 1317 773 hic
1346 717 1507 772 simul
1536 717 1662 773 alite
1689 717 1815 784 telo,

463 811 755 866 Absentem
781 824 970 879 passus
992 809 1270 876 dextram;
1304 823 1426 879 pars
1457 808 1656 880 poplite
1687 817 1836 865 secto

462 903 646 958 Mortis
672 902 739 957 ad
770 903 1023 959 invidiam
1048 903 1216 969 vivit;
1250 912 1564 975 partemque
1593 904 1816 960 cerebri
1850 946 1853 949 ν
1924 904 1927 907 ’

464 994 561 1051 llic
589 995 759 1067 galea:
783 1012 903 1051 cum
933 1007 1085 1067 parte
1117 998 1277 1068 rapit,
1310 998 1543 1068 fortique
1567 1000 1767 1054 lacerto

461 1087 679 1144 Dissicit
710 1090 927 1161 ancipiti
948 1091 1257 1147 miserabile
1286 1092 1517 1163 sinciput
1538 1108 1687 1148 ense.

460 1178 532 1236 Ut
562 1182 793 1251 primum
822 1184 993 1267 versis
1019 1184 1111 1240 dat
1134 1193 1342 1256 tergum
1364 1184 1633 1242 Vandalus
1662 1184 1845 1255 armis,

460 1274 709 1331 Succedit
730 1266 906 1332 credes
939 1293 1130 1347 pugnm
1158 1278 1470 1335 discrimine
1497 1280 1662 1335 nullo.
1714 1296 1715 1299 η

457 1366 782 1423 Sternuntur
809 1370 1005 1438 passim
1031 1370 1255 1439 campis,
1286 1379 1340 1426 et
1365 1369 1522 1426 fortia
1552 1387 1780 1443 quicque

459 1458 606 1516 Fecit
633 1462 778 1517 iners
808 1462 1105 1531 trepidante
1134 1462 1290 1534 fuga;
1325 1479 1471 1519 mare
1502 1464 1731 1534 pallidus
1757 1466 1941 1535 intrat,

458 1552 525 1608 Et
554 1568 718 1609 naves
745 1555 1032 1624 pertransit
1059 1571 1245 1625 eques,
1274 1557 1527 1627 turpique
1554 1565 1739 1612 natatu

458 1644 535 1703 De
562 1646 750 1718 pelago
776 1648 840 1701 ad
873 1649 1118 1719 cymbam
1151 1650 1326 1705 rediit.
1361 1650 1452 1705 Sic
1484 1650 1637 1705 tertia
1664 1650 1858 1723 Pyrrhi

390 1804 395 1811 ι
459 1742 736 1809 Quondam
765 1759 936 1814 pugna
963 1744 1080 1811 fuit,
1120 1745 1274 1799 cresis
1303 1759 1423 1800 cum
1453 1745 1689 1801 millibus
1715 1745 1867 1801 illum

456 1832 713 1891 Dentatus
743 1844 1040 1904 premeret;
1071 1836 1264 1892 lacerae
1290 1837 1380 1891 vix
1408 1837 1663 1908 fragmina
1695 1835 1885 1892 classis

458 1926 643 1982 Traxit
673 1929 723 1982 in
756 1928 998 1999 Epirum,
1030 1930 1120 2000 qui
1146 1929 1393 1985 Chaonas
1422 1942 1581 2002 atque
1604 1933 1907 2000 Molossos,‘

457 2017 557 2087 Qui
583 2019 872 2089 Thracum,
909 2022 1276 2092 Macetumque
1306 2038 1497 2078 manus
1534 2040 1630 2094 per
1660 2025 1839 2081 littora
1863 2033 2045 2081 nostra

456 2110 758 2182 Sparserat,
790 2123 843 2168 et
864 2114 1016 2183 cujus
1043 2115 1185 2169 vires
1208 2114 1462 2170 OEnotria
1494 2117 1717 2186 pallens,

412 2260 424 2272 ,
456 2201 698 2274 Ipsaque,
732 2214 850 2275 qhae
882 2205 1053 2275 petiit,
1088 2206 1445 2275 trepidaverat
1473 2219 1633 2264 uncta
1665 2210 1952 2266 Tarentus.

455 2295 614 2366 323
641 2296 892 2350 Hostibus
916 2298 1436 2368 expulsis,catnpum
1469 2300 1555 2367 qui
1586 2302 1849 2357 maximus
1873 2310 2046 2359 exstat

456 2386 571 2442 lam
594 2389 822 2442 lustrare
851 2396 1004 2443 vacat
1035 2406 1047 2441 :
1077 2388 1259 2443 videas
1289 2389 1375 2443 hic
1399 2398 1575 2462 strage
1596 2392 1696 2446 sub
1726 2392 1834 2461 illa,

457 2476 816 2548 Utrorumque
840 2480 1079 2544 animos;
1110 2480 1289 2535 nullus
1316 2496 1424 2535 non
1446 2493 1665 2551 pectore
1694 2498 1884 2552 caesus,
1932 2502 1933 2505 ‘

457 2571 704 2642 Quisquis
734 2582 914 2628 vester
935 2583 1084 2639 erat;
1116 2574 1291 2630 nullus
1323 2591 1428 2630 non
1463 2586 1609 2645 terga
1640 2576 1864 2648 foratus,

455 2663 666 2719 Illorum
701 2664 973 2736 quisquis;
1006 2668 1239 2722 clamant
1268 2668 1368 2724 hoc
1394 2670 1613 2725 vulnera
1646 2673 1801 2739 primi

451 2753 477 2792 δ
505 2754 821 2811 Praedonum
858 2766 965 2812 tum
990 2758 1127 2813 forte
1154 2760 1323 2827 ducis,
1360 2762 1445 2816 cui
1476 2764 1616 2832 regis
1647 2766 1791 2820 avari

452 2848 709 2905 Narratur
738 2853 983 2921 nupsisse
1009 2868 1183 2923 soror,
1220 2856 1310 2925 qui
1342 2857 1559 2924 pulvere
1582 2872 1725 2913 caeco

455 2942 698 3010 Clausus,
729 2955 783 3000 et
803 2947 968 3001 elisus
1000 2948 1139 3018 pilis,
1175 2951 1402 3020 vestigia
1432 2953 1601 3021 turpis

454 3036 632 3093 Gestat
661 3039 835 3095 adlme
866 3041 1123 3110 probrosa
1156 3042 1327 3113 fugae;
1357 3043 1435 3099 sic
1461 3047 1672 3113 agmina
1705 3056 1880 3103 vestra

449 3128 577 3187 Cum
609 3132 796 3200 spoliis
824 3148 1070 3201 campum
1104 3136 1358 3202 retinent,
1385 3144 1439 3191 et
1470 3138 1639 3193 Marte
1674 3138 1969 3214 fruunturJ

518 3233 543 3262 ο
574 3223 780 3280 Interea
808 3225 1004 3293 duplici
1037 3228 1172 3282 texis
1201 3228 1329 3283 dum
1360 3230 1536 3285 littore
1563 3234 1789 3289 classem

446 3315 661 3371 Interno
688 3331 991 3389 superoque
1016 3320 1169 3385 mari,
1196 3321 1340 3376 cadit
1370 3323 1544 3377 omnis
1577 3325 1631 3378 in
1659 3342 1843 3396 aequor

451 3410 590 3467 Silva
621 3412 736 3477 tibi,
771 3412 1220 3493 nimiumquediu
1251 3432 1347 3486 per
1373 3425 1660 3488 utrumque
1692 3422 1896 3479 recisus

450 3506 727 3575 Apenninc
757 3506 915 3589 latus,
951 3509 1230 3580 navalique
1262 3512 1453 3567 arbore
1480 3512 1651 3581 dives,

450 3595 562 3654 Non
593 3598 770 3654 minus
801 3599 856 3654 in
888 3599 1106 3671 pelagus
1138 3617 1441 3671 nemorum,
1472 3620 1631 3674 quam
1672 3607 1838 3664 mittis
1868 3624 2033 3679 aqua-

1871 3702 2032 3774 [run],

454 3781 615 3840 Callia
644 3785 914 3841 continuis
942 3801 1244 3858 quanquam
1274 3790 1343 3844 sit
1374 3791 1509 3847 lassa
1544 3792 1777 3859 tributis,

452 3875 557 3933 [Ioc
588 3892 751 3933 censu
780 3879 1040 3948 placuisse
1065 3881 1232 3951 cupit,
1262 3896 1361 3938 ncc
1386 3883 1621 3953 pondera
1649 3886 1831 3952 sentit,

516 4070 542 4098 ⁸
582 4061 627 4119 Δ
653 4072 802 4132 parte
833 4065 1129 4133 Majoriani.
1161 4067 1441 4134 Utrinqnc,
1475 4067 1569 4130 ait,
1614 4067 1715 4121 tela
1759 4065 2036 4135 jaciehan-

450 4141 569 4205 tur,
587 4135 680 4187 sed
705 4150 823 4201 qua:
850 4138 917 4187 ah
942 4136 1040 4190 hac
1066 4146 1238 4205 parte,
1255 4137 1466 4205 jngulos
1491 4137 1762 4203 petebant,
1786 4147 1841 4190 et
1867 4137 2037 4192 letha-

450 4202 529 4274 lcs
559 4203 695 4274 ictus
723 4202 1191 4274 infligehantpnon
1224 4202 1347 4260 item
1378 4202 1499 4273 quze
1524 4224 1553 4260 a
1586 4208 1858 4261 Vandalis.

518 4272 873 4348 PSersagnis}
905 4284 962 4329 ut
988 4278 1213 4345 conjecit
1239 4272 1458 4340 Savaro,
1485 4295 1545 4331 ex
1576 4278 1792 4333 Victore
1813 4278 2039 4348 Vitcnsi,

451 4345 534 4415 qui
566 4360 688 4416 e_um
718 4343 992 4400 Genserici
1027 4343 1164 4415 regis
1187 4360 1469 4416 cognatum
1503 4361 1676 4404 vocat.

522 4426 543 4491 ς
589 4414 664 4491 D_e
684 4416 910 4491 classico
936 4419 1241 4491 inAfricam
1260 4414 1546 4485 Majoriani
1575 4432 1851 4488 apparatu.
1877 4437 2032 4491 quem

451 4486 699 4559 Sidonius
732 4488 807 4539 sic
839 4488 1067 4552 extollit,
1113 4500 1168 4544 ut
1194 4504 1312 4543 cum
1348 4486 1781 4559 Agamemnonis,
1815 4486 2026 4556 Xerxis,

307 4578 315 4587 ·
410 4564 413 4565 ⁷
452 4557 666 4631 Antonii
699 4568 753 4612 et
778 4559 1079 4631 Cleopatrae
1125 4557 1414 4614 navalibus
1439 4563 1607 4631 copiis
1636 4562 1893 4623 conferre.
1926 4581 2032 4619 non

1715 318 1963 378 SIDONII
2004 318 2456 379 APOLLINARIS

3634 326 3736 389 672

2078 438 2130 496 Α
2160 434 2289 501 Qua:
2320 426 2574 505 prodesse
2604 433 2837 505 probat:
2869 447 2976 492 non
3008 434 3172 492 tantis
3196 420 3369 508 major
3388 436 3607 497 Atrides

2076 1825 2124 1884 B

2157 532 2501 605 Carpathium
2533 534 2665 588 texit
2688 532 2910 603 ratibus,
2945 549 3067 589 cum
3098 534 3326 591 Doricus
3351 534 3524 593 hostis

2157 625 2357 696 Sigms
2388 633 2639 695 rapturus
2666 639 2819 695 opes,
2852 624 3093 681 Rhoeteia
3125 625 3317 682 clausit

2155 720 2413 791 Pergama
2438 735 2455 785 ;
2487 734 2586 775 nec
2616 726 2771 774 tanta:
2803 718 2996 775 Seston
3022 719 3308 789 juncturus
3331 718 3524 791 Abydo

2154 812 2363 870 Xerxes
2389 812 2580 869 classis
2608 820 2745 879 erat,
2782 811 3014 867 tumidas
3034 826 3158 867 cum
3186 820 3455 868 sterneret
3477 812 3669 882 undas,

2154 905 2224 960 Et
2254 912 2475 975 pontum
2506 904 2606 960 sub
2631 912 2795 974 ponte
2823 902 2999 969 daret,
3032 918 3154 958 cum
3186 911 3373 975 stagna
3404 905 3638 975 superbo

2154 995 2349 1066 Irrupit
2374 1003 2631 1051 temerata
2655 993 2861 1066 gradu,
2883 994 3179 1064 turmaeque
3204 994 3514 1066 frequentes

2153 1087 2589 1161 Hellespontiaco
2617 1088 2979 1158 persultavere
3005 1087 3291 1158 profundo.

2152 1181 2263 1239 Nec
2287 1183 2367 1238 sic
2389 1181 2657 1238 Leucadio
2683 1181 2869 1237 classis
2897 1182 3183 1239 Mareotica
3211 1190 3367 1253 portu

2153 1274 2395 1330 Actiacas
2420 1272 2697 1330 abscondit
2722 1288 2910 1344 aquas,
2937 1273 2991 1328 in
3022 1272 3160 1330 bella
3188 1273 3369 1329 mariti

2157 1368 2291 1423 Dum
2319 1367 2462 1423 venit
2490 1382 2521 1421 a
2551 1367 2746 1423 Phario
2772 1367 2965 1423 dotalis
2994 1368 3147 1424 turba
3173 1364 3392 1439 Canopo
3423 1385 3439 1428 :

2151 1460 2284 1518 Cum
2315 1462 2489 1532 patrio
2516 1460 2796 1531 Cleopatra
2823 1461 2973 1517 ferox
3000 1461 3330 1518 circumdata
3359 1462 3546 1531 sistro,

2151 1554 2318 1611 Milite
2342 1554 2425 1609 vel
2452 1554 2604 1624 piceo
2632 1554 2801 1610 fulvas
2831 1563 3053 1610 onerata
3079 1556 3313 1623 carinas,

2151 1644 2315 1718 325.
2340 1645 2532 1701 Dorida
2565 1645 2811 1701 diffusam
2842 1656 3115 1715 premeret
3139 1646 3473 1704 Ptolemeide
3492 1662 3640 1721 gaza.

2154 1740 2266 1796 Hoc
2297 1750 2351 1794 tu
2382 1756 2490 1796 non
2515 1740 2662 1796 cultu
2690 1753 2914 1812 pugnas,
2946 1741 3041 1796 sed
3071 1756 3223 1797 more
3252 1741 3514 1812 priorum,

2155 1832 2273 1888 Dite
2303 1833 2472 1902 magis
2497 1831 2663 1898 ferro,
2693 1833 2888 1888 merito
2916 1832 3002 1887 cui
3030 1832 3275 1903 subjacet
3300 1848 3490 1890 aurum

2151 1927 2340 1983 Divitis
2366 1927 2538 1997 ignavi
2566 1945 2577 1980 :
2613 1926 2742 1983 tales
2770 1941 2838 1982 ne
2868 1941 3065 1996 sperne
3091 1927 3343 1994 rebelles,

2150 2019 2215 2074 Et
2244 2021 2290 2076 si
2321 2035 2426 2075 non
2445 2020 2620 2086 'acies,
2652 2020 2909 2075 decorant
2940 2029 3117 2076 tamen
3148 2020 3247 2075 ista
3272 2018 3596 2092 triumphos.

2148 2112 2257 2167 Nec
2284 2127 2370 2167 me
2400 2111 2644 2182 Lagaeam
2669 2112 2893 2181 stirpem
2919 2125 3249 2167 memorasse
3275 2111 3477 2184 pigebit

2148 2204 2329 2261 Hostis
2348 2205 2414 2260 ad
2437 2205 2738 2275 exemplum
2764 2206 2926 2261 vestri
2953 2223 2965 2258 :
2991 2220 3220 2276 namque
3239 2220 3473 2278 auguror
3492 2205 3524 2245 ἀ
3546 2206 3712 2265 isdem

2148 2299 2346 2369 Reginis
2372 2300 2637 2355 fortunam
2669 2298 2918 2369 similem,
2951 2314 3071 2355 cum
3101 2299 3255 2356 luxus
3286 2301 3338 2357 in
3366 2301 3456 2357 illa

2078 2440 2081 2443 ,
2148 2394 2305 2450 Parte
2328 2394 2399 2449 sit
2428 2392 2669 2464 aequalis,
2701 2407 2798 2448 nec
2826 2392 2978 2463 pejor
3001 2392 3183 2449 Casar
3211 2392 3265 2448 in
3297 2394 3420 2450 ista.

2152 2495 2175 2523 ο
2206 2485 2355 2541 Ilicet
2388 2483 2713 2555 aggrederis,
2748 2484 2890 2554 quod
2917 2484 3094 2540 nullus
3125 2495 3368 2556 tempore
3397 2494 3590 2543 nostro

2146 2579 2417 2648 Augustus
2442 2578 2617 2648 potuit
2647 2594 2659 2630 :
2694 2576 2923 2648 rigidum
2945 2576 3310 2647 septemplicis
3339 2576 3461 2633 Istri
3547 2597 3557 2604 ·

2148 2672 2349 2741 Agmen
2377 2672 2429 2725 in
2457 2685 2603 2725 arma
2647 2670 2821 2739 rapis;
2850 2684 2974 2724 nam
3003 2667 3261 2740 quidquid
3308 2669 3596 2741 languidus
3622 2670 3729 2728 axis

2147 2763 2375 2819 Cardine
2413 2763 2660 2819 Sithonio
2685 2762 2787 2819 sub
2817 2762 3081 2819 Parrhase
3107 2762 3336 2833 parturit
3366 2778 3511 2833 ursa,

2149 2859 2259 2913 lloc
2286 2867 2453 2913 totum
2483 2868 2569 2913 tua
2591 2858 2741 2928 signa
2764 2867 2920 2928 pavet
2945 2876 2958 2910 :
2989 2858 3266 2927 Bastarna,
3292 2858 3521 2924 Suevos,

2147 2950 2475 3016 I'annonius,
2508 2950 2734 3017 Neurus,
2765 2949 3005 3017 Chunus,
3040 2949 3193 3021 Geta,
3227 2950 3421 3018 Dacus,
3454 2950 3683 3020 Alanus,

2102 3098 2105 3101 .
2146 3043 2512 3110 Bellonothus,
2541 3043 2744 3115 Rugus,
2776 3043 3105 3113 Burgundio,
3138 3043 3329 3109 Vesus,
3362 3044 3556 3110 Alites,

2065 3203 2112 3266 C

2061 4534 2111 4593 D

453 4627 676 4701 dubitet,
710 4630 953 4684 scribunt
994 4630 1305 4701 Procopius,
1340 4627 1536 4686 Idalios
1566 4643 1618 4687 et
1658 4633 2029 4688 Cassiodorus.
2102 4658 2111 4669 ν

452 4696 744 4769 Procopius
769 4715 897 4755 sane
929 4696 1218 4757 maximum
1246 4696 1540 4757 chrcitnm
1582 4703 1747 4759 fuisse
1782 4714 2027 4759 testatur.

452 4772 521 4845 At
551 4771 681 4824 tanti
715 4782 941 4845 conatus
970 4775 1150 4845 irritus
1196 4774 1291 4827 fuit
1320 4784 1572 4839 eventus;
1607 4777 1725 4845 quia
1771 4793 1861 4843 per
1909 4794 2031 4844 pro-

454 4839 652 4915 ditorcs
676 4844 989 4915 commoniti
1022 4844 1260 4909 Vandali,
1289 4860 1451 4898 naves
1482 4848 1533 4899 in
1563 4839 1821 4914 portubus
1841 4839 2030 4915 llispi-

453 4912 575 4984 uiae,
604 4912 916 4984 priusquam
950 4915 1241 4978 solverent,
1269 4912 1621 4984 diripuerunt.
1651 4918 1720 4969 Ita
1749 4912 2031 4972 frustra—tus

454 4982 871 5055 helliVandalici
906 5001 998 5054 spe
1049 4982 1388 5055 Majorianus.
1433 4987 1540 5041 Nec
1585 4998 1762 5042 tamen
1812 4992 2029 5043 omnino

452 5054 738 5109 l'ru5tratus
770 5075 782 5108 :
815 5056 934 5125 quia
988 5056 1330 5117 Gensericus,
1365 5068 1421 5110 ut
1465 5069 1648 5112 auctor
1690 5069 1771 5113 est
1814 5060 2027 5126 ldatius,

452 5140 635 5197 pacem
659 5127 726 5179 ab
748 5144 811 5182 eo
843 5138 1021 5197 postea
1051 5129 1197 5194 petiit
1227 5136 1279 5181 et
1305 5129 1625 5196 impetravit.

521 5193 545 5231 ἀ
583 5195 825 5253 llomano
843 5193 900 5253 et
928 5193 1197 5252 Africano.
1230 5193 1486 5267 Sperabat
1518 5202 1749 5255 futurum
1779 5202 2030 5257 Sidonius

451 5275 505 5319 ut
530 5267 817 5342 quiexitus
842 5272 1241 5342 postActiacam
1271 5286 1496 5340 pugnam
1517 5272 1814 5340 Cleopatra:
1837 5290 2027 5342 regno-

451 5352 551 5406 que
578 5339 695 5405 ejus
724 5340 918 5406 fueral,
950 5341 1092 5395 idem
1115 5357 1257 5395 nunc
1286 5339 1431 5396 csSet
1455 5339 1767 5408 Genscr’ico,
1796 5339 2025 5409 hoc'cst,

451 5416 508 5460 ut
536 5422 600 5483 e_o
632 5410 771 5483 victo
798 5426 1063 5479 caesoque,
1092 5411 1268 5467 Africa
1311 5413 1363 5466 in
1406 5413 1680 5483 Majoriani
1715 5424 2030 5482 potestatem

452 5477 675 5559 veniret.
706 5482 849 5537 lnter
876 5477 1061 5538 eadem
1093 5484 1240 5559 enirn
1285 5477 1779 5559 regna,'_f‘.omariis
1809 5485 2031 5559 scilicet

452 5550 699 5618 Afrisque
726 5563 997 5625 certamen
1034 5573 1045 5606 :
1079 5570 1173 5623 par
1202 5550 1477 5610 Gcnsérici
1515 5556 1672 5610 luxus
1699 5565 1753 5610 et
1799 5556 2029 5625 CleOpa-

452 5624 907 5697 trte,ﬁnee_minor
932 5624 1206 5694 Majoriani
1234 5627 1401 5681 virtus
1431 5641 1589 5697 quam
1619 5627 1863 5697 Augusti.

523 5700 547 5727 °
572 5690 723 5769 Quod
737 5707 912 5769 supra
938 5690 1165 5769 obscure
1195 5702 1389 5769 posuit,
1421 5690 1546 5753 vires
1576 5715 1636 5753 ea:
1658 5690 1887 5769 gc'ntibus
1931 5698 2027 5750 ad-

452 5761 594 5847 dens,
622 5763 751 5847 quid
781 5761 852 5847 sit
873 5767 1112 5847 explicat
1138 5761 1485 5847 barbararum
1515 5761 1897 5847 gentiumqua:
1927 5768 2027 5824 sub

449 5832 727 5903 Majoriani
751 5834 917 5908 signis
950 5832 1110 5897 erant
1137 5841 1491 5899 enumeratio.
1515 5832 1600 5898 'In
1645 5841 1726 5899 his
1756 5832 2029 5901 Bastarnas

2048 5930 2119 5945 -

2146 3137 2363 3203 Bisalta,
2389 3136 2769 3207 Ostrogothus,
2802 3136 3109 3203 Procustes,
3155 3135 3427 3202 Sarmata,
3463 3134 3725 3205 Moschus,

2146 3229 2277 3286 Post
2305 3231 2513 3311 aquilas
2547 3245 2748 3287 venere
2776 3239 2926 3297 tuas;
2960 3230 3052 3287 tibi
3083 3230 3277 3287 militat
3302 3230 3480 3286 omnis

2146 3325 2435 3391 Caucasus,
2467 3334 2520 3379 et
2543 3325 2810 3395 Scythicm
2839 3333 2995 3394 potor
3026 3324 3336 3379 Tanaiticus
3362 3324 3537 3380 undae.

2144 3420 2281 3488 Quid
2313 3419 2703 3475 faciatfortuna
2726 3420 2861 3474 viri?
2888 3434 3230 3491 quascunque
3259 3423 3514 3485 minatur,

2146 3512 2252 3567 Has
2284 3512 2497 3567 tremuit
2522 3512 2632 3582 jam
2660 3512 2826 3566 Roma
2849 3526 3038 3567 manus
3064 3526 3079 3564 :
3109 3511 3268 3566 modo
3288 3511 3531 3581 principe
3554 3509 3647 3567 sub
3666 3516 3715 3568 te

2142 3605 2220 3661 Ne
2250 3613 2468 3672 metuat,
2508 3619 2670 3673 prope
2694 3618 2861 3672 parva
2887 3612 3057 3673 putat,
3091 3603 3192 3658 nisi
3214 3604 3414 3659 serviat
3438 3602 3537 3668 illi,

2143 3697 2295 3763 Quod
2328 3695 2502 3749 timuit
2524 3703 2778 3764 regnante
2807 3696 2933 3750 alio.
2965 3695 3081 3750 Jam
3103 3707 3277 3751 casua
3308 3694 3581 3761 movebas,

2144 3789 2210 3845 Et
2240 3798 2287 3844 te
2317 3788 2544 3845 diversis
2572 3789 2838 3859 stipabant
2866 3788 3032 3843 millia
3055 3788 3221 3859 signis
3252 3806 3263 3841 :

2144 3884 2163 3924 ί
2194 3885 2522 3957 Obsequium
2561 3899 2694 3955 gens
2720 3899 2824 3940 una
2853 3892 3030 3954 negat,
3062 3898 3182 3954 qua:
3210 3898 3380 3954 nuper
3406 3883 3474 3939 ab
3505 3884 3640 3939 Istro

2145 4080 2305 4135 supra
2333 4067 2543 4121 Daciam
2573 4065 2729 4121 sedes
2764 4063 3088 4127 habuerunt,
3120 4079 3223 4118 non
3258 4063 3441 4131 procul
3487 4080 3516 4119 a
3550 4063 3722 4120 Roxo-

2144 4138 2298 4202 lanis,
2326 4139 2517 4207 quibus
2546 4139 2595 4191 in
2635 4137 2913 4207 Tiburtina
2946 4135 3142 4207 Alliani
3178 4135 3537 4207 inscriptione
3562 4151 3723 4205 copu-

2143 4209 2319 4263 lantur
2344 4204 2361 4262 Ξ
2392 4210 2529 4278 apud
2558 4204 2917 4274 Capitolininn
2946 4207 3072 4278 item
3100 4206 3151 4258 in
3177 4206 3371 4278 Marco.
3409 4206 3611 4260 Horum
3635 4204 3722 4261 co-

2142 4280 2342 4334 Ioniam
2374 4276 2588 4334 centum
2622 4278 2842 4349 millium
2870 4278 2921 4330 in
2950 4276 3229 4349 Thraciam
3262 4278 3310 4329 in
3343 4277 3587 4349 Romano
3610 4278 3722 4332 solo

2144 4353 2454 4405 translatam
2484 4366 2512 4404 a
2541 4346 2714 4403 Probo
2746 4356 3049 4404 memorant
3078 4346 3361 4414 Vopiscus.
3392 4356 3447 4401 et
3476 4348 3721 4403 Zosimus

2142 4424 2231 4476 lib.
2262 4438 2299 4477 I.
2325 4423 2495 4491 Supra
2520 4422 2615 4473 hos
2646 4421 2828 4485 Nenri,
2857 4418 3200 4491 I30rysthe_n_is
3231 4418 3376 4473 fonte
3400 4427 3454 4491 et
3485 4419 3720 4474 fabulosa

2138 4494 2189 4547 in
2224 4494 2375 4561 lupos
2403 4486 2821 4561 metamorphosi
2852 4486 3076 4545 nobiles.
3106 4486 3375 4545 Licentius
3404 4490 3457 4544 in
3486 4491 3722 4546 carmine

2136 4564 2202 4619 ad
2234 4564 2587 4630 Augustinum
2619 4580 2631 4615 :

2164 4718 2167 4721 _
2260 4655 2475 4705 Solstilio
2500 4655 2706 4714 Neuros,
2727 4655 2895 4703 bruma
2921 4653 3195 4704 sectaberis
3218 4652 3407 4703 Istrum.

2135 4772 2290 4826 Alite
2326 4771 2595 4836 videntur,
2624 4783 2757 4838 quos
2785 4768 2985 4822 Plinius
3014 4768 3201 4824 Alntas
3234 4769 3286 4821 in
3321 4768 3530 4839 Illyrico
3553 4770 3719 4824 nomi-

2134 4855 2247 4897 nat.
2298 4843 2608 4895 Bellonotus
2653 4841 2810 4894 etiam
2860 4841 2908 4892 in
2956 4842 3148 4893 castris
3188 4839 3366 4893 Attilae
3396 4849 3641 4895 numerat
3668 4841 3717 4894 in

2136 4915 2455 4984 panegyrico
2503 4912 2667 4984 Aviti.
2711 4911 2924 4984 Valerio
2955 4911 3165 4984 Flacco
3212 4911 3473 4984 Ballonoti
3520 4912 3609 4966 lib.
3643 4927 3715 4984 vi,

2134 4987 2271 5053 apud
2302 4982 2457 5049 quem
2490 4992 2542 5037 et
2585 4983 2792 5036 Bisaltae
2819 4982 3052 5051 Scythim
3109 4982 3493 5053 populisnpra
3527 4982 3719 5037 Henio~

2134 5052 2284 5109 chos.
2318 5056 2598 5109 Procustes
2625 5053 2784 5106 Attici
2816 5054 3039 5106 latronis
3072 5067 3265 5107 nomen
3297 5052 3395 5107 fuit
3416 5066 3510 5106 seu
3545 5054 3717 5122 potius

2134 5142 2451 5196 cognomen,
2500 5124 2657 5196 124,
2691 5138 2728 5196 _a
2771 5139 2829 5177 re
2874 5124 3112 5196 ductum,
3148 5133 3204 5177 ut
3237 5125 3718 5196 narratglliodorus

2136 5194 2229 5251 lib.
2259 5214 2290 5251 v
2335 5194 2953 5269 llcrutnwAntiquarum.
2981 5195 3259 5249 ‘Sidonius
3305 5194 3481 5265 gentis
3524 5210 3717 5251 nomen

2134 5270 2278 5323 facit.

2210 5340 2243 5403 τ,
2272 5340 2607 5404 Hunnorum,
2636 5338 2848 5407 opinor,
2878 5352 3009 5409 quos
3039 5336 3235 5409 triplici
3265 5345 3393 5409 nota
3435 5337 3717 5409 designat:

2132 5412 2271 5482 quod
2304 5412 2369 5465 ab
2400 5411 2534 5482 Istro
2561 5406 2803 5479 profecti,
2830 5406 2971 5479 qu'od
2994 5410 3046 5463 in
3075 5408 3281 5482 Italiam
3303 5406 3716 5482 redeant,'quod

2132 5479 2364 5538 dominis
2391 5496 2485 5551 per
2507 5481 2647 5536 bella
2675 5489 2933 5536 careant:
2966 5495 3084 5548 qua:
3122 5479 3303 5534 omnia
3342 5479 3556 5551 Hunnis
3587 5495 3715 5551 con-

2133 5556 2352 5609 veniunt
2381 5550 2405 5607 :7
2427 5555 2514 5623 qui
2544 5550 2595 5605 in
2621 5552 2821 5606 Italiam
2850 5553 3032 5621 paucis
3062 5559 3186 5605 ante
3228 5550 3381 5623 annis
3407 5550 3715 5623 cumAttila

2132 5633 2408 5691 venerant,
2442 5621 2494 5679 et
2540 5632 2661 5693 post
2706 5623 2886 5679 Attilae
2927 5630 3177 5688 mortem,
3207 5631 3265 5693 ut
3310 5621 3613 5677 Jornandes
3661 5621 3714 5677 in

2132 5695 2331 5751 Getieis
2361 5692 2555 5759 refert,
2597 5702 2713 5749 orta
2762 5695 2902 5750 inter
2932 5694 3111 5748 Attila:
3164 5692 3300 5749 tilios
3344 5693 3710 5758 contentione,

2132 5768 2257 5823 dum
2290 5768 2552 5837 imperare
2578 5766 2799 5834 cupiunt
2822 5779 3031 5833 omnes,
3052 5763 3236 5837 simul
3276 5763 3577 5837 imperium
3592 5779 3711 5837 per-

2133 5839 2337 5919 didere,
2367 5835 2635 5909 pulsique
2663 5852 2694 5894 a
2735 5836 2954 5909 Gepidis
2985 5852 3017 5895 e
3047 5835 3343 5907 Pannonia,
3370 5835 3519 5907 juxta
3565 5835 3709 5894 littus
