  <div class='ocr_page' id='page_1' title='image "/cluster/home/n/w/nwhite01/storage/ocr_20150623/58/hvd.32044015706401/342.png"; bbox 0 0 4060 6332; ppageno 0'>
   <div class='ocr_carea' id='block_1_1' title="bbox 262 264 391 343">
    <p class='ocr_par' dir='ltr' id='par_1_1' title="bbox 262 264 391 343">
     <span class='ocr_line' id='line_1_1' title="bbox 262 264 391 343; baseline -0.047 -18"><span class='ocrx_word' id='word_1_1' title='bbox 262 264 391 343; x_wconf 45' lang='lat'><strong>,073</strong></span> 
     </span>
    </p>
   </div>
   <div class='ocr_carea' id='block_1_2' title="bbox 291 372 1668 441">
    <p class='ocr_par' dir='ltr' id='par_1_2' title="bbox 291 372 1668 441">
     <span class='ocr_line' id='line_1_2' title="bbox 291 372 1668 441; baseline -0.009 -4"><span class='ocrx_word' id='word_1_2' title='bbox 291 376 511 437; x_wconf 83' lang='lat' dir='ltr'><strong>Rettulit</strong></span> <span class='ocrx_word' id='word_1_3' title='bbox 540 374 857 432; x_wconf 91' lang='lat' dir='ltr'><strong>indomitum</strong></span> <span class='ocrx_word' id='word_1_4' title='bbox 889 373 1048 431; x_wconf 89' lang='lat' dir='ltr'><strong>solito</strong></span> <span class='ocrx_word' id='word_1_5' title='bbox 1078 372 1425 430; x_wconf 90' lang='lat' dir='ltr'><strong>truculentior</strong></span> <span class='ocrx_word' id='word_1_6' title='bbox 1455 384 1668 441; x_wconf 82' lang='lat' dir='ltr'><strong>agmen,</strong></span> 
     </span>
    </p>
   </div>
   <div class='ocr_carea' id='block_1_3' title="bbox 292 464 1776 543">
    <p class='ocr_par' dir='ltr' id='par_1_3' title="bbox 292 464 1776 543">
     <span class='ocr_line' id='line_1_3' title="bbox 292 464 1776 543; baseline -0.004 -16"><span class='ocrx_word' id='word_1_7' title='bbox 292 472 436 543; x_wconf 84' lang='lat' dir='ltr'><strong>Quod</strong></span> <span class='ocrx_word' id='word_1_8' title='bbox 466 469 698 527; x_wconf 89' lang='lat' dir='ltr'><strong>dominis</strong></span> <span class='ocrx_word' id='word_1_9' title='bbox 724 485 819 541; x_wconf 90' lang='lat' dir='ltr'><strong>per</strong></span> <span class='ocrx_word' id='word_1_10' title='bbox 843 469 981 526; x_wconf 91' lang='lat' dir='ltr'><strong>bella</strong></span> <span class='ocrx_word' id='word_1_11' title='bbox 1011 479 1180 536; x_wconf 80' lang='lat' dir='ltr'><strong>caret,</strong></span> <span class='ocrx_word' id='word_1_12' title='bbox 1215 468 1516 538; x_wconf 85' lang='lat' dir='ltr'><strong>populoque</strong></span> <span class='ocrx_word' id='word_1_13' title='bbox 1544 464 1776 535; x_wconf 89' lang='lat' dir='ltr'><strong>superbo</strong></span> 
     </span>
    </p>
   </div>
   <div class='ocr_carea' id='block_1_4' title="bbox 293 563 1536 635">
    <p class='ocr_par' dir='ltr' id='par_1_4' title="bbox 293 563 1536 635">
     <span class='ocr_line' id='line_1_4' title="bbox 293 563 1536 635; baseline -0.006 -11"><span class='ocrx_word' id='word_1_14' title='bbox 293 566 496 625; x_wconf 85' lang='lat' dir='ltr'><strong>Tuldila</strong></span> <span class='ocrx_word' id='word_1_15' title='bbox 520 565 827 635; x_wconf 87' lang='lat' dir='ltr'><strong>plectendas</strong></span> <span class='ocrx_word' id='word_1_16' title='bbox 850 565 905 620; x_wconf 92' lang='lat' dir='ltr'><strong>in</strong></span> <span class='ocrx_word' id='word_1_17' title='bbox 936 564 1121 635; x_wconf 72' lang='lat' dir='ltr'><strong>prtelia</strong></span> <span class='ocrx_word' id='word_1_18' title='bbox 1146 563 1383 634; x_wconf 80' lang='lat' dir='ltr'><strong>suggerit</strong></span> <span class='ocrx_word' id='word_1_19' title='bbox 1411 563 1536 617; x_wconf 92' lang='lat' dir='ltr'><strong>iras.</strong></span> 
     </span>
    </p>
   </div>
   <div class='ocr_carea' id='block_1_5' title="bbox 294 658 1740 729">
    <p class='ocr_par' dir='ltr' id='par_1_5' title="bbox 294 658 1740 729">
     <span class='ocr_line' id='line_1_5' title="bbox 294 658 1740 729; baseline -0.003 -13"><span class='ocrx_word' id='word_1_20' title='bbox 294 661 388 718; x_wconf 88' lang='lat' dir='ltr'><strong>Ilic</strong></span> <span class='ocrx_word' id='word_1_21' title='bbox 414 670 469 715; x_wconf 92' lang='lat' dir='ltr'><strong>tu</strong></span> <span class='ocrx_word' id='word_1_22' title='bbox 497 658 585 715; x_wconf 82' lang='lat' dir='ltr'><strong>vix</strong></span> <span class='ocrx_word' id='word_1_23' title='bbox 616 658 781 715; x_wconf 89' lang='lat' dir='ltr'><strong>armis</strong></span> <span class='ocrx_word' id='word_1_24' title='bbox 808 660 1019 729; x_wconf 85' lang='lat' dir='ltr'><strong>positis,</strong></span> <span class='ocrx_word' id='word_1_25' title='bbox 1050 658 1241 716; x_wconf 84' lang='lat' dir='ltr'><strong>iterum</strong></span> <span class='ocrx_word' id='word_1_26' title='bbox 1276 672 1422 714; x_wconf 89' lang='lat' dir='ltr'><strong>arma</strong></span> <span class='ocrx_word' id='word_1_27' title='bbox 1452 666 1740 713; x_wconf 89' lang='lat' dir='ltr'><strong>retractas.</strong></span> 
     </span>
    </p>
   </div>
   <div class='ocr_carea' id='block_1_6' title="bbox 294 749 1629 820">
    <p class='ocr_par' dir='ltr' id='par_1_6' title="bbox 294 749 1629 820">
     <span class='ocr_line' id='line_1_6' title="bbox 294 749 1629 820; baseline -0.004 -12"><span class='ocrx_word' id='word_1_28' title='bbox 294 750 592 809; x_wconf 85' lang='lat' dir='ltr'><strong>Bistonides</strong></span> <span class='ocrx_word' id='word_1_29' title='bbox 618 750 782 806; x_wconf 89' lang='lat' dir='ltr'><strong>veluti</strong></span> <span class='ocrx_word' id='word_1_30' title='bbox 812 750 1070 806; x_wconf 87' lang='lat' dir='ltr'><strong>Ciconum</strong></span> <span class='ocrx_word' id='word_1_31' title='bbox 1100 765 1218 805; x_wconf 91' lang='lat' dir='ltr'><strong>cum</strong></span> <span class='ocrx_word' id='word_1_32' title='bbox 1252 749 1389 805; x_wconf 91' lang='lat' dir='ltr'><strong>forte</strong></span> <span class='ocrx_word' id='word_1_33' title='bbox 1414 749 1629 820; x_wconf 83' lang='lat' dir='ltr'><strong>pruinas</strong></span> 
     </span>
    </p>
   </div>
   <div class='ocr_carea' id='block_1_7' title="bbox 294 838 1875 921">
    <p class='ocr_par' dir='ltr' id='par_1_7' title="bbox 294 838 1875 921">
     <span class='ocr_line' id='line_1_7' title="bbox 294 838 1875 921; baseline -0.003 -21"><span class='ocrx_word' id='word_1_34' title='bbox 294 843 450 913; x_wconf 80' lang='lat'><strong>325</strong></span> <span class='ocrx_word' id='word_1_35' title='bbox 480 842 696 913; x_wconf 79' lang='lat' dir='ltr'><strong>Ogygiis</strong></span> <span class='ocrx_word' id='word_1_36' title='bbox 724 841 996 921; x_wconf 76' lang='lat' dir='ltr'><strong>complent</strong></span> <span class='ocrx_word' id='word_1_37' title='bbox 1020 842 1243 912; x_wconf 81' lang='lat' dir='ltr'><strong>thyasis,</strong></span> <span class='ocrx_word' id='word_1_38' title='bbox 1268 856 1365 898; x_wconf 91' lang='lat' dir='ltr'><strong>seu</strong></span> <span class='ocrx_word' id='word_1_39' title='bbox 1387 841 1688 898; x_wconf 87' lang='lat' dir='ltr'><strong>Strimonos</strong></span> <span class='ocrx_word' id='word_1_40' title='bbox 1713 838 1875 905; x_wconf 82' lang='lat' dir='ltr'><strong>arvis,</strong></span> 
     </span>
    </p>
   </div>
   <div class='ocr_carea' id='block_1_8' title="bbox 296 914 1810 1005">
    <p class='ocr_par' dir='ltr' id='par_1_8' title="bbox 296 914 1810 1005">
     <span class='ocr_line' id='line_1_8' title="bbox 296 914 1810 1005; baseline 0 -18"><span class='ocrx_word' id='word_1_41' title='bbox 296 936 397 988; x_wconf 85' lang='lat' dir='ltr'><strong>Seu</strong></span> <span class='ocrx_word' id='word_1_42' title='bbox 427 948 486 990; x_wconf 92' lang='lat' dir='ltr'><strong>se</strong></span> <span class='ocrx_word' id='word_1_43' title='bbox 517 948 611 1003; x_wconf 90' lang='lat' dir='ltr'><strong>per</strong></span> <span class='ocrx_word' id='word_1_44' title='bbox 636 914 1079 1004; x_wconf 32' lang='lat' dir='ltr'><strong>Rhodopenfseu</strong></span> <span class='ocrx_word' id='word_1_45' title='bbox 1102 949 1205 1005; x_wconf 89' lang='lat' dir='ltr'><strong>qua</strong></span> <span class='ocrx_word' id='word_1_46' title='bbox 1234 934 1513 989; x_wconf 88' lang='lat' dir='ltr'><strong>nimbosus</strong></span> <span class='ocrx_word' id='word_1_47' title='bbox 1546 934 1597 988; x_wconf 92' lang='lat' dir='ltr'><strong>in</strong></span> <span class='ocrx_word' id='word_1_48' title='bbox 1627 948 1810 1002; x_wconf 63' lang='lat' dir='ltr'><strong>aequor</strong></span> 
     </span>
    </p>
   </div>
   <div class='ocr_carea' id='block_1_9' title="bbox 296 1026 1788 1098">
    <p class='ocr_par' dir='ltr' id='par_1_9' title="bbox 296 1026 1788 1098">
     <span class='ocr_line' id='line_1_9' title="bbox 296 1026 1788 1098; baseline 0.001 -18"><span class='ocrx_word' id='word_1_49' title='bbox 296 1027 473 1081; x_wconf 86' lang='lat' dir='ltr'><strong>Volvit</strong></span> <span class='ocrx_word' id='word_1_50' title='bbox 502 1027 865 1098; x_wconf 84' lang='lat' dir='ltr'><strong>Hyperboreis</strong></span> <span class='ocrx_word' id='word_1_51' title='bbox 896 1028 948 1083; x_wconf 88' lang='lat' dir='ltr'><strong>in</strong></span> <span class='ocrx_word' id='word_1_52' title='bbox 977 1027 1223 1083; x_wconf 83' lang='lat' dir='ltr'><strong>cautibus</strong></span> <span class='ocrx_word' id='word_1_53' title='bbox 1248 1026 1481 1083; x_wconf 89' lang='lat' dir='ltr'><strong>Ismarus</strong></span> <span class='ocrx_word' id='word_1_54' title='bbox 1512 1027 1746 1082; x_wconf 85' lang='lat' dir='ltr'><strong>Hebrum</strong></span> <span class='ocrx_word' id='word_1_55' title='bbox 1775 1043 1788 1081; x_wconf 91' lang='lat'><em>:</em></span> 
     </span>
    </p>
   </div>
   <div class='ocr_carea' id='block_1_10' title="bbox 296 1119 1707 1191">
    <p class='ocr_par' dir='ltr' id='par_1_10' title="bbox 296 1119 1707 1191">
     <span class='ocr_line' id='line_1_10' title="bbox 296 1119 1707 1191; baseline -0.001 -16"><span class='ocrx_word' id='word_1_56' title='bbox 296 1119 392 1175; x_wconf 87' lang='lat' dir='ltr'><strong>Dat</strong></span> <span class='ocrx_word' id='word_1_57' title='bbox 423 1134 615 1176; x_wconf 90' lang='lat' dir='ltr'><strong>somno</strong></span> <span class='ocrx_word' id='word_1_58' title='bbox 644 1136 773 1191; x_wconf 85' lang='lat' dir='ltr'><strong>vaga</strong></span> <span class='ocrx_word' id='word_1_59' title='bbox 802 1121 981 1187; x_wconf 89' lang='lat' dir='ltr'><strong>turba,</strong></span> <span class='ocrx_word' id='word_1_60' title='bbox 1011 1120 1172 1176; x_wconf 88' lang='lat' dir='ltr'><strong>simul</strong></span> <span class='ocrx_word' id='word_1_61' title='bbox 1202 1120 1394 1175; x_wconf 82' lang='lat' dir='ltr'><strong>lassata</strong></span> <span class='ocrx_word' id='word_1_62' title='bbox 1423 1122 1707 1190; x_wconf 90' lang='lat' dir='ltr'><strong>quiescunt</strong></span> 
     </span>
    </p>
   </div>
   <div class='ocr_carea' id='block_1_11' title="bbox 295 1212 1649 1283">
    <p class='ocr_par' dir='ltr' id='par_1_11' title="bbox 295 1212 1649 1283">
     <span class='ocr_line' id='line_1_11' title="bbox 295 1212 1649 1283; baseline -0.001 -17"><span class='ocrx_word' id='word_1_63' title='bbox 295 1212 478 1283; x_wconf 84' lang='lat' dir='ltr'><strong>Orgia,</strong></span> <span class='ocrx_word' id='word_1_64' title='bbox 510 1221 564 1269; x_wconf 91' lang='lat' dir='ltr'><strong>et</strong></span> <span class='ocrx_word' id='word_1_65' title='bbox 590 1212 655 1269; x_wconf 87' lang='lat' dir='ltr'><strong>ad</strong></span> <span class='ocrx_word' id='word_1_66' title='bbox 688 1212 911 1269; x_wconf 81' lang='lat' dir='ltr'><strong>biforem</strong></span> <span class='ocrx_word' id='word_1_67' title='bbox 944 1214 1130 1269; x_wconf 83' lang='lat' dir='ltr'><strong>reboat</strong></span> <span class='ocrx_word' id='word_1_68' title='bbox 1160 1227 1259 1269; x_wconf 89' lang='lat' dir='ltr'><strong>nec</strong></span> <span class='ocrx_word' id='word_1_69' title='bbox 1286 1213 1411 1267; x_wconf 88' lang='lat' dir='ltr'><strong>tibia</strong></span> <span class='ocrx_word' id='word_1_70' title='bbox 1444 1212 1649 1267; x_wconf 86' lang='lat' dir='ltr'><strong>ﬂatum.</strong></span> 
     </span>
    </p>
   </div>
   <div class='ocr_carea' id='block_1_12' title="bbox 295 1302 1883 1376">
    <p class='ocr_par' dir='ltr' id='par_1_12' title="bbox 295 1302 1883 1376">
     <span class='ocr_line' id='line_1_12' title="bbox 295 1302 1883 1376; baseline -0.002 -15"><span class='ocrx_word' id='word_1_71' title='bbox 295 1304 397 1361; x_wconf 92' lang='lat' dir='ltr'><strong>Vix</strong></span> <span class='ocrx_word' id='word_1_72' title='bbox 428 1306 643 1376; x_wconf 89' lang='lat' dir='ltr'><strong>requies</strong></span> <span class='ocrx_word' id='word_1_73' title='bbox 676 1324 688 1360; x_wconf 90' lang='lat'><strong>:</strong></span> <span class='ocrx_word' id='word_1_74' title='bbox 717 1305 828 1376; x_wconf 89' lang='lat' dir='ltr'><strong>jam</strong></span> <span class='ocrx_word' id='word_1_75' title='bbox 857 1315 1017 1376; x_wconf 92' lang='lat' dir='ltr'><strong>ponte</strong></span> <span class='ocrx_word' id='word_1_76' title='bbox 1042 1306 1229 1376; x_wconf 79' lang='lat' dir='ltr'><strong>ligant,</strong></span> <span class='ocrx_word' id='word_1_77' title='bbox 1254 1314 1394 1360; x_wconf 88' lang='lat' dir='ltr'><strong>rotat</strong></span> <span class='ocrx_word' id='word_1_78' title='bbox 1418 1304 1615 1360; x_wconf 88' lang='lat' dir='ltr'><strong>enthea</strong></span> <span class='ocrx_word' id='word_1_79' title='bbox 1642 1302 1883 1374; x_wconf 83' lang='lat' dir='ltr'><strong>thyrsum</strong></span> 
     </span>
    </p>
   </div>
   <div class='ocr_carea' id='block_1_13' title="bbox 295 1398 1761 1472">
    <p class='ocr_par' dir='ltr' id='par_1_13' title="bbox 295 1398 1761 1472">
     <span class='ocr_line' id='line_1_13' title="bbox 295 1398 1761 1472; baseline -0.001 -17"><span class='ocrx_word' id='word_1_80' title='bbox 295 1398 560 1466; x_wconf 80' lang='lat' dir='ltr'><strong>Bassaris,</strong></span> <span class='ocrx_word' id='word_1_81' title='bbox 591 1409 645 1455; x_wconf 89' lang='lat' dir='ltr'><strong>et</strong></span> <span class='ocrx_word' id='word_1_82' title='bbox 669 1400 891 1456; x_wconf 86' lang='lat' dir='ltr'><strong>maculis</strong></span> <span class='ocrx_word' id='word_1_83' title='bbox 920 1400 1212 1472; x_wconf 73' lang='lat' dir='ltr'><strong>Erythraea:</strong></span> <span class='ocrx_word' id='word_1_84' title='bbox 1237 1400 1490 1455; x_wconf 91' lang='lat' dir='ltr'><strong>nebridos</strong></span> <span class='ocrx_word' id='word_1_85' title='bbox 1512 1399 1761 1466; x_wconf 87' lang='lat' dir='ltr'><strong>horrens,</strong></span> 
     </span>
    </p>
   </div>
   <div class='ocr_carea' id='block_1_14' title="bbox 295 1492 1668 1566">
    <p class='ocr_par' dir='ltr' id='par_1_14' title="bbox 295 1492 1668 1566">
     <span class='ocr_line' id='line_1_14' title="bbox 295 1492 1668 1566; baseline -0.002 -17"><span class='ocrx_word' id='word_1_86' title='bbox 295 1492 510 1549; x_wconf 82' lang='lat' dir='ltr'><strong>Excitat</strong></span> <span class='ocrx_word' id='word_1_87' title='bbox 538 1492 793 1565; x_wconf 80' lang='lat' dir='ltr'><strong>Odrysios</strong></span> <span class='ocrx_word' id='word_1_88' title='bbox 819 1494 885 1550; x_wconf 89' lang='lat' dir='ltr'><strong>ad</strong></span> <span class='ocrx_word' id='word_1_89' title='bbox 917 1495 1150 1550; x_wconf 90' lang='lat' dir='ltr'><strong>marcida</strong></span> <span class='ocrx_word' id='word_1_90' title='bbox 1178 1503 1426 1566; x_wconf 89' lang='lat' dir='ltr'><strong>tympana</strong></span> <span class='ocrx_word' id='word_1_91' title='bbox 1449 1502 1668 1565; x_wconf 87' lang='lat' dir='ltr'><strong>mystas.</strong></span> 
     </span>
    </p>
   </div>
   <div class='ocr_carea' id='block_1_15' title="bbox 295 1585 1886 1659">
    <p class='ocr_par' dir='ltr' id='par_1_15' title="bbox 295 1585 1886 1659">
     <span class='ocr_line' id='line_1_15' title="bbox 295 1585 1886 1659; baseline -0.001 -18"><span class='ocrx_word' id='word_1_92' title='bbox 295 1585 374 1641; x_wconf 90' lang='lat' dir='ltr'><strong>Tu</strong></span> <span class='ocrx_word' id='word_1_93' title='bbox 408 1594 591 1641; x_wconf 88' lang='lat' dir='ltr'><strong>tamen</strong></span> <span class='ocrx_word' id='word_1_94' title='bbox 620 1586 759 1642; x_wconf 90' lang='lat' dir='ltr'><strong>hanc</strong></span> <span class='ocrx_word' id='word_1_95' title='bbox 785 1587 967 1643; x_wconf 73' lang='lat' dir='ltr'><strong>dill‘ers</strong></span> <span class='ocrx_word' id='word_1_96' title='bbox 996 1602 1232 1659; x_wconf 61' lang='lat' dir='ltr'><strong>poenam,</strong></span> <span class='ocrx_word' id='word_1_97' title='bbox 1265 1586 1360 1642; x_wconf 90' lang='lat' dir='ltr'><strong>sed</strong></span> <span class='ocrx_word' id='word_1_98' title='bbox 1398 1585 1673 1656; x_wconf 78' lang='lat' dir='ltr'><strong>sanguinis</strong></span> <span class='ocrx_word' id='word_1_99' title='bbox 1701 1592 1886 1640; x_wconf 87' lang='lat' dir='ltr'><strong>auctor</strong></span> 
     </span>
    </p>
   </div>
   <div class='ocr_carea' id='block_1_16' title="bbox 293 1677 1658 1750">
    <p class='ocr_par' dir='ltr' id='par_1_16' title="bbox 293 1677 1658 1750">
     <span class='ocr_line' id='line_1_16' title="bbox 293 1677 1658 1750; baseline -0.002 -16"><span class='ocrx_word' id='word_1_100' title='bbox 293 1677 536 1748; x_wconf 74' lang='lat' dir='ltr'><strong>Majoris,</strong></span> <span class='ocrx_word' id='word_1_101' title='bbox 568 1679 693 1735; x_wconf 92' lang='lat' dir='ltr'><strong>dum</strong></span> <span class='ocrx_word' id='word_1_102' title='bbox 725 1680 923 1750; x_wconf 90' lang='lat' dir='ltr'><strong>parcis,</strong></span> <span class='ocrx_word' id='word_1_103' title='bbox 952 1696 1108 1737; x_wconf 90' lang='lat' dir='ltr'><strong>eras:</strong></span> <span class='ocrx_word' id='word_1_104' title='bbox 1141 1695 1247 1735; x_wconf 92' lang='lat' dir='ltr'><strong>non</strong></span> <span class='ocrx_word' id='word_1_105' title='bbox 1274 1679 1491 1750; x_wconf 86' lang='lat' dir='ltr'><strong>pertulit</strong></span> <span class='ocrx_word' id='word_1_106' title='bbox 1522 1679 1658 1734; x_wconf 90' lang='lat' dir='ltr'><strong>ultra</strong></span> 
     </span>
    </p>
   </div>
   <div class='ocr_carea' id='block_1_17' title="bbox 1766 256 2094 313">
    <p class='ocr_par' dir='ltr' id='par_1_17' title="bbox 1766 256 2094 313">
     <span class='ocr_line' id='line_1_17' title="bbox 1766 256 2094 313; baseline -0.012 0"><span class='ocrx_word' id='word_1_107' title='bbox 1766 256 2094 313; x_wconf 73' lang='lat' dir='ltr'><strong>CARMINA.</strong></span> 
     </span>
    </p>
   </div>
   <div class='ocr_carea' id='block_1_18' title="bbox 1898 352 3488 452">
    <p class='ocr_par' dir='ltr' id='par_1_18' title="bbox 1898 352 3488 452">
     <span class='ocr_line' id='line_1_18' title="bbox 1898 352 3488 452; baseline 0.009 -27"><span class='ocrx_word' id='word_1_108' title='bbox 1898 372 1952 434; x_wconf 79' lang='grc' dir='ltr'>Α</span> <span class='ocrx_word' id='word_1_109' title='bbox 1978 371 2083 426; x_wconf 80' lang='lat' dir='ltr'><strong>Aut</strong></span> <span class='ocrx_word' id='word_1_110' title='bbox 2111 383 2227 442; x_wconf 83' lang='lat' dir='ltr'><strong>rex,</strong></span> <span class='ocrx_word' id='word_1_111' title='bbox 2252 378 2343 427; x_wconf 82' lang='lat' dir='ltr'><strong>aut</strong></span> <span class='ocrx_word' id='word_1_112' title='bbox 2371 371 2619 445; x_wconf 86' lang='lat' dir='ltr'><strong>populus,</strong></span> <span class='ocrx_word' id='word_1_113' title='bbox 2649 352 3027 434; x_wconf 23' lang='lat' dir='ltr'><strong>castris-modo</strong></span> <span class='ocrx_word' id='word_1_114' title='bbox 3053 376 3284 444; x_wconf 85' lang='lat' dir='ltr'><strong>clausus,</strong></span> <span class='ocrx_word' id='word_1_115' title='bbox 3310 383 3488 452; x_wconf 84' lang='lat' dir='ltr'><strong>aprica</strong></span> 
     </span>
    </p>
   </div>
   <div class='ocr_carea' id='block_1_19' title="bbox 3448 267 3553 330">
    <p class='ocr_par' dir='ltr' id='par_1_19' title="bbox 3448 267 3553 330">
     <span class='ocr_line' id='line_1_19' title="bbox 3448 267 3553 330; baseline 0.019 -3"><span class='ocrx_word' id='word_1_116' title='bbox 3448 267 3553 330; x_wconf 65' lang='grc'><strong>671</strong></span> 
     </span>
    </p>
   </div>
   <div class='ocr_carea' id='block_1_20' title="bbox 1980 463 3347 536">
    <p class='ocr_par' dir='ltr' id='par_1_20' title="bbox 1980 463 3347 536">
     <span class='ocr_line' id='line_1_20' title="bbox 1980 463 3347 536; baseline 0.008 -17"><span class='ocrx_word' id='word_1_117' title='bbox 1980 463 2075 520; x_wconf 86' lang='lat' dir='ltr'><strong>Vel</strong></span> <span class='ocrx_word' id='word_1_118' title='bbox 2105 463 2205 520; x_wconf 91' lang='lat' dir='ltr'><strong>sub</strong></span> <span class='ocrx_word' id='word_1_119' title='bbox 2233 465 2370 535; x_wconf 86' lang='lat' dir='ltr'><strong>pelle</strong></span> <span class='ocrx_word' id='word_1_120' title='bbox 2392 465 2534 536; x_wconf 88' lang='lat' dir='ltr'><strong>jacet</strong></span> <span class='ocrx_word' id='word_1_121' title='bbox 2566 487 2579 525; x_wconf 89' lang='lat'><strong>:</strong></span> <span class='ocrx_word' id='word_1_122' title='bbox 2612 484 2710 525; x_wconf 90' lang='lat' dir='ltr'><strong>nos</strong></span> <span class='ocrx_word' id='word_1_123' title='bbox 2740 470 2862 526; x_wconf 92' lang='lat' dir='ltr'><strong>anni</strong></span> <span class='ocrx_word' id='word_1_124' title='bbox 2892 471 3147 528; x_wconf 83' lang='lat' dir='ltr'><strong>vertimus</strong></span> <span class='ocrx_word' id='word_1_125' title='bbox 3174 487 3347 530; x_wconf 89' lang='lat' dir='ltr'><strong>usum.</strong></span> 
     </span>
    </p>
   </div>
   <div class='ocr_carea' id='block_1_21' title="bbox 1976 555 3559 644">
    <p class='ocr_par' dir='ltr' id='par_1_21' title="bbox 1976 555 3559 644">
     <span class='ocr_line' id='line_1_21' title="bbox 1976 555 3559 644; baseline 0.014 -34"><span class='ocrx_word' id='word_1_126' title='bbox 1976 555 2128 626; x_wconf 83' lang='lat' dir='ltr'><strong>Quod</strong></span> <span class='ocrx_word' id='word_1_127' title='bbox 2152 556 2306 627; x_wconf 90' lang='lat' dir='ltr'><strong>jubet</strong></span> <span class='ocrx_word' id='word_1_128' title='bbox 2333 558 2437 627; x_wconf 88' lang='lat' dir='ltr'><strong>hic,</strong></span> <span class='ocrx_word' id='word_1_129' title='bbox 2466 561 2552 617; x_wconf 91' lang='lat' dir='ltr'><strong>lex</strong></span> <span class='ocrx_word' id='word_1_130' title='bbox 2583 563 2744 620; x_wconf 88' lang='lat' dir='ltr'><strong>rebus</strong></span> <span class='ocrx_word' id='word_1_131' title='bbox 2774 565 2904 633; x_wconf 89' lang='lat' dir='ltr'><strong>erit;</strong></span> <span class='ocrx_word' id='word_1_132' title='bbox 2931 582 3039 623; x_wconf 91' lang='lat' dir='ltr'><strong>non</strong></span> <span class='ocrx_word' id='word_1_133' title='bbox 3074 566 3304 625; x_wconf 85' lang='lat' dir='ltr'><strong>ﬂectitur</strong></span> <span class='ocrx_word' id='word_1_134' title='bbox 3326 586 3559 644; x_wconf 84' lang='lat' dir='ltr'><strong>unquam</strong></span> 
     </span>
    </p>
   </div>
   <div class='ocr_carea' id='block_1_22' title="bbox 1976 648 3389 733">
    <p class='ocr_par' dir='ltr' id='par_1_22' title="bbox 1976 648 3389 733">
     <span class='ocr_line' id='line_1_22' title="bbox 1976 648 3389 733; baseline 0.011 -28"><span class='ocrx_word' id='word_1_135' title='bbox 1976 648 2004 689; x_wconf 65' lang='grc' dir='ltr'>δ</span> <span class='ocrx_word' id='word_1_136' title='bbox 2032 652 2301 721; x_wconf 84' lang='lat' dir='ltr'><strong>Acceptis,</strong></span> <span class='ocrx_word' id='word_1_137' title='bbox 2335 652 2695 727; x_wconf 89' lang='lat' dir='ltr'><strong>damnumque</strong></span> <span class='ocrx_word' id='word_1_138' title='bbox 2724 667 2894 729; x_wconf 88' lang='lat' dir='ltr'><strong>putat,</strong></span> <span class='ocrx_word' id='word_1_139' title='bbox 2927 660 2973 716; x_wconf 91' lang='lat' dir='ltr'><strong>si</strong></span> <span class='ocrx_word' id='word_1_140' title='bbox 3001 662 3255 733; x_wconf 88' lang='lat' dir='ltr'><strong>temporis</strong></span> <span class='ocrx_word' id='word_1_141' title='bbox 3281 666 3389 721; x_wconf 90' lang='lat' dir='ltr'><strong>iras</strong></span> 
     </span>
    </p>
   </div>
   <div class='ocr_carea' id='block_1_23' title="bbox 1978 742 3455 826">
    <p class='ocr_par' dir='ltr' id='par_1_23' title="bbox 1978 742 3455 826">
     <span class='ocr_line' id='line_1_23' title="bbox 1978 742 3455 826; baseline 0.009 -27"><span class='ocrx_word' id='word_1_142' title='bbox 1978 742 2074 800; x_wconf 87' lang='lat' dir='ltr'><strong>Vel</strong></span> <span class='ocrx_word' id='word_1_143' title='bbox 2104 760 2200 815; x_wconf 92' lang='lat' dir='ltr'><strong>per</strong></span> <span class='ocrx_word' id='word_1_144' title='bbox 2229 744 2420 801; x_wconf 92' lang='lat' dir='ltr'><strong>damna</strong></span> <span class='ocrx_word' id='word_1_145' title='bbox 2446 748 2627 815; x_wconf 87' lang='lat' dir='ltr'><strong>timet;</strong></span> <span class='ocrx_word' id='word_1_146' title='bbox 2655 766 2757 820; x_wconf 89' lang='lat' dir='ltr'><strong>qua</strong></span> <span class='ocrx_word' id='word_1_147' title='bbox 2801 752 2973 808; x_wconf 90' lang='lat' dir='ltr'><strong>dicam</strong></span> <span class='ocrx_word' id='word_1_148' title='bbox 3004 764 3161 825; x_wconf 89' lang='lat' dir='ltr'><strong>gente</strong></span> <span class='ocrx_word' id='word_1_149' title='bbox 3192 764 3455 826; x_wconf 86' lang='lat' dir='ltr'><strong>creatum,</strong></span> 
     </span>
    </p>
   </div>
   <div class='ocr_carea' id='block_1_24' title="bbox 1978 838 3467 919">
    <p class='ocr_par' dir='ltr' id='par_1_24' title="bbox 1978 838 3467 919">
     <span class='ocr_line' id='line_1_24' title="bbox 1978 838 3467 919; baseline 0.01 -26"><span class='ocrx_word' id='word_1_150' title='bbox 1978 838 2145 905; x_wconf 84' lang='lat' dir='ltr'><strong>Quem</strong></span> <span class='ocrx_word' id='word_1_151' title='bbox 2172 838 2370 911; x_wconf 88' lang='lat' dir='ltr'><strong>Scytha</strong></span> <span class='ocrx_word' id='word_1_152' title='bbox 2399 856 2505 895; x_wconf 93' lang='lat' dir='ltr'><strong>non</strong></span> <span class='ocrx_word' id='word_1_153' title='bbox 2532 842 2741 911; x_wconf 85' lang='lat' dir='ltr'><strong>patior?</strong></span> <span class='ocrx_word' id='word_1_154' title='bbox 2771 844 2923 914; x_wconf 89' lang='lat' dir='ltr'><strong>cujus</strong></span> <span class='ocrx_word' id='word_1_155' title='bbox 2949 845 3031 903; x_wconf 89' lang='lat' dir='ltr'><strong>lac</strong></span> <span class='ocrx_word' id='word_1_156' title='bbox 3055 848 3261 919; x_wconf 80' lang='lat' dir='ltr'><strong>tigridis</strong></span> <span class='ocrx_word' id='word_1_157' title='bbox 3290 849 3467 908; x_wconf 81' lang='lat' dir='ltr'><strong>infans</strong></span> 
     </span>
    </p>
   </div>
   <div class='ocr_carea' id='block_1_25' title="bbox 1979 931 3279 1007">
    <p class='ocr_par' dir='ltr' id='par_1_25' title="bbox 1979 931 3279 1007">
     <span class='ocr_line' id='line_1_25' title="bbox 1979 931 3279 1007; baseline 0.008 -20"><span class='ocrx_word' id='word_1_158' title='bbox 1979 931 2207 987; x_wconf 81' lang='lat' dir='ltr'><strong>Hireana</strong></span> <span class='ocrx_word' id='word_1_159' title='bbox 2239 932 2339 987; x_wconf 89' lang='lat' dir='ltr'><strong>sub</strong></span> <span class='ocrx_word' id='word_1_160' title='bbox 2364 948 2497 1003; x_wconf 90' lang='lat' dir='ltr'><strong>rupe</strong></span> <span class='ocrx_word' id='word_1_161' title='bbox 2523 933 2701 990; x_wconf 84' lang='lat' dir='ltr'><strong>bibit?</strong></span> <span class='ocrx_word' id='word_1_162' title='bbox 2730 951 2847 1007; x_wconf 77' lang='lat' dir='ltr'><strong>quae</strong></span> <span class='ocrx_word' id='word_1_163' title='bbox 2874 939 3095 994; x_wconf 84' lang='lat' dir='ltr'><strong>sustulit</strong></span> <span class='ocrx_word' id='word_1_164' title='bbox 3121 941 3279 998; x_wconf 90' lang='lat' dir='ltr'><strong>istum</strong></span> 
     </span>
    </p>
   </div>
   <div class='ocr_carea' id='block_1_26' title="bbox 1980 1027 3272 1099">
    <p class='ocr_par' dir='ltr' id='par_1_26' title="bbox 1980 1027 3272 1099">
     <span class='ocr_line' id='line_1_26' title="bbox 1980 1027 3272 1099; baseline 0.008 -16"><span class='ocrx_word' id='word_1_165' title='bbox 1980 1027 2095 1084; x_wconf 82' lang='lat' dir='ltr'><strong>Axe</strong></span> <span class='ocrx_word' id='word_1_166' title='bbox 2124 1044 2245 1083; x_wconf 92' lang='lat' dir='ltr'><strong>meo</strong></span> <span class='ocrx_word' id='word_1_167' title='bbox 2273 1030 2489 1099; x_wconf 83' lang='lat' dir='ltr'><strong>gravior</strong></span> <span class='ocrx_word' id='word_1_168' title='bbox 2514 1030 2708 1086; x_wconf 87' lang='lat' dir='ltr'><strong>tellus?</strong></span> <span class='ocrx_word' id='word_1_169' title='bbox 2740 1047 2807 1086; x_wconf 92' lang='lat' dir='ltr'><strong>cn</strong></span> <span class='ocrx_word' id='word_1_170' title='bbox 2834 1034 3032 1090; x_wconf 90' lang='lat' dir='ltr'><strong>vertice</strong></span> <span class='ocrx_word' id='word_1_171' title='bbox 3061 1051 3272 1094; x_wconf 85' lang='lat' dir='ltr'><strong>summo</strong></span> 
     </span>
    </p>
   </div>
   <div class='ocr_carea' id='block_1_27' title="bbox 1982 1119 3172 1196">
    <p class='ocr_par' dir='ltr' id='par_1_27' title="bbox 1982 1119 3172 1196">
     <span class='ocr_line' id='line_1_27' title="bbox 1982 1119 3172 1196; baseline 0.005 -21"><span class='ocrx_word' id='word_1_172' title='bbox 1982 1119 2237 1190; x_wconf 84' lang='lat' dir='ltr'><strong>Algentes</strong></span> <span class='ocrx_word' id='word_1_173' title='bbox 2265 1123 2404 1191; x_wconf 86' lang='lat' dir='ltr'><strong>cogit</strong></span> <span class='ocrx_word' id='word_1_174' title='bbox 2437 1130 2662 1189; x_wconf 86' lang='lat' dir='ltr'><strong>turmas,</strong></span> <span class='ocrx_word' id='word_1_175' title='bbox 2696 1139 2759 1178; x_wconf 90' lang='lat' dir='ltr'><strong>ac</strong></span> <span class='ocrx_word' id='word_1_176' title='bbox 2786 1122 2984 1194; x_wconf 90' lang='lat' dir='ltr'><strong>frigora</strong></span> <span class='ocrx_word' id='word_1_177' title='bbox 3014 1127 3172 1196; x_wconf 87' lang='lat' dir='ltr'><strong>ridet,</strong></span> 
     </span>
    </p>
   </div>
   <div class='ocr_carea' id='block_1_28' title="bbox 1984 1213 3409 1294">
    <p class='ocr_par' dir='ltr' id='par_1_28' title="bbox 1984 1213 3409 1294">
     <span class='ocr_line' id='line_1_28' title="bbox 1984 1213 3409 1294; baseline 0.007 -25"><span class='ocrx_word' id='word_1_178' title='bbox 1984 1213 2119 1269; x_wconf 91' lang='lat' dir='ltr'><strong>Dum</strong></span> <span class='ocrx_word' id='word_1_179' title='bbox 2147 1215 2295 1271; x_wconf 90' lang='lat' dir='ltr'><strong>solus</strong></span> <span class='ocrx_word' id='word_1_180' title='bbox 2321 1215 2439 1285; x_wconf 88' lang='lat' dir='ltr'><strong>plus</strong></span> <span class='ocrx_word' id='word_1_181' title='bbox 2464 1224 2642 1272; x_wconf 90' lang='lat' dir='ltr'><strong>mente</strong></span> <span class='ocrx_word' id='word_1_182' title='bbox 2665 1217 2838 1283; x_wconf 90' lang='lat' dir='ltr'><strong>calet;</strong></span> <span class='ocrx_word' id='word_1_183' title='bbox 2870 1232 2989 1274; x_wconf 94' lang='lat' dir='ltr'><strong>eum</strong></span> <span class='ocrx_word' id='word_1_184' title='bbox 3016 1220 3240 1277; x_wconf 89' lang='lat' dir='ltr'><strong>classica</strong></span> <span class='ocrx_word' id='word_1_185' title='bbox 3269 1223 3409 1294; x_wconf 87' lang='lat' dir='ltr'><strong>regis</strong></span> 
     </span>
    </p>
   </div>
   <div class='ocr_carea' id='block_1_29' title="bbox 1983 1310 3213 1384">
    <p class='ocr_par' dir='ltr' id='par_1_29' title="bbox 1983 1310 3213 1384">
     <span class='ocr_line' id='line_1_29' title="bbox 1983 1310 3213 1384; baseline 0.002 -18"><span class='ocrx_word' id='word_1_186' title='bbox 1983 1310 2166 1367; x_wconf 84' lang='lat' dir='ltr'><strong>Arctoi</strong></span> <span class='ocrx_word' id='word_1_187' title='bbox 2194 1325 2470 1380; x_wconf 88' lang='lat' dir='ltr'><strong>sequerer,</strong></span> <span class='ocrx_word' id='word_1_188' title='bbox 2501 1311 2726 1367; x_wconf 84' lang='lat' dir='ltr'><strong>Romani</strong></span> <span class='ocrx_word' id='word_1_189' title='bbox 2756 1313 3015 1384; x_wconf 85' lang='lat' dir='ltr'><strong>principis</strong></span> <span class='ocrx_word' id='word_1_190' title='bbox 3044 1328 3213 1381; x_wconf 90' lang='lat' dir='ltr'><strong>arma,</strong></span> 
     </span>
    </p>
   </div>
   <div class='ocr_carea' id='block_1_30' title="bbox 1984 1402 3244 1477">
    <p class='ocr_par' dir='ltr' id='par_1_30' title="bbox 1984 1402 3244 1477">
     <span class='ocr_line' id='line_1_30' title="bbox 1984 1402 3244 1477; baseline 0.006 -20"><span class='ocrx_word' id='word_1_191' title='bbox 1984 1402 2394 1474; x_wconf 62' lang='lat' dir='ltr'><strong>Caesareumque</strong></span> <span class='ocrx_word' id='word_1_192' title='bbox 2424 1406 2590 1461; x_wconf 91' lang='lat' dir='ltr'><strong>larem</strong></span> <span class='ocrx_word' id='word_1_193' title='bbox 2619 1405 2743 1462; x_wconf 84' lang='lat' dir='ltr'><strong>luxu</strong></span> <span class='ocrx_word' id='word_1_194' title='bbox 2774 1414 2989 1477; x_wconf 87' lang='lat' dir='ltr'><strong>torpere</strong></span> <span class='ocrx_word' id='word_1_195' title='bbox 3017 1408 3244 1477; x_wconf 91' lang='lat' dir='ltr'><strong>perenni</strong></span> 
     </span>
    </p>
   </div>
   <div class='ocr_carea' id='block_1_31' title="bbox 1986 1497 3335 1570">
    <p class='ocr_par' dir='ltr' id='par_1_31' title="bbox 1986 1497 3335 1570">
     <span class='ocr_line' id='line_1_31' title="bbox 1986 1497 3335 1570; baseline 0.003 -19"><span class='ocrx_word' id='word_1_196' title='bbox 1986 1497 2276 1551; x_wconf 73' lang='lat' dir='ltr'><strong>Audieram</strong></span> <span class='ocrx_word' id='word_1_197' title='bbox 2304 1516 2316 1550; x_wconf 88' lang='lat'>:</span> <span class='ocrx_word' id='word_1_198' title='bbox 2349 1497 2595 1554; x_wconf 90' lang='lat' dir='ltr'><strong>dominos</strong></span> <span class='ocrx_word' id='word_1_199' title='bbox 2622 1499 2694 1553; x_wconf 92' lang='lat' dir='ltr'><strong>nil</strong></span> <span class='ocrx_word' id='word_1_200' title='bbox 2725 1499 2941 1568; x_wconf 89' lang='lat' dir='ltr'><strong>prodest</strong></span> <span class='ocrx_word' id='word_1_201' title='bbox 2971 1500 3076 1556; x_wconf 89' lang='lat' dir='ltr'><strong>isse</strong></span> <span class='ocrx_word' id='word_1_202' title='bbox 3108 1502 3335 1570; x_wconf 88' lang='lat' dir='ltr'><strong>priores,</strong></span> 
     </span>
    </p>
   </div>
   <div class='ocr_carea' id='block_1_32' title="bbox 1988 1589 3399 1665">
    <p class='ocr_par' dir='ltr' id='par_1_32' title="bbox 1988 1589 3399 1665">
     <span class='ocr_line' id='line_1_32' title="bbox 1988 1589 3399 1665; baseline 0.004 -19"><span class='ocrx_word' id='word_1_203' title='bbox 1988 1589 2047 1647; x_wconf 89' lang='lat' dir='ltr'><strong>Si</strong></span> <span class='ocrx_word' id='word_1_204' title='bbox 2074 1606 2166 1645; x_wconf 85' lang='lat' dir='ltr'><strong>rex</strong></span> <span class='ocrx_word' id='word_1_205' title='bbox 2194 1589 2279 1646; x_wconf 90' lang='lat' dir='ltr'><strong>hic</strong></span> <span class='ocrx_word' id='word_1_206' title='bbox 2307 1607 2519 1661; x_wconf 89' lang='lat' dir='ltr'><strong>quoque</strong></span> <span class='ocrx_word' id='word_1_207' title='bbox 2548 1592 2698 1646; x_wconf 87' lang='lat' dir='ltr'><strong>fortis</strong></span> <span class='ocrx_word' id='word_1_208' title='bbox 2725 1602 2859 1648; x_wconf 90' lang='lat' dir='ltr'><strong>erat.</strong></span> <span class='ocrx_word' id='word_1_209' title='bbox 2894 1593 3093 1662; x_wconf 81' lang='lat' dir='ltr'><strong>Majora</strong></span> <span class='ocrx_word' id='word_1_210' title='bbox 3123 1604 3399 1665; x_wconf 87' lang='lat' dir='ltr'><strong>parantem</strong></span> 
     </span>
    </p>
   </div>
   <div class='ocr_carea' id='block_1_33' title="bbox 1988 1682 3268 1754">
    <p class='ocr_par' dir='ltr' id='par_1_33' title="bbox 1988 1682 3268 1754">
     <span class='ocr_line' id='line_1_33' title="bbox 1988 1682 3268 1754; baseline 0.005 -18"><span class='ocrx_word' id='word_1_211' title='bbox 1988 1682 2201 1752; x_wconf 91' lang='lat' dir='ltr'><strong>Dicere,</strong></span> <span class='ocrx_word' id='word_1_212' title='bbox 2233 1686 2298 1738; x_wconf 91' lang='lat' dir='ltr'><strong>de</strong></span> <span class='ocrx_word' id='word_1_213' title='bbox 2322 1685 2541 1754; x_wconf 78' lang='lat' dir='ltr'><strong>secpulo</strong></span> <span class='ocrx_word' id='word_1_214' title='bbox 2567 1684 2749 1740; x_wconf 82' lang='lat' dir='ltr'><strong>verbis</strong></span> <span class='ocrx_word' id='word_1_215' title='bbox 2776 1686 3026 1741; x_wconf 89' lang='lat' dir='ltr'><strong>accendis</strong></span> <span class='ocrx_word' id='word_1_216' title='bbox 3052 1688 3268 1742; x_wconf 86' lang='lat' dir='ltr'><strong>amaris.</strong></span> 
     </span>
    </p>
   </div>
   <div class='ocr_carea' id='block_1_34' title="bbox 294 1753 3424 1846">
    <p class='ocr_par' dir='ltr' id='par_1_34' title="bbox 294 1753 3424 1846">
     <span class='ocr_line' id='line_1_34' title="bbox 294 1753 3424 1846; baseline 0.001 -18"><span class='ocrx_word' id='word_1_217' title='bbox 294 1770 410 1828; x_wconf 80' lang='lat' dir='ltr'><strong>Hoc</strong></span> <span class='ocrx_word' id='word_1_218' title='bbox 440 1787 541 1841; x_wconf 90' lang='lat' dir='ltr'><strong>pro</strong></span> <span class='ocrx_word' id='word_1_219' title='bbox 568 1783 621 1828; x_wconf 93' lang='lat' dir='ltr'><strong>te</strong></span> <span class='ocrx_word' id='word_1_220' title='bbox 649 1773 769 1843; x_wconf 90' lang='lat' dir='ltr'><strong>plus</strong></span> <span class='ocrx_word' id='word_1_221' title='bbox 811 1782 965 1828; x_wconf 89' lang='lat' dir='ltr'><strong>cauta</strong></span> <span class='ocrx_word' id='word_1_222' title='bbox 991 1788 1201 1839; x_wconf 89' lang='lat' dir='ltr'><strong>manus,</strong></span> <span class='ocrx_word' id='word_1_223' title='bbox 1235 1781 1581 1842; x_wconf 88' lang='lat' dir='ltr'><strong>vestrumque</strong></span> <span class='ocrx_word' id='word_1_224' title='bbox 1624 1771 1880 1841; x_wconf 89' lang='lat' dir='ltr'><strong>pudorem</strong></span> <span class='ocrx_word' id='word_1_225' title='bbox 1913 1753 1960 1815; x_wconf 84' lang='grc' dir='ltr'><strong>Β</strong></span> <span class='ocrx_word' id='word_1_226' title='bbox 2058 1774 2307 1845; x_wconf 79' lang='lat' dir='ltr'><strong>Quisquis</strong></span> <span class='ocrx_word' id='word_1_227' title='bbox 2333 1789 2414 1841; x_wconf 87' lang='lat' dir='ltr'><strong>es,</strong></span> <span class='ocrx_word' id='word_1_228' title='bbox 2444 1776 2675 1846; x_wconf 88' lang='lat' dir='ltr'><strong>oppositi</strong></span> <span class='ocrx_word' id='word_1_229' title='bbox 2705 1777 2899 1831; x_wconf 91' lang='lat' dir='ltr'><strong>metuis</strong></span> <span class='ocrx_word' id='word_1_230' title='bbox 2926 1777 3015 1846; x_wconf 90' lang='lat' dir='ltr'><strong>qui</strong></span> <span class='ocrx_word' id='word_1_231' title='bbox 3044 1777 3247 1832; x_wconf 89' lang='lat' dir='ltr'><strong>lubrica</strong></span> <span class='ocrx_word' id='word_1_232' title='bbox 3274 1777 3424 1845; x_wconf 87' lang='lat' dir='ltr'><strong>clivi,</strong></span> 
     </span>
    </p>
   </div>
   <div class='ocr_carea' id='block_1_35' title="bbox 292 1865 1599 1938">
    <p class='ocr_par' dir='ltr' id='par_1_35' title="bbox 292 1865 1599 1938">
     <span class='ocr_line' id='line_1_35' title="bbox 292 1865 1599 1938; baseline -0.002 -15"><span class='ocrx_word' id='word_1_233' title='bbox 292 1865 521 1935; x_wconf 87' lang='lat' dir='ltr'><strong>Sprevit</strong></span> <span class='ocrx_word' id='word_1_234' title='bbox 550 1882 649 1938; x_wconf 90' lang='lat' dir='ltr'><strong>pro</strong></span> <span class='ocrx_word' id='word_1_235' title='bbox 674 1869 826 1924; x_wconf 88' lang='lat' dir='ltr'><strong>vobis</strong></span> <span class='ocrx_word' id='word_1_236' title='bbox 851 1886 865 1934; x_wconf 91' lang='lat'><strong>;</strong></span> <span class='ocrx_word' id='word_1_237' title='bbox 898 1868 1055 1938; x_wconf 86' lang='lat' dir='ltr'><strong>primi</strong></span> <span class='ocrx_word' id='word_1_238' title='bbox 1081 1868 1224 1925; x_wconf 85' lang='lat' dir='ltr'><strong>cadit</strong></span> <span class='ocrx_word' id='word_1_239' title='bbox 1254 1868 1426 1924; x_wconf 89' lang='lat' dir='ltr'><strong>hostia</strong></span> <span class='ocrx_word' id='word_1_240' title='bbox 1453 1868 1599 1932; x_wconf 88' lang='lat' dir='ltr'><strong>belli,</strong></span> 
     </span>
    </p>
   </div>
   <div class='ocr_carea' id='block_1_36' title="bbox 290 1956 1829 2029">
    <p class='ocr_par' dir='ltr' id='par_1_36' title="bbox 290 1956 1829 2029">
     <span class='ocr_line' id='line_1_36' title="bbox 290 1956 1829 2029; baseline 0.002 -18"><span class='ocrx_word' id='word_1_241' title='bbox 290 1956 539 2028; x_wconf 80' lang='lat' dir='ltr'><strong>Quisque</strong></span> <span class='ocrx_word' id='word_1_242' title='bbox 566 1958 784 2016; x_wconf 87' lang='lat' dir='ltr'><strong>rebellis</strong></span> <span class='ocrx_word' id='word_1_243' title='bbox 810 1969 954 2026; x_wconf 89' lang='lat' dir='ltr'><strong>erat;</strong></span> <span class='ocrx_word' id='word_1_244' title='bbox 984 1958 1217 2028; x_wconf 65' lang='lat' dir='ltr'><strong>prmdam</strong></span> <span class='ocrx_word' id='word_1_245' title='bbox 1245 1974 1455 2029; x_wconf 87' lang='lat' dir='ltr'><strong>quoque</strong></span> <span class='ocrx_word' id='word_1_246' title='bbox 1483 1958 1675 2014; x_wconf 86' lang='lat' dir='ltr'><strong>dividis</strong></span> <span class='ocrx_word' id='word_1_247' title='bbox 1703 1959 1829 2026; x_wconf 88' lang='lat' dir='ltr'><strong>illis,</strong></span> 
     </span>
    </p>
   </div>
   <div class='ocr_carea' id='block_1_37' title="bbox 290 2050 1677 2123">
    <p class='ocr_par' dir='ltr' id='par_1_37' title="bbox 290 2050 1677 2123">
     <span class='ocr_line' id='line_1_37' title="bbox 290 2050 1677 2123; baseline -0.002 -14"><span class='ocrx_word' id='word_1_248' title='bbox 290 2050 447 2109; x_wconf 74' lang='lat' dir='ltr'><strong>Mens</strong></span> <span class='ocrx_word' id='word_1_249' title='bbox 479 2052 668 2109; x_wconf 89' lang='lat' dir='ltr'><strong>devota</strong></span> <span class='ocrx_word' id='word_1_250' title='bbox 703 2053 899 2123; x_wconf 88' lang='lat' dir='ltr'><strong>quibus</strong></span> <span class='ocrx_word' id='word_1_251' title='bbox 929 2053 1119 2123; x_wconf 88' lang='lat' dir='ltr'><strong>fuerat,</strong></span> <span class='ocrx_word' id='word_1_252' title='bbox 1152 2068 1273 2123; x_wconf 75' lang='lat' dir='ltr'><strong>qua:</strong></span> <span class='ocrx_word' id='word_1_253' title='bbox 1295 2052 1479 2108; x_wconf 87' lang='lat' dir='ltr'><strong>territa</strong></span> <span class='ocrx_word' id='word_1_254' title='bbox 1511 2053 1677 2108; x_wconf 89' lang='lat' dir='ltr'><strong>servit</strong></span> 
     </span>
    </p>
   </div>
   <div class='ocr_carea' id='block_1_38' title="bbox 290 2142 1571 2215">
    <p class='ocr_par' dir='ltr' id='par_1_38' title="bbox 290 2142 1571 2215">
     <span class='ocr_line' id='line_1_38' title="bbox 290 2142 1571 2215; baseline -0.002 -15"><span class='ocrx_word' id='word_1_255' title='bbox 290 2142 582 2214; x_wconf 78' lang='lat' dir='ltr'><strong>Exemplo,</strong></span> <span class='ocrx_word' id='word_1_256' title='bbox 613 2144 808 2215; x_wconf 87' lang='lat' dir='ltr'><strong>gaudet</strong></span> <span class='ocrx_word' id='word_1_257' title='bbox 833 2148 1026 2214; x_wconf 91' lang='lat' dir='ltr'><strong>pretio.</strong></span> <span class='ocrx_word' id='word_1_258' title='bbox 1062 2143 1366 2201; x_wconf 88' lang='lat' dir='ltr'><strong>Pharsalica</strong></span> <span class='ocrx_word' id='word_1_259' title='bbox 1388 2144 1571 2200; x_wconf 64' lang='lat' dir='ltr'><strong>Caesar</strong></span> 
     </span>
    </p>
   </div>
   <div class='ocr_carea' id='block_1_39' title="bbox 291 2236 1632 2308">
    <p class='ocr_par' dir='ltr' id='par_1_39' title="bbox 291 2236 1632 2308">
     <span class='ocr_line' id='line_1_39' title="bbox 291 2236 1632 2308; baseline -0.002 -15"><span class='ocrx_word' id='word_1_260' title='bbox 291 2238 440 2293; x_wconf 79' lang='lat' dir='ltr'><strong>Arva</strong></span> <span class='ocrx_word' id='word_1_261' title='bbox 474 2245 681 2307; x_wconf 89' lang='lat' dir='ltr'><strong>petens,</strong></span> <span class='ocrx_word' id='word_1_262' title='bbox 712 2236 918 2293; x_wconf 84' lang='lat' dir='ltr'><strong>subitas</strong></span> <span class='ocrx_word' id='word_1_263' title='bbox 948 2237 1092 2294; x_wconf 84' lang='lat' dir='ltr'><strong>ferro</strong></span> <span class='ocrx_word' id='word_1_264' title='bbox 1119 2239 1450 2308; x_wconf 90' lang='lat' dir='ltr'><strong>compescuit</strong></span> <span class='ocrx_word' id='word_1_265' title='bbox 1482 2237 1589 2292; x_wconf 86' lang='lat' dir='ltr'><strong>iras</strong></span> <span class='ocrx_word' id='word_1_266' title='bbox 1617 2253 1632 2290; x_wconf 88' lang='lat'><strong>:</strong></span> 
     </span>
    </p>
   </div>
   <div class='ocr_carea' id='block_1_40' title="bbox 290 2331 1744 2402">
    <p class='ocr_par' dir='ltr' id='par_1_40' title="bbox 290 2331 1744 2402">
     <span class='ocr_line' id='line_1_40' title="bbox 290 2331 1744 2402; baseline -0.002 -12"><span class='ocrx_word' id='word_1_267' title='bbox 290 2331 403 2390; x_wconf 86' lang='lat' dir='ltr'><strong>Sed</strong></span> <span class='ocrx_word' id='word_1_268' title='bbox 431 2346 531 2388; x_wconf 89' lang='lat' dir='ltr'><strong>sua</strong></span> <span class='ocrx_word' id='word_1_269' title='bbox 562 2333 801 2389; x_wconf 90' lang='lat' dir='ltr'><strong>membra</strong></span> <span class='ocrx_word' id='word_1_270' title='bbox 831 2348 1043 2402; x_wconf 89' lang='lat' dir='ltr'><strong>secans,</strong></span> <span class='ocrx_word' id='word_1_271' title='bbox 1074 2343 1128 2390; x_wconf 92' lang='lat' dir='ltr'><strong>et</strong></span> <span class='ocrx_word' id='word_1_272' title='bbox 1152 2348 1311 2388; x_wconf 83' lang='lat' dir='ltr'><strong>causa</strong></span> <span class='ocrx_word' id='word_1_273' title='bbox 1337 2335 1476 2389; x_wconf 93' lang='lat' dir='ltr'><strong>mole</strong></span> <span class='ocrx_word' id='word_1_274' title='bbox 1506 2340 1744 2400; x_wconf 90' lang='lat' dir='ltr'><strong>coactus,</strong></span> 
     </span>
    </p>
   </div>
   <div class='ocr_carea' id='block_1_41' title="bbox 291 2424 1713 2496">
    <p class='ocr_par' dir='ltr' id='par_1_41' title="bbox 291 2424 1713 2496">
     <span class='ocr_line' id='line_1_41' title="bbox 291 2424 1713 2496; baseline 0 -15"><span class='ocrx_word' id='word_1_275' title='bbox 291 2424 481 2482; x_wconf 81' lang='lat' dir='ltr'><strong>Flevit</strong></span> <span class='ocrx_word' id='word_1_276' title='bbox 501 2439 637 2495; x_wconf 87' lang='lat' dir='ltr'><strong>quos</strong></span> <span class='ocrx_word' id='word_1_277' title='bbox 668 2425 909 2494; x_wconf 90' lang='lat' dir='ltr'><strong>perimit;</strong></span> <span class='ocrx_word' id='word_1_278' title='bbox 938 2427 1135 2482; x_wconf 90' lang='lat' dir='ltr'><strong>vestris</strong></span> <span class='ocrx_word' id='word_1_279' title='bbox 1163 2425 1279 2483; x_wconf 85' lang='lat' dir='ltr'><strong>haec</strong></span> <span class='ocrx_word' id='word_1_280' title='bbox 1310 2427 1520 2496; x_wconf 87' lang='lat' dir='ltr'><strong>proficit</strong></span> <span class='ocrx_word' id='word_1_281' title='bbox 1548 2426 1713 2481; x_wconf 89' lang='lat' dir='ltr'><strong>armis</strong></span> 
     </span>
    </p>
   </div>
   <div class='ocr_carea' id='block_1_42' title="bbox 290 2515 1743 2589">
    <p class='ocr_par' dir='ltr' id='par_1_42' title="bbox 290 2515 1743 2589">
     <span class='ocr_line' id='line_1_42' title="bbox 290 2515 1743 2589; baseline -0.001 -15"><span class='ocrx_word' id='word_1_282' title='bbox 290 2515 541 2584; x_wconf 82' lang='lat' dir='ltr'><strong>Seditio;</strong></span> <span class='ocrx_word' id='word_1_283' title='bbox 574 2517 927 2589; x_wconf 86' lang='lat' dir='ltr'><strong>quodcunque</strong></span> <span class='ocrx_word' id='word_1_284' title='bbox 950 2518 1130 2589; x_wconf 88' lang='lat' dir='ltr'><strong>jubes,</strong></span> <span class='ocrx_word' id='word_1_285' title='bbox 1159 2520 1258 2574; x_wconf 89' lang='lat' dir='ltr'><strong>nisi</strong></span> <span class='ocrx_word' id='word_1_286' title='bbox 1289 2519 1547 2574; x_wconf 88' lang='lat' dir='ltr'><strong>barbarus</strong></span> <span class='ocrx_word' id='word_1_287' title='bbox 1574 2519 1743 2585; x_wconf 90' lang='lat' dir='ltr'><strong>audit,</strong></span> 
     </span>
    </p>
   </div>
   <div class='ocr_carea' id='block_1_43' title="bbox 292 2604 1803 2685">
    <p class='ocr_par' dir='ltr' id='par_1_43' title="bbox 292 2604 1803 2685">
     <span class='ocr_line' id='line_1_43' title="bbox 292 2604 1803 2685; baseline -0.001 -15"><span class='ocrx_word' id='word_1_288' title='bbox 292 2612 396 2671; x_wconf 82' lang='lat' dir='ltr'><strong>llic</strong></span> <span class='ocrx_word' id='word_1_289' title='bbox 422 2612 590 2685; x_wconf 89' lang='lat' dir='ltr'><strong>cadit,</strong></span> <span class='ocrx_word' id='word_1_290' title='bbox 619 2621 680 2669; x_wconf 92' lang='lat' dir='ltr'><strong>ut</strong></span> <span class='ocrx_word' id='word_1_291' title='bbox 709 2613 865 2670; x_wconf 92' lang='lat' dir='ltr'><strong>miles</strong></span> <span class='ocrx_word' id='word_1_292' title='bbox 891 2604 1096 2670; x_wconf 83' lang='lat' dir='ltr'><strong>timeat.</strong></span> <span class='ocrx_word' id='word_1_293' title='bbox 1128 2623 1154 2652; x_wconf 67' lang='grc'><strong><em>⁸</em></strong></span> <span class='ocrx_word' id='word_1_294' title='bbox 1185 2614 1301 2669; x_wconf 85' lang='lat' dir='ltr'><strong>Jam</strong></span> <span class='ocrx_word' id='word_1_295' title='bbox 1330 2622 1571 2684; x_wconf 90' lang='lat' dir='ltr'><strong>tempore</strong></span> <span class='ocrx_word' id='word_1_296' title='bbox 1600 2615 1803 2671; x_wconf 74' lang='lat' dir='ltr'><strong>bruma:</strong></span> 
     </span>
    </p>
   </div>
   <div class='ocr_carea' id='block_1_44' title="bbox 291 2706 1611 2779">
    <p class='ocr_par' dir='ltr' id='par_1_44' title="bbox 291 2706 1611 2779">
     <span class='ocr_line' id='line_1_44' title="bbox 291 2706 1611 2779; baseline -0.002 -15"><span class='ocrx_word' id='word_1_297' title='bbox 291 2706 470 2779; x_wconf 80' lang='lat' dir='ltr'><strong>Alpes</strong></span> <span class='ocrx_word' id='word_1_298' title='bbox 499 2722 848 2775; x_wconf 86' lang='lat' dir='ltr'><strong>marmoreas,</strong></span> <span class='ocrx_word' id='word_1_299' title='bbox 873 2721 1034 2778; x_wconf 91' lang='lat' dir='ltr'><strong>atque</strong></span> <span class='ocrx_word' id='word_1_300' title='bbox 1060 2708 1398 2765; x_wconf 88' lang='lat' dir='ltr'><strong>occurrentia</strong></span> <span class='ocrx_word' id='word_1_301' title='bbox 1426 2708 1611 2777; x_wconf 92' lang='lat' dir='ltr'><strong>juncto</strong></span> 
     </span>
    </p>
   </div>
   <div class='ocr_carea' id='block_1_45' title="bbox 293 2798 1717 2872">
    <p class='ocr_par' dir='ltr' id='par_1_45' title="bbox 293 2798 1717 2872">
     <span class='ocr_line' id='line_1_45' title="bbox 293 2798 1717 2872; baseline -0.001 -16"><span class='ocrx_word' id='word_1_302' title='bbox 293 2798 443 2856; x_wconf 82' lang='lat' dir='ltr'><strong>Saxa</strong></span> <span class='ocrx_word' id='word_1_303' title='bbox 473 2800 619 2872; x_wconf 91' lang='lat' dir='ltr'><strong>polo,</strong></span> <span class='ocrx_word' id='word_1_304' title='bbox 652 2814 920 2871; x_wconf 88' lang='lat' dir='ltr'><strong>rupesque</strong></span> <span class='ocrx_word' id='word_1_305' title='bbox 945 2800 1087 2867; x_wconf 91' lang='lat' dir='ltr'><strong>vitri,</strong></span> <span class='ocrx_word' id='word_1_306' title='bbox 1120 2800 1426 2870; x_wconf 79' lang='lat' dir='ltr'><strong>siccamque</strong></span> <span class='ocrx_word' id='word_1_307' title='bbox 1447 2799 1717 2855; x_wconf 89' lang='lat' dir='ltr'><strong>minantes</strong></span> 
     </span>
    </p>
   </div>
   <div class='ocr_carea' id='block_1_46' title="bbox 292 2889 1835 2963">
    <p class='ocr_par' dir='ltr' id='par_1_46' title="bbox 292 2889 1835 2963">
     <span class='ocr_line' id='line_1_46' title="bbox 292 2889 1835 2963; baseline -0.003 -13"><span class='ocrx_word' id='word_1_308' title='bbox 292 2891 406 2950; x_wconf 83' lang='lat' dir='ltr'><strong>Per</strong></span> <span class='ocrx_word' id='word_1_309' title='bbox 428 2892 681 2963; x_wconf 89' lang='lat' dir='ltr'><strong>scopulos</strong></span> <span class='ocrx_word' id='word_1_310' title='bbox 704 2892 960 2963; x_wconf 91' lang='lat' dir='ltr'><strong>pluviam,</strong></span> <span class='ocrx_word' id='word_1_311' title='bbox 991 2892 1196 2963; x_wconf 91' lang='lat' dir='ltr'><strong>primus</strong></span> <span class='ocrx_word' id='word_1_312' title='bbox 1226 2892 1364 2963; x_wconf 92' lang='lat' dir='ltr'><strong>pede</strong></span> <span class='ocrx_word' id='word_1_313' title='bbox 1386 2890 1580 2962; x_wconf 90' lang='lat' dir='ltr'><strong>carpis,</strong></span> <span class='ocrx_word' id='word_1_314' title='bbox 1612 2899 1665 2947; x_wconf 92' lang='lat' dir='ltr'><strong>et</strong></span> <span class='ocrx_word' id='word_1_315' title='bbox 1692 2889 1835 2946; x_wconf 91' lang='lat' dir='ltr'><strong>idem</strong></span> 
     </span>
    </p>
   </div>
   <div class='ocr_carea' id='block_1_47' title="bbox 295 2985 1504 3057">
    <p class='ocr_par' dir='ltr' id='par_1_47' title="bbox 295 2985 1504 3057">
     <span class='ocr_line' id='line_1_47' title="bbox 295 2985 1504 3057; baseline -0.002 -15"><span class='ocrx_word' id='word_1_316' title='bbox 295 2985 537 3042; x_wconf 86' lang='lat' dir='ltr'><strong>Lubrica</strong></span> <span class='ocrx_word' id='word_1_317' title='bbox 563 2987 841 3057; x_wconf 64' lang='lat' dir='ltr'><strong>praemisso</strong></span> <span class='ocrx_word' id='word_1_318' title='bbox 868 2985 1050 3041; x_wconf 84' lang='lat' dir='ltr'><strong>firmas</strong></span> <span class='ocrx_word' id='word_1_319' title='bbox 1077 2987 1299 3056; x_wconf 87' lang='lat' dir='ltr'><strong>vestigia</strong></span> <span class='ocrx_word' id='word_1_320' title='bbox 1324 2996 1504 3041; x_wconf 91' lang='lat' dir='ltr'><strong>conto.</strong></span> 
     </span>
    </p>
   </div>
   <div class='ocr_carea' id='block_1_48' title="bbox 293 3078 1819 3151">
    <p class='ocr_par' dir='ltr' id='par_1_48' title="bbox 293 3078 1819 3151">
     <span class='ocr_line' id='line_1_48' title="bbox 293 3078 1819 3151; baseline -0.001 -13"><span class='ocrx_word' id='word_1_321' title='bbox 293 3079 561 3151; x_wconf 59' lang='lat' dir='ltr'><strong>Coeperat</strong></span> <span class='ocrx_word' id='word_1_322' title='bbox 590 3079 657 3135; x_wconf 92' lang='lat' dir='ltr'><strong>ad</strong></span> <span class='ocrx_word' id='word_1_323' title='bbox 682 3079 832 3149; x_wconf 88' lang='lat' dir='ltr'><strong>rupis</strong></span> <span class='ocrx_word' id='word_1_324' title='bbox 858 3078 1116 3146; x_wconf 91' lang='lat' dir='ltr'><strong>medium,</strong></span> <span class='ocrx_word' id='word_1_325' title='bbox 1140 3094 1258 3150; x_wconf 64' lang='lat' dir='ltr'><strong>quae</strong></span> <span class='ocrx_word' id='word_1_326' title='bbox 1280 3080 1510 3135; x_wconf 88' lang='lat' dir='ltr'><strong>maxima</strong></span> <span class='ocrx_word' id='word_1_327' title='bbox 1541 3078 1691 3137; x_wconf 87' lang='lat' dir='ltr'><strong>turba</strong></span> <span class='ocrx_word' id='word_1_328' title='bbox 1715 3088 1819 3150; x_wconf 89' lang='lat' dir='ltr'><strong>est,</strong></span> 
     </span>
    </p>
   </div>
   <div class='ocr_carea' id='block_1_49' title="bbox 295 3160 1644 3245">
    <p class='ocr_par' dir='ltr' id='par_1_49' title="bbox 295 3160 1644 3245">
     <span class='ocr_line' id='line_1_49' title="bbox 295 3160 1644 3245; baseline 0.002 -17"><span class='ocrx_word' id='word_1_329' title='bbox 295 3171 525 3230; x_wconf 88' lang='lat' dir='ltr'><strong>Interno</strong></span> <span class='ocrx_word' id='word_1_330' title='bbox 554 3172 803 3243; x_wconf 88' lang='lat' dir='ltr'><strong>squalere</strong></span> <span class='ocrx_word' id='word_1_331' title='bbox 825 3172 966 3244; x_wconf 91' lang='lat' dir='ltr'><strong>gelu,</strong></span> <span class='ocrx_word' id='word_1_332' title='bbox 996 3172 1136 3245; x_wconf 89' lang='lat' dir='ltr'><strong>quod</strong></span> <span class='ocrx_word' id='word_1_333' title='bbox 1160 3174 1297 3230; x_wconf 91' lang='lat' dir='ltr'><strong>colle</strong></span> <span class='ocrx_word' id='word_1_334' title='bbox 1319 3174 1512 3245; x_wconf 90' lang='lat' dir='ltr'><strong>supino</strong></span> <span class='ocrx_word' id='word_1_335' title='bbox 1623 3160 1644 3183; x_wconf 74' lang='grc'><strong>⁸</strong></span> 
     </span>
    </p>
   </div>
   <div class='ocr_carea' id='block_1_50' title="bbox 293 3264 1435 3339">
    <p class='ocr_par' dir='ltr' id='par_1_50' title="bbox 293 3264 1435 3339">
     <span class='ocr_line' id='line_1_50' title="bbox 293 3264 1435 3339; baseline 0.002 -18"><span class='ocrx_word' id='word_1_336' title='bbox 293 3264 546 3324; x_wconf 80' lang='lat' dir='ltr'><strong>Arctatis</strong></span> <span class='ocrx_word' id='word_1_337' title='bbox 574 3267 825 3323; x_wconf 91' lang='lat' dir='ltr'><strong>conclusa</strong></span> <span class='ocrx_word' id='word_1_338' title='bbox 851 3267 967 3333; x_wconf 87' lang='lat' dir='ltr'><strong>viis,</strong></span> <span class='ocrx_word' id='word_1_339' title='bbox 1000 3276 1211 3338; x_wconf 87' lang='lat' dir='ltr'><strong>reptare</strong></span> <span class='ocrx_word' id='word_1_340' title='bbox 1242 3267 1435 3339; x_wconf 88' lang='lat' dir='ltr'><strong>rigenti</strong></span> 
     </span>
    </p>
   </div>
   <div class='ocr_carea' id='block_1_51' title="bbox 293 3358 1613 3429">
    <p class='ocr_par' dir='ltr' id='par_1_51' title="bbox 293 3358 1613 3429">
     <span class='ocr_line' id='line_1_51' title="bbox 293 3358 1613 3429; baseline 0.003 -15"><span class='ocrx_word' id='word_1_341' title='bbox 293 3358 427 3414; x_wconf 83' lang='lat' dir='ltr'><strong>Non</strong></span> <span class='ocrx_word' id='word_1_342' title='bbox 454 3368 663 3429; x_wconf 88' lang='lat' dir='ltr'><strong>poterat</strong></span> <span class='ocrx_word' id='word_1_343' title='bbox 686 3360 922 3416; x_wconf 82' lang='lat' dir='ltr'><strong>revoluta</strong></span> <span class='ocrx_word' id='word_1_344' title='bbox 946 3360 1061 3416; x_wconf 93' lang='lat' dir='ltr'><strong>solo</strong></span> <span class='ocrx_word' id='word_1_345' title='bbox 1087 3379 1098 3414; x_wconf 92' lang='lat'><strong>:</strong></span> <span class='ocrx_word' id='word_1_346' title='bbox 1130 3361 1239 3417; x_wconf 89' lang='lat' dir='ltr'><strong>fors</strong></span> <span class='ocrx_word' id='word_1_347' title='bbox 1268 3375 1404 3417; x_wconf 91' lang='lat' dir='ltr'><strong>unus</strong></span> <span class='ocrx_word' id='word_1_348' title='bbox 1429 3359 1498 3417; x_wconf 93' lang='lat' dir='ltr'><strong>ab</strong></span> <span class='ocrx_word' id='word_1_349' title='bbox 1519 3361 1613 3418; x_wconf 92' lang='lat' dir='ltr'><strong>illo</strong></span> 
     </span>
    </p>
   </div>
   <div class='ocr_carea' id='block_1_52' title="bbox 292 3451 1775 3523">
    <p class='ocr_par' dir='ltr' id='par_1_52' title="bbox 292 3451 1775 3523">
     <span class='ocr_line' id='line_1_52' title="bbox 292 3451 1775 3523; baseline 0.003 -16"><span class='ocrx_word' id='word_1_350' title='bbox 292 3451 561 3521; x_wconf 76' lang='lat' dir='ltr'><strong>Agmine,</strong></span> <span class='ocrx_word' id='word_1_351' title='bbox 589 3462 867 3508; x_wconf 89' lang='lat' dir='ltr'><strong>canentem</strong></span> <span class='ocrx_word' id='word_1_352' title='bbox 897 3452 1054 3523; x_wconf 91' lang='lat' dir='ltr'><strong>cujus</strong></span> <span class='ocrx_word' id='word_1_353' title='bbox 1083 3461 1201 3508; x_wconf 89' lang='lat' dir='ltr'><strong>rota</strong></span> <span class='ocrx_word' id='word_1_354' title='bbox 1230 3454 1455 3510; x_wconf 88' lang='lat' dir='ltr'><strong>triverat</strong></span> <span class='ocrx_word' id='word_1_355' title='bbox 1484 3455 1697 3522; x_wconf 91' lang='lat' dir='ltr'><strong>Istrum,</strong></span> <span class='ocrx_word' id='word_1_356' title='bbox 1772 3514 1775 3517; x_wconf 95' lang='lat'><em>_</em></span> 
     </span>
    </p>
   </div>
   <div class='ocr_carea' id='block_1_53' title="bbox 289 3542 1639 3617">
    <p class='ocr_par' dir='ltr' id='par_1_53' title="bbox 289 3542 1639 3617">
     <span class='ocr_line' id='line_1_53' title="bbox 289 3542 1639 3617; baseline 0.003 -17"><span class='ocrx_word' id='word_1_357' title='bbox 289 3542 597 3601; x_wconf 82' lang='lat' dir='ltr'><strong>Exclamat</strong></span> <span class='ocrx_word' id='word_1_358' title='bbox 629 3561 641 3595; x_wconf 89' lang='lat'><strong>:</strong></span> <span class='ocrx_word' id='word_1_359' title='bbox 672 3544 891 3600; x_wconf 86' lang='lat' dir='ltr'><strong>Gladios</strong></span> <span class='ocrx_word' id='word_1_360' title='bbox 919 3547 1083 3615; x_wconf 91' lang='lat' dir='ltr'><strong>malo,</strong></span> <span class='ocrx_word' id='word_1_361' title='bbox 1112 3555 1168 3601; x_wconf 91' lang='lat' dir='ltr'><strong>et</strong></span> <span class='ocrx_word' id='word_1_362' title='bbox 1193 3546 1435 3602; x_wconf 88' lang='lat' dir='ltr'><strong>solemne</strong></span> <span class='ocrx_word' id='word_1_363' title='bbox 1460 3547 1639 3617; x_wconf 87' lang='lat' dir='ltr'><strong>quieta</strong></span> 
     </span>
    </p>
   </div>
   <div class='ocr_carea' id='block_1_54' title="bbox 295 3634 1901 3710">
    <p class='ocr_par' dir='ltr' id='par_1_54' title="bbox 295 3634 1901 3710">
     <span class='ocr_line' id='line_1_54' title="bbox 295 3634 1901 3710; baseline 0.003 -19"><span class='ocrx_word' id='word_1_364' title='bbox 295 3634 480 3706; x_wconf 76' lang='lat'><strong>326</strong></span> <span class='ocrx_word' id='word_1_365' title='bbox 503 3634 658 3702; x_wconf 85' lang='lat' dir='ltr'><strong>Quod</strong></span> <span class='ocrx_word' id='word_1_366' title='bbox 683 3634 847 3705; x_wconf 84' lang='lat' dir='ltr'><strong>frigus</strong></span> <span class='ocrx_word' id='word_1_367' title='bbox 878 3636 944 3691; x_wconf 90' lang='lat' dir='ltr'><strong>de</strong></span> <span class='ocrx_word' id='word_1_368' title='bbox 975 3644 1151 3693; x_wconf 90' lang='lat' dir='ltr'><strong>morte</strong></span> <span class='ocrx_word' id='word_1_369' title='bbox 1178 3637 1354 3702; x_wconf 90' lang='lat' dir='ltr'><strong>venit;</strong></span> <span class='ocrx_word' id='word_1_370' title='bbox 1385 3653 1503 3696; x_wconf 90' lang='lat' dir='ltr'><strong>mea</strong></span> <span class='ocrx_word' id='word_1_371' title='bbox 1534 3648 1718 3710; x_wconf 90' lang='lat' dir='ltr'><strong>torpor</strong></span> <span class='ocrx_word' id='word_1_372' title='bbox 1742 3640 1901 3697; x_wconf 88' lang='lat' dir='ltr'><strong>inerti</strong></span> 
     </span>
    </p>
   </div>
   <div class='ocr_carea' id='block_1_55' title="bbox 294 3728 1899 3804">
    <p class='ocr_par' dir='ltr' id='par_1_55' title="bbox 294 3728 1899 3804">
     <span class='ocr_line' id='line_1_55' title="bbox 294 3728 1899 3804; baseline 0.003 -19"><span class='ocrx_word' id='word_1_373' title='bbox 294 3728 554 3785; x_wconf 75' lang='lat' dir='ltr'><strong>Membra</strong></span> <span class='ocrx_word' id='word_1_374' title='bbox 583 3728 761 3800; x_wconf 90' lang='lat' dir='ltr'><strong>rigore</strong></span> <span class='ocrx_word' id='word_1_375' title='bbox 802 3729 965 3801; x_wconf 90' lang='lat' dir='ltr'><strong>ligat;</strong></span> <span class='ocrx_word' id='word_1_376' title='bbox 996 3730 1227 3800; x_wconf 91' lang='lat' dir='ltr'><strong>quodam</strong></span> <span class='ocrx_word' id='word_1_377' title='bbox 1266 3732 1397 3788; x_wconf 90' lang='lat' dir='ltr'><strong>mihi</strong></span> <span class='ocrx_word' id='word_1_378' title='bbox 1428 3747 1623 3804; x_wconf 90' lang='lat' dir='ltr'><strong>corpus</strong></span> <span class='ocrx_word' id='word_1_379' title='bbox 1653 3733 1899 3791; x_wconf 90' lang='lat' dir='ltr'><strong>adustum</strong></span> 
     </span>
    </p>
   </div>
   <div class='ocr_carea' id='block_1_56' title="bbox 294 3822 1692 3895">
    <p class='ocr_par' dir='ltr' id='par_1_56' title="bbox 294 3822 1692 3895">
     <span class='ocr_line' id='line_1_56' title="bbox 294 3822 1692 3895; baseline 0.001 -13"><span class='ocrx_word' id='word_1_380' title='bbox 294 3822 344 3882; x_wconf 83' lang='lat' dir='ltr'><strong>F</strong></span> <span class='ocrx_word' id='word_1_381' title='bbox 349 3822 558 3893; x_wconf 86' lang='lat' dir='ltr'><strong>rigoris</strong></span> <span class='ocrx_word' id='word_1_382' title='bbox 589 3823 711 3893; x_wconf 88' lang='lat' dir='ltr'><strong>igne</strong></span> <span class='ocrx_word' id='word_1_383' title='bbox 733 3822 906 3894; x_wconf 88' lang='lat' dir='ltr'><strong>perit;</strong></span> <span class='ocrx_word' id='word_1_384' title='bbox 937 3824 1215 3895; x_wconf 89' lang='lat' dir='ltr'><strong>sequimur</strong></span> <span class='ocrx_word' id='word_1_385' title='bbox 1242 3825 1359 3881; x_wconf 90' lang='lat' dir='ltr'><strong>sine</strong></span> <span class='ocrx_word' id='word_1_386' title='bbox 1388 3825 1495 3882; x_wconf 87' lang='lat' dir='ltr'><strong>fine</strong></span> <span class='ocrx_word' id='word_1_387' title='bbox 1521 3826 1692 3883; x_wconf 85' lang='lat' dir='ltr'><strong>labori</strong></span> 
     </span>
    </p>
   </div>
   <div class='ocr_carea' id='block_1_57' title="bbox 293 3913 1785 3988">
    <p class='ocr_par' dir='ltr' id='par_1_57' title="bbox 293 3913 1785 3988">
     <span class='ocr_line' id='line_1_57' title="bbox 293 3913 1785 3988; baseline 0.001 -14"><span class='ocrx_word' id='word_1_388' title='bbox 293 3914 610 3974; x_wconf 86' lang='lat' dir='ltr'><strong>Instantem</strong></span> <span class='ocrx_word' id='word_1_389' title='bbox 632 3913 916 3987; x_wconf 86' lang='lat' dir='ltr'><strong>juvenem;</strong></span> <span class='ocrx_word' id='word_1_390' title='bbox 945 3916 1187 3987; x_wconf 86' lang='lat' dir='ltr'><strong>quisquis</strong></span> <span class='ocrx_word' id='word_1_391' title='bbox 1212 3914 1536 3974; x_wconf 88' lang='lat' dir='ltr'><strong>fortissimus</strong></span> <span class='ocrx_word' id='word_1_392' title='bbox 1564 3918 1653 3975; x_wconf 93' lang='lat' dir='ltr'><strong>ille</strong></span> <span class='ocrx_word' id='word_1_393' title='bbox 1681 3927 1785 3988; x_wconf 89' lang='lat' dir='ltr'><strong>est,</strong></span> 
     </span>
    </p>
   </div>
   <div class='ocr_carea' id='block_1_58' title="bbox 295 4081 1903 4153">
    <p class='ocr_par' dir='ltr' id='par_1_58' title="bbox 295 4081 1903 4153">
     <span class='ocr_line' id='line_1_58' title="bbox 295 4081 1903 4153; baseline -0.004 -10"><span class='ocrx_word' id='word_1_394' title='bbox 295 4081 526 4143; x_wconf 79' lang='lat' dir='ltr'><strong>Pontici</strong></span> <span class='ocrx_word' id='word_1_395' title='bbox 557 4082 721 4138; x_wconf 89' lang='lat' dir='ltr'><strong>maris</strong></span> <span class='ocrx_word' id='word_1_396' title='bbox 745 4082 812 4138; x_wconf 92' lang='lat' dir='ltr'><strong>ad</strong></span> <span class='ocrx_word' id='word_1_397' title='bbox 836 4081 954 4139; x_wconf 90' lang='lat' dir='ltr'><strong>Istri</strong></span> <span class='ocrx_word' id='word_1_398' title='bbox 978 4081 1113 4138; x_wconf 91' lang='lat' dir='ltr'><strong>ostia</strong></span> <span class='ocrx_word' id='word_1_399' title='bbox 1136 4082 1516 4140; x_wconf 90' lang='lat' dir='ltr'><strong>consederunt.</strong></span> <span class='ocrx_word' id='word_1_400' title='bbox 1550 4081 1750 4138; x_wconf 90' lang='lat' dir='ltr'><strong>IIorum</strong></span> <span class='ocrx_word' id='word_1_401' title='bbox 1773 4095 1903 4153; x_wconf 90' lang='lat' dir='ltr'><strong>ergo</strong></span> 
     </span>
    </p>
   </div>
   <div class='ocr_carea' id='block_1_59' title="bbox 297 4152 1903 4223">
    <p class='ocr_par' dir='ltr' id='par_1_59' title="bbox 297 4152 1903 4223">
     <span class='ocr_line' id='line_1_59' title="bbox 297 4152 1903 4223; baseline -0.003 -11"><span class='ocrx_word' id='word_1_402' title='bbox 297 4154 642 4212; x_wconf 83' lang='lat' dir='ltr'><strong>seditionem</strong></span> <span class='ocrx_word' id='word_1_403' title='bbox 672 4154 949 4211; x_wconf 90' lang='lat' dir='ltr'><strong>rebellium</strong></span> <span class='ocrx_word' id='word_1_404' title='bbox 979 4154 1126 4210; x_wconf 76' lang='lat' dir='ltr'><strong>crede</strong></span> <span class='ocrx_word' id='word_1_405' title='bbox 1164 4167 1551 4223; x_wconf 88' lang='lat' dir='ltr'><strong>compressam,</strong></span> <span class='ocrx_word' id='word_1_406' title='bbox 1583 4152 1903 4209; x_wconf 88' lang='lat' dir='ltr'><strong>dissimilem</strong></span> 
     </span>
    </p>
   </div>
   <div class='ocr_carea' id='block_1_60' title="bbox 298 4224 1907 4297">
    <p class='ocr_par' dir='ltr' id='par_1_60' title="bbox 298 4224 1907 4297">
     <span class='ocr_line' id='line_1_60' title="bbox 298 4224 1907 4297; baseline -0.003 -13"><span class='ocrx_word' id='word_1_407' title='bbox 298 4227 434 4297; x_wconf 82' lang='lat' dir='ltr'><strong>ejus</strong></span> <span class='ocrx_word' id='word_1_408' title='bbox 462 4224 536 4279; x_wconf 91' lang='lat' dir='ltr'><strong>ait</strong></span> <span class='ocrx_word' id='word_1_409' title='bbox 563 4224 725 4297; x_wconf 82' lang='lat' dir='ltr'><strong>fuisse</strong></span> <span class='ocrx_word' id='word_1_410' title='bbox 765 4240 886 4296; x_wconf 67' lang='lat' dir='ltr'><strong>qua:</strong></span> <span class='ocrx_word' id='word_1_411' title='bbox 918 4225 969 4297; x_wconf 88' lang='lat' dir='ltr'><strong>in</strong></span> <span class='ocrx_word' id='word_1_412' title='bbox 998 4226 1191 4297; x_wconf 89' lang='lat' dir='ltr'><strong>castris</strong></span> <span class='ocrx_word' id='word_1_413' title='bbox 1216 4225 1443 4280; x_wconf 72' lang='lat' dir='ltr'><strong>Caesaris</strong></span> <span class='ocrx_word' id='word_1_414' title='bbox 1468 4224 1663 4297; x_wconf 89' lang='lat' dir='ltr'><strong>accidit</strong></span> <span class='ocrx_word' id='word_1_415' title='bbox 1703 4224 1907 4279; x_wconf 87' lang='lat' dir='ltr'><strong>descri-</strong></span> 
     </span>
    </p>
   </div>
   <div class='ocr_carea' id='block_1_61' title="bbox 297 4295 1902 4365">
    <p class='ocr_par' dir='ltr' id='par_1_61' title="bbox 297 4295 1902 4365">
     <span class='ocr_line' id='line_1_61' title="bbox 297 4295 1902 4365; baseline -0.002 -10"><span class='ocrx_word' id='word_1_416' title='bbox 297 4295 572 4365; x_wconf 73' lang='lat' dir='ltr'><strong>biturquc</strong></span> <span class='ocrx_word' id='word_1_417' title='bbox 600 4311 629 4349; x_wconf 89' lang='lat' dir='ltr'><strong>a</strong></span> <span class='ocrx_word' id='word_1_418' title='bbox 660 4295 874 4351; x_wconf 86' lang='lat' dir='ltr'><strong>Lucano</strong></span> <span class='ocrx_word' id='word_1_419' title='bbox 918 4296 1012 4351; x_wconf 91' lang='lat' dir='ltr'><strong>lib.</strong></span> <span class='ocrx_word' id='word_1_420' title='bbox 1041 4312 1072 4351; x_wconf 83' lang='grc' dir='ltr'><strong>ν</strong></span> <span class='ocrx_word' id='word_1_421' title='bbox 1101 4296 1415 4361; x_wconf 88' lang='lat' dir='ltr'><strong>Pharsalici,</strong></span> <span class='ocrx_word' id='word_1_422' title='bbox 1443 4296 1564 4365; x_wconf 89' lang='lat' dir='ltr'><strong>quia</strong></span> <span class='ocrx_word' id='word_1_423' title='bbox 1600 4296 1902 4351; x_wconf 65' lang='lat' dir='ltr'><strong>Caesariana</strong></span> 
     </span>
    </p>
   </div>
   <div class='ocr_carea' id='block_1_62' title="bbox 298 4365 1902 4437">
    <p class='ocr_par' dir='ltr' id='par_1_62' title="bbox 298 4365 1902 4437">
     <span class='ocr_line' id='line_1_62' title="bbox 298 4365 1902 4437; baseline -0.003 -10"><span class='ocrx_word' id='word_1_424' title='bbox 298 4370 551 4427; x_wconf 85' lang='lat' dir='ltr'><strong>militum</strong></span> <span class='ocrx_word' id='word_1_425' title='bbox 584 4375 700 4422; x_wconf 90' lang='lat' dir='ltr'><strong>erat</strong></span> <span class='ocrx_word' id='word_1_426' title='bbox 726 4365 1108 4431; x_wconf 80' lang='lat' dir='ltr'><strong>Romanorum,</strong></span> <span class='ocrx_word' id='word_1_427' title='bbox 1133 4383 1357 4437; x_wconf 90' lang='lat' dir='ltr'><strong>quorum</strong></span> <span class='ocrx_word' id='word_1_428' title='bbox 1387 4368 1602 4422; x_wconf 90' lang='lat' dir='ltr'><strong>interitu</strong></span> <span class='ocrx_word' id='word_1_429' title='bbox 1624 4367 1738 4436; x_wconf 93' lang='lat' dir='ltr'><strong>ejus</strong></span> <span class='ocrx_word' id='word_1_430' title='bbox 1759 4367 1902 4422; x_wconf 87' lang='lat' dir='ltr'><strong>vires</strong></span> 
     </span>
    </p>
   </div>
   <div class='ocr_carea' id='block_1_63' title="bbox 298 4438 1982 4527">
    <p class='ocr_par' dir='ltr' id='par_1_63' title="bbox 298 4438 1982 4527">
     <span class='ocr_line' id='line_1_63' title="bbox 298 4438 1982 4527; baseline -0.004 -29"><span class='ocrx_word' id='word_1_431' title='bbox 298 4438 745 4527; x_wconf 60' lang='lat' dir='ltr'><strong>minuebantur&quot;.</strong></span> <span class='ocrx_word' id='word_1_432' title='bbox 776 4438 899 4527; x_wconf 57' lang='lat' dir='ltr'><strong>haec</strong></span> <span class='ocrx_word' id='word_1_433' title='bbox 913 4439 1286 4504; x_wconf 90' lang='lat' dir='ltr'><strong>barbarorum,</strong></span> <span class='ocrx_word' id='word_1_434' title='bbox 1316 4452 1448 4527; x_wconf 69' lang='lat' dir='ltr'><strong>quus</strong></span> <span class='ocrx_word' id='word_1_435' title='bbox 1468 4438 1783 4527; x_wconf 70' lang='lat' dir='ltr'><strong>obsequium</strong></span> <span class='ocrx_word' id='word_1_436' title='bbox 1810 4439 1902 4527; x_wconf 74' lang='lat' dir='ltr'><strong>dc-</strong></span> <span class='ocrx_word' id='word_1_437' title='bbox 1929 4465 1982 4527; x_wconf 74' lang='grc' dir='ltr'>Ι)</span> 
     </span>
    </p>
   </div>
   <div class='ocr_carea' id='block_1_64' title="bbox 299 4508 1906 4578">
    <p class='ocr_par' dir='ltr' id='par_1_64' title="bbox 299 4508 1906 4578">
     <span class='ocr_line' id='line_1_64' title="bbox 299 4508 1906 4578; baseline -0.002 -10"><span class='ocrx_word' id='word_1_438' title='bbox 299 4519 618 4568; x_wconf 88' lang='lat' dir='ltr'><strong>trectantes</strong></span> <span class='ocrx_word' id='word_1_439' title='bbox 659 4508 727 4564; x_wconf 89' lang='lat' dir='ltr'><strong>ad</strong></span> <span class='ocrx_word' id='word_1_440' title='bbox 772 4509 998 4564; x_wconf 91' lang='lat' dir='ltr'><strong>militum</strong></span> <span class='ocrx_word' id='word_1_441' title='bbox 1050 4520 1311 4566; x_wconf 89' lang='lat' dir='ltr'><strong>terrorem</strong></span> <span class='ocrx_word' id='word_1_442' title='bbox 1338 4508 1513 4578; x_wconf 85' lang='lat' dir='ltr'><strong>plecti</strong></span> <span class='ocrx_word' id='word_1_443' title='bbox 1541 4509 1781 4577; x_wconf 86' lang='lat' dir='ltr'><strong>juvabat.</strong></span> <span class='ocrx_word' id='word_1_444' title='bbox 1831 4508 1906 4564; x_wconf 92' lang='lat' dir='ltr'><strong>Ita</strong></span> 
     </span>
    </p>
   </div>
   <div class='ocr_carea' id='block_1_65' title="bbox 300 4579 1907 4650">
    <p class='ocr_par' dir='ltr' id='par_1_65' title="bbox 300 4579 1907 4650">
     <span class='ocr_line' id='line_1_65' title="bbox 300 4579 1907 4650; baseline -0.004 -9"><span class='ocrx_word' id='word_1_445' title='bbox 300 4584 571 4648; x_wconf 86' lang='lat' dir='ltr'><strong>Hunnos,</strong></span> <span class='ocrx_word' id='word_1_446' title='bbox 620 4582 830 4636; x_wconf 87' lang='lat' dir='ltr'><strong>tametsi</strong></span> <span class='ocrx_word' id='word_1_447' title='bbox 891 4581 944 4636; x_wconf 91' lang='lat' dir='ltr'><strong>in</strong></span> <span class='ocrx_word' id='word_1_448' title='bbox 995 4579 1268 4650; x_wconf 86' lang='lat' dir='ltr'><strong>Majoriani</strong></span> <span class='ocrx_word' id='word_1_449' title='bbox 1318 4580 1560 4635; x_wconf 83' lang='lat' dir='ltr'><strong>exercitu</strong></span> <span class='ocrx_word' id='word_1_450' title='bbox 1605 4581 1907 4645; x_wconf 90' lang='lat' dir='ltr'><strong>merebant,</strong></span> 
     </span>
    </p>
   </div>
   <div class='ocr_carea' id='block_1_66' title="bbox 299 4651 1906 4721">
    <p class='ocr_par' dir='ltr' id='par_1_66' title="bbox 299 4651 1906 4721">
     <span class='ocr_line' id='line_1_66' title="bbox 299 4651 1906 4721; baseline -0.004 -10"><span class='ocrx_word' id='word_1_451' title='bbox 299 4655 527 4711; x_wconf 86' lang='lat' dir='ltr'><strong>milites</strong></span> <span class='ocrx_word' id='word_1_452' title='bbox 557 4667 664 4706; x_wconf 89' lang='lat' dir='ltr'><strong>non</strong></span> <span class='ocrx_word' id='word_1_453' title='bbox 686 4659 872 4717; x_wconf 88' lang='lat' dir='ltr'><strong>vocat;</strong></span> <span class='ocrx_word' id='word_1_454' title='bbox 904 4652 1023 4719; x_wconf 89' lang='lat' dir='ltr'><strong>quia</strong></span> <span class='ocrx_word' id='word_1_455' title='bbox 1053 4651 1250 4706; x_wconf 89' lang='lat' dir='ltr'><strong>milites</strong></span> <span class='ocrx_word' id='word_1_456' title='bbox 1270 4653 1487 4721; x_wconf 90' lang='lat' dir='ltr'><strong>proprie</strong></span> <span class='ocrx_word' id='word_1_457' title='bbox 1514 4662 1637 4705; x_wconf 90' lang='lat' dir='ltr'><strong>sunt</strong></span> <span class='ocrx_word' id='word_1_458' title='bbox 1659 4651 1906 4718; x_wconf 83' lang='lat' dir='ltr'><strong>Romani,</strong></span> 
     </span>
    </p>
   </div>
   <div class='ocr_carea' id='block_1_67' title="bbox 299 4721 1912 4791">
    <p class='ocr_par' dir='ltr' id='par_1_67' title="bbox 299 4721 1912 4791">
     <span class='ocr_line' id='line_1_67' title="bbox 299 4721 1912 4791; baseline -0.004 -10"><span class='ocrx_word' id='word_1_459' title='bbox 299 4736 363 4782; x_wconf 87' lang='lat' dir='ltr'><strong>ct</strong></span> <span class='ocrx_word' id='word_1_460' title='bbox 402 4741 438 4779; x_wconf 84' lang='lat' dir='ltr'><strong>a</strong></span> <span class='ocrx_word' id='word_1_461' title='bbox 484 4723 731 4778; x_wconf 87' lang='lat' dir='ltr'><strong>barbaris</strong></span> <span class='ocrx_word' id='word_1_462' title='bbox 772 4722 1116 4778; x_wconf 84' lang='lat' dir='ltr'><strong>auxiliaribus</strong></span> <span class='ocrx_word' id='word_1_463' title='bbox 1162 4722 1540 4791; x_wconf 71' lang='lat' dir='ltr'><strong>fmderatisque</strong></span> <span class='ocrx_word' id='word_1_464' title='bbox 1579 4721 1912 4791; x_wconf 88' lang='lat' dir='ltr'><strong>distinguun-</strong></span> 
     </span>
    </p>
   </div>
   <div class='ocr_carea' id='block_1_68' title="bbox 301 4791 1913 4860">
    <p class='ocr_par' dir='ltr' id='par_1_68' title="bbox 301 4791 1913 4860">
     <span class='ocr_line' id='line_1_68' title="bbox 301 4791 1913 4860; baseline -0.006 -6"><span class='ocrx_word' id='word_1_465' title='bbox 301 4806 403 4854; x_wconf 89' lang='lat' dir='ltr'><strong>tur</strong></span> <span class='ocrx_word' id='word_1_466' title='bbox 440 4803 546 4853; x_wconf 90' lang='lat' dir='ltr'><strong>:ut</strong></span> <span class='ocrx_word' id='word_1_467' title='bbox 574 4794 786 4849; x_wconf 88' lang='lat' dir='ltr'><strong>novella</strong></span> <span class='ocrx_word' id='word_1_468' title='bbox 817 4794 1172 4849; x_wconf 90' lang='lat' dir='ltr'><strong>Valentiniani</strong></span> <span class='ocrx_word' id='word_1_469' title='bbox 1214 4794 1282 4847; x_wconf 89' lang='lat' dir='ltr'><strong>de</strong></span> <span class='ocrx_word' id='word_1_470' title='bbox 1320 4791 1531 4847; x_wconf 89' lang='lat' dir='ltr'><strong>reddito</strong></span> <span class='ocrx_word' id='word_1_471' title='bbox 1573 4792 1695 4860; x_wconf 88' lang='lat' dir='ltr'><strong>jure</strong></span> <span class='ocrx_word' id='word_1_472' title='bbox 1736 4807 1913 4846; x_wconf 83' lang='lat' dir='ltr'><strong>anno-</strong></span> 
     </span>
    </p>
   </div>
   <div class='ocr_carea' id='block_1_69' title="bbox 300 4863 1911 4936">
    <p class='ocr_par' dir='ltr' id='par_1_69' title="bbox 300 4863 1911 4936">
     <span class='ocr_line' id='line_1_69' title="bbox 300 4863 1911 4936; baseline -0.006 -12"><span class='ocrx_word' id='word_1_473' title='bbox 300 4884 440 4924; x_wconf 85' lang='lat' dir='ltr'><strong>rum</strong></span> <span class='ocrx_word' id='word_1_474' title='bbox 483 4885 495 4918; x_wconf 93' lang='lat'><strong>:</strong></span> <span class='ocrx_word' id='word_1_475' title='bbox 535 4863 781 4936; x_wconf 79' lang='lat' dir='ltr'><strong>Magister</strong></span> <span class='ocrx_word' id='word_1_476' title='bbox 801 4865 1018 4917; x_wconf 79' lang='lat' dir='ltr'><strong>militum</strong></span> <span class='ocrx_word' id='word_1_477' title='bbox 1045 4865 1355 4936; x_wconf 74' lang='lat' dir='ltr'><strong>Sigisrultus</strong></span> <span class='ocrx_word' id='word_1_478' title='bbox 1377 4863 1911 4936; x_wconf 11' lang='lat' dir='ltr'><strong>tantumilitumlqttam</strong></span> 
     </span>
    </p>
   </div>
   <div class='ocr_carea' id='block_1_70' title="bbox 302 4933 1913 5011">
    <p class='ocr_par' dir='ltr' id='par_1_70' title="bbox 302 4933 1913 5011">
     <span class='ocr_line' id='line_1_70' title="bbox 302 4933 1913 5011; baseline -0.005 -17"><span class='ocrx_word' id='word_1_479' title='bbox 302 4933 691 5011; x_wconf 70' lang='lat' dir='ltr'><strong>fmderatortim</strong></span> <span class='ocrx_word' id='word_1_480' title='bbox 705 4936 990 5011; x_wconf 51' lang='lat' dir='ltr'><strong>luitionent</strong></span> <span class='ocrx_word' id='word_1_481' title='bbox 1006 4935 1210 4988; x_wconf 79' lang='lat' dir='ltr'><strong>urbibus</strong></span> <span class='ocrx_word' id='word_1_482' title='bbox 1232 4951 1292 5011; x_wconf 74' lang='lat' dir='ltr'><strong>uc</strong></span> <span class='ocrx_word' id='word_1_483' title='bbox 1314 4934 1567 5011; x_wconf 64' lang='lat' dir='ltr'><strong>littoribus</strong></span> <span class='ocrx_word' id='word_1_484' title='bbox 1592 4950 1695 5011; x_wconf 71' lang='lat' dir='ltr'><strong>non</strong></span> <span class='ocrx_word' id='word_1_485' title='bbox 1714 4933 1913 4987; x_wconf 83' lang='lat' dir='ltr'><strong>desinat</strong></span> 
     </span>
    </p>
   </div>
   <div class='ocr_carea' id='block_1_71' title="bbox 302 5004 1691 5076">
    <p class='ocr_par' dir='ltr' id='par_1_71' title="bbox 302 5004 1691 5076">
     <span class='ocr_line' id='line_1_71' title="bbox 302 5004 1691 5076; baseline -0.006 -11"><span class='ocrx_word' id='word_1_486' title='bbox 302 5004 594 5073; x_wconf 72' lang='lat' dir='ltr'><strong>ordinare,</strong></span> <span class='ocrx_word' id='word_1_487' title='bbox 618 5016 672 5063; x_wconf 94' lang='lat' dir='ltr'><strong>et</strong></span> <span class='ocrx_word' id='word_1_488' title='bbox 700 5006 951 5062; x_wconf 88' lang='lat' dir='ltr'><strong>Sidonius</strong></span> <span class='ocrx_word' id='word_1_489' title='bbox 977 5007 1089 5076; x_wconf 89' lang='lat' dir='ltr'><strong>ipse</strong></span> <span class='ocrx_word' id='word_1_490' title='bbox 1120 5005 1317 5076; x_wconf 90' lang='lat' dir='ltr'><strong>passim</strong></span> <span class='ocrx_word' id='word_1_491' title='bbox 1349 5006 1400 5058; x_wconf 92' lang='lat' dir='ltr'><strong>in</strong></span> <span class='ocrx_word' id='word_1_492' title='bbox 1430 5004 1691 5076; x_wconf 86' lang='lat' dir='ltr'><strong>epistolis.</strong></span> 
     </span>
    </p>
   </div>
   <div class='ocr_carea' id='block_1_72' title="bbox 311 5075 1911 5149">
    <p class='ocr_par' dir='ltr' id='par_1_72' title="bbox 311 5075 1911 5149">
     <span class='ocr_line' id='line_1_72' title="bbox 311 5075 1911 5149; baseline -0.002 -15"><span class='ocrx_word' id='word_1_493' title='bbox 311 5110 316 5114; x_wconf 85' lang='lat'><strong><em>-</em></strong></span> <span class='ocrx_word' id='word_1_494' title='bbox 350 5120 359 5125; x_wconf 63' lang='grc' dir='ltr'><strong>ρ</strong></span> <span class='ocrx_word' id='word_1_495' title='bbox 388 5091 416 5118; x_wconf 77' lang='grc' dir='ltr'>α</span> <span class='ocrx_word' id='word_1_496' title='bbox 471 5081 607 5134; x_wconf 87' lang='lat' dir='ltr'><strong>Hine</strong></span> <span class='ocrx_word' id='word_1_497' title='bbox 629 5078 879 5149; x_wconf 87' lang='lat' dir='ltr'><strong>cognosci</strong></span> <span class='ocrx_word' id='word_1_498' title='bbox 909 5088 1100 5147; x_wconf 89' lang='lat' dir='ltr'><strong>potest,</strong></span> <span class='ocrx_word' id='word_1_499' title='bbox 1122 5075 1269 5149; x_wconf 86' lang='lat' dir='ltr'><strong>quod</strong></span> <span class='ocrx_word' id='word_1_500' title='bbox 1292 5076 1444 5132; x_wconf 89' lang='lat' dir='ltr'><strong>initio</strong></span> <span class='ocrx_word' id='word_1_501' title='bbox 1470 5075 1677 5149; x_wconf 75' lang='lat' dir='ltr'><strong>przclati</strong></span> <span class='ocrx_word' id='word_1_502' title='bbox 1698 5090 1911 5149; x_wconf 71' lang='lat' dir='ltr'><strong>sumus,</strong></span> 
     </span>
    </p>
   </div>
   <div class='ocr_carea' id='block_1_73' title="bbox 304 5145 1913 5222">
    <p class='ocr_par' dir='ltr' id='par_1_73' title="bbox 304 5145 1913 5222">
     <span class='ocr_line' id='line_1_73' title="bbox 304 5145 1913 5222; baseline -0.006 -12"><span class='ocrx_word' id='word_1_503' title='bbox 304 5145 999 5222; x_wconf 16' lang='lat' dir='ltr'><strong>Majorianum&#39;consulem,</strong></span> <span class='ocrx_word' id='word_1_504' title='bbox 1014 5145 1159 5204; x_wconf 75' lang='lat' dir='ltr'><strong>anno</strong></span> <span class='ocrx_word' id='word_1_505' title='bbox 1190 5148 1299 5222; x_wconf 84' lang='lat' dir='ltr'><strong>jam</strong></span> <span class='ocrx_word' id='word_1_506' title='bbox 1336 5145 1578 5203; x_wconf 86' lang='lat' dir='ltr'><strong>vertente</strong></span> <span class='ocrx_word' id='word_1_507' title='bbox 1606 5148 1657 5222; x_wconf 77' lang='lat' dir='ltr'><strong>in</strong></span> <span class='ocrx_word' id='word_1_508' title='bbox 1670 5145 1913 5222; x_wconf 56' lang='lat' dir='ltr'><strong>Calliam</strong></span> 
     </span>
    </p>
   </div>
   <div class='ocr_carea' id='block_1_74' title="bbox 305 5217 1915 5290">
    <p class='ocr_par' dir='ltr' id='par_1_74' title="bbox 305 5217 1915 5290">
     <span class='ocr_line' id='line_1_74' title="bbox 305 5217 1915 5290; baseline -0.005 -12"><span class='ocrx_word' id='word_1_509' title='bbox 305 5217 570 5278; x_wconf 76' lang='lat' dir='ltr'><strong>venisse.</strong></span> <span class='ocrx_word' id='word_1_510' title='bbox 614 5222 680 5276; x_wconf 83' lang='lat' dir='ltr'><strong>Et</strong></span> <span class='ocrx_word' id='word_1_511' title='bbox 708 5235 835 5276; x_wconf 88' lang='lat' dir='ltr'><strong>vero</strong></span> <span class='ocrx_word' id='word_1_512' title='bbox 860 5237 924 5275; x_wconf 85' lang='lat' dir='ltr'><strong>ex</strong></span> <span class='ocrx_word' id='word_1_513' title='bbox 953 5220 1068 5290; x_wconf 90' lang='lat' dir='ltr'><strong>ejus</strong></span> <span class='ocrx_word' id='word_1_514' title='bbox 1112 5217 1335 5275; x_wconf 89' lang='lat' dir='ltr'><strong>novellis</strong></span> <span class='ocrx_word' id='word_1_515' title='bbox 1374 5228 1581 5275; x_wconf 83' lang='lat' dir='ltr'><strong>constat</strong></span> <span class='ocrx_word' id='word_1_516' title='bbox 1627 5219 1777 5274; x_wconf 92' lang='lat' dir='ltr'><strong>illum</strong></span> <span class='ocrx_word' id='word_1_517' title='bbox 1802 5217 1915 5290; x_wconf 75' lang='lat' dir='ltr'><strong>Ba-</strong></span> 
     </span>
    </p>
   </div>
   <div class='ocr_carea' id='block_1_75' title="bbox 307 5289 1915 5356">
    <p class='ocr_par' dir='ltr' id='par_1_75' title="bbox 307 5289 1915 5356">
     <span class='ocr_line' id='line_1_75' title="bbox 307 5289 1915 5356; baseline -0.006 -5"><span class='ocrx_word' id='word_1_518' title='bbox 307 5311 513 5351; x_wconf 82' lang='lat' dir='ltr'><strong>venna</strong></span> <span class='ocrx_word' id='word_1_519' title='bbox 546 5308 654 5347; x_wconf 90' lang='lat' dir='ltr'><strong>non</strong></span> <span class='ocrx_word' id='word_1_520' title='bbox 700 5301 823 5347; x_wconf 89' lang='lat' dir='ltr'><strong>ante</strong></span> <span class='ocrx_word' id='word_1_521' title='bbox 867 5289 992 5345; x_wconf 82' lang='lat' dir='ltr'><strong>idus</strong></span> <span class='ocrx_word' id='word_1_522' title='bbox 1025 5292 1356 5347; x_wconf 81' lang='lat' dir='ltr'><strong>Novembres</strong></span> <span class='ocrx_word' id='word_1_523' title='bbox 1406 5291 1740 5346; x_wconf 88' lang='lat' dir='ltr'><strong>discessisse.</strong></span> <span class='ocrx_word' id='word_1_524' title='bbox 1785 5289 1915 5356; x_wconf 84' lang='lat' dir='ltr'><strong>Quae</strong></span> 
     </span>
    </p>
   </div>
   <div class='ocr_carea' id='block_1_76' title="bbox 310 5360 1915 5433">
    <p class='ocr_par' dir='ltr' id='par_1_76' title="bbox 310 5360 1915 5433">
     <span class='ocr_line' id='line_1_76' title="bbox 310 5360 1915 5433; baseline -0.005 -10"><span class='ocrx_word' id='word_1_525' title='bbox 310 5378 513 5424; x_wconf 71' lang='lat' dir='ltr'><strong>autem</strong></span> <span class='ocrx_word' id='word_1_526' title='bbox 548 5364 784 5433; x_wconf 89' lang='lat' dir='ltr'><strong>sequitur</strong></span> <span class='ocrx_word' id='word_1_527' title='bbox 811 5362 1026 5432; x_wconf 63' lang='lat' dir='ltr'><strong>Scythae</strong></span> <span class='ocrx_word' id='word_1_528' title='bbox 1057 5363 1239 5417; x_wconf 89' lang='lat' dir='ltr'><strong>militis</strong></span> <span class='ocrx_word' id='word_1_529' title='bbox 1270 5364 1338 5417; x_wconf 91' lang='lat' dir='ltr'><strong>ob</strong></span> <span class='ocrx_word' id='word_1_530' title='bbox 1364 5362 1553 5417; x_wconf 91' lang='lat' dir='ltr'><strong>Cinisii</strong></span> <span class='ocrx_word' id='word_1_531' title='bbox 1600 5363 1795 5417; x_wconf 86' lang='lat' dir='ltr'><strong>montis</strong></span> <span class='ocrx_word' id='word_1_532' title='bbox 1826 5360 1915 5432; x_wconf 90' lang='lat' dir='ltr'><strong>(de</strong></span> 
     </span>
    </p>
   </div>
   <div class='ocr_carea' id='block_1_77' title="bbox 311 5434 1917 5505">
    <p class='ocr_par' dir='ltr' id='par_1_77' title="bbox 311 5434 1917 5505">
     <span class='ocr_line' id='line_1_77' title="bbox 311 5434 1917 5505; baseline -0.006 -11"><span class='ocrx_word' id='word_1_533' title='bbox 311 5441 433 5494; x_wconf 85' lang='lat' dir='ltr'><strong>hoc</strong></span> <span class='ocrx_word' id='word_1_534' title='bbox 465 5436 611 5491; x_wconf 89' lang='lat' dir='ltr'><strong>enim</strong></span> <span class='ocrx_word' id='word_1_535' title='bbox 643 5436 843 5504; x_wconf 90' lang='lat' dir='ltr'><strong>sermo)</strong></span> <span class='ocrx_word' id='word_1_536' title='bbox 875 5448 1122 5501; x_wconf 85' lang='lat' dir='ltr'><strong>aSperum</strong></span> <span class='ocrx_word' id='word_1_537' title='bbox 1170 5435 1289 5505; x_wconf 91' lang='lat' dir='ltr'><strong>gelu</strong></span> <span class='ocrx_word' id='word_1_538' title='bbox 1331 5434 1709 5505; x_wconf 86' lang='lat' dir='ltr'><strong>conquerentis</strong></span> <span class='ocrx_word' id='word_1_539' title='bbox 1743 5434 1917 5505; x_wconf 81' lang='lat' dir='ltr'><strong>inere-</strong></span> 
     </span>
    </p>
   </div>
   <div class='ocr_carea' id='block_1_78' title="bbox 312 5502 1917 5582">
    <p class='ocr_par' dir='ltr' id='par_1_78' title="bbox 312 5502 1917 5582">
     <span class='ocr_line' id='line_1_78' title="bbox 312 5502 1917 5582; baseline -0.005 -19"><span class='ocrx_word' id='word_1_540' title='bbox 312 5509 505 5582; x_wconf 87' lang='lat' dir='ltr'><strong>patio,</strong></span> <span class='ocrx_word' id='word_1_541' title='bbox 540 5521 631 5560; x_wconf 89' lang='lat' dir='ltr'><strong>seu</strong></span> <span class='ocrx_word' id='word_1_542' title='bbox 661 5502 925 5578; x_wconf 45' lang='lat' dir='ltr'><strong>gesm&#39;res</strong></span> <span class='ocrx_word' id='word_1_543' title='bbox 943 5514 1053 5582; x_wconf 78' lang='lat' dir='ltr'><strong>est,</strong></span> <span class='ocrx_word' id='word_1_544' title='bbox 1080 5502 1320 5582; x_wconf 65' lang='lat' dir='ltr'><strong>seu&#39;tieta</strong></span> <span class='ocrx_word' id='word_1_545' title='bbox 1348 5506 1398 5582; x_wconf 81' lang='lat' dir='ltr'><strong>in</strong></span> <span class='ocrx_word' id='word_1_546' title='bbox 1424 5504 1643 5572; x_wconf 88' lang='lat' dir='ltr'><strong>gratiam</strong></span> <span class='ocrx_word' id='word_1_547' title='bbox 1663 5502 1917 5582; x_wconf 49' lang='lat' dir='ltr'><strong>injuria-</strong></span> 
     </span>
    </p>
   </div>
   <div class='ocr_carea' id='block_1_79' title="bbox 313 5575 1919 5646">
    <p class='ocr_par' dir='ltr' id='par_1_79' title="bbox 313 5575 1919 5646">
     <span class='ocr_line' id='line_1_79' title="bbox 313 5575 1919 5646; baseline -0.007 -8"><span class='ocrx_word' id='word_1_548' title='bbox 313 5575 401 5646; x_wconf 72' lang='lat' dir='ltr'><strong>iii,</strong></span> <span class='ocrx_word' id='word_1_549' title='bbox 436 5596 509 5634; x_wconf 86' lang='lat' dir='ltr'><strong>eo</strong></span> <span class='ocrx_word' id='word_1_550' title='bbox 539 5575 762 5646; x_wconf 77' lang='lat' dir='ltr'><strong>Spectat,</strong></span> <span class='ocrx_word' id='word_1_551' title='bbox 796 5587 852 5632; x_wconf 94' lang='lat' dir='ltr'><strong>ut</strong></span> <span class='ocrx_word' id='word_1_552' title='bbox 872 5576 1120 5631; x_wconf 85' lang='lat' dir='ltr'><strong>eximiam</strong></span> <span class='ocrx_word' id='word_1_553' title='bbox 1162 5577 1215 5629; x_wconf 94' lang='lat' dir='ltr'><strong>in</strong></span> <span class='ocrx_word' id='word_1_554' title='bbox 1242 5576 1332 5629; x_wconf 91' lang='lat' dir='ltr'><strong>illo</strong></span> <span class='ocrx_word' id='word_1_555' title='bbox 1372 5575 1725 5643; x_wconf 69' lang='lat' dir='ltr'><strong>imperatorire</strong></span> <span class='ocrx_word' id='word_1_556' title='bbox 1756 5575 1919 5628; x_wconf 88' lang='lat' dir='ltr'><strong>virtu-</strong></span> 
     </span>
    </p>
   </div>
   <div class='ocr_carea' id='block_1_80' title="bbox 314 5645 1919 5714">
    <p class='ocr_par' dir='ltr' id='par_1_80' title="bbox 314 5645 1919 5714">
     <span class='ocr_line' id='line_1_80' title="bbox 314 5645 1919 5714; baseline -0.006 -6"><span class='ocrx_word' id='word_1_557' title='bbox 314 5645 397 5708; x_wconf 84' lang='lat' dir='ltr'><strong>tis</strong></span> <span class='ocrx_word' id='word_1_558' title='bbox 450 5645 690 5706; x_wconf 78' lang='lat' dir='ltr'><strong>indOlem</strong></span> <span class='ocrx_word' id='word_1_559' title='bbox 741 5649 1089 5704; x_wconf 90' lang='lat' dir='ltr'><strong>demonstret.</strong></span> <span class='ocrx_word' id='word_1_560' title='bbox 1136 5649 1313 5714; x_wconf 86' lang='lat' dir='ltr'><strong>Quare</strong></span> <span class='ocrx_word' id='word_1_561' title='bbox 1366 5662 1487 5700; x_wconf 92' lang='lat' dir='ltr'><strong>cum</strong></span> <span class='ocrx_word' id='word_1_562' title='bbox 1537 5645 1719 5708; x_wconf 78' lang='lat' dir='ltr'><strong>Attila,</strong></span> <span class='ocrx_word' id='word_1_563' title='bbox 1762 5661 1919 5713; x_wconf 91' lang='lat' dir='ltr'><strong>quem</strong></span> 
     </span>
    </p>
   </div>
   <div class='ocr_carea' id='block_1_81' title="bbox 315 5716 1919 5791">
    <p class='ocr_par' dir='ltr' id='par_1_81' title="bbox 315 5716 1919 5791">
     <span class='ocr_line' id='line_1_81' title="bbox 315 5716 1919 5791; baseline -0.007 -11"><span class='ocrx_word' id='word_1_564' title='bbox 315 5726 600 5780; x_wconf 80' lang='lat' dir='ltr'><strong>Arctoum</strong></span> <span class='ocrx_word' id='word_1_565' title='bbox 633 5737 811 5791; x_wconf 85' lang='lat' dir='ltr'><strong>regem</strong></span> <span class='ocrx_word' id='word_1_566' title='bbox 859 5728 1046 5791; x_wconf 89' lang='lat' dir='ltr'><strong>vocat,</strong></span> <span class='ocrx_word' id='word_1_567' title='bbox 1073 5718 1299 5791; x_wconf 82' lang='lat' dir='ltr'><strong>aliisque</strong></span> <span class='ocrx_word' id='word_1_568' title='bbox 1321 5716 1589 5791; x_wconf 79' lang='lat' dir='ltr'><strong>Scythicis</strong></span> <span class='ocrx_word' id='word_1_569' title='bbox 1618 5718 1743 5791; x_wconf 70' lang='lat' dir='ltr'><strong>olim</strong></span> <span class='ocrx_word' id='word_1_570' title='bbox 1769 5716 1919 5791; x_wconf 72' lang='lat' dir='ltr'><strong>duci-</strong></span> 
     </span>
    </p>
   </div>
   <div class='ocr_carea' id='block_1_82' title="bbox 318 5786 1919 5878">
    <p class='ocr_par' dir='ltr' id='par_1_82' title="bbox 318 5786 1919 5878">
     <span class='ocr_line' id='line_1_82' title="bbox 318 5786 1919 5878; baseline -0.009 -22"><span class='ocrx_word' id='word_1_571' title='bbox 318 5797 439 5857; x_wconf 78' lang='lat' dir='ltr'><strong>bus</strong></span> <span class='ocrx_word' id='word_1_572' title='bbox 473 5794 607 5863; x_wconf 89' lang='lat' dir='ltr'><strong>suis,</strong></span> <span class='ocrx_word' id='word_1_573' title='bbox 636 5786 893 5878; x_wconf 59' lang='lat' dir='ltr'><strong>adversus</strong></span> <span class='ocrx_word' id='word_1_574' title='bbox 918 5790 1113 5867; x_wconf 84' lang='lat' dir='ltr'><strong>frigora</strong></span> <span class='ocrx_word' id='word_1_575' title='bbox 1141 5786 1447 5852; x_wconf 54' lang='lat' dir='ltr'><strong>et&#39;labores</strong></span> <span class='ocrx_word' id='word_1_576' title='bbox 1473 5789 1703 5859; x_wconf 88' lang='lat' dir='ltr'><strong>duratis,</strong></span> <span class='ocrx_word' id='word_1_577' title='bbox 1724 5803 1758 5846; x_wconf 87' lang='lat' dir='ltr'><strong>a</strong></span> <span class='ocrx_word' id='word_1_578' title='bbox 1782 5786 1919 5861; x_wconf 80' lang='lat' dir='ltr'><strong>Scy-</strong></span> 
     </span>
    </p>
   </div>
   <div class='ocr_carea' id='block_1_83' title="bbox 1988 1869 3502 1941">
    <p class='ocr_par' dir='ltr' id='par_1_83' title="bbox 1988 1869 3502 1941">
     <span class='ocr_line' id='line_1_83' title="bbox 1988 1869 3502 1941; baseline 0.001 -17"><span class='ocrx_word' id='word_1_579' title='bbox 1988 1869 2195 1939; x_wconf 87' lang='lat' dir='ltr'><strong>Frange</strong></span> <span class='ocrx_word' id='word_1_580' title='bbox 2223 1879 2395 1925; x_wconf 91' lang='lat' dir='ltr'><strong>cutem</strong></span> <span class='ocrx_word' id='word_1_581' title='bbox 2431 1870 2711 1939; x_wconf 89' lang='lat' dir='ltr'><strong>pendentis</strong></span> <span class='ocrx_word' id='word_1_582' title='bbox 2738 1884 2914 1939; x_wconf 70' lang='lat' dir='ltr'><strong>aqum,</strong></span> <span class='ocrx_word' id='word_1_583' title='bbox 2944 1881 2965 1908; x_wconf 79' lang='grc' dir='ltr'><strong>ο</strong></span> <span class='ocrx_word' id='word_1_584' title='bbox 2990 1871 3304 1941; x_wconf 89' lang='lat' dir='ltr'><strong>scalproque</strong></span> <span class='ocrx_word' id='word_1_585' title='bbox 3331 1872 3502 1927; x_wconf 88' lang='lat' dir='ltr'><strong>levata</strong></span> 
     </span>
    </p>
   </div>
   <div class='ocr_carea' id='block_1_84' title="bbox 1987 1952 3437 2033">
    <p class='ocr_par' dir='ltr' id='par_1_84' title="bbox 1987 1952 3437 2033">
     <span class='ocr_line' id='line_1_84' title="bbox 1987 1952 3437 2033; baseline -0.002 -15"><span class='ocrx_word' id='word_1_586' title='bbox 1987 1952 2067 2018; x_wconf 88' lang='lat' dir='ltr'><strong>Sit</strong></span> <span class='ocrx_word' id='word_1_587' title='bbox 2096 1962 2189 2017; x_wconf 89' lang='lat' dir='ltr'><strong>tibi</strong></span> <span class='ocrx_word' id='word_1_588' title='bbox 2220 1962 2432 2031; x_wconf 81' lang='lat' dir='ltr'><strong>lympha</strong></span> <span class='ocrx_word' id='word_1_589' title='bbox 2462 1962 2679 2031; x_wconf 89' lang='lat' dir='ltr'><strong>gradus,</strong></span> <span class='ocrx_word' id='word_1_590' title='bbox 2712 1971 2895 2033; x_wconf 91' lang='lat' dir='ltr'><strong>turpes</strong></span> <span class='ocrx_word' id='word_1_591' title='bbox 2920 1962 3132 2032; x_wconf 88' lang='lat' dir='ltr'><strong>depone</strong></span> <span class='ocrx_word' id='word_1_592' title='bbox 3160 1962 3437 2032; x_wconf 88' lang='lat' dir='ltr'><strong>querelas;</strong></span> 
     </span>
    </p>
   </div>
   <div class='ocr_carea' id='block_1_85' title="bbox 1989 2054 3540 2125">
    <p class='ocr_par' dir='ltr' id='par_1_85' title="bbox 1989 2054 3540 2125">
     <span class='ocr_line' id='line_1_85' title="bbox 1989 2054 3540 2125; baseline -0.002 -15"><span class='ocrx_word' id='word_1_593' title='bbox 1989 2055 2108 2110; x_wconf 88' lang='lat' dir='ltr'><strong>Otia</strong></span> <span class='ocrx_word' id='word_1_594' title='bbox 2138 2055 2299 2125; x_wconf 82' lang='lat' dir='ltr'><strong>frigus</strong></span> <span class='ocrx_word' id='word_1_595' title='bbox 2326 2054 2521 2109; x_wconf 85' lang='lat' dir='ltr'><strong>habent</strong></span> <span class='ocrx_word' id='word_1_596' title='bbox 2546 2070 2560 2109; x_wconf 76' lang='grc' dir='ltr'>ε</span> <span class='ocrx_word' id='word_1_597' title='bbox 2596 2056 2831 2125; x_wconf 91' lang='lat' dir='ltr'><strong>nunquid</strong></span> <span class='ocrx_word' id='word_1_598' title='bbox 2860 2055 2990 2109; x_wconf 90' lang='lat' dir='ltr'><strong>mihi</strong></span> <span class='ocrx_word' id='word_1_599' title='bbox 3022 2056 3263 2112; x_wconf 85' lang='lat' dir='ltr'><strong>membra</strong></span> <span class='ocrx_word' id='word_1_600' title='bbox 3288 2054 3540 2112; x_wconf 86' lang='lat' dir='ltr'><strong>biformis</strong></span> 
     </span>
    </p>
   </div>
   <div class='ocr_carea' id='block_1_86' title="bbox 1991 2148 3134 2220">
    <p class='ocr_par' dir='ltr' id='par_1_86' title="bbox 1991 2148 3134 2220">
     <span class='ocr_line' id='line_1_86' title="bbox 1991 2148 3134 2220; baseline 0 -16"><span class='ocrx_word' id='word_1_601' title='bbox 1991 2148 2158 2220; x_wconf 74' lang='lat' dir='ltr'><strong>Ilylrei</strong></span> <span class='ocrx_word' id='word_1_602' title='bbox 2190 2158 2375 2203; x_wconf 88' lang='lat' dir='ltr'><strong>natura</strong></span> <span class='ocrx_word' id='word_1_603' title='bbox 2405 2148 2588 2203; x_wconf 85' lang='lat' dir='ltr'><strong>dedit?</strong></span> <span class='ocrx_word' id='word_1_604' title='bbox 2620 2164 2746 2203; x_wconf 92' lang='lat' dir='ltr'><strong>num</strong></span> <span class='ocrx_word' id='word_1_605' title='bbox 2776 2150 3008 2219; x_wconf 80' lang='lat' dir='ltr'><strong>Pegasus</strong></span> <span class='ocrx_word' id='word_1_606' title='bbox 3033 2150 3134 2204; x_wconf 91' lang='lat' dir='ltr'><strong>alis</strong></span> 
     </span>
    </p>
   </div>
   <div class='ocr_carea' id='block_1_87' title="bbox 1990 2239 3341 2310">
    <p class='ocr_par' dir='ltr' id='par_1_87' title="bbox 1990 2239 3341 2310">
     <span class='ocr_line' id='line_1_87' title="bbox 1990 2239 3341 2310; baseline -0.001 -14"><span class='ocrx_word' id='word_1_607' title='bbox 1990 2240 2207 2309; x_wconf 85' lang='lat' dir='ltr'><strong>Adjuvit</strong></span> <span class='ocrx_word' id='word_1_608' title='bbox 2235 2239 2493 2310; x_wconf 84' lang='lat' dir='ltr'><strong>quidquid</strong></span> <span class='ocrx_word' id='word_1_609' title='bbox 2525 2239 2782 2310; x_wconf 86' lang='lat' dir='ltr'><strong>gradior?</strong></span> <span class='ocrx_word' id='word_1_610' title='bbox 2813 2255 3121 2309; x_wconf 81' lang='lat' dir='ltr'><strong>pennasque</strong></span> <span class='ocrx_word' id='word_1_611' title='bbox 3143 2240 3341 2295; x_wconf 88' lang='lat' dir='ltr'><strong>volanti</strong></span> 
     </span>
    </p>
   </div>
   <div class='ocr_carea' id='block_1_88' title="bbox 1991 2326 3443 2402">
    <p class='ocr_par' dir='ltr' id='par_1_88' title="bbox 1991 2326 3443 2402">
     <span class='ocr_line' id='line_1_88' title="bbox 1991 2326 3443 2402; baseline -0.003 -14"><span class='ocrx_word' id='word_1_612' title='bbox 1991 2333 2093 2389; x_wconf 91' lang='lat' dir='ltr'><strong>Dat</strong></span> <span class='ocrx_word' id='word_1_613' title='bbox 2117 2332 2294 2388; x_wconf 84' lang='lat' dir='ltr'><strong>Calais</strong></span> <span class='ocrx_word' id='word_1_614' title='bbox 2322 2332 2592 2401; x_wconf 82' lang='lat' dir='ltr'><strong>Zetusque</strong></span> <span class='ocrx_word' id='word_1_615' title='bbox 2619 2326 2773 2397; x_wconf 90' lang='lat' dir='ltr'><strong>mihi,</strong></span> <span class='ocrx_word' id='word_1_616' title='bbox 2802 2347 2959 2402; x_wconf 91' lang='lat' dir='ltr'><strong>quem</strong></span> <span class='ocrx_word' id='word_1_617' title='bbox 2990 2332 3239 2401; x_wconf 84' lang='lat' dir='ltr'><strong>ninguida</strong></span> <span class='ocrx_word' id='word_1_618' title='bbox 3268 2331 3443 2387; x_wconf 70' lang='lat' dir='ltr'><strong>cernis</strong></span> 
     </span>
    </p>
   </div>
   <div class='ocr_carea' id='block_1_89' title="bbox 1991 2425 3463 2496">
    <p class='ocr_par' dir='ltr' id='par_1_89' title="bbox 1991 2425 3463 2496">
     <span class='ocr_line' id='line_1_89' title="bbox 1991 2425 3463 2496; baseline -0.001 -14"><span class='ocrx_word' id='word_1_619' title='bbox 1991 2426 2296 2482; x_wconf 88' lang='lat' dir='ltr'><strong>Calcantem</strong></span> <span class='ocrx_word' id='word_1_620' title='bbox 2325 2426 2434 2496; x_wconf 83' lang='lat' dir='ltr'><strong>jam</strong></span> <span class='ocrx_word' id='word_1_621' title='bbox 2464 2425 2623 2480; x_wconf 90' lang='lat' dir='ltr'><strong>dorsa</strong></span> <span class='ocrx_word' id='word_1_622' title='bbox 2647 2425 2799 2496; x_wconf 81' lang='lat' dir='ltr'><strong>jugi?</strong></span> <span class='ocrx_word' id='word_1_623' title='bbox 2830 2440 2927 2480; x_wconf 88' lang='lat' dir='ltr'><strong>vos</strong></span> <span class='ocrx_word' id='word_1_624' title='bbox 2955 2425 3152 2493; x_wconf 81' lang='lat' dir='ltr'><strong>frigora</strong></span> <span class='ocrx_word' id='word_1_625' title='bbox 3181 2426 3463 2496; x_wconf 87' lang='lat' dir='ltr'><strong>frangunt,</strong></span> 
     </span>
    </p>
   </div>
   <div class='ocr_carea' id='block_1_90' title="bbox 1996 2506 3447 2587">
    <p class='ocr_par' dir='ltr' id='par_1_90' title="bbox 1996 2506 3447 2587">
     <span class='ocr_line' id='line_1_90' title="bbox 1996 2506 3447 2587; baseline -0.002 -13"><span class='ocrx_word' id='word_1_626' title='bbox 1996 2518 2102 2574; x_wconf 89' lang='lat' dir='ltr'><strong>Vos</strong></span> <span class='ocrx_word' id='word_1_627' title='bbox 2128 2520 2318 2587; x_wconf 88' lang='lat' dir='ltr'><strong>Alpes;</strong></span> <span class='ocrx_word' id='word_1_628' title='bbox 2347 2517 2567 2587; x_wconf 86' lang='lat' dir='ltr'><strong>jamjam</strong></span> <span class='ocrx_word' id='word_1_629' title='bbox 2595 2516 2837 2572; x_wconf 90' lang='lat' dir='ltr'><strong>studeam</strong></span> <span class='ocrx_word' id='word_1_630' title='bbox 2867 2532 3093 2587; x_wconf 90' lang='lat' dir='ltr'><strong>pensare</strong></span> <span class='ocrx_word' id='word_1_631' title='bbox 3120 2518 3363 2587; x_wconf 91' lang='lat' dir='ltr'><strong>pruinas,</strong></span> <span class='ocrx_word' id='word_1_632' title='bbox 3444 2506 3447 2509; x_wconf 28' lang='grc' dir='ltr'><strong><em>λ</em></strong></span> 
     </span>
    </p>
   </div>
   <div class='ocr_carea' id='block_1_91' title="bbox 1995 2592 3329 2679">
    <p class='ocr_par' dir='ltr' id='par_1_91' title="bbox 1995 2592 3329 2679">
     <span class='ocr_line' id='line_1_91' title="bbox 1995 2592 3329 2679; baseline -0.001 -14"><span class='ocrx_word' id='word_1_633' title='bbox 1995 2610 2254 2665; x_wconf 68' lang='grc' dir='ltr'><strong>Αῐεῑαῑεηι</strong></span> <span class='ocrx_word' id='word_1_634' title='bbox 2282 2609 2380 2663; x_wconf 89' lang='lat' dir='ltr'><strong>sub</strong></span> <span class='ocrx_word' id='word_1_635' title='bbox 2409 2611 2564 2679; x_wconf 85' lang='lat' dir='ltr'><strong>Syrte</strong></span> <span class='ocrx_word' id='word_1_636' title='bbox 2588 2608 2747 2675; x_wconf 83' lang='lat' dir='ltr'><strong>dabo.</strong></span> <span class='ocrx_word' id='word_1_637' title='bbox 2781 2607 2871 2663; x_wconf 92' lang='lat' dir='ltr'><strong>Sic</strong></span> <span class='ocrx_word' id='word_1_638' title='bbox 2899 2608 3111 2679; x_wconf 88' lang='lat' dir='ltr'><strong>agmina</strong></span> <span class='ocrx_word' id='word_1_639' title='bbox 3137 2623 3271 2663; x_wconf 89' lang='lat' dir='ltr'><strong>voce</strong></span> <span class='ocrx_word' id='word_1_640' title='bbox 3318 2592 3329 2603; x_wconf 73' lang='grc'><em>’</em></span> 
     </span>
    </p>
   </div>
   <div class='ocr_carea' id='block_1_92' title="bbox 1996 2700 3349 2774">
    <p class='ocr_par' dir='ltr' id='par_1_92' title="bbox 1996 2700 3349 2774">
     <span class='ocr_line' id='line_1_92' title="bbox 1996 2700 3349 2774; baseline -0.003 -15"><span class='ocrx_word' id='word_1_641' title='bbox 1996 2704 2187 2774; x_wconf 82' lang='lat' dir='ltr'><strong>Erigis,</strong></span> <span class='ocrx_word' id='word_1_642' title='bbox 2220 2703 2572 2773; x_wconf 84' lang='lat' dir='ltr'><strong>exemploque</strong></span> <span class='ocrx_word' id='word_1_643' title='bbox 2601 2702 2766 2768; x_wconf 87' lang='lat' dir='ltr'><strong>levas,</strong></span> <span class='ocrx_word' id='word_1_644' title='bbox 2797 2702 3110 2771; x_wconf 89' lang='lat' dir='ltr'><strong>primusque</strong></span> <span class='ocrx_word' id='word_1_645' title='bbox 3136 2700 3349 2755; x_wconf 90' lang='lat' dir='ltr'><strong>labores</strong></span> 
     </span>
    </p>
   </div>
   <div class='ocr_carea' id='block_1_93' title="bbox 1996 2794 3573 2870">
    <p class='ocr_par' dir='ltr' id='par_1_93' title="bbox 1996 2794 3573 2870">
     <span class='ocr_line' id='line_1_93' title="bbox 1996 2794 3573 2870; baseline -0.003 -16"><span class='ocrx_word' id='word_1_646' title='bbox 1996 2799 2155 2870; x_wconf 72' lang='lat'><strong>327</strong></span> <span class='ocrx_word' id='word_1_647' title='bbox 2173 2797 2494 2867; x_wconf 88' lang='lat' dir='ltr'><strong>Aggredcris</strong></span> <span class='ocrx_word' id='word_1_648' title='bbox 2516 2810 2859 2866; x_wconf 87' lang='lat' dir='ltr'><strong>quoscunque</strong></span> <span class='ocrx_word' id='word_1_649' title='bbox 2875 2794 3061 2865; x_wconf 90' lang='lat' dir='ltr'><strong>jubes;</strong></span> <span class='ocrx_word' id='word_1_650' title='bbox 3088 2804 3198 2849; x_wconf 92' lang='lat' dir='ltr'><strong>tum</strong></span> <span class='ocrx_word' id='word_1_651' title='bbox 3215 2803 3411 2849; x_wconf 83' lang='lat' dir='ltr'><strong>caetera</strong></span> <span class='ocrx_word' id='word_1_652' title='bbox 3429 2802 3573 2864; x_wconf 83' lang='lat' dir='ltr'><strong>paret</strong></span> 
     </span>
    </p>
   </div>
   <div class='ocr_carea' id='block_1_94' title="bbox 1924 2888 3455 2965">
    <p class='ocr_par' dir='ltr' id='par_1_94' title="bbox 1924 2888 3455 2965">
     <span class='ocr_line' id='line_1_94' title="bbox 1924 2888 3455 2965; baseline -0.003 -18"><span class='ocrx_word' id='word_1_653' title='bbox 1924 2960 1929 2965; x_wconf 22' lang='lat'><strong><em>1</em></strong></span> <span class='ocrx_word' id='word_1_654' title='bbox 1996 2890 2174 2947; x_wconf 85' lang='lat' dir='ltr'><strong>Turba</strong></span> <span class='ocrx_word' id='word_1_655' title='bbox 2203 2891 2392 2954; x_wconf 89' lang='lat' dir='ltr'><strong>libens,</strong></span> <span class='ocrx_word' id='word_1_656' title='bbox 2420 2890 2583 2944; x_wconf 80' lang='lat' dir='ltr'><strong>servit</strong></span> <span class='ocrx_word' id='word_1_657' title='bbox 2611 2888 2841 2958; x_wconf 91' lang='lat' dir='ltr'><strong>propriis</strong></span> <span class='ocrx_word' id='word_1_658' title='bbox 2871 2903 2994 2944; x_wconf 91' lang='lat' dir='ltr'><strong>cum</strong></span> <span class='ocrx_word' id='word_1_659' title='bbox 3020 2888 3225 2958; x_wconf 89' lang='lat' dir='ltr'><strong>legibus</strong></span> <span class='ocrx_word' id='word_1_660' title='bbox 3251 2896 3455 2943; x_wconf 89' lang='lat' dir='ltr'><strong>auctor.</strong></span> 
     </span>
    </p>
   </div>
   <div class='ocr_carea' id='block_1_95' title="bbox 2071 2974 3575 3052">
    <p class='ocr_par' dir='ltr' id='par_1_95' title="bbox 2071 2974 3575 3052">
     <span class='ocr_line' id='line_1_95' title="bbox 2071 2974 3575 3052; baseline 0 -15"><span class='ocrx_word' id='word_1_661' title='bbox 2071 2980 2099 3023; x_wconf 66' lang='grc' dir='ltr'><strong>ει</strong></span> <span class='ocrx_word' id='word_1_662' title='bbox 2124 2982 2227 3050; x_wconf 92' lang='lat' dir='ltr'><strong>Qui</strong></span> <span class='ocrx_word' id='word_1_663' title='bbox 2258 2982 2348 3039; x_wconf 90' lang='lat' dir='ltr'><strong>tibi</strong></span> <span class='ocrx_word' id='word_1_664' title='bbox 2381 2992 2640 3052; x_wconf 65' lang='lat' dir='ltr'><strong>praeterea</strong></span> <span class='ocrx_word' id='word_1_665' title='bbox 2670 2974 2924 3048; x_wconf 73' lang='lat' dir='ltr'><strong>comites,</strong></span> <span class='ocrx_word' id='word_1_666' title='bbox 2966 2988 3302 3050; x_wconf 88' lang='lat' dir='ltr'><strong>quantusque</strong></span> <span class='ocrx_word' id='word_1_667' title='bbox 3330 2978 3575 3051; x_wconf 69' lang='lat' dir='ltr'><strong>magister</strong></span> 
     </span>
    </p>
   </div>
   <div class='ocr_carea' id='block_1_96' title="bbox 2006 3072 3401 3145">
    <p class='ocr_par' dir='ltr' id='par_1_96' title="bbox 2006 3072 3401 3145">
     <span class='ocr_line' id='line_1_96' title="bbox 2006 3072 3401 3145; baseline -0.004 -13"><span class='ocrx_word' id='word_1_668' title='bbox 2006 3076 2231 3141; x_wconf 67' lang='lat' dir='ltr'><strong>Militiaa,</strong></span> <span class='ocrx_word' id='word_1_669' title='bbox 2257 3084 2493 3131; x_wconf 86' lang='lat' dir='ltr'><strong>vestrum</strong></span> <span class='ocrx_word' id='word_1_670' title='bbox 2522 3083 2641 3145; x_wconf 92' lang='lat' dir='ltr'><strong>post</strong></span> <span class='ocrx_word' id='word_1_671' title='bbox 2665 3088 2760 3130; x_wconf 89' lang='lat' dir='ltr'><strong>vos</strong></span> <span class='ocrx_word' id='word_1_672' title='bbox 2789 3073 2878 3144; x_wconf 90' lang='lat' dir='ltr'><strong>qui</strong></span> <span class='ocrx_word' id='word_1_673' title='bbox 2910 3072 3166 3143; x_wconf 88' lang='lat' dir='ltr'><strong>compulit</strong></span> <span class='ocrx_word' id='word_1_674' title='bbox 3192 3087 3401 3145; x_wconf 87' lang='lat' dir='ltr'><strong>agmen,</strong></span> 
     </span>
    </p>
   </div>
   <div class='ocr_carea' id='block_1_97' title="bbox 2002 3167 3243 3240">
    <p class='ocr_par' dir='ltr' id='par_1_97' title="bbox 2002 3167 3243 3240">
     <span class='ocr_line' id='line_1_97' title="bbox 2002 3167 3243 3240; baseline -0.006 -9"><span class='ocrx_word' id='word_1_675' title='bbox 2002 3173 2109 3231; x_wconf 90' lang='lat' dir='ltr'><strong>Sed</strong></span> <span class='ocrx_word' id='word_1_676' title='bbox 2141 3186 2248 3229; x_wconf 90' lang='lat' dir='ltr'><strong>non</strong></span> <span class='ocrx_word' id='word_1_677' title='bbox 2279 3170 2543 3227; x_wconf 80' lang='lat' dir='ltr'><strong>invitum?</strong></span> <span class='ocrx_word' id='word_1_678' title='bbox 2572 3169 2765 3240; x_wconf 86' lang='lat' dir='ltr'><strong>dignus</strong></span> <span class='ocrx_word' id='word_1_679' title='bbox 2790 3168 2880 3239; x_wconf 93' lang='lat' dir='ltr'><strong>qui</strong></span> <span class='ocrx_word' id='word_1_680' title='bbox 2909 3167 3127 3223; x_wconf 91' lang='lat' dir='ltr'><strong>cederet</strong></span> <span class='ocrx_word' id='word_1_681' title='bbox 3152 3167 3243 3223; x_wconf 92' lang='lat' dir='ltr'><strong>uni</strong></span> 
     </span>
    </p>
   </div>
   <div class='ocr_carea' id='block_1_98' title="bbox 2001 3258 3275 3342">
    <p class='ocr_par' dir='ltr' id='par_1_98' title="bbox 2001 3258 3275 3342">
     <span class='ocr_line' id='line_1_98' title="bbox 2001 3258 3275 3342; baseline -0.009 -16"><span class='ocrx_word' id='word_1_682' title='bbox 2001 3267 2150 3342; x_wconf 91' lang='lat' dir='ltr'><strong>Sylla</strong></span> <span class='ocrx_word' id='word_1_683' title='bbox 2177 3265 2312 3332; x_wconf 91' lang='lat' dir='ltr'><strong>acie,</strong></span> <span class='ocrx_word' id='word_1_684' title='bbox 2345 3264 2501 3336; x_wconf 90' lang='lat' dir='ltr'><strong>genio</strong></span> <span class='ocrx_word' id='word_1_685' title='bbox 2532 3261 2748 3328; x_wconf 85' lang='lat' dir='ltr'><strong>Fabius,</strong></span> <span class='ocrx_word' id='word_1_686' title='bbox 2782 3262 2979 3332; x_wconf 90' lang='lat' dir='ltr'><strong>pietate</strong></span> <span class='ocrx_word' id='word_1_687' title='bbox 3008 3258 3275 3327; x_wconf 84' lang='lat' dir='ltr'><strong>Metellus,</strong></span> 
     </span>
    </p>
   </div>
   <div class='ocr_carea' id='block_1_99' title="bbox 1999 3353 3275 3434">
    <p class='ocr_par' dir='ltr' id='par_1_99' title="bbox 1999 3353 3275 3434">
     <span class='ocr_line' id='line_1_99' title="bbox 1999 3353 3275 3434; baseline -0.009 -14"><span class='ocrx_word' id='word_1_688' title='bbox 1999 3361 2203 3434; x_wconf 84' lang='lat' dir='ltr'><strong>Appius</strong></span> <span class='ocrx_word' id='word_1_689' title='bbox 2233 3360 2467 3430; x_wconf 90' lang='lat' dir='ltr'><strong>eloquio,</strong></span> <span class='ocrx_word' id='word_1_690' title='bbox 2500 3357 2550 3412; x_wconf 87' lang='lat' dir='ltr'><strong>vi</strong></span> <span class='ocrx_word' id='word_1_691' title='bbox 2582 3356 2821 3422; x_wconf 85' lang='lat' dir='ltr'><strong>Fulvius,</strong></span> <span class='ocrx_word' id='word_1_692' title='bbox 2853 3364 2970 3412; x_wconf 90' lang='lat' dir='ltr'><strong>arte</strong></span> <span class='ocrx_word' id='word_1_693' title='bbox 2995 3353 3275 3410; x_wconf 87' lang='lat' dir='ltr'><strong>Camillus.</strong></span> 
     </span>
    </p>
   </div>
   <div class='ocr_carea' id='block_1_100' title="bbox 2005 3436 3353 3525">
    <p class='ocr_par' dir='ltr' id='par_1_100' title="bbox 2005 3436 3353 3525">
     <span class='ocr_line' id='line_1_100' title="bbox 2005 3436 3353 3525; baseline -0.008 -13"><span class='ocrx_word' id='word_1_694' title='bbox 2005 3466 2028 3495; x_wconf 76' lang='grc' dir='ltr'><strong>ο</strong></span> <span class='ocrx_word' id='word_1_695' title='bbox 2052 3455 2107 3511; x_wconf 92' lang='lat' dir='ltr'><strong>Si</strong></span> <span class='ocrx_word' id='word_1_696' title='bbox 2135 3436 2465 3525; x_wconf 65' lang='lat' dir='ltr'><strong>praafecturzs</strong></span> <span class='ocrx_word' id='word_1_697' title='bbox 2492 3456 2721 3520; x_wconf 90' lang='lat' dir='ltr'><strong>quantus</strong></span> <span class='ocrx_word' id='word_1_698' title='bbox 2750 3448 3063 3505; x_wconf 91' lang='lat' dir='ltr'><strong>moderetur</strong></span> <span class='ocrx_word' id='word_1_699' title='bbox 3093 3447 3353 3502; x_wconf 90' lang='lat' dir='ltr'><strong>honorem</strong></span> 
     </span>
    </p>
   </div>
   <div class='ocr_carea' id='block_1_101' title="bbox 2005 3538 3308 3617">
    <p class='ocr_par' dir='ltr' id='par_1_101' title="bbox 2005 3538 3308 3617">
     <span class='ocr_line' id='line_1_101' title="bbox 2005 3538 3308 3617; baseline -0.008 -14"><span class='ocrx_word' id='word_1_700' title='bbox 2005 3547 2097 3603; x_wconf 89' lang='lat' dir='ltr'><strong>Vir</strong></span> <span class='ocrx_word' id='word_1_701' title='bbox 2121 3560 2351 3617; x_wconf 61' lang='lat' dir='ltr'><strong>quaeras,</strong></span> <span class='ocrx_word' id='word_1_702' title='bbox 2383 3542 2557 3598; x_wconf 92' lang='lat' dir='ltr'><strong>tendit</strong></span> <span class='ocrx_word' id='word_1_703' title='bbox 2587 3541 2798 3612; x_wconf 91' lang='lat' dir='ltr'><strong>patulos</strong></span> <span class='ocrx_word' id='word_1_704' title='bbox 2825 3556 2927 3611; x_wconf 88' lang='lat' dir='ltr'><strong>qua</strong></span> <span class='ocrx_word' id='word_1_705' title='bbox 2954 3538 3124 3596; x_wconf 84' lang='lat' dir='ltr'><strong>Gallia</strong></span> <span class='ocrx_word' id='word_1_706' title='bbox 3152 3540 3308 3595; x_wconf 87' lang='lat' dir='ltr'><strong>fines.</strong></span> 
     </span>
    </p>
   </div>
   <div class='ocr_carea' id='block_1_102' title="bbox 2003 3633 3320 3700">
    <p class='ocr_par' dir='ltr' id='par_1_102' title="bbox 2003 3633 3320 3700">
     <span class='ocr_line' id='line_1_102' title="bbox 2003 3633 3320 3700; baseline -0.006 -5"><span class='ocrx_word' id='word_1_707' title='bbox 2003 3638 2110 3695; x_wconf 84' lang='lat' dir='ltr'><strong>Vix</strong></span> <span class='ocrx_word' id='word_1_708' title='bbox 2143 3637 2329 3693; x_wconf 89' lang='lat' dir='ltr'><strong>habuit</strong></span> <span class='ocrx_word' id='word_1_709' title='bbox 2356 3649 2536 3690; x_wconf 89' lang='lat' dir='ltr'><strong>mores</strong></span> <span class='ocrx_word' id='word_1_710' title='bbox 2566 3634 2791 3700; x_wconf 86' lang='lat' dir='ltr'><strong>similes,</strong></span> <span class='ocrx_word' id='word_1_711' title='bbox 2825 3633 2911 3689; x_wconf 93' lang='lat' dir='ltr'><strong>cui</strong></span> <span class='ocrx_word' id='word_1_712' title='bbox 2944 3640 3081 3687; x_wconf 91' lang='lat' dir='ltr'><strong>teste</strong></span> <span class='ocrx_word' id='word_1_713' title='bbox 3108 3641 3320 3699; x_wconf 89' lang='lat' dir='ltr'><strong>senatu,</strong></span> 
     </span>
    </p>
   </div>
   <div class='ocr_carea' id='block_1_103' title="bbox 2006 3725 3422 3796">
    <p class='ocr_par' dir='ltr' id='par_1_103' title="bbox 2006 3725 3422 3796">
     <span class='ocr_line' id='line_1_103' title="bbox 2006 3725 3422 3796; baseline -0.007 -7"><span class='ocrx_word' id='word_1_714' title='bbox 2006 3732 2065 3789; x_wconf 87' lang='lat' dir='ltr'><strong>In</strong></span> <span class='ocrx_word' id='word_1_715' title='bbox 2093 3746 2153 3788; x_wconf 90' lang='lat' dir='ltr'><strong>se</strong></span> <span class='ocrx_word' id='word_1_716' title='bbox 2181 3730 2342 3787; x_wconf 91' lang='lat' dir='ltr'><strong>etiam</strong></span> <span class='ocrx_word' id='word_1_717' title='bbox 2373 3737 2600 3783; x_wconf 89' lang='lat' dir='ltr'><strong>tractum</strong></span> <span class='ocrx_word' id='word_1_718' title='bbox 2629 3726 2974 3783; x_wconf 90' lang='lat' dir='ltr'><strong>commiserat</strong></span> <span class='ocrx_word' id='word_1_719' title='bbox 2997 3725 3187 3796; x_wconf 87' lang='lat' dir='ltr'><strong>Ulpius</strong></span> <span class='ocrx_word' id='word_1_720' title='bbox 3214 3740 3422 3782; x_wconf 88' lang='lat' dir='ltr'><strong>ensem.</strong></span> 
     </span>
    </p>
   </div>
   <div class='ocr_carea' id='block_1_104' title="bbox 2007 3814 3375 3892">
    <p class='ocr_par' dir='ltr' id='par_1_104' title="bbox 2007 3814 3375 3892">
     <span class='ocr_line' id='line_1_104' title="bbox 2007 3814 3375 3892; baseline -0.005 -13"><span class='ocrx_word' id='word_1_721' title='bbox 2007 3824 2108 3892; x_wconf 89' lang='lat' dir='ltr'><strong>Qui</strong></span> <span class='ocrx_word' id='word_1_722' title='bbox 2133 3821 2298 3878; x_wconf 91' lang='lat' dir='ltr'><strong>dictat</strong></span> <span class='ocrx_word' id='word_1_723' title='bbox 2324 3817 2487 3874; x_wconf 91' lang='lat' dir='ltr'><strong>modo</strong></span> <span class='ocrx_word' id='word_1_724' title='bbox 2506 3817 2627 3888; x_wconf 92' lang='lat' dir='ltr'><strong>jura</strong></span> <span class='ocrx_word' id='word_1_725' title='bbox 2656 3816 2827 3884; x_wconf 87' lang='lat' dir='ltr'><strong>Getis,</strong></span> <span class='ocrx_word' id='word_1_726' title='bbox 2858 3814 2957 3871; x_wconf 88' lang='lat' dir='ltr'><strong>sub</strong></span> <span class='ocrx_word' id='word_1_727' title='bbox 2985 3814 3166 3886; x_wconf 87' lang='lat' dir='ltr'><strong>judice</strong></span> <span class='ocrx_word' id='word_1_728' title='bbox 3193 3822 3375 3872; x_wconf 88' lang='lat' dir='ltr'><strong>vestro</strong></span> 
     </span>
    </p>
   </div>
   <div class='ocr_carea' id='block_1_105' title="bbox 2007 3908 3257 3983">
    <p class='ocr_par' dir='ltr' id='par_1_105' title="bbox 2007 3908 3257 3983">
     <span class='ocr_line' id='line_1_105' title="bbox 2007 3908 3257 3983; baseline -0.01 -6"><span class='ocrx_word' id='word_1_729' title='bbox 2007 3917 2236 3977; x_wconf 88' lang='lat' dir='ltr'><strong>Pellitus</strong></span> <span class='ocrx_word' id='word_1_730' title='bbox 2263 3927 2449 3971; x_wconf 88' lang='lat' dir='ltr'><strong>ravum</strong></span> <span class='ocrx_word' id='word_1_731' title='bbox 2485 3924 2785 3983; x_wconf 72' lang='lat' dir='ltr'><strong>prazeonem</strong></span> <span class='ocrx_word' id='word_1_732' title='bbox 2815 3908 3040 3981; x_wconf 88' lang='lat' dir='ltr'><strong>suscipit</strong></span> <span class='ocrx_word' id='word_1_733' title='bbox 3066 3908 3257 3966; x_wconf 89' lang='lat' dir='ltr'><strong>hostis.</strong></span> 
     </span>
    </p>
   </div>
   <div class='ocr_carea' id='block_1_106' title="bbox 2013 4066 3584 4152">
    <p class='ocr_par' dir='ltr' id='par_1_106' title="bbox 2013 4066 3584 4152">
     <span class='ocr_line' id='line_1_106' title="bbox 2013 4066 3584 4152; baseline -0.009 -15"><span class='ocrx_word' id='word_1_734' title='bbox 2013 4080 2105 4137; x_wconf 89' lang='lat' dir='ltr'><strong>tha</strong></span> <span class='ocrx_word' id='word_1_735' title='bbox 2136 4083 2496 4152; x_wconf 82' lang='lat' dir='ltr'><strong>comparatur.</strong></span> <span class='ocrx_word' id='word_1_736' title='bbox 2524 4069 3174 4152; x_wconf 9' lang='lat' dir='ltr'><strong>7A_t_llIajorianus_delicati</strong></span> <span class='ocrx_word' id='word_1_737' title='bbox 3196 4066 3410 4152; x_wconf 78' lang='lat' dir='ltr'><strong>barbari</strong></span> <span class='ocrx_word' id='word_1_738' title='bbox 3438 4066 3584 4152; x_wconf 67' lang='lat' dir='ltr'><strong>igna~</strong></span> 
     </span>
    </p>
   </div>
   <div class='ocr_carea' id='block_1_107' title="bbox 2009 4140 3586 4216">
    <p class='ocr_par' dir='ltr' id='par_1_107' title="bbox 2009 4140 3586 4216">
     <span class='ocr_line' id='line_1_107' title="bbox 2009 4140 3586 4216; baseline -0.008 -9"><span class='ocrx_word' id='word_1_739' title='bbox 2009 4154 2151 4207; x_wconf 87' lang='lat' dir='ltr'><strong>viam</strong></span> <span class='ocrx_word' id='word_1_740' title='bbox 2180 4140 2379 4213; x_wconf 86' lang='lat' dir='ltr'><strong>ridens,</strong></span> <span class='ocrx_word' id='word_1_741' title='bbox 2414 4151 2547 4216; x_wconf 89' lang='lat' dir='ltr'><strong>post</strong></span> <span class='ocrx_word' id='word_1_742' title='bbox 2562 4140 2813 4216; x_wconf 79' lang='lat' dir='ltr'><strong>hibernas</strong></span> <span class='ocrx_word' id='word_1_743' title='bbox 2841 4141 3055 4216; x_wconf 85' lang='lat' dir='ltr'><strong>Alpium</strong></span> <span class='ocrx_word' id='word_1_744' title='bbox 3102 4140 3339 4212; x_wconf 89' lang='lat' dir='ltr'><strong>pruinas,</strong></span> <span class='ocrx_word' id='word_1_745' title='bbox 3372 4140 3586 4195; x_wconf 63' lang='lat' dir='ltr'><strong>aestivos</strong></span> 
     </span>
    </p>
   </div>
   <div class='ocr_carea' id='block_1_108' title="bbox 2007 4213 3629 4294">
    <p class='ocr_par' dir='ltr' id='par_1_108' title="bbox 2007 4213 3629 4294">
     <span class='ocr_line' id='line_1_108' title="bbox 2007 4213 3629 4294; baseline -0.008 -15"><span class='ocrx_word' id='word_1_746' title='bbox 2007 4222 2267 4294; x_wconf 80' lang='lat' dir='ltr'><strong>Syrtium,</strong></span> <span class='ocrx_word' id='word_1_747' title='bbox 2298 4235 2400 4288; x_wconf 89' lang='lat' dir='ltr'><strong>quo</strong></span> <span class='ocrx_word' id='word_1_748' title='bbox 2417 4213 2682 4294; x_wconf 81' lang='lat' dir='ltr'><strong>tendebat</strong></span> <span class='ocrx_word' id='word_1_749' title='bbox 2706 4213 2947 4294; x_wconf 67' lang='lat' dir='ltr'><strong>ardores,</strong></span> <span class='ocrx_word' id='word_1_750' title='bbox 2978 4215 3078 4271; x_wconf 88' lang='lat' dir='ltr'><strong>hoc</strong></span> <span class='ocrx_word' id='word_1_751' title='bbox 3110 4223 3194 4270; x_wconf 91' lang='lat' dir='ltr'><strong>est</strong></span> <span class='ocrx_word' id='word_1_752' title='bbox 3233 4221 3350 4284; x_wconf 88' lang='lat' dir='ltr'><strong>post</strong></span> <span class='ocrx_word' id='word_1_753' title='bbox 3377 4225 3588 4268; x_wconf 86' lang='lat' dir='ltr'><strong>summa</strong></span> <span class='ocrx_word' id='word_1_754' title='bbox 3626 4248 3629 4251; x_wconf 57' lang='grc' dir='ltr'><strong><em>ι</em></strong></span> 
     </span>
    </p>
   </div>
   <div class='ocr_carea' id='block_1_109' title="bbox 2005 4284 2992 4361">
    <p class='ocr_par' dir='ltr' id='par_1_109' title="bbox 2005 4284 2992 4361">
     <span class='ocr_line' id='line_1_109' title="bbox 2005 4284 2992 4361; baseline -0.012 -11"><span class='ocrx_word' id='word_1_755' title='bbox 2005 4284 2203 4361; x_wconf 71' lang='lat' dir='ltr'><strong>frigora</strong></span> <span class='ocrx_word' id='word_1_756' title='bbox 2233 4284 2471 4347; x_wconf 85' lang='lat' dir='ltr'><strong>summos</strong></span> <span class='ocrx_word' id='word_1_757' title='bbox 2497 4288 2706 4361; x_wconf 80' lang='lat' dir='ltr'><strong>calores</strong></span> <span class='ocrx_word' id='word_1_758' title='bbox 2725 4284 2992 4361; x_wconf 65' lang='lat' dir='ltr'><strong>praedicit.</strong></span> 
     </span>
    </p>
   </div>
   <div class='ocr_carea' id='block_1_110' title="bbox 2080 4356 3147 4433">
    <p class='ocr_par' dir='ltr' id='par_1_110' title="bbox 2080 4356 3147 4433">
     <span class='ocr_line' id='line_1_110' title="bbox 2080 4356 3147 4433; baseline -0.007 -16"><span class='ocrx_word' id='word_1_759' title='bbox 2080 4356 2106 4404; x_wconf 65' lang='lat'><strong>13</strong></span> <span class='ocrx_word' id='word_1_760' title='bbox 2151 4363 2203 4418; x_wconf 91' lang='lat' dir='ltr'><strong>In</strong></span> <span class='ocrx_word' id='word_1_761' title='bbox 2232 4361 2493 4433; x_wconf 84' lang='lat' dir='ltr'><strong>aliquibus</strong></span> <span class='ocrx_word' id='word_1_762' title='bbox 2517 4358 2861 4433; x_wconf 84' lang='lat' dir='ltr'><strong>editionibus,</strong></span> <span class='ocrx_word' id='word_1_763' title='bbox 2888 4356 2933 4411; x_wconf 83' lang='grc' dir='ltr'><em>Α</em></span> <span class='ocrx_word' id='word_1_764' title='bbox 2952 4357 3147 4433; x_wconf 73' lang='lat' dir='ltr'><strong>coeptis.</strong></span> 
     </span>
    </p>
   </div>
   <div class='ocr_carea' id='block_1_111' title="bbox 2085 4430 3270 4499">
    <p class='ocr_par' dir='ltr' id='par_1_111' title="bbox 2085 4430 3270 4499">
     <span class='ocr_line' id='line_1_111' title="bbox 2085 4430 3270 4499; baseline -0.008 -9"><span class='ocrx_word' id='word_1_765' title='bbox 2085 4448 2107 4476; x_wconf 75' lang='grc' dir='ltr'><em>ε</em></span> <span class='ocrx_word' id='word_1_766' title='bbox 2134 4430 2336 4490; x_wconf 79' lang='lat' dir='ltr'><strong>Savaro</strong></span> <span class='ocrx_word' id='word_1_767' title='bbox 2365 4442 2419 4488; x_wconf 90' lang='lat' dir='ltr'><strong>et</strong></span> <span class='ocrx_word' id='word_1_768' title='bbox 2444 4430 2706 4495; x_wconf 80' lang='lat' dir='ltr'><strong>Labbeus,</strong></span> <span class='ocrx_word' id='word_1_769' title='bbox 2736 4432 3029 4499; x_wconf 81' lang='lat' dir='ltr'><strong>scalptoque</strong></span> <span class='ocrx_word' id='word_1_770' title='bbox 3056 4431 3270 4499; x_wconf 81' lang='lat' dir='ltr'><strong>ﬂuento.</strong></span> 
     </span>
    </p>
   </div>
   <div class='ocr_carea' id='block_1_112' title="bbox 2084 4495 3592 4574">
    <p class='ocr_par' dir='ltr' id='par_1_112' title="bbox 2084 4495 3592 4574">
     <span class='ocr_line' id='line_1_112' title="bbox 2084 4495 3592 4574; baseline -0.005 -16"><span class='ocrx_word' id='word_1_771' title='bbox 2084 4505 2111 4545; x_wconf 79' lang='lat' dir='ltr'><strong>d</strong></span> <span class='ocrx_word' id='word_1_772' title='bbox 2140 4504 2403 4574; x_wconf 86' lang='lat' dir='ltr'><strong>Principis</strong></span> <span class='ocrx_word' id='word_1_773' title='bbox 2449 4502 2703 4574; x_wconf 82' lang='lat' dir='ltr'><strong>laudibus</strong></span> <span class='ocrx_word' id='word_1_774' title='bbox 2742 4495 2899 4556; x_wconf 88' lang='lat' dir='ltr'><strong>trium</strong></span> <span class='ocrx_word' id='word_1_775' title='bbox 2942 4495 3065 4574; x_wconf 74' lang='lat' dir='ltr'><strong>ejus</strong></span> <span class='ocrx_word' id='word_1_776' title='bbox 3100 4499 3355 4574; x_wconf 78' lang='lat' dir='ltr'><strong>comitum</strong></span> <span class='ocrx_word' id='word_1_777' title='bbox 3382 4495 3592 4574; x_wconf 86' lang='lat' dir='ltr'><strong>_Iau_de_s</strong></span> 
     </span>
    </p>
   </div>
   <div class='ocr_carea' id='block_1_113' title="bbox 2013 4567 3593 4647">
    <p class='ocr_par' dir='ltr' id='par_1_113' title="bbox 2013 4567 3593 4647">
     <span class='ocr_line' id='line_1_113' title="bbox 2013 4567 3593 4647; baseline -0.01 -13"><span class='ocrx_word' id='word_1_778' title='bbox 2013 4578 2284 4647; x_wconf 82' lang='lat' dir='ltr'><strong>adjungit,</strong></span> <span class='ocrx_word' id='word_1_779' title='bbox 2324 4567 2567 4647; x_wconf 69' lang='lat' dir='ltr'><strong>magistri</strong></span> <span class='ocrx_word' id='word_1_780' title='bbox 2596 4572 2823 4647; x_wconf 80' lang='lat' dir='ltr'><strong>militum</strong></span> <span class='ocrx_word' id='word_1_781' title='bbox 2848 4613 2874 4647; x_wconf 85' lang='lat'><strong>,_</strong></span> <span class='ocrx_word' id='word_1_782' title='bbox 2911 4567 3145 4647; x_wconf 62' lang='lat' dir='ltr'><strong>praefecti</strong></span> <span class='ocrx_word' id='word_1_783' title='bbox 3178 4567 3432 4637; x_wconf 78' lang='lat' dir='ltr'><strong>praetorio</strong></span> <span class='ocrx_word' id='word_1_784' title='bbox 3464 4568 3593 4647; x_wconf 75' lang='lat' dir='ltr'><strong>Cal-</strong></span> 
     </span>
    </p>
   </div>
   <div class='ocr_carea' id='block_1_114' title="bbox 2013 4636 3593 4712">
    <p class='ocr_par' dir='ltr' id='par_1_114' title="bbox 2013 4636 3593 4712">
     <span class='ocr_line' id='line_1_114' title="bbox 2013 4636 3593 4712; baseline -0.008 -8"><span class='ocrx_word' id='word_1_785' title='bbox 2013 4636 2228 4711; x_wconf 69' lang='lat' dir='ltr'><strong>liarutri,</strong></span> <span class='ocrx_word' id='word_1_786' title='bbox 2271 4636 2326 4699; x_wconf 77' lang='lat' dir='ltr'><strong>et</strong></span> <span class='ocrx_word' id='word_1_787' title='bbox 2357 4636 2498 4699; x_wconf 56' lang='lat' dir='ltr'><strong>Pe&#39;tri</strong></span> <span class='ocrx_word' id='word_1_788' title='bbox 2529 4641 2767 4712; x_wconf 87' lang='lat' dir='ltr'><strong>magistri</strong></span> <span class='ocrx_word' id='word_1_789' title='bbox 2792 4639 3149 4712; x_wconf 11' lang='lat' dir='ltr'><strong>epistolarurn‘</strong></span> <span class='ocrx_word' id='word_1_790' title='bbox 3176 4636 3203 4712; x_wconf 72' lang='lat' dir='ltr'><strong>i_</strong></span> <span class='ocrx_word' id='word_1_791' title='bbox 3234 4652 3391 4712; x_wconf 79' lang='lat' dir='ltr'><strong>quem</strong></span> <span class='ocrx_word' id='word_1_792' title='bbox 3421 4636 3593 4712; x_wconf 81' lang='lat' dir='ltr'><strong>solum</strong></span> 
     </span>
    </p>
   </div>
   <div class='ocr_carea' id='block_1_115' title="bbox 2014 4708 3593 4782">
    <p class='ocr_par' dir='ltr' id='par_1_115' title="bbox 2014 4708 3593 4782">
     <span class='ocr_line' id='line_1_115' title="bbox 2014 4708 3593 4782; baseline -0.008 -7"><span class='ocrx_word' id='word_1_793' title='bbox 2014 4708 2296 4782; x_wconf 82' lang='lat' dir='ltr'><strong>nominat,</strong></span> <span class='ocrx_word' id='word_1_794' title='bbox 2341 4715 2408 4769; x_wconf 90' lang='lat' dir='ltr'><strong>de</strong></span> <span class='ocrx_word' id='word_1_795' title='bbox 2447 4715 2564 4768; x_wconf 54' lang='lat' dir='ltr'><strong>aliis</strong></span> <span class='ocrx_word' id='word_1_796' title='bbox 2605 4708 2841 4781; x_wconf 32' lang='lat' dir='ltr'><strong>quinam’</strong></span> <span class='ocrx_word' id='word_1_797' title='bbox 2866 4709 3063 4764; x_wconf 86' lang='lat' dir='ltr'><strong>fuerint</strong></span> <span class='ocrx_word' id='word_1_798' title='bbox 3100 4708 3466 4782; x_wconf 69' lang='lat' dir='ltr'><strong>divinandum.</strong></span> <span class='ocrx_word' id='word_1_799' title='bbox 3516 4708 3593 4762; x_wconf 91' lang='lat' dir='ltr'><strong>De</strong></span> 
     </span>
    </p>
   </div>
   <div class='ocr_carea' id='block_1_116' title="bbox 2015 4779 3593 4857">
    <p class='ocr_par' dir='ltr' id='par_1_116' title="bbox 2015 4779 3593 4857">
     <span class='ocr_line' id='line_1_116' title="bbox 2015 4779 3593 4857; baseline -0.009 -13"><span class='ocrx_word' id='word_1_800' title='bbox 2015 4779 2442 4857; x_wconf 43' lang='lat' dir='ltr'><strong>magistro&#39;enim</strong></span> <span class='ocrx_word' id='word_1_801' title='bbox 2475 4779 2699 4857; x_wconf 83' lang='lat' dir='ltr'><strong>militum</strong></span> <span class='ocrx_word' id='word_1_802' title='bbox 2728 4783 2894 4850; x_wconf 61' lang='grc' dir='ltr'><strong>φιτρτὶ</strong></span> <span class='ocrx_word' id='word_1_803' title='bbox 2924 4788 3118 4857; x_wconf 79' lang='lat' dir='ltr'><strong>potest,</strong></span> <span class='ocrx_word' id='word_1_804' title='bbox 3149 4779 3593 4857; x_wconf 41' lang='lat' dir='ltr'><strong>_an_Ricim-erem</strong></span> 
     </span>
    </p>
   </div>
   <div class='ocr_carea' id='block_1_117' title="bbox 2015 4847 3595 4927">
    <p class='ocr_par' dir='ltr' id='par_1_117' title="bbox 2015 4847 3595 4927">
     <span class='ocr_line' id='line_1_117' title="bbox 2015 4847 3595 4927; baseline -0.008 -12"><span class='ocrx_word' id='word_1_805' title='bbox 2015 4847 2273 4927; x_wconf 64' lang='lat' dir='ltr'><strong>intEIIigat</strong></span> <span class='ocrx_word' id='word_1_806' title='bbox 2296 4901 2308 4925; x_wconf 92' lang='lat'><strong>,</strong></span> <span class='ocrx_word' id='word_1_807' title='bbox 2342 4870 2500 4927; x_wconf 89' lang='lat' dir='ltr'><strong>quem</strong></span> <span class='ocrx_word' id='word_1_808' title='bbox 2534 4847 2844 4927; x_wconf 77' lang='lat' dir='ltr'><strong>magistrum</strong></span> <span class='ocrx_word' id='word_1_809' title='bbox 2876 4847 3101 4927; x_wconf 73' lang='lat' dir='ltr'><strong>militum</strong></span> <span class='ocrx_word' id='word_1_810' title='bbox 3124 4852 3200 4927; x_wconf 87' lang='lat' dir='ltr'><strong>_in</strong></span> <span class='ocrx_word' id='word_1_811' title='bbox 3242 4848 3388 4904; x_wconf 90' lang='lat' dir='ltr'><strong>Italia</strong></span> <span class='ocrx_word' id='word_1_812' title='bbox 3432 4847 3595 4927; x_wconf 79' lang='lat' dir='ltr'><strong>fuisse</strong></span> 
     </span>
    </p>
   </div>
   <div class='ocr_carea' id='block_1_118' title="bbox 2017 4919 3595 4992">
    <p class='ocr_par' dir='ltr' id='par_1_118' title="bbox 2017 4919 3595 4992">
     <span class='ocr_line' id='line_1_118' title="bbox 2017 4919 3595 4992; baseline -0.01 -5"><span class='ocrx_word' id='word_1_813' title='bbox 2017 4919 2217 4987; x_wconf 68' lang='grc' dir='ltr'><strong>(ἰοειθηῖ</strong></span> <span class='ocrx_word' id='word_1_814' title='bbox 2243 4919 2467 4982; x_wconf 81' lang='lat' dir='ltr'><strong>novella:</strong></span> <span class='ocrx_word' id='word_1_815' title='bbox 2504 4919 2816 4992; x_wconf 78' lang='lat' dir='ltr'><strong>Majoriani;</strong></span> <span class='ocrx_word' id='word_1_816' title='bbox 2851 4938 2917 4977; x_wconf 92' lang='lat' dir='ltr'><strong>an</strong></span> <span class='ocrx_word' id='word_1_817' title='bbox 2949 4919 3450 4992; x_wconf 84' lang='lat' dir='ltr'><strong>Nepotianum,qui</strong></span> <span class='ocrx_word' id='word_1_818' title='bbox 3477 4934 3595 4992; x_wconf 75' lang='lat' dir='ltr'><strong>ma-</strong></span> 
     </span>
    </p>
   </div>
   <div class='ocr_carea' id='block_1_119' title="bbox 2053 4987 3597 5056">
    <p class='ocr_par' dir='ltr' id='par_1_119' title="bbox 2053 4987 3597 5056">
     <span class='ocr_line' id='line_1_119' title="bbox 2053 4987 3597 5056; baseline -0.008 0"><span class='ocrx_word' id='word_1_819' title='bbox 2053 5004 2181 5056; x_wconf 88' lang='lat' dir='ltr'><strong>ister</strong></span> <span class='ocrx_word' id='word_1_820' title='bbox 2225 4998 2450 5054; x_wconf 91' lang='lat' dir='ltr'><strong>militum</strong></span> <span class='ocrx_word' id='word_1_821' title='bbox 2502 4987 2604 5051; x_wconf 79' lang='lat' dir='ltr'><strong>hoc</strong></span> <span class='ocrx_word' id='word_1_822' title='bbox 2657 4996 2783 5051; x_wconf 89' lang='lat' dir='ltr'><strong>item</strong></span> <span class='ocrx_word' id='word_1_823' title='bbox 2814 5009 2955 5050; x_wconf 92' lang='lat' dir='ltr'><strong>anno</strong></span> <span class='ocrx_word' id='word_1_824' title='bbox 3000 4987 3054 5049; x_wconf 84' lang='lat' dir='ltr'><strong>in</strong></span> <span class='ocrx_word' id='word_1_825' title='bbox 3086 4992 3255 5049; x_wconf 87' lang='lat' dir='ltr'><strong>Callia</strong></span> <span class='ocrx_word' id='word_1_826' title='bbox 3294 4987 3488 5047; x_wconf 86' lang='lat' dir='ltr'><strong>dicitur</strong></span> <span class='ocrx_word' id='word_1_827' title='bbox 3528 4987 3597 5044; x_wconf 87' lang='lat' dir='ltr'><strong>ab</strong></span> 
     </span>
    </p>
   </div>
   <div class='ocr_carea' id='block_1_120' title="bbox 2044 5072 2417 5129">
    <p class='ocr_par' dir='ltr' id='par_1_120' title="bbox 2044 5072 2417 5129">
     <span class='ocr_line' id='line_1_120' title="bbox 2044 5072 2417 5129; baseline -0.016 -1"><span class='ocrx_word' id='word_1_828' title='bbox 2044 5072 2187 5129; x_wconf 92' lang='lat' dir='ltr'><strong>datio</strong></span> <span class='ocrx_word' id='word_1_829' title='bbox 2214 5079 2417 5125; x_wconf 92' lang='lat' dir='ltr'><strong>nostro.</strong></span> 
     </span>
    </p>
   </div>
   <div class='ocr_carea' id='block_1_121' title="bbox 2094 5133 3597 5211">
    <p class='ocr_par' dir='ltr' id='par_1_121' title="bbox 2094 5133 3597 5211">
     <span class='ocr_line' id='line_1_121' title="bbox 2094 5133 3597 5211; baseline -0.007 -14"><span class='ocrx_word' id='word_1_830' title='bbox 2094 5154 2117 5181; x_wconf 75' lang='grc' dir='ltr'><strong>ο</strong></span> <span class='ocrx_word' id='word_1_831' title='bbox 2140 5143 2241 5211; x_wconf 90' lang='lat' dir='ltr'><strong>Qui</strong></span> <span class='ocrx_word' id='word_1_832' title='bbox 2270 5140 2525 5197; x_wconf 82' lang='lat' dir='ltr'><strong>Basiliam</strong></span> <span class='ocrx_word' id='word_1_833' title='bbox 2556 5138 2867 5211; x_wconf 73' lang='lat' dir='ltr'><strong>prmfectum</strong></span> <span class='ocrx_word' id='word_1_834' title='bbox 2904 5133 3473 5211; x_wconf 25' lang='lat' dir='ltr'><strong>prretorio‘signiticuri</strong></span> <span class='ocrx_word' id='word_1_835' title='bbox 3503 5147 3597 5201; x_wconf 92' lang='lat' dir='ltr'><strong>pu-</strong></span> 
     </span>
    </p>
   </div>
   <div class='ocr_carea' id='block_1_122' title="bbox 2018 5204 3596 5280">
    <p class='ocr_par' dir='ltr' id='par_1_122' title="bbox 2018 5204 3596 5280">
     <span class='ocr_line' id='line_1_122' title="bbox 2018 5204 3596 5280; baseline -0.01 -9"><span class='ocrx_word' id='word_1_836' title='bbox 2018 5204 2186 5280; x_wconf 63' lang='lat' dir='ltr'><strong>tant,w</strong></span> <span class='ocrx_word' id='word_1_837' title='bbox 2208 5229 2310 5267; x_wconf 91' lang='lat' dir='ltr'><strong>non</strong></span> <span class='ocrx_word' id='word_1_838' title='bbox 2344 5204 2771 5267; x_wconf 74' lang='lat' dir='ltr'><strong>animadvertunt</strong></span> <span class='ocrx_word' id='word_1_839' title='bbox 2800 5204 3255 5280; x_wconf 66' lang='lat' dir='ltr'><strong>Basilium_lt_ali:e</strong></span> <span class='ocrx_word' id='word_1_840' title='bbox 3286 5204 3596 5280; x_wconf 65' lang='lat' dir='ltr'><strong>prmfectum</strong></span> 
     </span>
    </p>
   </div>
   <div class='ocr_carea' id='block_1_123' title="bbox 2018 5275 3599 5354">
    <p class='ocr_par' dir='ltr' id='par_1_123' title="bbox 2018 5275 3599 5354">
     <span class='ocr_line' id='line_1_123' title="bbox 2018 5275 3599 5354; baseline -0.01 -11"><span class='ocrx_word' id='word_1_841' title='bbox 2018 5275 2213 5350; x_wconf 82' lang='lat' dir='ltr'><strong>fuisse;</strong></span> <span class='ocrx_word' id='word_1_842' title='bbox 2262 5284 2348 5339; x_wconf 92' lang='lat' dir='ltr'><strong>hic</strong></span> <span class='ocrx_word' id='word_1_843' title='bbox 2375 5300 2504 5340; x_wconf 88' lang='lat' dir='ltr'><strong>vero</strong></span> <span class='ocrx_word' id='word_1_844' title='bbox 2533 5284 2616 5354; x_wconf 85' lang='lat' dir='ltr'><strong>agi</strong></span> <span class='ocrx_word' id='word_1_845' title='bbox 2647 5283 2715 5337; x_wconf 90' lang='lat' dir='ltr'><strong>de</strong></span> <span class='ocrx_word' id='word_1_846' title='bbox 2748 5281 3003 5354; x_wconf 66' lang='lat' dir='ltr'><strong>prmfecto</strong></span> <span class='ocrx_word' id='word_1_847' title='bbox 3033 5276 3347 5354; x_wconf 67' lang='lat' dir='ltr'><strong>Galliarum.</strong></span> <span class='ocrx_word' id='word_1_848' title='bbox 3389 5275 3599 5354; x_wconf 76' lang='lat' dir='ltr'><strong>Certior</strong></span> 
     </span>
    </p>
   </div>
   <div class='ocr_carea' id='block_1_124' title="bbox 2019 5346 3600 5428">
    <p class='ocr_par' dir='ltr' id='par_1_124' title="bbox 2019 5346 3600 5428">
     <span class='ocr_line' id='line_1_124' title="bbox 2019 5346 3600 5428; baseline -0.009 -14"><span class='ocrx_word' id='word_1_849' title='bbox 2019 5346 2247 5414; x_wconf 78' lang='lat' dir='ltr'><strong>fortasse</strong></span> <span class='ocrx_word' id='word_1_850' title='bbox 2294 5346 2602 5428; x_wconf 74' lang='lat' dir='ltr'><strong>conjectura</strong></span> <span class='ocrx_word' id='word_1_851' title='bbox 2639 5352 2796 5428; x_wconf 79' lang='lat'><strong>125</strong></span> <span class='ocrx_word' id='word_1_852' title='bbox 2843 5351 3001 5405; x_wconf 84' lang='lat' dir='ltr'><strong>fuerit</strong></span> <span class='ocrx_word' id='word_1_853' title='bbox 3044 5349 3112 5404; x_wconf 89' lang='lat' dir='ltr'><strong>de</strong></span> <span class='ocrx_word' id='word_1_854' title='bbox 3163 5346 3600 5428; x_wconf 39' lang='lat' dir='ltr'><strong>Magno-ﬂamo-</strong></span> 
     </span>
    </p>
   </div>
   <div class='ocr_carea' id='block_1_125' title="bbox 2020 5417 3600 5498">
    <p class='ocr_par' dir='ltr' id='par_1_125' title="bbox 2020 5417 3600 5498">
     <span class='ocr_line' id='line_1_125' title="bbox 2020 5417 3600 5498; baseline -0.011 -12"><span class='ocrx_word' id='word_1_855' title='bbox 2020 5429 2196 5495; x_wconf 91' lang='lat' dir='ltr'><strong>nensi,</strong></span> <span class='ocrx_word' id='word_1_856' title='bbox 2228 5417 2888 5498; x_wconf 46' lang='lat' dir='ltr'><strong>cujus&#39;pracfecttTraz&#39;jam</strong></span> <span class='ocrx_word' id='word_1_857' title='bbox 2914 5430 3116 5498; x_wconf 58' lang='lat' dir='ltr'><strong>esacta:</strong></span> <span class='ocrx_word' id='word_1_858' title='bbox 3146 5417 3516 5498; x_wconf 56' lang='lat' dir='ltr'><strong>meminitdib.</strong></span> <span class='ocrx_word' id='word_1_859' title='bbox 3546 5432 3600 5483; x_wconf 87' lang='grc' dir='ltr'><strong>ι,</strong></span> 
     </span>
    </p>
   </div>
   <div class='ocr_carea' id='block_1_126' title="bbox 2020 5489 3603 5571">
    <p class='ocr_par' dir='ltr' id='par_1_126' title="bbox 2020 5489 3603 5571">
     <span class='ocr_line' id='line_1_126' title="bbox 2020 5489 3603 5571; baseline -0.008 -16"><span class='ocrx_word' id='word_1_860' title='bbox 2020 5489 2310 5571; x_wconf 60' lang='grc' dir='ltr'><strong>θρῖςῑίίῑξ</strong></span> <span class='ocrx_word' id='word_1_861' title='bbox 2333 5500 2386 5553; x_wconf 92' lang='lat' dir='ltr'><strong>in</strong></span> <span class='ocrx_word' id='word_1_862' title='bbox 2413 5489 2573 5568; x_wconf 73' lang='lat' dir='ltr'><strong>epulo</strong></span> <span class='ocrx_word' id='word_1_863' title='bbox 2604 5489 2879 5571; x_wconf 60' lang='lat' dir='ltr'><strong>ngoriani</strong></span> <span class='ocrx_word' id='word_1_864' title='bbox 2901 5534 2916 5559; x_wconf 94' lang='lat'><strong>,</strong></span> <span class='ocrx_word' id='word_1_865' title='bbox 2963 5492 3063 5546; x_wconf 91' lang='lat' dir='ltr'><strong>hoc</strong></span> <span class='ocrx_word' id='word_1_866' title='bbox 3102 5502 3184 5547; x_wconf 89' lang='lat' dir='ltr'><strong>est</strong></span> <span class='ocrx_word' id='word_1_867' title='bbox 3219 5489 3451 5571; x_wconf 77' lang='lat' dir='ltr'><strong>triennio</strong></span> <span class='ocrx_word' id='word_1_868' title='bbox 3482 5498 3603 5558; x_wconf 92' lang='lat' dir='ltr'><strong>post</strong></span> 
     </span>
    </p>
   </div>
   <div class='ocr_carea' id='block_1_127' title="bbox 2021 5562 3603 5640">
    <p class='ocr_par' dir='ltr' id='par_1_127' title="bbox 2021 5562 3603 5640">
     <span class='ocr_line' id='line_1_127' title="bbox 2021 5562 3603 5640; baseline -0.008 -14"><span class='ocrx_word' id='word_1_869' title='bbox 2021 5562 2163 5626; x_wconf 73' lang='lat' dir='ltr'><strong>hunc</strong></span> <span class='ocrx_word' id='word_1_870' title='bbox 2195 5562 2609 5640; x_wconf 19' lang='lat' dir='ltr'><strong>panegyricum.»</strong></span> <span class='ocrx_word' id='word_1_871' title='bbox 2648 5564 3112 5640; x_wconf 59' lang='lat' dir='ltr'><strong>Gothurumvero</strong></span> <span class='ocrx_word' id='word_1_872' title='bbox 3154 5578 3297 5640; x_wconf 34' lang='lat' dir='ltr'><strong>rex,‘</strong></span> <span class='ocrx_word' id='word_1_873' title='bbox 3328 5562 3439 5640; x_wconf 87' lang='lat' dir='ltr'><strong>qui_</strong></span> <span class='ocrx_word' id='word_1_874' title='bbox 3467 5575 3603 5629; x_wconf 77' lang='lat' dir='ltr'><strong>pra:-</strong></span> 
     </span>
    </p>
   </div>
   <div class='ocr_carea' id='block_1_128' title="bbox 2020 5630 3606 5707">
    <p class='ocr_par' dir='ltr' id='par_1_128' title="bbox 2020 5630 3606 5707">
     <span class='ocr_line' id='line_1_128' title="bbox 2020 5630 3606 5707; baseline -0.006 -10"><span class='ocrx_word' id='word_1_875' title='bbox 2020 5630 2218 5698; x_wconf 77' lang='lat' dir='ltr'><strong>fectum</strong></span> <span class='ocrx_word' id='word_1_876' title='bbox 2245 5630 2387 5696; x_wconf 69' lang='lat' dir='ltr'><strong>hunc</strong></span> <span class='ocrx_word' id='word_1_877' title='bbox 2408 5638 2771 5705; x_wconf 86' lang='lat' dir='ltr'><strong>reverebatur,</strong></span> <span class='ocrx_word' id='word_1_878' title='bbox 2797 5634 3165 5693; x_wconf 82' lang='lat' dir='ltr'><strong>Theodericus</strong></span> <span class='ocrx_word' id='word_1_879' title='bbox 3184 5630 3384 5707; x_wconf 82' lang='lat' dir='ltr'><strong>junior,</strong></span> <span class='ocrx_word' id='word_1_880' title='bbox 3409 5630 3477 5689; x_wconf 93' lang='lat' dir='ltr'><strong>de</strong></span> <span class='ocrx_word' id='word_1_881' title='bbox 3499 5644 3606 5703; x_wconf 89' lang='lat' dir='ltr'><strong>quo</strong></span> 
     </span>
    </p>
   </div>
   <div class='ocr_carea' id='block_1_129' title="bbox 2022 5713 2335 5788">
    <p class='ocr_par' dir='ltr' id='par_1_129' title="bbox 2022 5713 2335 5788">
     <span class='ocr_line' id='line_1_129' title="bbox 2022 5713 2335 5788; baseline -0.019 -15"><span class='ocrx_word' id='word_1_882' title='bbox 2022 5714 2247 5788; x_wconf 87' lang='lat' dir='ltr'><strong>epistola</strong></span> <span class='ocrx_word' id='word_1_883' title='bbox 2275 5713 2335 5768; x_wconf 76' lang='lat'><strong>2.</strong></span> 
     </span>
    </p>
   </div>
  </div>
