4060 6332
245 267 342 327 677

310 376 568 430 Personat
597 368 817 425 Ismario
841 362 1071 427 intracia
1097 369 1219 419 vate
1246 361 1456 431 chelys,

248 466 402 539 329
428 464 494 518 Et
513 464 637 519 dum
664 460 869 529 Mopso;
889 458 998 512 ium
1026 454 1290 524 stipantur
1308 467 1401 520 per
1428 449 1821 513 Marathonem,

312 559 412 627 Qui
441 562 701 612 steterant
728 551 893 618 ﬂuvii,
924 565 1150 620 quaeque
1177 544 1416 603 cucurrit
1447 544 1637 597 humus
1662 558 1678 596 :

248 649 588 709 Dulcisonum
616 646 850 717 quatitur
881 642 1073 698 ﬁdibus
1100 641 1225 696 dum
1256 636 1467 710 pectine
1490 650 1753 701 murmur,

316 743 421 798 Has
450 738 735 810 perhibent
756 734 937 792 laudes
960 734 1115 789 laude
1147 730 1404 802 probasse
1431 728 1613 784 deam.

249 835 396 903 Diva,
429 830 689 902 Gigantaei
715 828 849 884 fudit
878 841 1035 895 quam
1081 834 1321 893 tempore
1342 820 1470 877 belli

320 927 570 979 Armatus
601 929 784 993 partus
814 918 1012 973 vertice
1035 916 1254 971 dividuo
1286 932 1298 967 :

251 1016 419 1083 Quam
448 1029 621 1084 neque
655 1011 882 1067 Deliacis
913 1008 1118 1079 peperit
1144 1008 1342 1063 Latona
1373 1005 1471 1063 sub
1495 1004 1685 1072 antris,

319 1108 522 1162 Fixttra
553 1113 825 1161 errantem
854 1102 1083 1174 Cyclada
1110 1099 1438 1170 pignoribus.

252 1198 362 1258 Nec
386 1215 504 1270 quae
533 1198 792 1254 Cadmzeis
819 1197 1031 1265 pariens
1060 1193 1282 1248 Alciden
1306 1194 1359 1246 in
1385 1191 1514 1259 oris,

321 1291 611 1362 Suspendit
639 1288 831 1356 triplici
863 1296 1019 1341 nocte
1052 1285 1409 1354 puerperium.

253 1383 365 1440 Nec
392 1382 544 1451 cujus
577 1381 758 1449 pluvio
781 1380 942 1434 turris
964 1377 1258 1432 madefacta
1283 1375 1498 1430 metallo
1519 1384 1624 1441 est,

322 1474 458 1529 Cum
484 1481 708 1527 matrem
740 1470 987 1541 impleret
1011 1468 1151 1522 ﬁlius
1182 1467 1455 1536 aurigena.

253 1565 364 1623 Sed
391 1576 461 1632 te,
488 1578 609 1618 cum
635 1561 897 1632 trepidum
927 1570 1195 1630 spectaret
1224 1558 1448 1629 Phlegra
1474 1568 1766 1625 tonantem,

327 1657 547 1727 Impulit
566 1671 848 1712 excussam
881 1655 1080 1710 vertice
1109 1663 1296 1724 ruptus
1318 1668 1479 1724 apex.

253 1751 499 1821 Cumque
518 1749 649 1806 deos
678 1749 805 1805 sola:
837 1747 1113 1804 traherent
1144 1748 1197 1802 in
1226 1748 1409 1816 praelia
1434 1748 1596 1816 vires,

326 1840 625 1898 Confusam
648 1841 803 1896 valde
835 1850 886 1896 te
908 1840 1024 1895 sine
1053 1844 1218 1895 robur
1246 1849 1382 1894 erat.

255 1935 497 1993 Pretultt
518 1943 576 1990 ut
601 1949 724 1990 mox
743 1941 792 1989 te
820 1932 1026 2004 patrius
1056 1932 1317 2001 sapientia
1346 1938 1560 1997 vertex,

328 2026 475 2082 Tum
507 2040 659 2096 mage
686 2026 931 2080 vicerunt
958 2038 1079 2078 cum
1113 2032 1165 2077 te
1192 2021 1430 2077 habuere
1458 2021 1564 2076 dei.

256 2122 341 2179 Te
374 2130 594 2192 prepter
620 2118 781 2175 cessit
804 2116 1049 2174 manibus
1080 2126 1383 2172 constructa
1414 2113 1723 2178 tremendis,

330 2211 456 2267 Jam
487 2225 653 2281 prope
680 2225 771 2280 per
802 2209 1021 2265 rutilum
1054 2208 1298 2263 machina
1327 2216 1475 2262 tensa
1508 2206 1705 2275 polum.

259 2306 495 2372 Pindos,
524 2306 741 2376 Othrys,
775 2302 993 2367 Pholoe,
1019 2302 1220 2357 dextris
1245 2301 1487 2356 cecidere
1519 2297 1821 2369 Gigantum,

337 2381 552 2454 Decidit
577 2406 629 2452 et
654 2395 830 2451 Rhoeti
851 2395 962 2466 jam
989 2395 1167 2465 gravis
1194 2394 1325 2448 Ossa
1350 2408 1532 2447 manu.

256 2491 541 2552 Sternitur
563 2489 781 2562 .Egaeon
804 2489 1070 2553 Briareus,
1098 2488 1369 2558 Ephialta,
1394 2484 1709 2557 Mimasque,

336 2588 575 2643 Arctoas
613 2584 748 2638 sueti
773 2583 1011 2638 lambere
1041 2581 1184 2637 calce
1214 2591 1380 2635 retas.

260 2676 576 2738 Enceladus
601 2677 735 2747 patri
751 2676 938 2745 jacult,
962 2674 1222 2744 fratrique
1242 2673 1536 2745 Typhoeus,

338 2770 637 2828 Euboicam
672 2769 757 2825 hic
787 2784 971 2839 rupem
1005 2766 1249 2843 sustinet,
1280 2766 1366 2821 hic
1385 2764 1639 2820 Siculam.

263 2867 413 2925 Hinc
438 2879 559 2921 sese
588 2865 655 2919 ad
680 2873 842 2919 totam
873 2861 1186 2933 genitricem
1214 2859 1490 2916 transtulit
1516 2857 1783 2930 Orpheus,

343 2958 418 3013 Et
446 2955 626 3011 docuit
655 2954 885 3011 chordas
905 2954 1084 3008 dicere
1109 2951 1409 3021 Calliopen.

264 3052 705 3108 Assurrexerunt
736 3047 897 3103 Musa:
927 3045 1026 3101 sub
1050 3045 1204 3101 laude
1232 3044 1467 3113 Sororis,

354 3145 419 3200 Et
448 3141 644 3213 placuit
666 3141 801 3196 diva:
836 3140 1074 3196 carmine
1101 3138 1218 3208 plus
1239 3137 1426 3208 pietas.

268 3261 418 3331 Aug.
447 3258 768 3331 Constitutio
797 3256 918 3313 cod.
947 3255 1017 3331 d_e_
1044 3253 1329 3331 episc0pali
1362 3253 1652 3331 audientis,
1679 3251 1730 3306 in
1752 3264 1853 3331 qua

268 3324 513 3387 Varares
557 3346 677 3386 cum
723 3329 929 3383 Joanne
972 3324 1161 3380 Martio
1209 3339 1415 3391 mense,
1467 3324 1568 3379 hoc
1609 3333 1691 3380 est
1733 3330 1856 3377 ante

266 3403 426 3459 Aviti
458 3401 874 3463 abdicationem,
901 3399 1086 3452 consul
1115 3396 1431 3466 appellatur.
1468 3396 1617 3450 Unde
1647 3402 1858 3448 constat

266 3488 395 3527 non
421 3474 559 3527 al;os
586 3475 637 3523 in
665 3471 883 3525 Oriente
912 3477 1022 3522 toto
1048 3483 1188 3521 anno
1218 3468 1467 3520 consules
1492 3467 1679 3528 fuisse,
1698 3479 1855 3534 quam

271 3544 532 3597 Vararim
562 3550 618 3595 et
642 3539 934 3603 Joannem,
976 3552 1110 3605 quos
1151 3537 1441 3590 Martianus
1471 3546 1713 3598 crearat;
1756 3549 1859 3605 nec

270 3612 456 3666 alium
507 3612 561 3664 in
603 3608 891 3663 Occidente
918 3604 1073 3675 quam
1103 3607 1335 3661 Avitum.
1383 3608 1449 3659 At
1495 3604 1859 3675 Consularium

268 3682 669 3737 chronieorum
701 3673 950 3732 auctores
975 3677 1287 3732 consulatus
1314 3675 1487 3740 Anti,
1536 3686 1592 3728 ut.
1632 3673 1862 3743 ambigui

266 3752 585 3824 principis,
612 3749 885 3816 rationem
932 3746 1399 3824 non_habuerunt.
1449 3744 1685 3824 Nec_alia
1715 3759 1862 3824 qua}-

268 3814 628 3880 i'enda'ratio
669 3835 763 3874 cur
796 3817 1252 3887 praetermittatur,
1302 3831 1421 3869 cum
1471 3815 1658 3869 eodem
1706 3814 1864 3887 modo

268 3893 427 3951 alios
456 3906 646 3947 omnes
687 3886 1008 3944 incertorum
1039 3888 1336 3957 principum
1367 3887 1671 3940 consulatus
1701 3886 1862 3939 omit-

268 3974 430 4022 tant.
461 3963 662 4017 Omnes
691 3962 830 4015 enim
864 3960 950 4028 qui
977 3973 1260 4028 purpuram
1292 3957 1623 4019 affectarant,
1657 3964 1711 4011 et
1739 3968 1866 4009 suos

266 4034 396 4106 ipsi
423 4035 732 4089 consulatus
760 4032 985 4106 inibant,
1009 4039 1061 4106 et
1086 4030 1219 4083 alios
1244 4043 1457 4106 suarum
1487 4028 1869 4106 partiunt_con-

268 4096 441 4162 s'ules
462 4107 734 4159 creabant.
765 4100 916 4169 Quod
939 4100 1119 4154 videre
1140 4109 1221 4154 est
1242 4098 1292 4152 in
1318 4096 1499 4153 libello
1518 4101 1581 4151 de
1604 4096 1866 4167 prrefectis

277 4176 483 4241 Urbis,
508 4189 665 4244 quem
690 4173 841 4243 127
890 4172 941 4244 in
967 4171 1137 4224 lucem
1165 4169 1380 4244 protulit
1415 4169 1786 4244 CuSpinianus,
1806 4169 1868 4244 in

268 4261 403 4317 quo
431 4239 1006 4317 MagnenttTEonsules
1029 4239 1556 4317 eduntur_,_.itemque
1584 4239 1868 4317 Martentii;

270 4310 541 4385 uitrique'
561 4323 739 4385 tamen
785 4330 813 4366 ιι
861 4312 1179 4385 Cassiodoro
1227 4311 1449 4385 aliisque
1502 4312 1611 4385 pari
1661 4310 1872 4385 silentio

270 4381 571 4459 leguntur.
615 4384 838 4439 Rursum
866 4392 1039 4459 exstat
1066 4388 1120 4459 ιιι
1157 4383 1215 4436 D.
1252 4382 1395 4459 Pauli
1426 4381 1640 4459 basilica
1677 4382 1872 4459 pativae

271 4452 592 4516 etv'Basilize
621 4470 862 4508 sororum
890 4455 1242 4522 epitaphium,
1296 4454 1343 4505 in
1377 4468 1480 4520 quo
1508 4452 1761 4521 depositie
1792 4453 1871 4506 di-

268 4539 495 4587 cuntur
524 4524 927 4581 CONSUI.ATU
977 4523 1251 4578 JOANNIS
1278 4523 1483 4591 .AL‘GW
1530 4539 1683 4592 quem
1718 4539 1874 4577 neruo

272 4598 626 4657 inficiabitur
655 4597 799 4650 illum
840 4611 960 4649 esse
986 4598 1073 4663 qui
1105 4604 1313 4649 mortuo
1346 4593 1579 4647 Honorio
1613 4593 1875 4647 Ravenna:

272 4669 496 4727 invasit
521 4668 802 4734 imperium
830 4681 969 4721 anno
992 4666 1193 4719 Christi
1224 4665 1346 4727 425,
1376 4676 1483 4717 tum
1514 4664 1705 4717 deinde
1735 4680 1877 4717 anno

272 4741 574 4816 proximo,
616 4746 672 4791 ul
708 4740 1004 4816 principum
1049 4751 1164 4789 mos
1214 4745 1361 4816 erat,
1407 4735 1758 4816 consulatum.
1813 4735 1879 4813 Et

272 4804 483 4868 iumen
514 4804 772 4863 Joannem
803 4804 943 4861 hunc
972 4809 1109 4861 inter
1136 4807 1383 4859 consules
1428 4804 1554 4857 nulli
1591 4804 1708 4855 fasti
1745 4808 1877 4858 reci—

275 4885 480 4955 piunt.
529 4882 665 4945 Quin
692 4877 880 4932 eodem
912 4892 979 4932 ex
1015 4876 1335 4955 fontegparia
1381 4874 1660 4955 consulum
1712 4874 1876 4955 inter-

278 4938 480 5026 iaolari
525 4938 941 5026 nonnunquam,
995 4957 1068 5026 et.
1098 4938 1453 5026 uni'eousuli
1488 4945 1744 5026 collegam
1796 4946 1879 5026 hic

276 5014 507 5086 imum,
553 5022 676 5074 alibi
718 5014 877 5073 alium
900 5018 1151 5087 ’copulari
1183 5017 1383 5071 videas.
1416 5014 1572 5087 Verbi
1604 5015 1792 5083 gratia,
1828 5017 1879 5070 in

277 5094 488 5151 Titulo
520 5092 713 5159 Equitti
750 5091 930 5143 Romae
965 5086 1208 5160 Eutychii
1255 5086 1670 5160 ettjttsdam__e;t_
1698 5089 1882 5160 epita-

280 5157 607 5238 phirlrn,__i_n
636 5177 750 5238 quo
779 5162 1026 5238 consules
1050 5157 1428 5238 comparantur
1456 5157 1880 5238 TllEODOSlUS

282 5229 474 5295 'AUG.
521 5232 585 5286 Ill
636 5229 719 5286 ET
768 5229 926 5285 AUG.
982 5230 1039 5285 P.
1085 5234 1167 5297 N.,
1203 5231 1253 5284 id
1312 5239 1415 5295 est,
1449 5239 1505 5283 ιιι
1536 5230 1877 5298 interpretor,

285 5304 845 5375 Eugeniusprt’nceps
883 5311 1068 5375 noster,
1118 5302 1162 5354 is
1209 5302 1455 5375 nimirum
1486 5302 1576 5369 qui
1624 5311 1882 5375 occupato

284 5372 596 5443 Arbogasti
616 5372 855 5427 factione
877 5373 1194 5441 prmcipatu,
1222 5378 1270 5424 in
1292 5372 1442 5443 italia
1468 5386 1531 5425 eo
1552 5386 1691 5443 anno
1713 5373 1882 5427 domi-

285 5441 561 5509 nabatur,
602 5444 851 5513 editoque
892 5444 1167 5496 consulatu
1203 5441 1458 5513 collegam
1501 5457 1557 5495 se
1584 5441 1884 5498 Theodosio

286 5522 453 5585 Aug.
479 5518 705 5578 dixerat,
725 5512 847 5569 eum
870 5528 898 5568 a
917 5512 1290 5585 Theodo'sioin
1313 5512 1530 5585 Oriente
1550 5513 1722 5567 dictus
1744 5525 1884 5569 esset

286 5583 715 5652 Abundantius,
734 5601 889 5654 quem
918 5584 1189 5654 consulem
1219 5583 1339 5636 fas1i
1362 5597 1547 5636 omnes
1567 5595 1881 5652 agnoscunt,

287 5662 374 5716 de
423 5657 663 5727 Eugenio
703 5653 896 5727 tacent.
928 5654 1105 5727 AEt_in
1139 5653 1343 5727 Graeca
1371 5654 1659 5723 epigrapbe
1703 5654 1887 5727 Trevi-

290 5724 703 5797 munitam
744 5726 813 5782 ad
854 5724 1137 5796 epistolam
1173 5724 1244 5794 9,
1292 5724 1387 5778 lib.
1417 5737 1472 5791 v,
1520 5724 1883 5795 exposuimus,

1703 240 2032 300 CARMINA.

1849 358 1904 418 Α
1928 352 2089 424 33o
2117 351 2270 419 Quod
2293 336 2338 406 si
2370 358 2638 407 maternas
2664 348 2849 405 laudes
2879 356 3130 405 cantasse
3151 340 3319 403 favori
3340 357 3443 415 est,

3405 231 3510 291 678

2002 446 2110 501 Nec
2142 443 2297 499 valeo
2327 442 2527 514 priscas
2550 445 2878 515 aequiparare
2902 442 3035 499 ﬁdes
3061 458 3076 496 :

1928 539 2182 594 Publicus
2212 536 2301 593 hic
2330 548 2477 606 pater
2502 549 2603 606 est,
2636 539 2757 593 vovi
2786 539 2870 594 cui
2900 554 3139 607 carmen,
3168 537 3356 592 Avitus
3389 550 3402 588 :

2001 631 2223 687 Materia
2244 639 2327 686 est
2355 630 2548 699 major,
2576 632 2619 686 si
2662 631 2791 685 mihi
2822 632 2965 685 Musa
2999 634 3194 686 minor.

2499 761 2785 818 CARMEN
2816 763 2926 818 Vll.

2070 890 2425 935 PANEGYRICUS
2454 892 2621 934 Ανιτο,
2647 894 2888 934 AUGUSTO
2925 894 3125 935 SOCERO
3158 894 3366 936 ηιατυς.

1935 1017 2155 1082 Plitebe,
2187 1027 2469 1087 peragrato
2497 1016 2711 1071 tandem
2744 1015 2954 1069 visurus
2978 1016 3029 1069 in
3062 1017 3212 1083 orbe,

1936 1107 2103 1175 Quem
2133 1108 2307 1176 possis
2337 1108 2576 1177 Perferre
2604 1122 2807 1176 parem,
2839 1106 2901 1159 da
2936 1107 3133 1159 lumina
3176 1107 3329 1173 cmlo,

1937 1198 2145 1254 Sufﬁcit
2177 1199 2261 1253 hic
2294 1200 2451 1253 terris
2485 1215 2497 1251 :
2528 1213 2627 1252 nec
2668 1213 2726 1252 se
2750 1197 2858 1267 jam
2888 1195 3111 1267 signifer
3139 1197 3297 1252 astris

1939 1290 2130 1359 Jactet,
2164 1290 2515 1346 Marmaricus
2544 1305 2702 1360 quem
2724 1282 2747 1326 ε·
2774 1290 2968 1345 vertice
2996 1288 3223 1344 conterit
3250 1291 3416 1344 Atlas.

1940 1382 2127 1437 Sidera
2150 1391 2275 1437 sunt
2298 1382 2404 1446 isti,
2446 1396 2564 1451 quae
2587 1380 2722 1436 sicut
2754 1396 2927 1436 mersa
2956 1381 3244 1449 nitescunt,

1943 1475 2196 1531 Adversis
2222 1476 2304 1529 sic
2333 1475 2497 1531 Roma
2521 1476 2682 1529 micat
2715 1496 2726 1527 :
2757 1475 2840 1529 cui
2876 1477 3016 1529 ﬁxus
3042 1474 3109 1529 ab
3130 1484 3251 1530 ortu

1943 1565 2087 1621 Ordo
2111 1565 2209 1620 fuit
2240 1566 2473 1621 crevisse
2497 1565 2671 1633 malis,
2701 1565 2859 1620 modo
2884 1565 3122 1636 principe
3148 1577 3331 1636 surget

1949 1659 2205 1718 Consule.
2232 1658 2260 1698 ι)
2289 1659 2512 1729 Nempe,
2537 1669 2736 1729 patres,
2760 1659 2985 1714 collatos
3007 1674 3230 1715 cernere
3254 1658 3429 1715 fasces

1875 1743 1921 1803 Β
1950 1751 2056 1808 Vos
2080 1751 2250 1822 juVat,
2272 1760 2327 1805 et
2352 1750 2552 1805 sociam
2576 1749 2801 1820 sceptris
2824 1749 3108 1805 mandasse
3130 1748 3389 1805 curulem.

1952 1846 2186 1906 Credite,
2241 1845 2357 1915 plus
2386 1843 2581 1897 dabitis
2611 1858 2804 1898 currus
2841 1860 2855 1897 :
2883 1843 2994 1914 jam
3028 1853 3181 1899 necte
3208 1841 3466 1900 bifrontes

1950 1940 2162 2009 Anceps
2190 1938 2324 1994 Jane
2352 1952 2554 2004 comas,
2589 1934 2895 2008 duplicique
2920 1936 3203 2007 accingere
3231 1935 3402 1992 lauro.

1953 2014 2219 2099 Principis
2247 2029 2506 2097 anterior,
2535 2028 2645 2098 jam
2674 2025 2911 2083 consulis
2942 2027 3043 2082 iste
3068 2036 3315 2083 coruscat

1953 2125 2159 2189 Annus,
2190 2131 2243 2178 et
2263 2123 2489 2177 emerita
2518 2121 2713 2175 trabeis
2740 2120 3042 2176 diademata
3071 2129 3338 2176 crescunt.

1955 2214 2223 2269 Incassum
2248 2214 2380 2282 jam,
2408 2213 2576 2280 Musa,
2606 2226 2790 2281 paves,
2821 2212 2963 2283 quod
2985 2212 3430 2284 propulitAuster

1956 2305 2082 2360 Vela
2124 2307 2249 2359 ratis
2280 2314 2493 2367 nostrae,
2528 2302 2715 2373 pelago
2743 2304 2864 2373 quia
2892 2317 3112 2359 currere
3140 2301 3297 2357 famae

1956 2397 2248 2468 C(epimus,
2282 2412 2349 2452 en
2375 2394 2544 2463 sidus,
2576 2394 2717 2466 quod
2756 2410 2852 2450 nos
2888 2410 2981 2465 per
3008 2395 3201 2450 cmrula
3235 2401 3432 2449 servet.

2031 2502 2053 2530 ε
2088 2490 2249 2545 Forte
2278 2498 2428 2560 pater
2455 2504 2709 2558 superum
2744 2487 3018 2558 prospexit
3049 2486 3249 2542 mthere
3281 2496 3469 2552 terras,

1960 2581 2098 2635 Ecce
2126 2581 2287 2650 viget,
2316 2578 2674 2649 quodcunque
2704 2578 2849 2634 videt
2877 2578 3168 2637 :muudum
3193 2591 3472 2648 reparasse

1961 2671 2253 2740 Aspexisse
2283 2669 2398 2733 fuit,
2431 2670 2577 2725 solus
2602 2668 2745 2723 fovet
2770 2670 2947 2724 omnia
2972 2680 3146 2724 nutus.

1962 2764 2186 2834 Jamque
2217 2772 2276 2817 ut
2304 2764 2625 2818 conveniant
2656 2763 2859 2833 superi,
2892 2763 3208 2834 Tegeaticus
3239 2767 3405 2819 Arcas

1962 2853 2118 2925 331
2148 2852 2296 2908 Nunc
2337 2853 2553 2923 plantis,
2605 2868 2747 2908 nunc
2777 2852 2951 2909 fronte
2982 2854 3156 2920 volat;
3190 2855 3277 2909 vix
3321 2854 3537 2925 conligi

3324 2962 3471 3002 arva.

1966 3038 2031 3093 Et
2056 3046 2164 3093 toto
2187 3037 2462 3093 descendit
2487 3053 2616 3105 avo;
2649 3053 2817 3105 mare,
2853 3048 3017 3106 terra,
3043 3039 3123 3094 \el
3146 3054 3257 3105 aer,
3294 2948 3315 3021 [

1887 3120 1932 3181 C
1967 3130 2247 3201 Indigenas
2277 3130 2471 3185 misere
2497 3129 2649 3185 deos.
2675 3128 2940 3186 Germane
2963 3131 3195 3186 tonantis

1964 3246 2197 3301 Honorio
2230 3261 2319 3300 vttt
2364 3246 2568 3301 consuli
2604 3246 2805 3315 collega
2849 3246 3118 3306 tribuitur,
3163 3260 3267 3298 non
3299 3240 3539 3298 Theodos

1963 3318 2073 3371 sius
2097 3333 2177 3381 ιιι,
2206 3316 2299 3371 sed
2323 3316 2704 3371 Constantinus
2734 3325 3011 3387 tyrannus,
3032 3316 3123 3385 qui
3147 3316 3197 3369 in
3222 3315 3409 3387 Galliis
3435 3323 3541 3387 tum

1963 3388 2249 3457 regnabat,
2293 3396 2345 3442 et
2380 3389 2711 3442 consulatum
2741 3385 2807 3441 eo
2834 3403 2973 3441 anno
3004 3387 3246 3455 gerebat.
3299 3385 3449 3440 Unde
3476 3385 3544 3457 iu

1965 3456 2190 3526 publicis
2242 3459 2375 3512 actis
2427 3460 2925 3528 mouurnentisque,
2976 3459 3030 3511 in
3078 3457 3247 3511 Gal-lia
3298 3456 3545 3509 consules

1966 3529 2372 3583 ascribebantur
2404 3528 2670 3583 Hortarius
2700 3545 2787 3582 vtu
2825 3539 2880 3584 et
2905 3528 3327 3589 Constantinus;
3376 3529 3429 3579 in
3467 3542 3544 3579 re-

1964 3597 2121 3665 liquis
2148 3613 2274 3652 vcro
2305 3599 2593 3666 provinciis
2622 3615 2743 3667 qua:
2765 3598 3117 3652 Constantino
3141 3614 3243 3649 non
3271 3597 3545 3667 patebant,

1966 3683 2070 3721 non
2118 3669 2524 3731 CnnSIantiuus,
2578 3666 2671 3721 sed
2719 3668 3051 3722 Theodosius
3086 3683 3143 3722 tu
3190 3666 3378 3721 consul
3429 3680 3546 3720 cum

1968 3736 2204 3792 Honorio
2234 3739 2678 3805 componebatur.

2047 3815 2071 3844 ⁸
2109 3808 2386 3878 Euripides
2416 3811 2465 3863 in
2500 3810 2623 3865 Ione
2656 3811 2705 3863 1.

2197 3961 2377 4025 "Atla;
2400 3963 2437 4039 ὁ*
2452 3965 2717 4039 χᾳλκέρισι
2737 3967 2922 4039 ιοῲτριςΔ
2940 3966 3149 4039 οὐρανὸν

2196 4042 2331 4088 Θεῶν
2349 4031 2564 4091 mihi}.
2591 4031 2719 4090 οἷκον
2751 4031 3015 4111 ἐκτρίϐωνξ

2053 4179 2079 4218 ι)
2106 4181 2379 4252 Significat
2412 4184 2565 4237 Avito
2594 4183 2829 4239 delatum
2856 4199 2885 4237 a
2935 4185 3132 4240 Senatu
3179 4198 3299 4241 eum
3330 4184 3555 4255 imperio

1980 4250 2144 4307 fuisse
2172 4250 2529 4310 consulatum.
2562 4255 2920 4317 Avitusenim,
2956 4267 3009 4309 ut
3029 4256 3280 4310 Sidonius
3301 4250 3555 4323 ipsenar-

1983 4324 2141 4389 rabit,
2192 4336 2308 4393 post
2359 4337 2584 4379 mortem
2620 4326 2855 4380 Petronii
2894 4326 3127 4389 Maximi.
3173 4336 3393 4382 vacante
3414 4327 3557 4391 auia,

1907 4422 1951 4481 υ
1984 4395 2350 4481 ἰιιιιρριάιφνκει
2378 4397 2545 4477 Gallis
2580 4399 2806 4481 primum
2837 4399 3039 4481 levatus
3054 4398 3387 4479 est,deinde,
3414 4397 3557 4466 quod

1980 4466 2045 4521 ab
2087 4466 2234 4519 ldatii
2267 4467 2523 4520 rltronieo
2563 4468 2839 4531 docemur,
2865 4483 2893 4520 a
2930 4467 3181 4522 Romanis
3229 4477 3482 4522 evocatus
3506 4477 3561 4521 et

1980 4548 2281 4601 susceptus,
2315 4554 2432 4588 cum
2479 4537 2733 4589 Martiam
2770 4541 2954 4597 etiam,
2989 4540 3103 4605 ipso
3130 4547 3423 4603 annuente,
3475 4553 3560 4590 so-

1981 4606 2228 4658 cietatem
2272 4607 2447 4670 junxit
2504 4607 2730 4667 imperii.
2787 4606 2984 4659 ldatius
3012 4623 3023 4657 :
3054 4608 3117 4659 In
3172 4606 3356 4659 Galliis
3389 4608 3561 4659 Avitus

1981 4672 2161 4728 Callus
2184 4676 2305 4727 civis
2331 4679 2391 4727 ab
2422 4676 2645 4727 exercitu
2670 4674 2960 4738 Gallicana,
2988 4686 3031 4729 et
3058 4676 3119 4728 ab
3147 4677 3429 4739 honoratis,
3458 4677 3564 4743 pri-

1986 4760 2122 4816 mum
2158 4745 2376 4816 Telam,
2424 4745 2603 4796 tle/tina
2635 4746 2775 4810 apud
2808 4746 3068 4799 Arelalunt
3105 4748 3361 4816 Angustus
3385 4745 3564 4816 appel-

1981 4813 2134 4876 latus,
2184 4814 2393 4884 Romam
2442 4816 2603 4884 pergit
2656 4823 2701 4866 et
2756 4818 3061 4884 suscipitur;
3090 4828 3144 4871 et
3187 4813 3309 4883 post
3354 4813 3559 4884 pauca:

1987 4884 2143 4955 128
2176 4883 2275 4936 Per
2326 4883 2551 4948 Avitum,
2593 4886 2680 4953 qui
2716 4900 2745 4936 a
2776 4883 3023 4939 Romanis
3065 4896 3111 4940 et
3138 4883 3371 4941 evocatus
3401 4895 3447 4939 ct
3479 4903 3565 4939 su-

1984 4967 2183 5024 sceptus
2241 4956 2403 5024 fuerat
2461 4956 2756 5020 imperator,
2809 4958 2961 5027 legati
3007 4958 3073 5011 ad
3132 4956 3443 5011 Martinnutn
3475 4974 3565 5025 pro

1984 5027 2316 5095 unanimitate
2370 5027 2641 5079 mittuntur
2683 5027 2885 5093 imperii
2924 5042 2943 5080 :
2986 5044 3196 5083 rursum
3248 5038 3366 5095 post
3417 5030 3563 5081 alia:

1987 5094 2276 5169 Mai-tientia
2304 5108 2352 5149 et
2379 5097 2553 5151 Avitus
2575 5098 2851 5151 concordes
2869 5098 3156 5169 principatu
3174 5094 3392 5153 Romani
3416 5109 3568 5152 utun-

1984 5177 2067 5221 tur
2094 5167 2315 5239 imperii.

2066 5248 2087 5275 ο
2120 5237 2281 5310 Multa
2310 5247 2434 5293 sunt
2464 5238 2515 5293 in
2546 5242 2804 5310 poematis
2829 5239 3032 5294 Sidonii
3061 5239 3127 5295 ad
3157 5241 3456 5309 exemplqu
3493 5239 3568 5293 af-

1988 5308 2109 5364 ﬁcta
2138 5308 2440 5376 Claudiani,
2483 5308 2725 5378 adcujus
2754 5310 3103 5366 imitationem
3133 5308 3567 5380 argumentorum

1986 5380 2384 5435 similitudinem
2416 5381 2727 5436 ducebatur.
2767 5381 2933 5448 llujus
2954 5381 3167 5449 generis
3194 5393 3276 5435 est
3307 5396 3564 5450 prosapo-

1988 5452 2125 5519 pmia
2158 5452 2302 5505 urbis
2352 5451 2534 5505 Romae
2578 5452 2678 5505 hoc
2707 5452 2844 5506 loco.
2892 5450 3021 5504 Nam
3062 5462 3286 5520 uterque
3342 5450 3561 5506 Romam

1988 5523 2230 5592 neglecto
2289 5531 2446 5592 atque
2500 5524 2768 5590 incompte
2815 5522 3054 5592 corporis
3082 5522 3229 5577 cultu
3273 5521 3578 5591 supplicem-

1986 5589 2101 5647 Jovi
2131 5592 2269 5646 facit.
2288 5589 2392 5648 Sed
2415 5592 2781 5658 postulationis
2807 5589 2943 5655 apud
2961 5591 3309 5648 Claudianum
3340 5589 3570 5653 suum.

1989 5673 2048 5717 ut
2069 5665 2320 5787 τρρᾶἰιίιτιι
2350 5662 2627 5717 Gildonem
2658 5677 2671 5715 :
2704 5662 2840 5732 apud
2867 5662 3165 5733 Sidonium,
3192 5664 3581 5739 ut.er

1989 5749 2152 5787 conce
2193 5750 2220 5787 a
2253 5771 2267 5786 .

1989 5749 2267 5789 conceuat.
