4060 6332
560 334 667 395 679
1816 309 2059 371 sroonu
2100 284 2141 368 Α

2251 303 2555 364 LLINARIS
3718 290 3817 351 680

561 451 740 512 Prime
763 443 933 511 venis,
962 438 1121 497 viridi
1140 436 1231 509 qui
1260 432 1454 491 Dorida
1491 431 1694 489 findere
1722 443 1886 486 curru

493 573 508 583 -
562 546 776 606 Suetus,
810 537 863 592 in
892 532 1116 591 attonita
1136 529 1341 601 spargis
1358 528 1464 584 cito
1489 534 1634 598 terga
1652 537 1924 580 serenum.

562 637 850 694 Humentes
880 629 1147 700 Nymphas
1175 624 1416 681 Phorcus
1443 622 1755 685 comitatur;
1784 619 1963 690 ibique

562 729 791 785 Glaucus
820 724 1019 779 Glauce
1050 720 1198 778 venis
1233 736 1246 774 :
1274 728 1453 774 vatum
1475 724 1530 773 et
1555 714 1853 771 certissime
1873 712 2069 767 Proteu

560 819 747 875 Certus
775 830 923 881 eras;
957 814 1118 884 longo
1134 811 1354 867 veniunt
1382 817 1499 880 post
1521 806 1707 862 ordine
1729 802 1856 867 divi,

560 912 882 981 Pampineus
918 907 1096 972 Liber,
1130 906 1269 961 Mars
1296 905 1439 972 trtix,
1463 900 1773 972 Tirynthius
1805 897 1993 961 hirtus,

561 1006 706 1062 Nuda
741 1004 942 1069 Venus,
978 998 1202 1056 fecunda
1226 997 1407 1064 Ceres,
1430 996 1735 1067 pharetrata
1769 991 1962 1053 Diana,

560 1100 700 1155 Juno
725 1098 922 1167 gravis,
955 1095 1191 1166 prudens
1238 1093 1429 1160 Pallas,
1471 1090 1661 1145 turrita
1693 1086 1893 1157 Cybele

563 1192 829 1248 Saturnus
861 1188 1133 1257 profugus,
1179 1201 1309 1255 vaga
1335 1184 1579 1255 Cynthia,
1618 1180 1854 1235 Phoebus
1877 1171 2139 1245 ephebus,

562 1283 674 1341 Pan
704 1279 949 1353 pavidus,
992 1279 1157 1333 Fauni
1190 1277 1364 1347 rigidi,
1399 1273 1580 1345 Satyri
1611 1271 1930 1342 petulantes.

561 1373 878 1431 Convenere
904 1373 1063 1427 etiam
1092 1369 1285 1424 coelum
1313 1367 1507 1421 virtute
1525 1371 1790 1427 tenentes,

563 1468 754 1523 Castor
774 1480 931 1535 equo,
958 1462 1148 1517 Pollux
1170 1470 1359 1523 cmstu,
1392 1455 1637 1512 Perseius
1661 1452 1847 1522 harpe,

565 1558 812 1616 Fulmine
839 1556 1126 1619 Vulcanus,
1156 1552 1358 1623 Typhis
1386 1557 1519 1611 rate,
1550 1555 1707 1616 gente
1729 1540 2001 1611 Quirinus.

565 1651 697 1718 Quis
724 1657 879 1705 canat
911 1647 998 1702 hic
1018 1644 1191 1699 aulam
1220 1642 1363 1708 coeli,
1392 1637 1661 1695 rutilantia
1694 1634 1847 1704 cujus

564 1742 684 1813 Ipsa
716 1742 1080 1812 pavimentum
1114 1744 1238 1791 sunt
1264 1733 1473 1790 sidera?
1505 1731 1623 1786 Jam
1654 1739 1806 1799 pater
1836 1737 2001 1782 aureo

564 1835 911 1904 Tranquillus
956 1847 1074 1887 sese
1105 1831 1239 1885 solio
1267 1829 1435 1892 locat;
1467 1825 1591 1880 inde
1625 1823 1833 1893 priores

565 1924 873 1982 Consedere
900 1924 1017 1990 dei;
1042 1921 1215 1977 ﬂuviis
1238 1934 1449 1991 quoque
1478 1914 1700 1984 contigit
1732 1914 1825 1968 illo

564 2020 671 2078 Sed
696 2020 911 2077 senibus
938 2018 1173 2074 residere
1200 2016 1317 2071 loco
1347 2031 1359 2069 :
1391 2012 1483 2066 tibi
1506 2009 1737 2065 maxime
1765 2008 1929 2061 fluctu

564 2112 821 2177 Eridane,
843 2120 898 2166 et
918 2109 1067 2165 ﬂavis
1097 2109 1147 2162 in
1169 2106 1359 2177 pocula
1389 2103 1555 2158 fracte
1576 2097 1867 2156 Sicambris

564 2202 751 2258 Rhene
781 2212 1012 2265 tumens,
1039 2197 1379 2269 Scythiaeque
1419 2193 1566 2263 vagis
1591 2191 1824 2261 equitate
1853 2185 2080 2242 catervis

564 2293 720 2361 lster,
751 2300 805 2349 et
833 2292 1071 2362 ignotum
1094 2290 1212 2359 plus
1234 2296 1391 2342 notus
1417 2286 1533 2340 Nile
1564 2300 1659 2354 per
1688 2290 1884 2337 ortum.

564 2382 700 2439 Cum
728 2382 913 2454 procul
948 2390 1126 2437 erecta
1147 2380 1272 2435 caeli
1302 2378 1369 2433 de
1391 2384 1541 2447 parte
1565 2375 1812 2429 trahebat

565 2476 753 2546 Pigros
782 2475 949 2530 Roma
970 2474 1183 2545 gradus,
1217 2480 1437 2528 curvato
1465 2484 1662 2525 cernua
1687 2468 1824 2522 collo

567 2566 671 2624 Ora
703 2567 908 2633 ferens;
932 2566 1165 2637 pendent
1184 2566 1362 2620 crines
1386 2563 1451 2618 de
1481 2562 1681 2617 vertice
1709 2560 1833 2616 tecti

567 2659 814 2729 Pulvere,
847 2674 952 2715 non
974 2658 1154 2730 galea;
1182 2657 1508 2728 clypeusque
1535 2654 1842 2724 impingitur
1869 2650 2030 2722 aegris

566 2751 867 2819 Grcssibus,
900 2759 956 2808 et
983 2752 1212 2822 pondus,
1245 2765 1351 2805 non
1374 2758 1546 2806 terror
1564 2750 1730 2805 fertur
1752 2748 1803 2801 in
1832 2746 2002 2800 hasta.

566 2844 741 2917 thue
764 2847 838 2917 pii
867 2845 1093 2917 genibus
1116 2845 1346 2915 primum
1378 2852 1459 2899 est
1494 2842 1660 2897 affusa
1690 2839 1920 2896 tonantis
1954 2855 1969 2892 :

640 2937 801 3010 332
832 2937 1042 3005 Testor,
1088 2945 1272 2993 sancte
1299 2949 1512 3008 parens,
1544 2933 1735 3004 inquit,
1768 2942 1841 3000 te,
1868 2944 2067 2987 numen
2095 2936 2152 2986 et

1924 3022 2078 3098 [illud

566 3120 833 3191 Quidquid
854 3119 1025 3175 Roma
1048 3119 1145 3188 fui,
1178 3134 1385 3175 summo
1414 3118 1543 3175 satis
1573 3117 1764 3174 obruta
1796 3115 1929 3185 fato,

568 3210 787 3268 Invideo
818 3212 1042 3282 abjectis
1077 3212 1323 3281 :pondus
1349 3228 1454 3267 non
1486 3209 1716 3265 sustinet
1750 3206 1915 3277 ampli

568 3302 830 3393 Culminis
859 3313 1005 3359 arcta
1031 3303 1240 3369 domus,
1269 3312 1293 3341 α
1325 3317 1424 3358 nec
1452 3303 1651 3358 fulmen
1677 3302 1905 3357 vallibus
1936 3299 2119 3357 instat.

570 3395 729 3465 Quid,
760 3411 911 3467 rogo,
942 3398 1024 3453 bis
1047 3410 1180 3452 seno
1213 3396 1343 3451 mihi
1371 3396 1582 3451 vulture
1609 3395 1855 3452 Thuscus
1878 3408 2113 3466 aruspex

569 3483 848 3543 Portendit
865 3489 889 3543 ἲ
908 3487 1114 3557 jaciens
1133 3487 1318 3558 primm
1348 3501 1443 3543 cur
1463 3488 1659 3543 moenia
1683 3488 1830 3557 genti

570 3578 827 3636 Omnibus
845 3579 954 3652 jam
982 3582 1127 3638 celsa
1155 3580 1251 3650 fui,
1274 3580 1401 3637 dum
1428 3580 1582 3638 collis
1621 3581 1830 3640 Etrusci

641 3758 665 3821 ἕ
691 3746 922 3818 Vulgati,
954 3746 1165 3821 flumen,
1198 3745 1339 3821 male
1371 3760 1388 3821 :_
1416 3744 1543 3815 quid
1572 3745 1717 3821 enim
1748 3740 1957 3821 flumini
1978 3741 2148 3814 magis

570 3813 983 3887 insitum—quant
1005 3813 1065 3872 u't
1089 3817 1140 3871 in
1165 3817 1332 3872 valles
1359 3813 1644 3887 decurrat?
1675 3816 1743 3887 At
1767 3813 1969 3887 fulmen
1990 3813 2148 3887 mon-

571 3900 653 3946 tes
676 3888 818 3955 ferit,
846 3884 958 3943 non
980 3887 1165 3943 valles.
1191 3887 1395 3944 Seneca
1422 3886 1587 3942 choro
1617 3888 1650 3941 4
1680 3885 1951 3957 Hippolyti
1976 3902 1990 3938 :
2025 3884 2147 3940 Hu-

572 3961 710 4016 mida
732 3958 879 4013 vallis
907 3975 1054 4013 raros
1075 3959 1267 4027 patitur
1297 3958 1526 4029 fulminis
1551 3958 1701 4011 ictus.

644 4030 671 4071 δ
694 4030 768 4085 ita
797 4030 926 4085 olim
952 4026 1306 4095 restituimus,
1334 4044 1432 4098 ms.
1448 4027 1840 4098 uniusvestigia
1867 4026 2057 4096 secuti,
2087 4035 2143 4083 et

572 4102 922 4158 Claudianum
958 4101 1011 4155 in
1055 4099 1367 4155 Stiliconem
1400 4097 1450 4150 1.
1478 4098 1541 4151 Et
1574 4097 1689 4164 Gir,
1719 4097 1910 4167 inquit,
1941 4100 2145 4167 notissi-

572 4188 685 4227 mus
712 4172 877 4237 amnis
906 4170 1233 4235 ίΕιΙιίοιηιητ,
1265 4168 1420 4240 simili
1450 4170 1688 4224 mentitus
1706 4166 1912 4240 gurgite
1937 4166 1998 4240 [ε
1995 4169 2141 4240 ilum.

572 4243 680 4299 Alii
696 4258 815 4298 cum
839 4240 1279 4312 vulgatisTagum
1303 4238 1515 4312 habent,
1537 4240 1620 4312 c_ui
1645 4237 1773 4293 nihil
1790 4237 1908 4312 cum
1934 4237 2147 4312 Ethio-

572 4315 657 4391 pia
685 4307 988 4391 commune.
1013 4310 1107 4366 Gir
1147 4307 1296 4391 vero,
1324 4312 1429 4391 Ija‘cp
1459 4307 1769 4391 Ptolemgco,
1795 4309 1974 4379 Libyae
2006 4310 2143 4391 inte-

472 4440 483 4447 .
573 4378 734 4440 i'ioris
783 4383 1201 4452 )Ethiopumque
1242 4378 1476 4452 ﬂuvius.
1506 4379 1635 4452 Item
1664 4378 1785 4452 Gira
1811 4378 2141 4452 metropolis,

573 4453 919 4582 :eqtgﬁlgircei
963 4450 1057 4509 seu
1085 4452 1274 4539 Girrzei
1324 4450 1502 4521 populi
1546 4450 1836 4506 Claudiano
1874 4450 1929 4505 in
1961 4451 2146 4522 idyllio

694 4627 836 4677 Hunc
851 4627 976 4678 blbit
992 4625 1191 4676 effrenis
1214 4623 1462 4687 Garamas,
1487 4623 1792 4687 domitorque
1808 4623 2024 4673 ferarum

697 4691 929 4751 Girraaus,
956 4691 1036 4752 qui
1064 4695 1196 4738 vasta
1221 4686 1335 4752 colit
1360 4687 1453 4735 sub
1478 4687 1831 4752 rupibusantra
1858 4699 1870 4734 :

698 4753 789 4810 Qui
813 4748 1157 4819 ramos'cbeni,
1185 4750 1267 4812 qui
1290 4749 1467 4799 dentes
1493 4748 1627 4799 vellit
1646 4750 1877 4798 eburnos.

575 4879 707 4936 Male
726 4879 864 4933 enim
894 4877 1049 4947 vulgo
1075 4875 1286 4929 Cirtteus
1313 4890 1329 4928 :
1354 4891 1453 4930 nec
1481 4876 1669 4931 melius
1695 4873 2145 4947 quodsubstitue-

575 4953 663 5005 hat
685 4952 908 5019 Scopas,
940 4946 1208 5012 Cdndwus,
1246 4960 1367 5001 cum
1393 4956 1614 5016 utraque
1644 4962 1773 5016 gens
1804 4946 1871 5001 ab
1900 4946 1983 5002 his
2014 4947 2145 5002 locis

574 5021 760 5092 procul
782 5023 942 5075 absit.

644 5103 665 5130 ε
703 5092 825 5146 llmc
863 5098 1115 5146 constans
1136 5093 1376 5141 veterum
1417 5086 1670 5141 librorum
1712 5087 1891 5142 lectio.
1933 5088 1999 5141 Et
2026 5090 2146 5155 qui-

569 5162 690 5216 dctn
723 5165 1037 5232 Asiagenes,
1063 5160 1378 5232 ’Aamysvrig,
1409 5172 1513 5232 vos
1539 5159 1721 5232 Grzcca
1749 5166 1803 5232 ct
1825 5159 2009 5226 proba.
2041 5159 2146 5215 Sed

569 5232 693 5301 qttid
736 5228 910 5288 causa:
955 5231 1140 5285 habuit
1192 5228 1382 5301 curuL.
1415 5228 1836 5301 scipioncm__sic
1877 5230 2146 5297 appellare

571 5297 772 5369 mallet,
806 5320 924 5358 cum
959 5315 1145 5356 versus
1187 5299 1357 5354 nihilo
1398 5299 1573 5353 minus
1600 5297 1885 5365 claudicet,
1912 5315 2067 5367 quam
2100 5302 2142 5354 si

569 5373 861 5427 Asiaticum
889 5370 1225 5443 scripsisset?
1254 5371 1516 5443 Antonius
1550 5369 1962 5443 Augustinusde
1992 5369 2145 5424 fau‘ti-

570 5442 655 5495 ltis
686 5439 1041 5499 Romanorum
1082 5443 1132 5496 in
1160 5442 1429 5505 Cornelia,
1467 5456 1529 5494 cx
1578 5440 1784 5493 indiciis
1817 5439 2000 5508 prima:
2032 5441 2145 5494 edi-

570 5513 728 5566 tionis
756 5515 1078 5579 Sidouianm,
1113 5514 1163 5566 in
1193 5527 1292 5581 qua
1326 5512 1458 5565 Asia:
1490 5520 1655 5581 gentes
1686 5510 1979 5578 legebatur,
2005 5511 2141 5564 scri-

522 5596 531 5601 '
570 5591 715 5662 ptum
738 5587 963 5662 conjecit
994 5587 1301 5662 Asiagelcs_:
1326 5584 1476 5662 quod
1505 5587 1575 5636 ita
1596 5582 1830 5662 primum
1857 5584 1904 5633 in
1935 5581 2141 5636 Graecia

567 5654 767 5707 dictum
792 5656 1065 5711 exiStitnet
1096 5656 1155 5708 L.
1199 5654 1535 5722 Scipionem;
1559 5654 1779 5723 ejusque
1807 5654 2140 5721 cognominis

566 5737 780 5784 exstare
809 5730 967 5783 etiam
1004 5730 1077 5782 ait
1106 5728 1324 5794 vestigia
1363 5728 1412 5778 in
1457 5726 1707 5791 nummis,
1744 5724 1878 5778 etin
1907 5723 2141 5794 antiquis

564 5801 807 5872 exempla
820 5801 962 5855 ribus
985 5800 1231 5857 Livianis.
1255 5793 1390 5853 Mihi
1414 5812 1541 5853 vero
1572 5797 1627 5851 in
1656 5796 1792 5857 Livii
1819 5793 1970 5851 libris
1990 5793 2143 5852 aliud

2167 431 2221 489 Α
2246 420 2611 478 Fundamenta
2633 414 2774 488 jugis
2801 413 2978 487 aperis
3000 410 3156 480 mihi,
3187 406 3415 466 Romule
3434 405 3682 479 pauper?

2246 516 2373 572 Plus
2398 512 2576 585 gladio
2606 525 2797 568 secura
2819 509 2912 576 lui,
2943 505 3307 564 cum'turbine
3330 503 3518 575 juncto

2247 611 2332 666 Ille
2354 609 2604 673 Rutulus,
2621 605 2835 673 Veiens,
2862 603 3167 675 pariterque
3190 600 3494 663 Auruncus,
3517 602 3574 652 et
3598 594 3819 667 Equus,

2245 704 2502 760 Hernicus
2522 709 2577 756 et
2600 699 2822 755 Volscus
2846 702 3187 767 premerent;
3218 702 3303 748 sat
3322 704 3513 763 magna
3539 688 3755 745 videbar

2245 794 2315 851 Et
2336 794 2449 865 tibi,
2478 793 2602 848 dum
2618 791 2816 860 rumpit
2840 787 3081 843 vitiatum
3112 786 3307 841 femina
3337 785 3481 839 ferro

2247 888 2473 958 Corpus,
2506 896 2560 941 et
2585 884 2649 939 ad
2674 891 2877 939 castum
2902 892 3112 936 remeas
3140 876 3310 948 pudor
3334 882 3486 931 erute
3514 872 3734 937 vulnus;

2246 979 2362 1035 Jam
2391 992 2512 1032 cum
2545 976 2793 1031 vallatam
2826 972 2973 1027 socio
3004 986 3090 1025 me
3118 969 3311 1025 clausit
3332 967 3559 1022 Etrusco

2247 1070 2608 1141 Tarquinius!
2646 1066 2776 1137 proh
2809 1064 2938 1120 Muli
2971 1062 3150 1134 ignes!
3185 1060 3317 1132 proh
3347 1057 3569 1114 Coclitis
3600 1053 3791 1110 unde!

2249 1163 2391 1220 Proh
2421 1162 2605 1218 dolor!
2640 1160 2726 1215 hic
2746 1172 2973 1229 quonam
2993 1163 3097 1223 est,
3122 1153 3211 1226 qui
3235 1151 3334 1209 sub
3348 1165 3465 1207 mea
3487 1151 3607 1220 jura
3628 1146 3833 1217 redegit

2249 1255 2545 1313 Samnitem
2575 1252 2805 1324 gurges?
2825 1249 3005 1307 Volsci
3035 1247 3128 1319 qui
3154 1259 3300 1317 terga
3329 1242 3523 1301 cecidit

2250 1350 2492 1419 Martius,
2525 1357 2578 1403 et
2606 1346 2848 1405 Senones
2878 1342 3107 1399 fundens
3138 1340 3365 1396 dictator
3390 1345 3445 1394 et
3465 1332 3656 1394 exsul?

2250 1440 2482 1499 Fabricii
2506 1439 2667 1495 vitam
2691 1437 2907 1505 vellem,
2937 1444 3139 1490 mortcs
3166 1430 3475 1487 Deciorum.

2250 1534 2351 1591 Vel
2380 1533 2457 1588 sic
2488 1531 2809 1595 vincentem,
2839 1526 2924 1583 vel
2954 1524 3032 1582 sic
3057 1524 3258 1588 victos;
3290 1535 3407 1577 mea
3438 1517 3605 1575 redde

2251 1626 2520 1697 Principia
2544 1643 2555 1678 :
2581 1624 2681 1680 heu
2702 1638 2806 1693 quo
2827 1634 2972 1677 nunc
2999 1632 3227 1690 pompae,
3250 1615 3496 1685 ditesque
3516 1608 3804 1681 triumphi.

2252 1720 2321 1774 Et
2351 1733 2552 1790 pauper
2581 1714 2804 1773 consul?
2831 1714 3087 1785 Libycum
3114 1724 3233 1767 mea
3262 1706 3454 1765 terruit
3475 1720 3632 1761 axem

2176 1823 2223 1884 Β
2249 1814 2465 1884 Cuspis,
2491 1810 2724 1867 ctinlido
2757 1808 2905 1879 posui
2932 1806 3057 1877 juga
3099 1804 3256 1861 tertia
3284 1803 3474 1859 Poeno.

2252 1908 2500 1964 ludorum
2528 1905 2759 1974 Ganges,
2788 1899 3109 1957 Colchorum
3140 1897 3348 1962 Phasis,
3373 1897 3587 1951 Araxes

2252 1997 2542 2064 Armeniae,
2574 1994 2601 2033 ι’
2635 1992 2729 2049 Gir
2755 1991 3090 2062 Ethiopum,
3119 1989 3421 2057 Tanaisque
3448 1984 3724 2049 Getarum,

2252 2092 2545 2148 Tribunum
2580 2098 2845 2144 tremuere
2874 2101 3076 2141 meum.
3105 2083 3185 2139 Me
3213 2082 3455 2138 Teutone
3480 2078 3671 2150 juncto

2251 2182 2530 2252 Quondam
2561 2181 2728 2236 fracte
2754 2178 2902 2235 subis
2920 2176 3156 2241 Cimber,
3188 2172 3486 2243 gladiisque
3513 2178 3765 2242 gravatas

2251 2278 2392 2333 Ante
2418 2290 2608 2331 manus
2639 2273 2781 2329 solas
2797 2270 2931 2342 jussi
2958 2279 3171 2340 portare
3195 2274 3432 2322 catenas.

2252 2368 2347 2425 Va:
2376 2367 2506 2424 mihi
2536 2366 2708 2437 qualis
2729 2380 2897 2433 eram,
2929 2379 3049 2420 cum
3096 2376 3192 2431 per
3221 2373 3339 2414 mea
3374 2357 3525 2429 iussa
3563 2355 3820 2427 juberent

2253 2462 2419 2535 Sylla,
2450 2468 2471 2501 ο
2507 2450 3057 2532 Αεῑθεθιιθείϐυτῑυε,
3091 2454 3310 2520 Paulus,
3348 2450 3656 2522 Pompeius,

2252 2563 2414 2633 333
2442 2556 2679 2631 Tigrani,
2705 2556 2991 2623 Antiocho,
3018 2552 3243 2625 Pyrrho,
3278 2550 3478 2616 Persae,
3519 2544 3831 2616 Mithridati,

2252 2654 2467 2722 Pacem,
2498 2668 2681 2724 regna,
2706 2652 2904 2722 fugam,
2937 2647 3182 2719 vectigal,
3214 2644 3411 2712 vincla,
3441 2640 3747 2699 venenum?

2250 2745 2623 2803 Sauromatem
2655 2752 2805 2799 taceo
2832 2757 2895 2796 ac
2917 2739 3212 2805 Moschum,
3236 2736 3532 2806 solitosque
3551 2739 3832 2791 cruentum

2252 2836 2360 2895 Lac
2381 2845 2566 2907 potare
2596 2836 2777 2903 Getas,
2806 2848 2868 2889 ac
2896 2831 3083 2903 pocula
3112 2830 3351 2901 tinguere
3376 2826 3551 2893 venis,

2251 2928 2351 2986 Vel
2382 2943 2505 2985 cum
2529 2920 2807 2997 diffugiunt
2839 2923 3118 2995 fugiendos
3142 2930 3252 2977 tum
3282 2933 3436 2990 mage
3457 2918 3676 2974 Persas.

2249 3021 2362 3078 Nec
2386 3032 2557 3077 terras
2586 3019 2787 3075 dixisse
2809 3026 2891 3073 sat
2916 3025 3030 3073 est:
3061 3013 3380 3086 fulgentibus
3405 3012 3573 3068 armis

2251 3113 2353 3169 Tot
2393 3112 2562 3168 maria
2588 3111 2802 3176 intravi,
2831 3110 2966 3164 duce
2996 3119 3066 3174 te,
3100 3107 3364 3177 longeque
3387 3110 3625 3159 remotas

2178 3203 2227 3269 C
2255 3204 2381 3263 Sole
2399 3204 2497 3261 sub
2516 3204 2739 3261 occiduo
2763 3210 2980 3274 gentes;
3009 3200 3245 3256 victricia
3267 3198 3452 3254 Ctesar

2254 3298 2418 3370 Signa
2448 3296 2765 3355 Caledonios
2796 3295 3087 3352 transvexit
3113 3292 3355 3362 adusque
3385 3289 3683 3344 Britannos.

2254 3390 2478 3451 Fuderit
2506 3399 2562 3449 et
2589 3378 2892 3462 quanquam
2927 3388 3169 3457 Scotum,
3199 3382 3226 3423 ἀ
3254 3394 3447 3442 etcum
3485 3379 3697 3437 Saxone
3734 3375 3826 3433 Pi~

3458 3492 3465 3496 τ
3559 3469 3746 3546 fctum,

2257 3579 2452 3640 Hostes
2479 3577 2747 3651 quaesivit,
2769 3591 2925 3648 quem
2949 3574 3059 3647 jam
3084 3581 3272 3630 natura
3300 3568 3514 3627 vetabat

2252 3742 2515 3800 hactenus
2543 3739 2725 3796 videre
2767 3753 2874 3793 non
2906 3733 3131 3806 contigit
3159 3747 3319 3806 quam
3347 3728 3649 3806 Asiaticus;
3680 3741 3837 3782 num-

2250 3829 2461 3870 morum
2488 3828 2617 3868 vero
2639 3811 2737 3866 hac
2762 3809 2816 3865 in
2845 3823 2903 3864 re
2932 3801 3201 3863 levissima
3228 3804 3443 3872 semper
3463 3801 3579 3856 visa
3606 3807 3690 3854 est
3706 3813 3839 3854 cono

2242 3885 2472 3957 jectura.
2504 3883 2658 3957 Unde
2684 3883 2825 3957 enim
2842 3878 3145 3957 _in_n_urnmo
3165 3871 3418 3957 Romano
3432 3880 3486 3928 et
3510 3871 3841 3957 G‘rzecnnt‘et

2248 3939 2488 4012 insolens
2513 3939 2863 4010 vocabulum?
2890 3949 3085 4005 deinde
3117 3962 3239 4001 cum
3269 3946 3322 4000 in
3366 3943 3472 4013 his,
3520 3940 3713 3998 Fulvio
3741 3939 3841 3997 Ur-

2252 4028 2372 4083 sino
2397 4034 2555 4091 teste,
2588 4036 2679 4078 aut
2723 4023 2784 4077 L.
2816 4019 2984 4076 SClP.
3026 4018 3209 4091 ASIA.
3240 4016 3600 4091 G._‘_excusum
3629 4013 3722 4078 sit,
3748 4020 3843 4091 aut

2254 4097 2373 4154 sine
2397 4083 3097 4166 interpunctioneASlAG.,
3126 4088 3280 4166 prius
3303 4085 3433 4166 illud
3468 4083 3537 4139 ad
3562 4098 3677 4166 rem
3706 4083 3842 4166 nihil

2254 4168 2405 4235 facit,
2434 4155 2701 4238 posterius
2726 4163 2856 4219 nihil
2879 4161 3068 4238 habet,
3085 4155 3235 4216 unde
3254 4155 3752 4238 Asiagetesyotius
3768 4156 3846 4209 le-

2253 4255 2348 4310 gas
2367 4226 2522 4309 quam
2547 4236 2856 4310 Asiagenes.
2879 4226 3061 4310 Potuit
3079 4244 3283 4310 tamen,
3307 4237 3372 4310 ut
3388 4229 3506 4309 viro
3525 4226 3846 4308 doctissimo

2256 4298 2428 4364 visum
2452 4316 2555 4375 est,
2587 4322 2616 4360 a
2640 4298 2867 4362 Sidonio
2890 4304 3053 4375 scribi
3079 4303 3179 4356 hoc
3206 4301 3327 4355 loco
3345 4299 3645 4375 Asiagetes,
3669 4298 3851 4375 potuit

2256 4389 2311 4436 ct
2341 4368 2688 4449 Asiageuetes
2717 4394 2737 4449 τί
2763 4374 2905 4446 quod
2935 4390 2996 4431 ea
3029 4372 3320 4449 forma_pro
3350 4368 3646 4449 Asiagenes
3661 4369 3850 4449 JQQ

2255 4439 2547 4513 diceretur,
2574 4463 2679 4518 quo
2724 4439 3023 4517 Eugenetes
3063 4459 3175 4518 pro
3203 4439 3438 4518 Eugene,
3474 4440 3617 4518 apud
3659 4439 3854 4518 tinuo-

2175 4492 2230 4554 D
2255 4492 3851 4588 ξὶἱῖιῦῗὲἵὲέἄεῖιοῖεἲῗιῗἒῖῖεὲἱᾶθεῖέὲἒῖἕωτ’ὲρισθςνήξ.

2255 4590 2841 4673 apuduApollinarium.
2923 4658 2936 4670 .
3315 4653 3371 4673 Ν
3503 4654 3516 4665 ,
3608 4652 3623 4673 1
3748 4652 3762 4664 ,

2325 4662 2353 4700 ά
2389 4652 2664 4718 Manifesta
2704 4658 2969 4730 prolepsis
3013 4658 3115 4730 hoc
3143 4656 3298 4730 loco.
3315 4653 3407 4711 Sic
3431 4654 3574 4730 enim
3589 4652 3856 4730 ‘loquitur

2253 4735 2403 4804 quasi
2442 4725 2885 4804 Picti,_Sa'xones
2908 4740 2979 4804 _et
3020 4728 3188 4804 Scoti,
3214 4725 3702 4804 Britanniamnjam
3740 4733 3854 4804 tum

2253 4796 2816 4871 incolerent,'fusique
2842 4816 2870 4854 a
2900 4799 3113 4855 Caesare
3152 4798 3349 4871 forent,
3381 4811 3500 4871 cum
3547 4796 3858 4871 Britanniae

2251 4877 2451 4932 bellum
2470 4866 2664 4929 intulit.
2691 4866 2759 4928 Αἰ
2779 4881 2982 4926 certum
3004 4879 3089 4926 est
3110 4868 3381 4924 Britannis
3401 4867 3607 4921 vicinas
3626 4866 3860 4935 quidem

2252 4947 2351 5002 has
2376 4956 2564 5017 gentes
2588 4954 2700 4999 tum
2723 4943 2907 5007 fuisse,
2932 4943 3023 5017 sed
3055 4941 3159 5017 illis
3186 4953 3401 5017 semper
3422 4937 3673 5017 infestas.
3695 4938 3861 5017 Quod

2251 5008 2483 5073 innuéns
2510 5026 2663 5071 vetus
2703 5014 3068 5085 panegyristes
3102 5010 3419 5085 Constantii,
3455 5008 3758 5085 Britannos
3790 5008 3865 5085 ait

2252 5098 2377 5144 ante
2407 5088 2635 5143 Caesaris
2662 5078 2967 5149 adventum,
3005 5084 3166 5138 Pictis
3206 5082 3367 5134 modo
3395 5088 3451 5134 et
3479 5078 3775 5149 Hibernis,
3811 5080 3862 5133 id

2252 5124 2377 5144 ...ην
2408 5124 2635 5143 eum...
2662 5124 2941 5140 ...............
3006 5124 3018 5136 .
3046 5124 3166 5138 ,νην
3208 5124 3365 5134 ...νην
3398 5124 3451 5134 ν-
3481 5124 3751 5134 --.-..---.-
3811 5124 3862 5133 ...

2252 5169 2335 5213 est
2372 5160 2547 5214 Scotis
2596 5157 2837 5211 hostibus
2863 5124 3126 5211 assbetos.
3182 5150 3493 5206 Hiberniam
3533 5151 3689 5205 enim
3724 5124 3862 5204 oiim

2250 5229 2563 5283 habitabant
2594 5228 2760 5293 Scoti,
2791 5237 2847 5280 ut
2882 5224 3014 5279 Picti
3040 5223 3272 5287 Thulen,
3304 5222 3548 5293 Saxones
3576 5219 3863 5293 Orcadas.

2251 5300 2406 5356 Unde
2431 5299 2522 5355 illa
2552 5290 2828 5354 Claudiaui
2852 5296 2919 5352 de
2947 5304 3138 5366 quarto
3162 5293 3445 5350 consulatu
3469 5290 3707 5347 Honorii
3733 5309 3746 5344 :

2709 5418 3001 5467 Maducrunt
3023 5417 3217 5467 Saxone
3237 5416 3342 5466 fuso

2375 5483 2611 5542 Oreades,
2632 5481 2830 5531 incaluit
2852 5481 3099 5542 Pictorum
3122 5480 3359 5542 sanguine
3381 5473 3545 5526 Thule
3568 5486 3584 5525 :

2372 5540 2624 5595 Scotorum
2646 5542 2861 5593 cumulos
2888 5543 3024 5594 nevit
3047 5540 3263 5603 glacialis
3286 5540 3529 5589 Hiberae.

2248 5653 2382 5709 Sero
2409 5650 2643 5719 tandem,
2670 5665 2765 5705 nec
2796 5664 2902 5703 uno
2934 5657 3197 5718 tempore,
3225 5648 3380 5703 sedes
3406 5647 3458 5701 in
3500 5643 3866 5701 Britanniam

2246 5725 2658 5854 lsl‘élonlSllllCI‘UH',
2681 5723 2911 5792 primum
2940 5720 3095 5789 Picti,
3128 5729 3241 5780 tum
3265 5719 3529 5787 Saxones,
3558 5726 3875 5789 postremo

2379 5812 2414 5851 Ι.
