4060 6332
269 274 358 330 681

265 386 501 455 Quaerere
529 368 648 453 plus
678 385 950 455 homines;
987 389 1115 444 vidit
1143 384 1194 445 te
1215 388 1463 460 frangere
1491 390 1713 458 Leucas,

263 478 395 536 Trux
422 479 675 549 Auguste,
701 479 944 548 Pharon;
973 483 1097 538 dum
1128 470 1386 540 classicus
1412 485 1556 539 Actia
1580 486 1732 542 miles

261 570 446 640 Stagna
465 570 657 638 quatit,
686 572 1026 645 profugisque
1055 574 1216 630 bibax
1246 575 1507 631 Antonius
1525 578 1690 631 armis

263 664 512 721 Incestam
542 674 732 721 vacuat
762 662 936 736 patrio
964 668 1307 725 Ptolemtnida
1338 685 1522 740 regno.

259 756 488 826 Cumque
518 758 666 826 prius
688 773 942 828 quererer
966 761 1155 815 stricto
1180 762 1245 817 de
1274 761 1491 817 cardine
1518 763 1719 829 mundi,

258 849 379 905 Sum
409 847 564 904 limes
596 864 735 919 nunc
764 850 876 920 ipsa
902 852 1053 907 nfihi.
1084 853 1209 908 Pius
1240 869 1448 909 summe
1474 855 1719 922 deorum,

258 942 379 998 Sum
398 942 543 1011 justo
575 942 668 997 tibi
694 944 808 999 visa
838 957 1046 1014 potens,
1075 946 1217 1017 quod
1251 947 1528 1002 Parthicus
1560 949 1699 1004 ultro

255 1042 277 1073 ι
309 1035 554 1090 Restituit
581 1051 698 1092 mea
721 1038 869 1107 signa
900 1054 1082 1108 pavor,
1117 1041 1392 1109 positaque
1415 1040 1545 1097 tiara

254 1125 456 1182 Funera
486 1127 800 1185 Crassorum
826 1129 988 1195 ﬂevit,
1017 1131 1140 1187 dum
1170 1144 1378 1203 purgat,
1410 1143 1464 1189 et
1485 1134 1608 1189 hinc
1625 1134 1754 1204 jam,

253 1218 386 1274 Proh
411 1218 574 1275 dolor
591 1221 604 1275 ι
623 1235 848 1277 excusso
871 1224 1048 1292 populi
1067 1223 1188 1293 jure
1216 1233 1376 1294 atque
1406 1236 1649 1291 senatus,

248 1310 390 1377 Quod
423 1311 596 1377 timui,
641 1313 839 1368 incurri
871 1330 885 1369 :
917 1329 1034 1370 sum
1069 1324 1175 1371 tota
1202 1319 1252 1371 in
1292 1318 1553 1387 principe,
1590 1327 1697 1374 tota

246 1402 526 1471 Principis,
558 1413 612 1459 et
641 1406 713 1460 fto
734 1406 968 1462 lacerum
1000 1410 1067 1463 de
1093 1406 1306 1464 Caesare
1336 1425 1581 1480 regnum,

241 1495 359 1562 Quae
386 1496 659 1564 quondam
687 1498 869 1567 regina
893 1498 984 1553 fui.
1011 1499 1351 1571 Capreasque
1373 1501 1576 1567 Tiberi,

242 1589 302 1643 Et
325 1588 528 1659 caligas
549 1588 683 1656 Caii,
709 1591 895 1648 Claudi
918 1607 1145 1648 censura
1167 1607 1344 1650 secuta
1372 1605 1472 1661 est,

239 1679 301 1735 Et
330 1681 405 1736 vir
442 1690 615 1738 morte
644 1682 785 1740 Nero
815 1688 971 1740 tristi.
1010 1684 1203 1743 Pisone
1226 1687 1516 1744 verendum

237 1772 456 1828 Galbam
480 1776 680 1830 sternis
706 1775 867 1843 Otho,
900 1779 1121 1845 speculo
1153 1779 1244 1847 qui
1284 1778 1505 1847 pulcher
1533 1779 1716 1834 haberi

236 1864 362 1921 Dum
391 1878 606 1937 captas,
636 1885 738 1941 ego
768 1872 937 1942 turpis
964 1887 1109 1928 eram
1139 1891 1151 1926 :
1184 1873 1314 1928 mihi
1348 1873 1490 1928 foeda
1517 1873 1694 1928 Vitelli

234 1959 406 2016 Intulit
444 1962 706 2032 ingluvies
730 1973 995 2030 ventrem,
1031 1968 1121 2037 qui
1146 1978 1385 2036 tempore
1414 1983 1578 2037 parvo

234 2049 486 2121 Regnans
504 2068 627 2109 sero
656 2056 820 2126 perit;
851 2057 1044 2112 lassam
1077 2072 1195 2128 p05t
1228 2060 1459 2130 inclytus
1480 2058 1645 2114 armis
1728 2078 1731 2083 ·

229 2142 385 2215 334
416 2144 785 2216 Vespasianus
807 2148 988 2205 habet.
1013 2150 1164 2205 Titus
1193 2150 1347 2205 hinc:
1374 2163 1491 2222 post
1524 2152 1663 2206 hunc
1692 2166 1823 2221 quo-

1408 2243 1532 2313 [que
1565 2244 1746 2297 frater.

228 2323 350 2381 POst
372 2342 541 2397 quem
577 2330 894 2400 tranquillus
917 2331 1001 2387 vix
1023 2349 1111 2388 me
1138 2333 1266 2387 mihi
1296 2334 1519 2389 reddere
1544 2334 1714 2389 Nerva

230 2417 418 2490 Cepit,
456 2416 906 2493 adoptivo‘faetus
927 2424 994 2479 de
1023 2426 1234 2480 Caesare
1252 2425 1442 2495 major.

228 2510 409 2584 Ulpius
449 2515 576 2572 inde
598 2516 762 2582 venit,
791 2533 896 2588 quo
922 2518 1206 2574 formidata
1238 2520 1528 2574 Sicambris

227 2602 523 2677 Agrippina
553 2605 671 2675 fuit,
702 2607 879 2675 fortis,
905 2609 1043 2679 pius,
1075 2611 1300 2680 integer,
1328 2625 1470 2665 acer.

225 2691 408 2751 Talem
434 2706 594 2768 capta
621 2713 832 2768 precor.
867 2699 1154 2769 'l‘rajanum
1186 2700 1369 2756 nescio
1397 2701 1440 2755 si
1472 2702 1591 2770 quis

226 2770 566 2859 Equiparet,
597 2789 651 2844 ni
679 2790 788 2845 fors
813 2790 1007 2846 iterum
1041 2799 1118 2857 tu,
1146 2791 1341 2857 Gallia,
1375 2792 1576 2859 mittas,

223 2879 323 2949 Qui
352 2884 559 2939 vincat.
585 2883 859 2956 Lacrynta:
890 2901 1076 2941 vocem
1108 2885 1355 2941 clausere
1381 2885 1674 2955 precantis,

225 2973 290 3030 Et
312 2977 572 3048 quidquid
605 2988 854 3050 superest
886 2979 1060 3034 luctus
1092 2991 1263 3047 rogat.
1299 2979 1545 3048 Undique
1574 2978 1694 3034 cmli

222 3066 525 3140 Assurgunt
564 3085 838 3141 proceres,
886 3070 1046 3135 Mars,
1085 3070 1298 3142 Cypris,
1332 3070 1612 3135 Romulus,
1642 3076 1697 3125 et
1725 3068 1815 3139 qui

221 3164 489 3218 Auctores
512 3162 603 3219 tibi
636 3162 807 3218 Roma
834 3162 950 3218 dei:
977 3162 1089 3231 jam
1124 3163 1304 3217 mitior
1335 3163 1445 3230 ipsa

219 3253 502 3322 Flectitur,
533 3266 691 3327 atque
720 3256 828 3312 iras
859 3265 1068 3312 veteres
1095 3256 1346 3313 Saturnia
1374 3255 1560 3309 donat.

215 3345 243 3386 δ
270 3348 530 3419 Juppiter
559 3351 660 3407 ista
692 3351 897 3407 refert:
930 3350 1119 3406 Fatum
1149 3365 1254 3421 quo
1284 3360 1470 3405 cuneta
1500 3356 1781 3418 reguntur,-

208 3439 452 3509 Quoque
481 3458 604 3512 ego,
637 3458 744 3497 non
768 3440 918 3497 licuit
941 3442 1147 3512 frangi;
1172 3453 1256 3497 sat
1276 3441 1418 3497 celsa
1446 3439 1692 3494 laborant

203 3531 470 3600 Semper,
494 3541 550 3586 et
571 3532 738 3587 elatas
767 3541 954 3587 nostro
983 3532 1052 3587 de
1080 3548 1303 3587 munere
1328 3533 1469 3587 vires

208 3631 233 3659 ο
264 3620 477 3676 Invidit
499 3621 712 3677 fortuna
739 3622 877 3687 sibi;
908 3624 1003 3677 sed
1033 3624 1259 3693 concipe
1290 3637 1510 3693 magnos

202 3712 538 3783 Quanquam
569 3712 733 3769 fracta
760 3712 987 3767 animos.
1014 3715 1068 3767 Si
1112 3722 1163 3768 te
1193 3713 1464 3769 Porsenna
1496 3715 1674 3769 soluto

202 3802 337 3861 Plus
372 3804 639 3860 timuitdc
669 3813 830 3875 ponte
856 3812 1111 3871 tremens,
1139 3804 1186 3861 si
1221 3806 1416 3861 muenia
1448 3815 1602 3875 capta

204 3895 329 3953 Ilox
356 3894 562 3953 Brenni
595 3897 781 3953 videre
808 3897 1019 3968 fugam;
1051 3900 1093 3953 si
1119 3899 1350 3969 denique
1378 3899 1551 3954 dirum

208 3987 567 4059 Annibalem,
596 3989 783 4061 juncto
812 3999 972 4044 terrm
998 3991 1228 4061 caelique
1259 3992 1513 4059 tumultu,

216 4080 598 4152 Reppullmus,
622 4098 745 4138 cum
773 4086 946 4138 castra
979 4084 1082 4139 tuis
1104 4084 1214 4155 jam
1237 4086 1485 4155 proxima
1517 4084 1684 4140 muris

215 4174 464 4243 Starent,
492 4175 924 4233 Colliua'fulmen
951 4193 1050 4248 pro
1079 4188 1227 4235 turre
1254 4180 1511 4245 cucurrit,

214 4271 393 4340 Atque
424 4269 534 4325 illic
563 4271 755 4327 iterum
780 4269 960 4327 timuit
985 4281 1171 4327 natura
1206 4282 1488 4343 paventem

215 4363 344 4422 Post
372 4362 659 4436 Phlegram
690 4379 928 4436 pugnare
956 4364 1179 4431 Jovem;
1207 4367 1474 4436 torpentia
1506 4366 1632 4421 tolle

1676 281 1999 338 CARMINA.

1852 398 1902 457 Α
1932 372 2180 463 Lumina,
2215 393 2480 452 detersam
2503 403 2738 455 mentem
2765 399 2937 470 caligo
2966 401 3248 474 relinquat.

1932 485 2009 541 Te
2039 487 2232 541 mirum
2262 497 2345 544 est
2371 490 2545 545 vinci:
2578 490 2799 565 incipies
2825 508 2946 550 curn
2975 494 3210 564 vincere,
3239 497 3434 556 mirum

1932 577 2045 633 Non
2074 580 2197 643 erit,
2220 589 2385 650 utque
2409 582 2499 639 tibi
2522 594 2697 653 pateat
2724 601 2830 656 quo
2852 602 3071 658 surgere
3093 589 3310 647 tandem

1934 669 2094 724 Fessa
2128 672 2285 726 modo
2316 674 2506 742 possis,
2543 676 2726 744 paucis
2746 691 3031 748 cognosce,
3059 679 3285 737 docebo.

2004 761 2028 800 ἀ
2062 766 2154 819 Est
2178 765 2329 834 mihi,
2357 782 2472 837 qua:
2503 767 2655 823 Latio
2675 784 2735 825 se
2761 773 3020 842 sanguine
3036 774 3187 835 .tollit
3210 775 3505 848 alumnam,

1932 853 2114 910 Tellus
2134 857 2274 910 clara
2303 858 2451 921 viris,
2484 859 2568 914 cui
2599 874 2704 915 non
2734 862 2883 917 dedit
2908 865 3104 933 optima
3135 865 3399 936 quondam

1930 946 2089 1018 335
2120 950 2316 1003 Rerum
2342 950 2518 1020 epifex
2545 959 2734 1008 natura
2762 968 2975 1023 pareto;
3006 957 3264 1014 fecundus
3289 960 3359 1015 ab
3378 960 3510 1017 urbe

1934 1036 2099 1092 Pollet
2131 1054 2274 1108 ager,
2312 1040 2481 1108 primo
2510 1042 2598 1110 qui
2624 1044 2706 1098 vix
2737 1045 3033 1113 proscissus
3056 1059 3253 1115 aratro,

1934 1128 2149 1184 Semina
2174 1130 2322 1185 tarda
2350 1130 2478 1197 sitit,
2512 1133 2594 1188 vel
2624 1134 2927 1191 luxuriante
2942 1137 3171 1207 juvenco

1933 1220 2137 1276 Arcana
2170 1223 2393 1293 exponit
2424 1225 2626 1293 piceam
2649 1226 2969 1299 pinguedine
2992 1231 3225 1301 glebam.

1931 1317 2240 1371 Assur-rexit
2267 1317 2408 1383 huic,
2441 1320 2587 1374 coxit
2607 1320 2750 1391 quod
2783 1321 3016 1377 torridus
3042 1323 3256 1391 Auster,

1931 1406 2188 1461 Niliacum
2217 1407 2583 1479 Libycumque
2609 1411 2818 1478 solum;
2848 1414 3146 1485 collataque
3173 1429 3385 1486 semper

1930 1497 2091 1550 Arida
2120 1498 2417 1568 Mygdoniae
2434 1500 2754 1558 damnarunt
2776 1503 3007 1575 Gargara
3038 1504 3221 1561 falces.

1930 1587 2135 1656 Apulus
2162 1598 2215 1643 et
2245 1588 2471 1646 Calaber
2495 1593 2658 1648 cessit
2682 1610 2696 1647 :
2729 1608 2854 1664 spes
2885 1596 3039 1650 unica
3067 1611 3266 1666 rerum,

1933 1679 2100 1744 Hane,
2127 1684 2389 1750 Arverne,
2411 1683 2617 1750 colens,
2651 1687 2777 1743 nulli
2802 1687 2935 1757 pede
2962 1689 3106 1746 cedit
3128 1691 3180 1744 in
3208 1691 3401 1758 armis,

1854 1773 1900 1834 Β
1928 1770 2156 1838 Quosvis
2180 1774 2345 1831 vincis
2373 1790 2511 1845 equo
2539 1794 2550 1828 :
2585 1778 2734 1833 testis
2758 1778 2887 1833 mihi
2913 1779 3141 1836 Caesaris
3161 1789 3281 1837 esto

1929 1865 2027 1921 llic
2057 1867 2277 1922 nimium
2303 1868 2535 1924 Fortuna
2568 1885 2787 1941 pavens,
2819 1889 2939 1928 cum
2963 1875 3099 1930 colle
3123 1875 3369 1947 repulsus

1928 1958 2225 2029 Gergoviae,
2259 1963 2450 2018 castris
2471 1964 2623 2019 miles
2651 1966 2735 2021 vix
2769 1968 2962 2023 reatitit
2991 1968 3141 2038 ipsis.

1927 2049 2036 2105 llos
2065 2067 2164 2121 ego
2188 2063 2294 2108 tam
2329 2054 2491 2110 fortes
2524 2056 2689 2123 volui,
2718 2057 2813 2113 sed
2843 2059 3034 2115 cedere
3056 2061 3270 2116 Avitum

1930 2142 2060 2196 Dum
2095 2142 2188 2198 tibi
2221 2144 2388 2200 Roma
2416 2162 2574 2217 paro;
2601 2149 2786 2203 rutilat
2809 2150 2892 2205 cui
2917 2152 3148 2206 maxima
3169 2151 3369 2207 dudum

1924 2233 2218 2291 Stemmata
2245 2239 2584 2308 complexum
2608 2256 2858 2311 germen;
2892 2244 3123 2313 palmata
3148 2246 3383 2301 cucurrit

1924 2326 2027 2382 Per
2059 2343 2310 2397 proavos,
2332 2331 2611 2401 gentisque
2649 2347 2783 2400 sure,
2808 2343 2859 2389 te
2891 2344 3045 2402 teste,
3088 2335 3345 2408 Philagri,

1925 2417 2182 2475 Patricius
2214 2422 2519 2491 resplendet
2545 2439 2703 2494 apex.
2735 2425 2839 2481 Sed
2870 2429 3044 2495 portio
3062 2439 3258 2499 quanta
3283 2441 3366 2486 est

1925 2509 2047 2566 llaec
2079 2512 2294 2568 laudum
2328 2514 2545 2571 laudare
2572 2519 2792 2586 patres?
2813 2534 2948 2588 quos
2970 2519 3168 2591 quippe
3193 2523 3405 2578 curules

1925 2603 1990 2656 Et
2022 2605 2364 2672 praefecturas
2384 2619 2596 2665 constat
2619 2611 2816 2667 debere
2842 2614 3041 2682 nepoti.

1924 2695 2059 2748 Sunt
2088 2697 2229 2764 aliis,
2258 2712 2352 2768 per
2372 2713 2505 2767 quos
2531 2714 2591 2755 se
2617 2701 2902 2771 posthuma
2933 2703 3101 2772 jactet
3124 2705 3296 2775 origo,

1926 2788 1989 2841 Et
2019 2787 2251 2854 priscum
2288 2790 2452 2845 titulis
2477 2800 2731 2848 numeret
2764 2802 2786 2831 ο
2817 2809 2986 2863 genus
3011 2796 3167 2864 alter,
3191 2795 3363 2862 Avite,

1923 2877 2181 2934 Nobilitas
2206 2889 2260 2936 tu
2290 2882 2441 2937 solus
2466 2897 2615 2938 avos.
2651 2884 2803 2940 Libet
2832 2885 2995 2940 edere
3022 2887 3153 2942 tanti

1923 2970 2085 3027 Gesta
2116 2973 2236 3038 viri,
2258 2983 2313 3029 et
2343 2974 2568 3044 primam
2594 2979 2776 3046 paucis
2808 2992 3123 3047 percurrere
3153 2981 3337 3037 vitam.

1996 3064 2241 3119 Solverat
2272 3066 2324 3119 in
2358 3075 2567 3136 partum
2596 3083 2855 3137 generosa
2886 3078 3147 3140 puerpera
3172 3072 3307 3127 casti

1843 3146 1891 3209 C
1926 3155 2139 3213 Ventris
2170 3172 2341 3214 onus:
2376 3158 2657 3214 manifesta
2686 3160 2837 3216 dedit
2869 3177 2991 3217 mox
3023 3164 3171 3232 signa
3206 3164 3369 3219 futuri

1923 3249 2206 3320 Principis,
2238 3265 2299 3305 ac
2327 3259 2489 3308 totam
2521 3254 2694 3306 fausto
2721 3253 2911 3322 trepidi
2936 3255 3098 3323 patris
3119 3256 3293 3311 aulam

1923 3340 2141 3411 Implevi
2174 3346 2429 3413 augurio;
2465 3343 2589 3398 licet
2621 3343 2760 3398 idem
2794 3346 3014 3413 grandia
3047 3348 3155 3400 nati

1920 3432 2174 3503 Culparet
2206 3435 2333 3497 lata,
2361 3442 2415 3489 et
2446 3436 2592 3504 pueri
2618 3433 2725 3504 ja'm
2759 3451 2922 3503 regna
2955 3435 3180 3493 videret.

1924 3526 2028 3582 Sed
2060 3528 2161 3582 sibi
2193 3524 2541 3582 commissum
2572 3537 2720 3582 tanto
2743 3529 2842 3584 sub
2874 3530 3093 3600 pignore
3120 3544 3347 3587 cernens

1921 3618 2100 3672 Mundi
2130 3617 2453 3686 depositum,
2480 3635 2547 3673 ne
2569 3620 2696 3688 quid
2729 3619 2821 3674 tibi
2851 3620 3017 3675 lioma
3043 3624 3259 3691 periret,

1921 3708 2084 3780 336
2110 3709 2253 3763 Juvit
2275 3711 2543 3764 fortunam
2573 3710 2755 3764 studio
2781 3729 2791 3762 :
2820 3712 3067 3766 lactentia
3101 3714 3332 3783 primum

1922 3801 2157 3877 Membra
2186 3800 2335 3855 dedit
2370 3801 2605 3866 nivibus,
2629 3801 2962 3871 glaciemque
3000 3802 3017 3839 ε
3047 3804 3287 3874 irrepere
3313 3803 3506 3874 plantis

1921 3895 2107 3960 Iussit,
2133 3905 2187 3950 et
2211 3897 2419 3949 attritas
2443 3909 2665 3964 parvum
2696 3893 2873 3949 ridere
2903 3895 3141 3964 pruinas.

1923 3991 2213 4058 Surgentes
2235 3989 2359 4042 anni
2391 3988 2552 4047 Musis
2581 3986 2900 4053 formantur,
2928 3996 2981 4043 et
3010 3987 3103 4042 illo

1921 4082 2037 4150 Qun
2067 4082 2328 4137 Cicerone
2357 4090 2512 4136 tonas
2539 4098 2552 4134 :
2582 4080 2769 4135 didicit
2796 4096 3008 4152 quoque
3034 4082 3170 4137 facta
3199 4091 3398 4139 tuorut--

1923 4180 2059 4233 Ante
2089 4181 2283 4234 ducum
2306 4196 2321 4242 ;
2348 4160 2533 4231 didicit
2555 4190 2781 4246 pugnas,
2815 4176 3056 4245 libroque
3085 4176 3275 4248 relegit

1920 4272 2049 4337 Qua:
2073 4281 2288 4340 gereret
2315 4286 2539 4340 campo;
2568 4269 2772 4339 primus
2796 4269 2882 4323 vix
2920 4278 3161 4340 coeperat
3189 4286 3314 4328 esse

1922 4363 1998 4418 Ex
2031 4365 2231 4419 infante
2254 4380 2408 4434 puer,
2443 4364 2683 4419 rabidam
2715 4379 2834 4418 cum
2864 4363 3002 4419 forte
3028 4365 3265 4445 cruentis

285 4541 315 4571 ι
340 4529 596 4600 Quidam,
635 4541 695 4588 ut
730 4541 856 4587 ante
899 4532 1103 4598 monui,
1141 4532 1335 4602 Sapor,
1379 4543 1434 4585 ut
1478 4547 1575 4601 pro
1623 4531 1813 4601 quovis
1840 4530 1895 4592 D
1919 4526 2135 4603 net-ibus
2169 4527 2411 4603 infestam
2433 4543 2553 4603 esse
2579 4531 2677 4603 ait.
2699 4529 2921 4603 Invidia:
2941 4545 3071 4600 ergo
3097 4536 3508 4603 impluat,un

216 4602 543 4661 Parthorum
589 4618 718 4674 rege
753 4612 1001 4673 ponatur.
1050 4603 1302 4658 Restituit
1336 4602 1479 4657 enim
1534 4602 1806 4657 Phraates.

217 4675 426 4753 hiorem
456 4688 585 4729 vero
613 4675 873 4753 ponenda:
905 4675 1055 4753 tiaras
1078 4674 1416 4753 inﬂaupplice
1445 4674 1591 4753 cultu
1614 4689 1809 4753 regum

218 4746 542 4801 tiaratorum
600 4747 869 4812 expressit
915 4745 1094 4810 etiaml
1120 4745 1312 4800 Cicero
1357 4760 1454 4813 pro
1497 4744 1713 4805 Sextio,
1760 4753 1812 4795 et

149 4856 163 4863 -
217 4815 543 4889 Plutarchus
570 4815 624 4871 in
652 4815 906 4886 Pompeio
932 4816 1000 4870 de
1025 4816 1257 4885 Tigrane
1283 4820 1408 4889 ζειαὶ
1430 4814 1569 4889 τέλος
1593 4818 1660 4873 ὡς
1683 4815 1810 4889 πρὸς

150 4896 161 4953 ζ
217 4890 369 4946 αὐτὸν
388 4885 507 4960 ἦλθε
536 4885 808 4959 Πομπήῐοὴ
833 4888 1131 4959 ἀφελόμενος
1156 4892 1243 4947 τὴν
1267 4885 1460 4960 κίδαριν
1480 4888 1688 4960 ὥρμησε
1712 4885 1814 4959 arpi»

151 4997 164 5006 -
217 4966 315 5015 τῶν
340 4958 517 5016 ποδῶν
542 4960 719 5015 θεῖναι.
876 4958 879 4959 ν
1382 4958 1389 4960 ﬁ
1522 4958 1531 4960 ξ
1562 4991 1567 4999 ·

286 5029 315 5069 δ
340 5028 637 5099 Reliquum
686 5044 873 5099 poema
908 5029 960 5084 in
993 5028 1142 5085 Iovis
1176 5028 1422 5085 oratione
1449 5025 1812 5093 consumitur,

217 5115 321 5181 qua
350 5098 567 5181 Jupiter
586 5098 701 5170 ipse
728 5101 991 5181 designati
1021 5116 1050 5154 a
1079 5115 1138 5155 se
1171 5099 1425 5181 principis
1453 5098 1640 5181 laudes
1660 5114 1814 5153 exse-

219 5171 701 5242 quitur,'rejusque
743 5175 991 5242 patriam,
1028 5187 1217 5242 genus,
1264 5171 1681 5242 institutionem,
1726 5185 1811 5242 res

157 5283 169 5297 .
220 5240 353 5314 pace
372 5240 634 5314 belloque
662 5240 861 5311 gestas,
900 5240 1109 5314 imperii
1141 5242 1371 5313 denique
1400 5258 1428 5297 a
1460 5242 1628 5299 Gallis
1652 5240 1812 5296 delati

166 5358 174 5375 .
221 5313 490 5370 solemnia
520 5313 794 5367 describit.

293 5395 317 5424 ε
351 5385 464 5441 Alii
492 5395 712 5450 natura,
753 5383 847 5440 sed
898 5383 1027 5438 illud
1056 5386 1253 5441 rectius
1291 5392 1440 5454 puto.
1472 5384 1705 5454 Elegans
1734 5383 1814 5437 di-

220 5462 391 5527 ctum.
424 5454 733 5527 magnarum
762 5470 920 5523 opum
953 5455 1382 5527 eversioaliena:
1411 5457 1573 5527 vulgo
1602 5454 1814 5511 invidiae

222 5526 383 5582 tribui
415 5525 576 5583 solet.
600 5526 957 5595 Apollodorus
978 5526 1244 5581 comicus:

329 5610 474 5683 Πρὸς
500 5609 679 5683 γάρὸ
712 5606 941 5683 λαμπρέν
971 5605 1194 5683 wch
1223 5607 1476 5683 βιάζεταιν

330 5675 536 5753 Eprius:
564 5675 839 5738 B'ixsivouc
858 5675 953 5739 ὀὒς
979 5675 1041 5734 at;
1058 5675 1258 5748 suam.
1285 5679 1451 5747 τύχη.

224 5754 483 5815 Sidonius
511 5758 774 5812 fortunam
818 5758 987 5826 ipsam
1020 5757 1119 5812 sibi
1162 5755 1419 5828 invidere,
1452 5757 1668 5827 suisque
1696 5769 1812 5811 inu-

513 5852 780 5912 Pnnon.
826 5848 1024 5912 LVIII

1924 4601 1982 4654 Ι).
2007 4602 2175 4669 Syrus
2198 4601 2394 4672 levitati
2420 4618 2431 4652 :
2472 4600 2641 4666 Levis,
2666 4601 2869 4668 inquit,
2902 4612 2977 4655 est
3005 4600 3211 4672 fortuna
3240 4616 3259 4654 :
3292 4600 3399 4655 cito'
3430 4619 3510 4658 rc-

1921 4674 2080 4740 poscit
2099 4672 2237 4738 quod
2259 4671 2417 4722 dedit.

1992 4758 2017 4796 ἀ
2050 4759 2190 4813 Aviti
2225 4758 2415 4826 patria,
2466 4758 2715 4812 Arverni.
2762 4758 3053 4827 Gregorius
3083 4761 3284 4816 Turon.
3316 4763 3410 4818 lib.
3447 4779 3507 4826 tt.

1920 4830 1980 4884 ll
2006 4846 2021 4884 :
2053 4831 2229 4901 Avitus
2253 4844 2384 4881 unus
2413 4844 2476 4882 ea;
2502 4827 2837 4901 senatoribus,
2862 4839 2907 4883 et
2928 4840 2982 4883 nt
3012 4833 3157 4885 valde
3184 4834 3509 4901 manifestum

1918 4910 2012 4966 est,
2040 4900 2163 4953 civis
2192 4900 2469 4952 Arvernus.
2503 4899 2558 4952 ln
2576 4898 2837 4953 Arvernis
2864 4900 2969 4954 duo
2999 4903 3173 4956 laudat
3201 4922 3213 4956 :
3239 4898 3340 4957 soli
3363 4902 3511 4957 ferti~

1917 4972 2141 5041 litatent,
2170 4969 2239 5025 de
2268 4985 2369 5035 qua
2400 4971 2599 5025 dictum
2627 4968 2718 5041 lib.
2752 4986 2825 5034 tv,
2855 4973 3013 5040 epist.
3043 4975 3133 5039 2f,
3166 4984 3219 5028 et
3258 4974 3509 5029 bellicam

1917 5040 2189 5120 virtutem,
2223 5041 2375 5120 cujus
2407 5050 2572 5120 testes
2600 5040 2762 5120 etiam
2786 5041 2989 5120 Graeci,
3010 5045 3202 5120 quibus
3225 5046 3509 5120 ’Λροριρνοι

1916 5113 2051 5174 ἔθνος
2062 5117 2455 5186 μαχιμώτατον,
2474 5111 2698 5167 Arverni
2712 5127 2844 5186 gens
2866 5111 3297 5186 bellicusissitna',
3320 5111 3512 5171 dic'un-

1920 5195 2024 5239 tur.
2064 5185 2737 5256 Sidoniusargumentum
2766 5255 2769 5256 ν
2797 5185 2944 5239 ducit
2993 5202 3020 5239 a
3062 5186 3342 5256 Gergovia:
3370 5187 3511 5242 obsi-

3403 291 3575 351 σευ

3580 5197 3593 5229 ι

1918 5258 2099 5319 dioue,
2132 5273 2158 5308 n
2192 5270 2293 5329 qua
2322 5255 2731 5329 Caesaremcttm
2762 5255 2963 5325 ingenti
2986 5258 3137 5313 clade
3166 5254 3508 5329 repulerunt,
3581 5254 3594 5279 ‘

1921 5338 1978 5381 ut
2014 5339 2193 5380 narrat
2224 5326 2406 5380 Caesar
2431 5326 2543 5394 ipse
2569 5326 2662 5381 lib.
2694 5341 2788 5380 vn.

1994 5399 2150 5469 13o
2194 5408 2217 5434 ε
2256 5398 2429 5452 Locus
2462 5405 2620 5451 antea
2664 5396 3009 5466 depravatus,
3063 5409 3117 5455 et
3156 5399 3274 5456 sine
3307 5413 3507 5466 sensu;

1920 5486 2083 5533 nunc,
2118 5479 2174 5524 ut
2199 5471 2475 5523 restitutus
2505 5477 2608 5532 est,
2643 5470 2925 5536 perspicua
2956 5480 3081 5525 sunt
3117 5472 3316 5527 omnia.
3350 5471 3506 5535 Aliis,

1919 5541 2110 5611 inquit,
2152 5540 2331 5596 decori
2368 5548 2422 5611 et
2456 5539 2644 5611 gloria:
2674 5538 2780 5593 sint
2809 5540 3083 5609 majores:
3119 5551 3171 5596 tu
3209 5542 3507 5609 majoribus

1919 5607 2046 5675 tuis,
2079 5612 2317 5678 quamvis
2342 5607 2677 5671 clarissimis,
2710 5607 2969 5677 prmluces
3010 5630 3019 5664 ε
3062 5627 3157 5682 per
3183 5623 3233 5669 te
3256 5607 3329 5668 illi
3356 5615 3507 5669 nobi-

1922 5681 2161 5738 litantur.

1992 5753 2011 5793 ί
2044 5753 2277 5817 Savarus
2305 5759 2360 5807 et
2391 5748 2654 5815 Labbeus,
2683 5751 2985 5822 irrumpere.

3159 5846 3241 5907 22
