4060 6332
587 274 697 335 αδδ

589 385 852 451 Rictibus,
874 391 1033 453 atque
1062 397 1213 439 escas
1230 383 1412 452 jejuna
1436 381 1588 437 fauce
1607 388 1909 451 parantem,

591 481 719 538 Plus
740 478 953 541 catulis,
982 476 1171 531 stravit
1196 474 1434 549 (fuerant
1476 489 1598 529 nam
1629 473 1889 544 fragmina
1928 474 2176 546 propter)

516 582 553 601 "
591 586 618 611 κ
641 576 925 641 Arreptam
946 568 1013 625 de
1032 576 1188 625 caute
1213 567 1416 639 lupam,
1446 567 1752 637 fractusque
1774 568 1960 622 molari

594 664 831 720 Dissiluit
858 673 1065 730 vertex,
1092 670 1149 718 et
1166 677 1355 717 saxum
1377 662 1597 716 vulnere
1625 662 1784 717 sedit.

586 760 689 816 Sic
705 773 857 813 meus
897 757 1136 822 Alcides,
1169 756 1385 813 Nemea:
1407 758 1532 811 dum
1557 755 1782 811 saltibus
1803 764 1969 822 errat,

588 852 838 910 Occurrit
856 861 1101 909 monstro
1128 867 1351 917 vacuus,
1384 866 1492 906 non
1520 850 1711 905 robora
1743 859 1991 920 portans,

587 945 704 1001 Non
733 944 1015 1015 pharetras
1042 960 1058 1003 :
1097 945 1250 1000 stetit
1275 944 1354 999 ira
1387 954 1644 1009 tremens,
1677 953 1837 1014 atque
1864 942 2018 997 hoste
2046 956 2174 1013 pro-

1886 1037 2108 1107 [pinquo

588 1131 868 1189 Consuluit
896 1132 1042 1188 solos
1068 1134 1238 1187 virtus
1266 1132 1492 1202 decepta
1523 1132 1777 1187 lacertos.

588 1224 760 1279 Parva
790 1225 1026 1294 quidem,
1058 1224 1285 1279 dicenda
1317 1234 1496 1279 tamen
1531 1241 1544 1276 :
1581 1225 1699 1293 quis
1734 1222 2034 1293 promptior
2074 1220 2179 1276 isto

588 1319 762 1375 Tensa
789 1320 1019 1374 catenati
1042 1319 1360 1374 submittere
1386 1319 1525 1372 colla
1554 1318 1808 1372 molossi?

589 1411 658 1467 Et
685 1412 870 1467 lustris
899 1411 1159 1467 recubare
1188 1411 1327 1465 feras
1359 1411 1655 1479 interprete
1677 1423 1808 1465 nare

589 1502 810 1558 Discere
830 1519 935 1557 non
963 1505 1128 1567 visas,
1161 1513 1217 1557 et
1248 1505 1299 1557 in
1328 1517 1453 1557 aere
1475 1517 1719 1572 quaerere
1752 1503 1964 1573 plantas
1987 1503 2012 1555 1

586 1594 705 1650 Jam
734 1595 779 1649 si
809 1596 948 1650 forte
977 1609 1129 1650 suem
1157 1595 1437 1651 latratibus
1474 1596 1751 1664 improbus
1784 1596 1988 1653 Umber

586 1686 822 1753 Terruit,
853 1688 1096 1755 albentes
1126 1689 1280 1758 nigro
1308 1689 1410 1742 sub
1429 1700 1645 1759 gutture
1677 1689 1831 1744 lunas

586 1781 860 1850 Frangere
889 1781 1046 1835 ludus
1072 1791 1207 1850 erat,
1240 1782 1657 1852 colluctantique
1691 1782 1892 1838 lacerto

586 1873 746 1928 Vasta
775 1887 870 1943 per
898 1874 1153 1929 adversas
1181 1875 1443 1931 venabula
1469 1891 1663 1947 cogere
1694 1876 1923 1946 praedas.

583 1967 753 2033 Quam
777 1966 1078 2036 pulchrum,
1107 1981 1230 2023 cum
1284 1967 1422 2024 forte
1460 1967 1679 2023 domum
1726 1979 1849 2039 post
1893 1969 2058 2023 lustra
2092 1984 2178 2025 re-

1863 2060 2108 2135 [vertens

586 2151 826 2207 Horrore
856 2153 1166 2223 splenderet
1187 2156 1324 2224 apri,
1355 2153 1636 2224 virtusque
1662 2169 1967 2224 repugnans

580 2244 843 2300 Proderet
870 2247 1096 2300 invitum
1128 2261 1225 2316 per
1246 2246 1406 2301 fortia
1437 2247 1575 2302 facta
1606 2247 1888 2316 pudorem.

582 2334 673 2391 Sic
699 2335 1009 2392 Pandioniis
1030 2345 1198 2391 casta:
1227 2338 1538 2392 Tritonidos
1560 2339 1729 2405 arvis,

579 2427 904 2500 Hippolytus
929 2444 1091 2485 roseo
1120 2428 1148 2467 ι’
1181 2429 1381 2485 sudans
1409 2431 1654 2486 radiabat
1681 2431 1750 2486 ab
1772 2444 1887 2498 ore,

579 2520 685 2575 Sed
714 2522 875 2575 simul
900 2538 929 2576 a
958 2523 1175 2592 gemino
1205 2521 1439 2593 ﬂagrans
1466 2540 1587 2579 cum
1616 2525 1808 2580 Cressa
1850 2524 2032 2578 furore

579 2610 736 2682 337
771 2612 1007 2667 Transiit
1025 2613 1223 2669 affectu
1252 2625 1475 2681 matres,
1510 2626 1563 2671 et
1591 2615 1778 2671 fraude
1822 2629 2101 2671 novercas.

578 2705 716 2772 Quid
742 2708 1017 2762 volucrum
1050 2709 1312 2775 studium,
1342 2710 1434 2764 dat
1460 2725 1596 2780 quas
1626 2720 1817 2766 natura
1842 2726 2098 2781 rapaces,

582 2796 642 2851 ln
672 2798 863 2866 vulgus
895 2814 1063 2869 prope
1093 2802 1419 2870 cognatum?
1441 2804 1560 2871 quis
1592 2803 1800 2857 doctior
1822 2804 1926 2858 isto

574 2888 809 2946 Instituit
842 2895 1014 2947 varias
1043 2910 1138 2962 per
1167 2895 1348 2949 nubila
1369 2897 1595 2965 iungere
1626 2897 1791 2952 lites?

574 2983 715 3039 Alite
736 2986 903 3039 vincit
930 3000 1079 3051 aves,
1109 2986 1379 3057 celerique
1411 3005 1507 3057 per
1538 2992 1739 3045 aethera
1772 2990 1959 3059 plausu

574 3075 688 3130 Hoc
713 3076 849 3132 nulli
880 3078 1073 3133 melius
1098 3088 1364 3148 pugnator
1392 3080 1586 3135 militat
1620 3084 1832 3151 unguis.

575 3167 682 3224 Nec
710 3170 887 3225 minus
916 3170 1032 3226 haec
1056 3172 1195 3226 inter
1220 3172 1397 3227 civilia
1423 3172 1545 3241 jura
1564 3186 1803 3241 secutus,

648 3408 674 3473 εξ
702 3399 1009 3473 Legendttm
1030 3409 1254 3472 arrepta.
1285 3406 1487 3458 Sensus
1506 3402 1650 3456 enim
1677 3411 1769 3473 est
1789 3402 1993 3473 lupam,
2031 3403 2161 3460 dum

577 3470 677 3523 sibi
706 3479 760 3525 et
798 3471 989 3524 catulis
1024 3470 1203 3525 escam
1244 3474 1454 3535 quaerit,
1488 3473 1700 3526 obviam
1747 3470 1943 3528 factam
1980 3470 2163 3540 Avito,

578 3540 645 3616 ab
667 3555 862 3616 eoque,
894 3559 1012 3616 eum
1053 3557 1203 3596 arma
1236 3544 1340 3616 alia
1379 3543 1650 3609 deessent,
1692 3543 1805 3598 saxi
1833 3545 1974 3616 quod
2026 3547 2167 3603 inter

575 3612 767 3665 vicime
794 3614 943 3687 rupis
969 3612 1266 3682 fragmenta
1307 3613 1444 3687 forte
1483 3616 1724 3687 oblatum
1757 3612 1867 3687 est,
1900 3616 2009 3671 ictu
2040 3634 2167 3687 pro-

574 3690 819 3759 stratam.
853 3684 1033 3759 ltaque
1061 3687 1120 3741 τὸ
1151 3694 1355 3751 ρνοβιετ
1390 3686 1491 3759 hoc
1511 3687 1629 3741 loco
1655 3686 1894 3744 adverbii
1926 3684 2166 3759 vice'po-

574 3757 758 3829 situm,
778 3763 834 3808 ut
862 3754 1017 3829 intra,
1042 3771 1131 3809 rex
1146 3767 1296 3825 atque
1316 3758 1557 3826 magister
1585 3767 1792 3829 propter
1815 3754 2164 3815 constiterint.

646 3822 673 3861 δ
703 3828 907 3880 Savaro
937 3827 1156 3895 aliique,
1180 3822 1384 3880 sudum.

650 3905 671 3932 ο
708 3896 880 3949 Prima
906 3896 1020 3950 haec
1050 3899 1188 3951 Aviti
1217 3900 1440 3965 legatio,
1476 3916 1598 3954 cum
1635 3900 1703 3955 ab
1746 3899 2002 3956 Arvernis
2046 3903 2162 3957 suis

575 3967 781 4043 1evandi
812 3967 992 4043 tributi
1023 3972 1404 4043 causanti‘sns
1434 3983 1517 4025 est
1558 3972 1625 4025 ad
1678 3970 1977 4027 Honorium
2015 3973 2154 4043 Aug.

575 4035 631 4111 In
657 4038 813 4111 hujus
845 4039 987 4111 enim
1016 4039 1133 4093 aula
1167 4042 1509 4095 tlon~lantius
1541 4057 1745 4105 comes,
1792 4044 1876 4097 cui
1904 4035 2159 4111 nupserat

575 4108 956 4182 Placidiaejus
996 4112 1326 4182 soror._Qno
1361 4127 1502 4165 anno
1544 4122 1797 4182 peracta,
1838 4113 1921 4168 vel
1966 4108 2159 4181 quibus

576 4188 687 4230 tum
717 4179 958 4231 cladibus
983 4180 1151 4253 fracta
1177 4179 1339 4234 fuerit
1367 4179 1563 4251 patria,
1597 4200 1701 4239 non
1728 4184 1917 4253 liquet.
1948 4179 2054 4240 Sed
2084 4186 2160 4239 le-

576 4250 1020 4323 gatnmjiportuit
1045 4260 1169 4323 ante
1195 4250 1394 4306 annum
1438 4254 1541 4307 42H
1567 4298 1580 4319 ,
1635 4255 1758 4323 quia
1784 4250 1906 4309 'hoc
1942 4256 2157 4310 demum

576 4333 715 4397 anno
746 4316 1089 4376 Constantius
1115 4322 1168 4375 in
1200 4324 1532 4379 consortium
1566 4316 1779 4395 imperii
1810 4326 1879 4380 ab
1919 4325 2162 4381 Honorio

575 4401 772 4442 asellus
785 4399 900 4444 est.

647 4456 1035 4537 {Theoderico
1062 4465 1279 4537 seniori.
1310 4468 1397 4534 qui
1424 4465 1721 4537 Gothorum
1754 4466 1805 4519 in
1840 4466 2008 4522 Gallia
2038 4478 2157 4537 post

575 4526 797 4583 Valliam
830 4548 924 4585 rex
951 4532 1064 4587 fuit.
1101 4526 1388 4599 Gregorius
1418 4536 1620 4589 Turon.
1669 4536 2019 4593 Theudonem
2040 4526 2156 4595 ’γο-

570 4611 679 4665 cat,
708 4601 957 4657 Sidonius
980 4604 1299 4659 'l‘heuderim
1331 4616 1385 4660 et
1414 4606 1836 4662 Thcudoridam.
1868 4608 2154 4666 Gothicum

573 4672 885 4749 autemhuc
909 4675 1101 4749 iratius,
1124 4676 1188 4749 in
1215 4694 1318 4745 quo
1343 4677 1451 4729 dati
1480 4678 1856 4749 suntobsides
1886 4697 1913 4733 a
1945 4681 2150 4749 Gallis;

568 4749 729 4821 atque
759 4744 809 4798 in
838 4747 927 4821 his
949 4744 1277 4821 Theodorus
1298 4748 1442 4821 Aviti
1476 4748 1832 4821 propinquus,
1858 4764 1979 4821 post
2020 4744 2154 4811 Are;

567 4812 849 4892 latensem,
877 4816 930 4870 ni
953 4817 1140 4892 f.tlltt_l‘,_
1164 4812 1501 4892 obsidionem
1530 4812 1755 4892 intelligi
1801 4812 1962 4879 debet
1981 4867 1995 4892 ,
2026 4841 2149 4881 cum

569 4883 954 4966 Theodericus,
997 4894 1054 4940 ut
1077 4887 1311 4942 Isidorus
1344 4888 1394 4941 in
1423 4883 1940 4966 Chrtinicoscribit,
1980 4883 2152 4966 regno

566 4956 885 5039 Aquitanico
918 4972 1021 5039 non
1043 4967 1369 5039 contentus,
1393 4961 1729 5039 eamurbem
1765 4956 2009 5039 obsedit,
2044 4956 2151 5021 do-

562 5040 661 5081 nec
683 5027 998 5108 itnminetLte
1026 5028 1183 5082 Aetio
1208 5028 1437 5108 liberata
1457 5038 1564 5108 est,
1588 5047 1762 5108 anno,
1819 5027 1885 5090 ut
1915 5027 2150 5108 Prosper

561 5108 734 5163 notat,
766 5099 894 5153 425.
926 5098 1127 5176 Dignus
1155 5099 1299 5176 enim
1321 5102 1473 5156 venia
1496 5098 1779 5176 Sigonius,
1803 5109 1892 5176 qui
1924 5098 2150 5164 mendo-

560 5182 680 5221 sum
711 5169 1161 5243 nactuscodicem
1188 5169 1240 5224 in
1270 5186 1376 5240 quo
1406 5172 1547 5243 regis
1562 5169 1772 5231 'nomen'
1790 5169 2147 5235 deformatum

559 5249 698 5318 erat,
722 5240 793 5318 ad
824 5240 1049 5294 Valliam
1080 5254 1260 5318 regem
1289 5245 1380 5313 qui
1408 5240 1519 5315 jam
1549 5247 1758 5316 pridem
1789 5249 2020 5318 obierat,
2054 5267 2143 5307 re-

559 5310 687 5365 ferri
719 5311 834 5365 haec
866 5325 1026 5378 posse
1053 5315 1284 5368 censuit.

632 5392 655 5421 ι
686 5383 846 5451 Regis
867 5380 1185 5437 Gothorum.
1211 5387 1413 5442 Auctor
1440 5391 1695 5446 carminis
1735 5392 1804 5447 de
1852 5392 2148 5449 Providen-

557 5452 650 5522 tia,
682 5453 823 5524 quod
848 5453 1098 5524 Prosperi
1118 5457 1371 5526 operibus
1402 5459 1667 5516 insertum
1696 5480 1710 5516 :

646 5568 795 5639 Quod
808 5572 847 5618 si
872 5568 998 5639 forte
1010 5570 1173 5639 lupos,
1200 5571 1482 5637 lyncasque,
1507 5589 1746 5639 ursosque
1771 5590 1962 5628 creatos

586 5636 589 5639 ’
642 5610 982 5701 ᾓῗςιῖίῇεριξείῑ
996 5610 1813 5701 _s'c§itilct§s'5iéééFésf'ié'g‘éé'iué'
1826 5610 2066 5691 Ferarum

594 5712 599 5717 ·
640 5691 874 5763 gestit-re,
892 5696 1034 5763 queis
1052 5691 1183 5743 ostro
1208 5691 1485 5763 contempto
1503 5691 1553 5749 et
1578 5691 1769 5751 vellere
1786 5702 1980 5763 Serum,

640 5753 866 5815 Eximius
880 5753 1028 5805 decor
1053 5764 1131 5806 est
1152 5759 1307 5815 tergis
1338 5753 1543 5812 horrere
1568 5763 1795 5813 ferarum.

1312 5886 1333 5891 ,Α
1366 5880 1490 5901 MV”
1528 5881 1671 5907 χελτἙν
1728 5888 1743 5896 κ

1868 265 2113 324 SIDONII
2150 266 2607 325 APOLLINARIS

3759 270 3872 335 68‘

2202 387 2257 445 Α
2286 392 2308 420 ε
2333 381 2559 453 Eligitur
2586 382 2812 452 primus,
2840 381 3072 452 juvenis,
3097 382 3266 450 solus,
3295 384 3434 439 mala
3464 383 3653 441 fracta:

2280 474 2477 544 Alliget
2504 484 2563 530 ut
2585 475 2791 545 patriae,
2826 485 3118 546 poscatque
3144 477 3372 535 informe
3391 477 3584 534 recidit

2284 567 2526 638 Vectigal
2550 585 2564 633 ;
2594 584 2879 638 procerum
2903 579 3014 624 tum
3042 570 3181 625 forte
3200 574 3474 641 potentior
3496 572 3622 637 illic,

2284 660 2413 715 Post
2440 663 2600 716 etiam
2630 663 2902 733 princeps,
2930 662 3279 719 Constantius
3303 664 3487 719 omnia
3518 673 3756 737 prastat,

2282 754 2463 810 Indole
2490 756 2698 812 deﬁxus
2723 766 2890 823 tanta,
2915 768 2971 812 et
2997 760 3223 812 miratus
3248 758 3299 812 in
3322 759 3477 812 annis
3728 832 3731 833 ν

2283 847 2469 902 Parvis
2490 848 2694 915 grande
2724 850 2942 914 bonum,
2976 850 3145 904 vel‘in
3174 866 3269 906 ore
3302 852 3573 920 precantis
3602 836 3799 920 ephebi

2282 940 2456 996 Verba
2487 941 2655 997 senis.
2684 943 2844 998 Ducis
2866 944 2989 998 hinc
3019 960 3218 1013 pugnas
3245 951 3301 999 et
3325 944 3524 1000 hedera
3553 960 3735 1015 regum

2282 1033 2547 1098 Pandere,
2579 1035 2770 1101 Roma,
2798 1035 2948 1090 libet.
2976 1037 3147 1091 Variis
3170 1037 3381 1093 incussa
3414 1038 3663 1107 procellis

2285 1127 2576 1194 Bellorum,
2609 1126 2633 1165 δ
2669 1130 2777 1199 regi
2809 1130 2995 1184 Getico
3029 1144 3117 1184 tua
3147 1129 3319 1186 Gallia
3351 1133 3498 1202 pacis

2285 1218 2513 1289 Pignora
2540 1220 2685 1288 jussa
2718 1219 2848 1276 dare
2870 1233 2953 1275 est
2984 1239 2998 1275 :
3030 1222 3171 1277 inter
3194 1239 3314 1293 qua:
3346 1224 3546 1278 nobilis
3572 1225 3733 1279 obses

2284 1311 2385 1378 Tu,
2419 1311 2724 1378 Theodore,
2748 1314 2919 1378 venis,
2953 1330 3114 1382 quem
3134 1330 3232 1385 pro
3259 1316 3460 1383 pietate
3491 1315 3781 1387 propinqui

2286 1405 2506 1475 Expetis
2530 1407 2585 1461 in
2616 1407 2791 1462 media
2819 1417 2841 1445 ο
2872 1408 3034 1477 pelliti
3063 1409 3319 1479 principis
3347 1410 3469 1464 aula

2286 1499 2475 1568 Tutus,
2503 1502 2681 1567 Avite,
2718 1501 2821 1555 ﬁde
2847 1518 2860 1567 ;
2895 1502 3085 1571 probat
3112 1503 3215 1557 hoc
3238 1503 3347 1571 jam
3381 1502 3683 1557 Thenderis
3703 1502 3881 1558 altum

2286 1592 2608 1664 Exemplum
2639 1594 2803 1649 officii
2832 1611 2848 1648 :
2881 1611 2967 1650 res
3000 1597 3135 1650 mira
3161 1605 3216 1651 et
3243 1596 3402 1663 digna
3432 1596 3627 1663 relatu,

2286 1687 2439 1754 Quo-1
2470 1687 2636 1742 fueris
2662 1687 2911 1757 blandus,
2939 1690 3049 1760 regi
3086 1689 3346 1758 placuisse
3375 1688 3565 1745 feroci.

2210 1774 2260 1835 Β
2289 1780 2424 1836 Hinc
2447 1790 2497 1836 te
2524 1780 2777 1851 paulatim
2806 1782 3048 1851 praelibat
3067 1783 3313 1839 sensibus
3340 1784 3480 1851 imis,

2288 1874 2463 1943 Atque
2487 1874 2681 1928 animis
2716 1875 2830 1928 vult
2857 1889 2976 1930 esse
2997 1891 3183 1941 suum;
3218 1876 3311 1931 sed
3340 1875 3555 1945 spernis
3584 1874 3820 1929 amicum

2284 1964 2410 2020 Plus
2438 1982 2597 2034 quam
2628 1965 2927 2022 Romanum
2950 1984 3140 2038 gerere
3171 1986 3185 2023 :
3218 1979 3301 2024 stu
3315 1977 3403 2037 pet
3449 1968 3538 2023 ille
3572 1967 3876 2039 repulsam,

2285 2057 2349 2112 Et
2382 2059 2498 2128 plus
2520 2058 2642 2112 inde
2662 2059 2881 2128 places:
2916 2060 3144 2129 rigidum
3172 2062 3270 2127 sic,
3304 2060 3529 2132 Pyrrhe,
3562 2059 3788 2115 videbas

2284 2149 2615 2215 Fabricium,
2652 2151 2890 2220 ingestas
2918 2152 3098 2207 animo
3116 2168 3236 2208 cum
3262 2154 3424 2207 divite
3454 2152 3592 2223 fugit

2283 2239 2491 2310 Pauper
2518 2256 2667 2311 opes,
2699 2258 2881 2312 regem
2916 2254 3181 2310 temnens,
3208 2244 3333 2299 dum
3363 2245 3611 2315 supplice
3646 2257 3811 2299 censu

2285 2337 2481 2407 Pignus
2503 2337 2755 2392 amicitia:
2777 2338 2867 2392 vili
2895 2340 3161 2394 mendicat
3189 2339 3258 2393 ab
3285 2354 3439 2395 auro.
3672 2340 3677 2343 ’

2288 2427 2307 2466 τ
2336 2430 2549 2483 Aetium
2582 2430 2811 2497 interea,
2837 2430 3090 2501 Scythico
3117 2431 3239 2501 quia
3268 2446 3414 2499 saepe
3444 2429 3631 2486 duello

2282 2522 2446 2593 338
2471 2522 2726 2589 Edoctus,
2757 2525 3029 2594 sequeris;
3061 2524 3153 2595 qui
3183 2537 3488 2595 quanquam
3511 2522 3695 2579 celsus
3712 2522 3767 2578 in
3784 2535 3871 2577 ar-

2282 2708 2366 2763 Nil
2396 2709 2514 2764 sine
2542 2716 2594 2764 te
2617 2710 2805 2780 gessit,
2836 2725 2958 2766 cum
2990 2709 3218 2781 plurima
3241 2717 3298 2765 tu
3320 2710 3443 2766 sine
3466 2710 3584 2765 illo.

2289 2812 2314 2851 8
2344 2803 2474 2859 Nam
2507 2814 2627 2874 post
2656 2805 2961 2877 Jtithungos
2982 2816 3038 2862 et
3058 2806 3254 2862 Norica
3279 2806 3442 2876 bella,
3471 2808 3701 2864 subacto

2280 2898 2465 2954 Victor
2497 2900 2792 2969 Vindelico,
2820 2899 2845 2937 δ
2881 2902 3117 2971 Belgam,
3151 2902 3460 2971 Burgundio
3489 2916 3659 2976 quem
3685 2910 3801 2958 trux

2281 2990 2579 3059 Presserat,
2609 2994 2839 3051 absolvit
2862 2995 3082 3065 junctus
3113 2996 3244 3062 tibi;
3277 2997 3511 3053 vincitur
3534 2997 3646 3053 illic

2278 3085 2451 3142 Cursu
2484 3088 2735 3157 Herulus,
2767 3089 2987 3146 Chunus
3027 3090 3243 3159 iaculis,
3288 3091 3639 3163 Francusque
3666 3101 3868 3160 natatu,

2202 3165 2250 3230 C
2280 3179 2599 3238 Sauromata
2628 3183 2841 3255 clypeo,
2873 3183 3052 3242 Salius
3083 3183 3240 3255 pede,
3271 3186 3405 3242 falce
3432 3184 3695 3255 Gelonus,

2351 3406 2615 3484 ‘_Duplex
2646 3411 2921 3484 expeditio
2948 3412 3159 3479 bellica,
3197 3413 3255 3470 in
3299 3428 3403 3484 qna
3444 3420 3665 3484 utraque
3700 3411 3869 3466 Aetio

2277 3478 2398 3552 duci
2450 3478 2633 3535 comes
2676 3478 2771 3535 fuit
2821 3485 3028 3539 Avitus.
3078 3478 3194 3539 Una
3232 3478 3487 3540 adversus
3526 3478 3866 3552 Jutbungos,

2278 3550 2446 3606 altera
2496 3552 2757 3608 adversus
2792 3554 3216 3623 Burgundiones.
3268 3556 3400 3611 Cum
3439 3550 3873 3623 Juthungis'res

2276 3630 2424 3697 gesta
2452 3623 2555 3697 sub
2575 3638 2777 3697 annum
2808 3622 3008 3680 Christi
3033 3626 3161 3693 450,
3184 3627 3253 3682 ad
3285 3642 3443 3697 quem
3486 3622 3738 3695 Prosperi
3777 3623 3871 3678 Pi-

2226 3759 2233 3763 _
2279 3692 2666 3781 threaniverba
2693 3706 2847 3781 sunt:
2872 3692 3443 3781 Aetiusvtluthnngorum
3472 3692 3676 3781 gentem
3700 3696 3867 3779 delere

2275 3763 2667 3839 intendit.Cum
2698 3768 2780 3822 his
2808 3779 2986 3822 autem
3020 3763 3511 3839 Vindelicosjungit
3541 3780 3595 3824 et
3616 3767 3861 3832 Noricos,

2315 3837 2367 3888 ui
2411 3843 2537 3891 tunc
2572 3853 2675 3891 una
2722 3840 2945 3892 fortasse
2977 3837 3351 3895 rebellarant.‘
3383 3837 3585 3894 ldatins
3631 3850 3816 3895 noster
3851 3851 3867 3892 :

2312 3907 2635 3981 uthangiper
2655 3910 2855 3981 Aetium
2870 3910 3200 3981 rdebellantur
3226 3923 3271 3966 et
3296 3910 3459 3966 Neri:
3478 3920 3538 3966 et
3556 3920 3681 3981 post
3698 3924 3869 3978 pauca

2272 3977 2340 4053 de
2368 3994 2500 4033 nece
2522 3978 2722 4053 Felicis
2745 3980 2951 4048 patricii
2975 3999 2989 4035 :
3029 3984 3204 4039 Aetius
3230 3984 3341 4040 dua:
3361 3977 3633 4053 utriusque
3667 3977 3870 4037 inutilia

2272 4047 2324 4101 Ν
2330 4065 2447 4105 oros
2469 4049 2670 4105 edomat
2700 4047 3022 4107 rebellantes.

2346 4129 2369 4196 β
2403 4122 2477 4174 lla
2504 4124 2829 4196 ex‘antiquis
2858 4125 3220 4196 correximus,
3256 4141 3354 4196 pro
3389 4122 3868 4196 Vitltttngos.Quo

2278 4190 2636 4267 etiammodo
2673 4190 3016 4267 castigandus
3063 4190 3274 4251 videtur
3319 4190 3673 4267 panegyricus
3724 4193 3872 4250 Con-

2273 4262 2457 4316 stantii
2505 4265 2657 4335 131
2709 4262 2847 4321 Cres.
2914 4266 3047 4321 Nam
3083 4262 3661 4336 Vitbungorum'alibi
3708 4267 3867 4323 nulla

2274 4342 2356 4407 est
2385 4338 2605 4389 mentio.
2640 4336 2895 4407 .lutbungi
2927 4348 3136 4407 autem,
3180 4350 3234 4394 ut
3277 4340 3624 4395 Marcellinus
3666 4338 3870 4403 docet,

2274 4404 2689 4480 Alamannorum
2725 4404 2869 4475 pars,
2902 4409 3085 4463 Bmtiis
3110 4404 3450 4477 eontermini,
3474 4426 3608 4480 quas
3631 4409 3877 4479 proinde

2269 4474 2462 4549 creth
2504 4474 2791 4532 vexabant.
2850 4474 3165 4534 Ambrosius
3214 4483 3280 4537 de
3325 4474 3596 4549 legatione
3633 4474 3745 4535 sua
3806 4481 3875 4534 ad

2263 4545 2556 4623 Maximum
2593 4566 2606 4601 :
2638 4549 2701 4623 In
2731 4551 2897 4623 medio
2932 4551 3157 4623 Romani
3196 4545 3401 4623 imperii
3444 4553 3561 4607 sinu
3602 4551 3878 4623 Iuthungi

2263 4618 2642 4687 papulabantur
2660 4620 2852 4674 thias
2875 4637 2893 4676 :
2915 4632 2959 4676 et
2982 4622 3093 4675 ideo
3109 4618 3352 4677 adversus
3364 4623 3691 4690 Juthungnm
3714 4618 3880 4677 Hart-

2262 4701 2363 4741 ηαδ
2410 4692 2601 4743 accitus
2632 4702 2725 4745 est.
2765 4693 2905 4747 Olim
2932 4695 3091 4747 etiam
3123 4695 3243 4749 inde
3275 4696 3409 4762 pulsi
3440 4710 3469 4747 a
3501 4694 3720 4749 Juliano
3754 4696 3881 4750 fue-

2261 4767 2387 4816 rant
2410 4775 2503 4829 per
2526 4763 2901 4818 Barbationem
2934 4765 3209 4829 comitem,
3244 4776 3301 4820 ut
3330 4767 3469 4821 idem
3510 4772 3696 4819 narrat
3722 4765 3881 4819 Mar-

2262 4832 2489 4905 cellinus
2513 4833 2607 4905 lib.
2639 4849 2764 4888 xvn.
2787 4835 2937 4890 Nunc
2963 4837 3014 4888 in
3040 4834 3226 4891 iisdem
3255 4838 3365 4891 oris
3395 4850 3492 4905 per
3515 4837 3738 4891 Aetium
3775 4836 3883 4890 de-

2260 4903 2463 4978 bellati.
2499 4904 2670 4978 Fuere
2701 4915 2876 4961 tamen
2902 4908 3063 4961 etiam
3091 4908 3231 4963 inter
3260 4903 3552 4963 foederatos
3571 4906 3879 4978 Iuthungi,

2261 4974 2363 5028 sub
2392 4975 2526 5029 duce
2553 4975 2820 5060 Syrize,_et
2843 4979 2943 5060 stili
2968 4979 3163 5034 comite
3186 4980 3260 5033 rei
3292 4978 3538 5033 militaris
3559 4992 3658 5048 per
3686 4974 3880 5050 :‘Eg'y—

2261 5054 2434 5115 Plum.
2464 5056 2519 5100 ut
2544 5056 2627 5101 est
2654 5047 2706 5101 in
2737 5047 2955 5102 Notitia.
3561 5047 3572 5048 ί
3782 5047 3835 5050 --

2331 5114 2361 5153 h
2389 5116 2512 5171 Haec
2542 5118 2907 5173 memorabilis
2936 5120 3035 5191 illa
3054 5120 3238 5176 clades
3267 5133 3369 5191 qua
3402 5118 3875 5191 Βυτμηάςοηηηι

2331 5136 2361 5153 ιι
2390 5136 2512 5171 tuaac
2542 5136 2907 5173 memoramus
2936 5136 3025 5173 tua
3054 5136 3238 5176 claues
3267 5136 3369 5245 qua
3404 5136 3875 5191 uurgunutonum

2260 5191 2508 5261 universa
2549 5205 2687 5259 pene
2718 5205 2849 5259 gens
2878 5206 2974 5261 per
3014 5190 3223 5246 Aetium
3303 5192 3437 5245 eleta
3466 5232 3481 5253 ,
3526 5201 3770 5261 quarto,
3821 5202 3887 5248 ut

2260 5257 2491 5328 Prosper
2510 5257 2937 5316 etCassiodorns
2986 5270 3208 5328 notant,
3254 5257 3613 5317 Valentiniani
3650 5257 3883 5318 consu-

2261 5328 2571 5404 latu,_anno
2600 5330 2799 5404 Christi
2824 5331 2952 5387 455.
2985 5332 3184 5388 ldatius
3226 5356 3235 5385 ;
3289 5332 3687 5404 Burgundiones
3714 5375 3733 5397 ,
3772 5336 3885 5401 ‘qui

2256 5401 2623 5455 rebellaverant
2651 5420 2681 5455 a
2707 5403 2972 5469 Romanis,
3006 5404 3135 5458 duce
3164 5406 3309 5458 Aetia
3332 5401 3671 5459 debellatum.
3696 5405 3882 5458 Idem

2258 5479 2448 5545 auctor
2473 5481 2556 5528 est
2577 5489 2712 5530 caesa
2754 5474 2807 5529 in
2834 5476 2935 5531 hoc
2961 5476 3148 5545 pratlto
3189 5476 3356 5530 fuisse
3392 5475 3467 5529 20
3504 5474 3682 5529 millia
3722 5474 3886 5530 Bur-

2257 5542 2617 5611 gundionum;
2652 5542 2981 5607 Gothorum,
3025 5547 3115 5615 qui
3157 5548 3237 5601 eis
3274 5546 3693 5611 auxlliabautur,
3735 5558 3887 5602 octo

2259 5614 2445 5669 millia.
2476 5615 2728 5688 Sidonius
2752 5632 2900 5680 vero,
2924 5614 3051 5671 cum
3076 5618 3272 5688 multas
3287 5627 3478 5688 gentes
3503 5632 3627 5688 quae
3654 5617 3887 5688 in_iltu..

2259 5687 2596 5811 ἱξὲηωῗειειιτὶε
2622 5697 2778 5744 erant
2804 5695 3110 5761 eaumeret,
3134 5687 3206 5747 de
3240 5686 3435 5747 Gothis
3468 5686 3658 5746 studio
3690 5686 3891 5749 tissi-
