4060 6332
1651 376 1980 433 ΒΑΒΜΙΝΑ.

1826 499 1879 558 Α
1909 492 2119 547 Absens
2146 492 2198 547 in
2229 502 2422 550 cuncto
2442 497 2544 552 sibi
2567 498 2785 555 vulnere
2803 501 2912 570 iam
2943 501 3085 557 cadit
3106 502 3320 560 Hector.

1979 584 2224 640 Proditus
2254 600 2311 642 ut
2339 591 2573 655 tandem,
2604 594 2733 648 tanti
2766 596 2853 662 qui
2873 610 3034 651 causa
3062 600 3339 667 tumultus,

1907 675 2083 745 lnquit
2107 678 2313 743 Avitus,
2342 680 2473 749 Age,
2508 682 2754 751 Scythica
2778 689 2974 743 nutrite
3006 690 3103 744 sub
3132 700 3304 761 arcto,

1908 771 2005 837 Qui
2037 770 2188 835 furis,
2214 782 2267 827 et
2296 787 2438 828 caeso
2468 786 2671 831 tantum
2701 780 2790 847 qui
2818 782 2937 835 fidis
2960 785 3152 838 inermi
3176 828 3190 851 ,

1906 861 2246 931 Congredere
2271 874 2482 920 armato
2514 883 2528 919 :
2560 871 2783 923 multum
2819 874 2910 926 tibi
2948 878 3193 941 praestitit
3224 878 3303 933 ira

1904 953 2019 1008 .lam
2053 970 2189 1020 mea,
2220 959 2459 1013 concessi
2490 975 2741 1029 pugnam,
2767 964 3037 1036 iubeoque
3065 970 3282 1025 resistas
3321 986 3337 1025 :

1904 1046 2209 1102 Certantem
2236 1061 2501 1106 mactasse
2524 1051 2694 1119 juvat.
2730 1053 2819 1109 Sic
2846 1056 3005 1123 fatur,
3038 1070 3090 1114 et
3122 1076 3308 1132 sequor

1904 1139 2121 1196 Prosilit
2147 1141 2198 1195 in
2230 1142 2464 1198 medium
2494 1161 2505 1196 :
2541 1160 2638 1199 nec
2662 1161 2765 1200 non
2798 1147 2942 1203 ferus
2972 1151 3186 1209 advenit
3214 1154 3406 1213 hostis.

1904 1230 1974 1287 Ut
2002 1233 2226 1299 primum
2262 1245 2444 1302 pectus
2467 1237 2550 1290 vel
2576 1237 2819 1294 cominus
2842 1255 2933 1294 ora
2962 1243 3129 1299 tulere
3146 1288 3159 1310 ,

1905 1322 2000 1375 llic
2026 1322 2103 1377 ira
2132 1325 2329 1387 tremit,
2363 1326 2450 1381 ille
2480 1337 2643 1382 metu.
2676 1330 2792 1384 Jam
2822 1342 3012 1387 caetera
3047 1336 3199 1391 turba

1907 1415 2138 1470 Diversis
2163 1417 2394 1486 trepidat
2417 1420 2578 1485 votis,
2610 1422 2893 1493 variosque
2923 1441 3018 1495 per
3043 1427 3180 1482 ictus

1904 1508 2105 1565 Pendet
2124 1511 2191 1565 ab
2218 1522 2442 1579 eventu;
2472 1514 2566 1569 sed
2595 1525 2874 1586 postquam
2908 1512 3107 1589 prima,
3138 1523 3407 1589 secunda,

1903 1602 2189 1674 Tcrtiaque
2207 1613 2325 1659 acta
2346 1614 2459 1660 rota
2481 1615 2582 1673 est,
2618 1610 2764 1664 venit
2782 1625 2928 1677 ecce,
2958 1622 3011 1667 et
3035 1613 3176 1668 celsa
3199 1624 3483 1673 cruentum

1902 1694 2063 1766 35.0
2091 1696 2334 1752 Perforat
2364 1700 2511 1753 hasta
2540 1701 2745 1768 virum,
2777 1713 2894 1771 post
2920 1712 2976 1758 et
3003 1706 3229 1761 confinia
3261 1708 3409 1765 dorsi

1903 1790 2056 1845 Cedit
2085 1793 2378 1848 transfosso
2405 1803 2588 1864 ruptus
2620 1796 2700 1849 bis
2731 1807 2948 1865 pectore
2978 1798 3163 1855 thorax
3192 1819 3204 1854 :

1829 1881 1876 1941 Β
1903 1881 1967 1936 Ει
1993 1880 2119 1936 dum
2151 1897 2247 1952 per
2274 1884 2539 1954 duplicem
2571 1887 2788 1955 sanguis
2816 1889 3073 1958 singultat
3103 1891 3336 1961 hiatum,

1908 1974 2128 2030 Dividua
2152 1977 2442 2046 ancipitem
2469 1989 2785 2047 carpserunt
2817 1981 3036 2036 vulnera
3067 1985 3250 2039 vitam.

1977 2067 2099 2122 Haec
2130 2077 2250 2136 post
2275 2080 2425 2135 gesta
2454 2070 2586 2135 viri,
2618 2079 2793 2124 temet
2814 2072 2946 2143 Styx
2973 2074 3131 2129 livida
3163 2086 3353 2146 testor,

1904 2159 2223 2215 lntemerata
2256 2161 2387 2215 mihi
2417 2157 2444 2197 ά
2476 2161 2761 2229 praefectus
2785 2162 2904 2231 jura
2935 2166 3152 2235 regebat
3180 2186 3193 2220 :

1906 2248 1971 2304 Et
1998 2260 2159 2320 caput
2189 2250 2291 2306 hoc
2322 2251 2539 2307 sibimet
2564 2252 2736 2307 solitis
2766 2254 2975 2309 defessa
3006 2257 3176 2313 ruinis
3456 2282 3465 2307 ρ

1906 2343 2077 2398 Gallia
2103 2344 2422 2414 suscipiens,
2456 2345 2640 2400 Getica
2670 2346 2900 2414 pallebat
2927 2348 2995 2403 ab
3022 2349 3120 2405 ira.

1905 2435 1988 2490 Nil
2022 2450 2201 2507 prece,
2234 2438 2305 2491 nil
2337 2438 2529 2505 pretio,
2561 2439 2636 2493 nil
2668 2440 2838 2495 milite
2867 2439 3065 2497 fractus
3095 2444 3291 2515 agebat

1906 2526 2122 2594 Aetius;
2150 2537 2309 2598 capte
2341 2538 2603 2584 terrarum
2634 2530 2827 2586 damna
2860 2535 3114 2601 patebant

1907 2620 2146 2687 Litorio,
2178 2621 2231 2676 in
2265 2620 2616 2687 Rhodanum,
2650 2625 2897 2692 proprios
2926 2624 3223 2693 producere
3250 2629 3388 2685 fines

1909 2709 2261 2767 Theudoridae
2292 2711 2484 2777 fixum,
2519 2727 2617 2767 nec
2645 2723 2761 2767 erat
2791 2730 3025 2782 pugnare
3053 2731 3292 2782 necesse,

1798 2776 1827 2803 ⁸
1910 2805 2012 2860 Sed
2051 2806 2280 2875 migrare
2305 2776 2486 2871 Getis;
2525 2806 2766 2861 rabidam
2792 2776 2923 2861 trux
2957 2818 3171 2877 asperat
3208 2776 3341 2866 iram

1914 2896 2113 2965 Viator,
2145 2898 2285 2967 quod
2311 2898 2481 2952 sensit
2505 2898 2812 2968 Scythicum
2843 2915 2939 2969 pro
2971 2903 3236 2959 moenibus
3258 2904 3484 2977 hostem,

1912 2986 2176 3056 Imputat,
2205 2996 2261 3044 et
2290 2987 2424 3042 nihil
2455 3000 2539 3045 est
2567 2991 2800 3057 gravius,
2831 2991 2875 3045 si
2908 2991 3126 3047 forsitan
3161 3010 3391 3063 unquam

1915 3068 2144 3135 Vincere
2172 3079 2476 3150 contingat,
2508 3080 2740 3151 trepido.
2778 3081 3064 3152 Poetquam
3104 3084 3335 3155 undique
3374 3088 3482 3142 nul-

3277 3180 3406 3254 [lum

1834 3264 1881 3327 C
1916 3264 2257 3331 Prmsidium,
2287 3266 2618 3337 ducibusque
2641 3269 2747 3323 tuis
2772 3268 2870 3337 nil,
2896 3269 3088 3337 Roma,
3113 3274 3359 3330 relictum
3386 3287 3482 3343 est,

1918 3357 2134 3426 Fmdus,
2165 3357 2341 3428 Avite,
2374 3374 2567 3425 novas;
2601 3372 2801 3417 saevum
2831 3370 2919 3417 tua
2951 3362 3140 3433 pagina
3170 3380 3351 3437 regem

1916 3452 2078 3509 Lecta
2108 3453 2321 3518 demat;
2350 3453 2577 3521 iussisse
2603 3463 2689 3509 sat
2715 3465 2799 3510 est
2826 3465 2900 3520 te,
2929 3458 3070 3526 quod
3100 3468 3253 3529 rogat
3278 3461 3449 3519 orbis.

1918 3545 2152 3602 Credent
2181 3547 2282 3601 hoc
2312 3562 2542 3615 unquam
2571 3556 2781 3615 gentes,
2814 3549 3106 3617 populique
3134 3551 3330 3606 futuri?

1921 3638 2122 3693 Littera
2150 3636 2376 3692 Romani
2408 3649 2612 3699 cassat,
2642 3638 2781 3706 quod
2814 3638 3039 3695 barbare
3065 3640 3252 3696 vincis.

1922 3732 2048 3787 Jura
2089 3730 2250 3800 igitur
2280 3730 2452 3795 rexit;
2485 3745 2714 3801 namque
2754 3730 2857 3786 hoc
2894 3746 3106 3803 quoque
3142 3748 3240 3804 par
3275 3734 3408 3801 fuit,
3440 3747 3496 3800 ut

3293 3827 3429 3901 [tum

1922 3922 2176 3978 Assertor
2206 3920 2358 3975 fieret
2390 3918 2603 3988 legum,
2631 3920 2720 3989 qui
2752 3934 2891 3975 nunc
2915 3920 3020 3976 erit
3044 3925 3260 3986 auctor;

225 377 325 435 685

230 495 454 550 Vulnere
486 495 566 550 vel
596 494 644 553 si
664 497 786 566 quis
813 496 1035 567 plangit,
1063 496 1147 552 cui
1169 495 1326 551 flesse
1350 494 1556 566 perisse
1581 503 1686 561 est,

224 591 298 645 Ac
325 590 466 644 ferro
490 604 767 657 perarasse
794 607 981 660 genas,
1016 591 1268 660 vultuque
1297 589 1491 645 minaci

226 681 395 735 Rubra
424 682 736 737 cicatricum
755 683 977 754 vestigia
1010 682 1305 739 defodisse.

226 773 411 827 lllustri
437 772 545 842 iam
578 785 684 830 tum
716 776 948 831 donatur
972 776 1149 831 celsus
1182 775 1407 841 honore,

224 866 510 935 Squameus
534 875 589 921 et
618 867 789 922 rutilis
820 866 1109 922 etiamnum
1138 865 1295 920 livida
1318 866 1497 922 cristis

222 958 320 1016 Ora
346 973 562 1029 gerens.
596 967 622 996 ιι
653 958 752 1014 Vix
782 974 930 1016 arma
958 958 1177 1014 domum
1205 958 1478 1013 sordentia
1500 958 1694 1013 castris

223 1050 549 1117 Rettulerat;
582 1066 717 1106 nova
749 1050 888 1107 bella
916 1052 1132 1118 iterum,
1161 1066 1502 1121 pugnamque
1529 1050 1630 1105 sub
1670 1047 1800 1119 ipsis

222 1143 329 1199 Jam
358 1145 546 1213 patriae
576 1144 749 1201 muris
773 1144 1044 1213 periturus
1070 1153 1372 1200 commovet
1395 1143 1588 1198 hostis.

221 1235 447 1293 Litorius
480 1236 763 1306 Scythicos
794 1239 1001 1307 equites
1032 1246 1142 1291 tum
1174 1236 1332 1303 forte,
1358 1236 1385 1274 ι)
1417 1237 1640 1290 subacto

221 1329 402 1385 Celsus
430 1328 768 1399 Aremorico,
802 1329 1047 1385 Geticum
1078 1329 1319 1399 rapiebat
1348 1329 1400 1383 in
1424 1343 1615 1397 agmen

219 1422 316 1479 Per
340 1430 535 1487 terras,
568 1425 826 1485 Arverne,
864 1431 1015 1486 tuas;
1047 1421 1137 1491 qui
1164 1420 1409 1489 proxima
1433 1434 1657 1489 quaeque

218 1515 491 1577 Discursu,
524 1512 774 1577 ﬂammis,
808 1511 973 1575 ferro,
1001 1512 1459 1587 feritateLi-apinis

216 1606 500 1673 Delebant,
534 1616 554 1643 ε
586 1606 730 1676 pacis
758 1605 1002 1660 fallentes
1034 1594 1230 1661 nomen
1262 1607 1441 1669 inane,

214 1697 373 1766 lluius
413 1705 521 1751 tum
552 1696 809 1752 famulum
842 1697 1057 1767 quidam
1089 1695 1441 1751 truculentior
1470 1694 1658 1750 borum
1744 1700 1747 1703 λ

214 1788 323 1849 Mox
355 1787 598 1843 feriende
623 1788 778 1854 feris;
810 1790 915 1843 ruit
945 1787 1054 1853 ille,
1081 1798 1135 1842 et
1164 1788 1332 1842 tristia
1364 1788 1467 1841 fata

213 1884 568 1953 Commendat
594 1884 811 1941 domino
835 1885 1066 1953 absenti,
1104 1892 1413 1955 partemque
1440 1884 1671 1941 futuram

217 1975 481 2030 Vindictae
515 1978 750 2032 moriens
781 1976 1022 2046 Stygium
1044 1992 1138 2046 spe
1170 1986 1347 2046 portat
1378 1976 1446 2033 ad
1471 1992 1710 2034 amnem.

212 2069 401 2138 Etiam
443 2070 579 2125 fama
612 2072 724 2124 viro
749 2079 922 2125 turres
953 2080 1241 2142 portasque
1268 2076 1458 2137 tuenti,

214 2159 399 2216 intuitu
446 2162 650 2232 pavida:
681 2163 849 2232 plebis
874 2164 1073 2233 perfert
1101 2167 1280 2220 scelus
1314 2175 1514 2222 actum.

214 2254 519 2317 Excutitur,
557 2264 744 2322 restat,
775 2255 959 2326 pallet,
990 2257 1167 2322 rubet,
1203 2258 1347 2328 alget
1374 2266 1429 2312 et
1448 2257 1622 2328 ardet,

214 2348 287 2405 Ac
317 2348 545 2404 sibimet
575 2349 771 2404 multas
798 2349 1003 2405 vultum
1036 2353 1237 2405 variata
1269 2366 1364 2422 per
1386 2366 1551 2408 unum

216 2442 293 2497 Ira
322 2441 461 2497 facit
482 2441 679 2507 facies;
707 2443 793 2498 vel
824 2445 913 2515 qui
937 2460 1055 2499 mos
1086 2460 1228 2514 saepe
1255 2446 1477 2512 dolenti,

216 2536 336 2594 Plus
368 2549 523 2593 amat
551 2538 908 2606 exstinctum;
943 2540 1158 2596 tandem
1188 2542 1517 2610 prorumpit,
1549 2549 1605 2597 et
1631 2555 1801 2604 arma,

216 2629 372 2701 339
402 2633 572 2686 Arma
608 2630 819 2700 fremit,
856 2632 1176 2703 pinguisque
1214 2634 1507 2689 etiamnum
1547 2636 1805 2701 sanguine

1540 2725 1734 2798 [fertur

219 2815 431 2889 Lorica,
469 2818 693 2875 obtusus
726 2834 818 2890 per
840 2819 1072 2875 barbara
1101 2820 1321 2875 vulnera
1352 2827 1563 2885 contus,

219 2912 395 2981 Atque
423 2911 528 2967 sub
554 2911 789 2966 assiduis
816 2913 1067 2967 dentatus
1095 2912 1333 2967 caedibus
1355 2912 1523 2966 ensis.

219 3000 452 3059 Includit
470 3017 624 3060 suras
644 3003 838 3070 ocreis,
866 3004 1133 3075 capitique
1159 3004 1445 3077 micantem

219 3093 455 3165 imponit
483 3095 711 3166 galeam,
746 3094 920 3149 fulvus
949 3095 1032 3149 cui
1064 3095 1257 3150 crescit
1284 3092 1335 3147 in
1360 3094 1524 3148 altum

221 3184 426 3255 Cunus,
459 3196 513 3241 et
543 3187 731 3243 iratam
756 3185 1022 3256 iaculatur
1054 3185 1255 3241 vertice
1287 3185 1482 3241 lucem.

220 3273 288 3330 Et
315 3277 430 3345 iam
454 3277 659 3332 scandit
688 3293 909 3349 equum,
935 3277 1207 3349 vulsisque
1233 3293 1263 3333 a
1291 3277 1513 3334 cardine
1537 3277 1706 3348 portis

217 3367 469 3433 Emicat;
496 3370 749 3425 assistunt
778 3369 926 3425 socio
955 3370 1227 3441 virtusque
1248 3370 1525 3439 dolorque,

211 3459 283 3516 Et
312 3460 535 3532 pudor;
563 3472 793 3518 armatas
821 3462 929 3533 pilo
961 3464 1094 3533 petit
1120 3464 1344 3535 impiger
1373 3463 1505 3527 alas,

208 3548 523 3622 Pugnando
553 3567 778 3620 pugnam
810 3568 1078 3622 quaerens,
1105 3554 1459 3623 pavidumque
1488 3568 1585 3623 per
1619 3567 1810 3624 agmen

207 3642 520 3697 Multorum
544 3643 760 3697 interitu
791 3653 1125 3712 compensat,
1158 3644 1302 3713 quod
1325 3645 1451 3698 latet
1478 3660 1633 3699 unus.

206 3732 644 3805 SiePhrygium
671 3733 941 3788 JEmathia
971 3735 1228 3789 victorem
1260 3736 1479 3804 cuspide
1516 3749 1744 3805 poscens

209 3824 510 3891 Eacides,
534 3839 675 3881 caeso
696 3825 896 3880 luctum
926 3825 1149 3880 frenavit
1178 3816 1368 3889 amico,

208 3920 319 3976 Per
347 3926 563 3973 mortes
586 3925 681 3984 tot,
712 3917 895 3987 Troja,
932 3927 1071 3984 tuas,
1094 3917 1202 3986 iam
1234 3917 1353 3972 vilia
1381 3932 1474 3987 per
1494 3931 1553 3971 se

3381 388 3490 453 ϐω

216 4011 456 4085 Agmina
487 4020 772 4067 contentus
801 4026 978 4076 ruere,
1002 4011 1352 4082 strictumque
1382 4027 1478 4081 per
1508 4010 1717 4080 amplos

220 4106 506 4161 Exserere
533 4103 766 4174 gladium
795 4104 1015 4173 populos
1044 4119 1056 4156 :
1089 4114 1236 4158 natat
1262 4105 1452 4159 obruta
1480 4104 1636 4160 tellus

220 4194 530 4270 Sanguine,
562 4197 796 4269 dumque
825 4196 1041 4253 hebetat
1069 4197 1224 4252 turba
1244 4212 1405 4267 grave
1425 4196 1609 4253 caedua
1629 4196 1815 4256 telum.

296 4368 325 4397 ι
348 4353 793 4425 Burgundionice
814 4353 955 4407 bello
981 4355 1240 4409 successit
1264 4353 1545 4409 Gothicum
1566 4355 1808 4420 alterum,

227 4445 350 4485 cum
380 4427 577 4484 eodem
616 4425 949 4481 Theoderico
989 4442 1002 4479 ε
1040 4425 1182 4495 quod
1224 4428 1388 4495 cmpit
1433 4427 1500 4480 ab
1542 4425 1817 4480 obsidione

225 4500 575 4561 Narbonensi
598 4513 738 4551 anno
759 4495 902 4561 456,
943 4496 1152 4552 Tolosze
1194 4508 1468 4565 peractum
1509 4507 1621 4561 est,
1663 4508 1819 4565 capto
1850 4495 1898 4553 υ

226 4568 465 4637 Litorio,
503 4576 555 4623 et
578 4584 706 4637 pace
736 4566 1028 4637 composita
1059 4568 1182 4623 459.
1220 4568 1272 4620 lu
1305 4570 1404 4623 hoc
1428 4568 1569 4624 bello
1598 4568 1814 4623 Hunno-

228 4659 346 4699 rum
378 4636 591 4697 auxilio
631 4653 757 4693 usos
792 4636 1061 4693 Remanos
1111 4648 1371 4695 testantur
1396 4639 1642 4708 Prosper.
1683 4640 1813 4693 Cas-

228 4715 491 4770 siodorus
514 4754 529 4775 ,
563 4708 861 4765 Jernandes
887 4722 943 4766 et
970 4711 1250 4765 Salvianus
1284 4710 1375 4764 lib.
1408 4727 1480 4765 vu
1520 4715 1587 4764 de
1636 4710 1818 4764 Provi-

230 4784 437 4841 dentia.
481 4782 685 4838 Horum
732 4796 861 4849 ergo
907 4791 1108 4836 turmas
1144 4796 1262 4835 cum
1295 4783 1361 4834 ab
1389 4780 1683 4835 Armoricis
1724 4795 1818 4849 per

228 4857 521 4912 Arvernos
547 4851 768 4907 duceret
791 4851 1223 4920 Litorius,atque
1251 4850 1328 4906 illi
1358 4850 1580 4905 barbara
1611 4850 1821 4906 feritate

229 4925 561 4985 Arverniam
587 4931 878 4987 vastarent,
897 4932 1115 4977 exortus
1141 4931 1224 4976 est
1247 4922 1387 4978 Aviti
1421 4923 1470 4976 in
1503 4922 1623 4976 illos
1653 4922 1821 4991 impe-

232 5006 337 5067 tus,
364 5008 420 5053 et
448 4995 730 5065 singulare
750 5007 871 5047 Clllll
903 4992 1102 5067 ΠμηιιοΔ
1120 4993 1299 5067 equite
1322 5001 1603 5067 certamen
1622 5034 1636 5057 ,
1677 4993 1821 5067 quod

230 5083 258 5123 a
281 5063 519 5127 Sidonio
543 5063 687 5120 tanta
719 5079 910 5135 pompa
934 5064 1275 5119 describitur.
1309 5063 1438 5129 Quae
1483 5065 1696 5133 quidem
1738 5063 1823 5135 Si:

233 5142 429 5211 genius
454 5140 514 5211 in
549 5137 701 5211 libris
720 5133 786 5191 de
816 5133 1119 5211 Occidentis
1160 5137 1383 5211 imperio
1405 5177 1419 5201 ,
1450 5150 1555 5211 non
1592 5133 1822 5211 male_ad

234 5206 438 5267 annum
478 5210 584 5265 457
618 5206 819 5262 refert:
854 5209 1084 5277 pessime
1113 5216 1289 5261 autem
1329 5206 1682 5274 direptionem
1725 5207 1825 5260 Ar-

235 5283 546 5346 vernicam,
582 5295 700 5348 qua:
729 5278 932 5334 llunnis
955 5278 1230 5333 tribuenda
1259 5286 1397 5345 erat,
1431 5277 1622 5332 Gothis
1650 5277 1826 5348 impne

239 5361 345 5417 tat;
379 5364 436 5408 et
469 5347 663 5406 versus
696 5353 876 5414 hosce,
906 5351 998 5418 qui
1044 5351 1110 5404 de
1148 5350 1308 5405 Avito
1346 5348 1531 5419 scripti
1581 5347 1741 5414 sunt,
1760 5347 1825 5402 ad

237 5421 651 5485 Theodericum
677 5419 979 5488 detorquet.

226 5528 229 5531 λ
311 5494 340 5536 ιι
368 5496 494 5551 Jam
542 5491 844 5547 monuimus
876 5493 928 5545 in
967 5489 1285 5560 panegyrico
1316 5490 1594 5559 Maioriani
1638 5491 1829 5544 Arme-

245 5565 388 5621 rices
420 5561 737 5621 rebellionis
765 5577 925 5617 causa
955 5562 1146 5615 crebro
1179 5578 1207 5613 a
1246 5561 1501 5616 Rontanis
1539 5562 1825 5631 appetitus.

244 5636 397 5693 Nunc
426 5652 562 5704 ergo
592 5651 621 5688 a
651 5633 852 5687 Litorio
882 5633 1115 5696 subacti;
1150 5642 1264 5701 post
1281 5632 1464 5687 decem
1496 5632 1709 5685 circiter
1738 5647 1831 5683 an-

247 5723 344 5763 nos
369 5710 442 5763 ab
471 5709 649 5774 Aetio,
669 5720 762 5775 per
784 5704 1319 5775 Eocharicumregeiu
1341 5704 1654 5775 Alanorum,
1675 5718 1831 5775 quem

247 5780 313 5833 ad
337 5795 437 5833 eos
469 5773 799 5833 clomandos
828 5774 1067 5839 iuunisit,
1110 5783 1243 5829 teste
1281 5773 1595 5828 Constantio
1635 5774 1685 5826 in
1718 5773 1830 5826 \‘ita

246 5850 305 5905 S.
339 5850 601 5907 Germani
634 5848 722 5903 lib.
757 5865 822 5912 tt,
856 5864 970 5912 cap.
1023 5846 1085 5912 5,

1137 5845 1237 5901 etsi
1295 5860 1363 5901 eo
1406 5844 1526 5901 loco
1577 5842 1835 5901 mendose

1924 4014 2001 4069 Ne
2027 4012 2233 4067 dandus
2263 4012 2475 4083 populis
2504 4011 2773 4083 princeps,
2802 4022 2990 4082 caput,
3025 4013 3390 4084 induperator,

1920 4102 2101 4160 Caesar
2129 4112 2183 4159 et
2212 4104 2504 4173 Augustus,
2537 4104 2708 4158 solum
2743 4104 2850 4159 fera
2883 4105 3067 4175 prazlia
3098 4115 3303 4164 nosset.

1994 4198 2113 4252 Jam
2144 4196 2475 4266 praefecturae
2505 4194 2816 4264 perfunctus
2842 4195 3080 4252 culmine
3112 4198 3326 4255 tandem

1923 4350 2342 4432 alae-ianitorum
2373 4366 2463 4405 res
2493 4353 2751 4432 scriptum
2781 4363 2865 4409 est
2890 4370 2987 4425 pro
3014 4356 3327 4427 Alanorum,
3358 4362 3500 4432 quod

1928 4423 2074 4477 Erici
2103 4424 2345 4477 monachi
2376 4438 2563 4477 versus
2587 4426 2801 4479 docent.

2000 4504 2021 4531 ο
2061 4493 2136 4547 De
2161 4496 2257 4547 hac
2288 4495 2620 4548 auxiliarium
2653 4495 2963 4550 Hunnorum
3001 4499 3253 4565 perfidia,
3308 4509 3360 4554 et
3400 4501 3502 4556 ho-

1925 4564 2034 4619 stili
2076 4564 2405 4623 grassatione
2428 4604 2442 4630 ,
2482 4566 2726 4634 queritur
2768 4568 2893 4621 item
2944 4564 3196 4624 Paulinus
3226 4569 3319 4624 lib.
3354 4586 3407 4623 vt
3435 4572 3504 4627 de

1922 4634 2041 4689 Vita
2070 4634 2127 4690 S.
2157 4635 2405 4690 Martini:

1969 4637 2041 4689 ita
2070 4635 2127 4689 S.
2157 4635 2368 4689 Martini
2392 4652 2405 4685 :

2149 4770 2265 4835 Cum
2289 4771 2450 4835 subite
2474 4768 2718 4831 pavefacta
2738 4777 2892 4835 metu,
2918 4773 3146 4835 graviore
3178 4771 3380 4835 periclo,

2153 4830 2485 4881 Auxiliatores
2510 4838 2762 4894 pateretur
2783 4830 2935 4884 Gallia
2956 4833 3168 4883 Chunos.

1965 4894 2117 4966 132
2152 4872 2269 4967 liam
2293 4872 2476 4951 socium
2500 4872 2611 4965 quis
2625 4872 2765 4967 "r3362;
2787 4872 3254 4967 quanam—durior
3273 4907 3383 4958 host

2156 4963 2345 5023 Exstet,
2372 4973 2422 5014 et
2444 4963 2690 5016 annexum
2714 4963 2869 5017 lendus
2886 4963 3082 5019 feritate
3104 4968 3356 5031 repellat?

2000 5132 2027 5173 ἀ
2054 5135 2337 5191 Renevatae
2365 5150 2485 5208 cum
2514 5136 2853 5193 Theoderico
2883 5139 3025 5208 pacis
3070 5139 3284 5195 laudem
3330 5141 3515 5197 tribuit

1927 5206 2110 5281 Avito,
2145 5218 2253 5281 tum
2278 5206 2529 5281 prmfecte
2558 5212 2809 5281 praetorio
2829 5206 3146 5265 Galliarum.
3176 5211 3343 5281 liuius
3367 5214 3511 5268 enim

1929 5280 2162 5352 maxime
2206 5279 2396 5332 litteris
2441 5278 2690 5334 inﬂexum
2735 5280 2801 5333 ad
2843 5296 3029 5351 pacem
3076 5291 3197 5352 post
3236 5278 3511 5339 vir-teriam

1929 5364 2079 5424 suam
2111 5351 2218 5424 ait,
2250 5352 2622 5424 tumiscilicet,
2654 5367 2781 5424 cum,
2806 5352 3040 5407 Litorius
3074 5351 3256 5408 comes
3294 5355 3384 5424 qui
3422 5371 3513 5410 se-

1929 5421 2103 5475 cunda
2157 5422 2225 5474 ab
2263 5423 2418 5475 Aetio
2446 5431 2717 5496 potestate
2740 5422 2955 5496 ilunnis
2994 5421 3350 5480 auxiliaribus
3381 5442 3511 5496 pra:-

1931 5501 2065 5557 erat,
2098 5507 2270 5562 pugna
2298 5508 2416 5545 cum
2446 5492 2634 5547 Gothis
2656 5493 2721 5547 ad
2738 5494 2984 5548 Tolosam
3017 5504 3218 5551 temere
3246 5492 3513 5561 conserta,

1932 5564 2105 5616 victus
2134 5572 2426 5631 captusque
2457 5564 2697 5617 eamdem
2731 5566 2917 5619 urbem
2952 5563 3213 5632 hostium,
3251 5578 3305 5623 ut
3332 5567 3514 5622 scribit

1934 5633 2232 5707 Salvianus,
2262 5650 2418 5707 quzun
2454 5648 2527 5707 eo
2548 5635 2634 5687 die
2666 5636 2923 5707 victorem
2946 5651 3003 5690 se
3032 5638 3350 5691 intraturum
3383 5654 3513 5707 pra:-

1937 5706 2190 5771 suuipsit,
2230 5706 2468 5771 captivus
2516 5704 2963 5776 iutravit,anno,
2999 5714 3054 5760 ut
3098 5709 3207 5776 jam
3257 5704 3512 5762 indicavi-

1938 5790 2086 5838 mus,
2130 5776 2255 5830 459.
2292 5776 2467 5841 Quare
2514 5774 2571 5828 in
2617 5774 2865 5831 eumdem
2910 5774 3111 5833 incidit
3133 5779 3274 5833 Aviti
3325 5780 3515 5847 praelea

1939 5855 2114 5903 ctera.
