4060 6332
610 391 715 450 687

607 504 681 561 Se
710 500 931 558 dederat
957 498 1099 566 ruri;
1135 508 1407 567 nunquam
1435 504 1614 551 tamen
1641 494 1749 549 otia
1767 537 1780 563 ,
1813 504 2079 567 nunquam

605 592 821 651 Desidia
848 590 1105 658 imbellis,
1135 588 1482 659 studiumque
1514 595 1571 643 et
1597 601 1727 643 cura
1756 585 1939 656 quieto

603 688 893 743 Armorum
924 697 1177 752 semper;
1209 689 1235 718 α
1263 680 1443 736 subito
1468 694 1591 735 cum
1616 689 1771 749 rupta
1799 676 2025 732 tumultu

602 776 891 833 Barbaries
918 782 1058 830 totas
1091 774 1144 829 in
1176 784 1227 829 te
1254 772 1653 828 transfunderat
1679 778 1875 837 arctos,

602 870 765 943 3&1
796 869 1001 934 Gallia;
1030 882 1326 938 pugnacem
1358 866 1565 935 Rugum
1595 864 1888 920 comitante
1916 862 2145 927 Gelono,

603 961 810 1030 Gepida
839 970 960 1015 trux
986 959 1253 1029 sequitur,
1285 957 1312 997 ιι
1344 956 1571 1027 Scyrum
1600 954 1907 1026 Burgundio
1935 953 2111 1023 cogit;

604 1052 851 1118 Chunus,
884 1050 1224 1118 Bellonotus,
1256 1048 1486 1115 Neurus,
1523 1048 1806 1112 Basterna,
1841 1046 2127 1116 Toringus,

608 1149 918 1212 Bructerus,
954 1145 1136 1200 ulvosa
1168 1159 1328 1213 quem
1358 1144 1437 1197 vel
1471 1144 1487 1173 ³
1515 1141 1671 1197 Nicer
1698 1140 1872 1195 abluit
1901 1140 2071 1204 unda,

608 1239 917 1309 Prorumpit
950 1238 1222 1302 Francus;
1248 1235 1446 1292 cecidit
1473 1233 1580 1289 cito
1607 1243 1752 1288 secta
1782 1231 1995 1301 bipenni

608 1333 861 1389 llercinia
892 1331 947 1386 in
976 1330 1188 1394 lintres,
1218 1337 1271 1384 et
1298 1328 1543 1383 Rhenum
1575 1328 1744 1382 texuit
1782 1324 1926 1379 alno.

622 1428 689 1482 Et
715 1428 825 1496 jam
858 1424 1105 1481 terrificis
1136 1422 1418 1479 diﬂ‘uderat
1446 1422 1610 1482 Attila
1643 1421 1831 1475 turmis

610 1518 668 1573 ln
700 1528 1030 1587 camposse,
1065 1517 1221 1585 Belga
1242 1557 1258 1582 ,
1293 1524 1443 1579 tuos;
1472 1515 1562 1569 vix
1595 1514 1825 1591 liquerat
1852 1511 2016 1581 Alpes

611 1612 822 1677 Aetius,
857 1620 1016 1666 tenue
1044 1620 1099 1664 et
1126 1625 1307 1664 rarum
1334 1609 1451 1665 sine
1484 1608 1655 1663 milite
1684 1607 1887 1662 ducens

616 1702 797 1758 Robur
828 1702 881 1756 in
913 1701 1126 1756 auxiliis
1155 1701 1397 1756 Geticum
1428 1699 1568 1755 male
1595 1698 1849 1753 credulus
1881 1711 2070 1767 agmen

611 1793 890 1848 Incassum
924 1793 1157 1864 pr0priis
1186 1807 1518 1863 praesumens
1545 1791 1730 1847 adfore
1760 1792 1974 1847 casxris.

612 1887 845 1942 Nuntius
872 1896 928 1941 at
954 1898 1235 1957 postquam
1269 1887 1545 1943 ductorem
1583 1888 1848 1957 perculit,
1883 1885 2102 1939 Hunnus

611 1976 730 2032 .lam
770 1991 937 2047 prope
966 1986 1334 2047 contemptum
1372 1978 1606 2048 propriis
1644 1979 1698 2031 in
1742 1977 1957 2032 sedibus
1997 1976 2205 2031 hostem

611 2072 940 2141 Exspectare
966 2072 1151 2137 Getas,
1183 2081 1365 2127 versat
1400 2085 1558 2141 vagus
1589 2071 1769 2125 omnia
1800 2083 1979 2124 secum

610 2164 879 2231 Consilia,
912 2174 967 2220 et
997 2173 1232 2220 mentem
1260 2179 1508 2219 curarum
1542 2164 1792 2218 fluctibus
1818 2173 1988 2232 urget.

612 2257 857 2314 Tandem
888 2261 1161 2312 cunctanti
1188 2257 1330 2312 sedit
1359 2258 1622 2311 sententia
1644 2299 1657 2322 ,
1688 2256 1890 2311 celsum

612 2350 863 2405 Exorare
893 2351 1103 2413 virum,
1134 2349 1487 2414 collectisque
1514 2348 1764 2402 omnibus
1794 2362 1897 2400 una

613 2442 976 2512 Principibus,
1006 2456 1189 2496 coram
1219 2443 1442 2510 supplex
1475 2440 1553 2495 sic
1585 2440 1779 2494 talibus
1810 2440 1943 2493 infit.

692 2535 873 2600 Orbis,
904 2534 1080 2599 Avite,
1112 2534 1278 2600 salus,
1308 2534 1393 2588 cui
1424 2548 1529 2588 non
1562 2548 1700 2587 nova
1731 2534 1900 2602 gloria
1929 2547 2069 2586 nunc
2096 2541 2205 2597 est,

616 2626 774 2693 Quod
805 2635 958 2697 rogat
986 2627 1205 2692 Aetius;
1236 2626 1486 2689 voluisti,
1520 2636 1571 2680 et
1601 2642 1706 2681 non
1740 2633 1896 2680 nocet
1926 2624 2095 2679 hostis
2123 2641 2133 2675 :

618 2728 643 2757 ε
674 2718 803 2772 Vis?
832 2717 1084 2788 prodest;
1116 2718 1322 2772 inclusa
1353 2726 1501 2773 tenes
1530 2726 1608 2771 tot
1637 2717 1800 2772 millia
1833 2726 1993 2781 nutu,

612 2808 683 2865 Et
713 2810 927 2880 populis
955 2809 1155 2865 Geticis
1181 2810 1296 2864 sola
1324 2819 1408 2865 est
1438 2819 1525 2864 tua
1557 2811 1725 2879 gratia
1756 2809 1930 2865 limes.

610 2899 816 2958 lnfensi
845 2916 1061 2971 semper
1091 2901 1267 2969 nobis,
1297 2917 1485 2971 pacem
1520 2902 1614 2955 tibi
1644 2911 1923 2970 praestant.

615 2991 878 3049 Victrices
909 2994 927 3048 i
957 3008 1143 3063 prome
1181 2994 1384 3064 aquilas
1414 3011 1428 3047 :
1461 2993 1565 3057 fac,
1595 2994 1817 3063 optime,
1853 2994 2070 3047 Chunos

613 3085 851 3153 Quorum
881 3085 1019 3141 forte
1048 3088 1191 3157 prior
1217 3089 1340 3156 fuga
1370 3101 1468 3141 nos
1494 3094 1842 3141 concusserat
1866 3086 1996 3140 olim
2017 3127 2031 3152 ,
2076 3102 2081 3109 κ

614 3176 706 3233 Bis
733 3178 904 3234 victor
931 3178 1191 3248 prodesse
1220 3178 1368 3231 mihi.
1405 3178 1495 3233 Sic
1523 3179 1682 3244 fatus,
1717 3186 1772 3229 et
1802 3176 1893 3231 ille

615 3272 893 3330 Pollicitus
920 3282 1135 3340 votum,
1168 3273 1293 3329 fecit
1317 3288 1487 3341 spem.
1524 3272 1773 3326 Protinus
1802 3270 1929 3325 inde

619 3365 892 3432 Advolat,
920 3374 975 3422 et
1002 3366 1232 3420 famulas
1262 3366 1315 3419 in
1348 3365 1530 3434 praelia
1558 3363 1790 3418 concitat
1818 3364 1945 3418 iras.

617 3458 776 3520 Ibant
805 3460 1006 3530 pellitae
1037 3469 1158 3530 post
1184 3459 1409 3515 classica
1440 3458 1667 3513 Romula
1699 3467 1908 3525 turmas,

620 3552 704 3613 Ad
731 3566 931 3610 nomen
958 3562 1213 3609 currente
1238 3552 1405 3618 Geta;
1437 3551 1589 3608 timet
1616 3565 1725 3607 tere
1750 3549 1935 3605 vocari

602 3776 610 3819 ί
691 3794 721 3825 ι
748 3785 951 3856 Duplex
980 3785 1083 3841 alia
1115 3786 1308 3856 legatio
1338 3785 1508 3841 Aviti.
1535 3782 1691 3838 Prior
1714 3784 1782 3838 ad
1815 3781 2211 3856 Theodoricum

621 3854 901 3925 eumdem,
938 3872 1059 3912 cum
1104 3854 1341 3913 irruente
1385 3856 1437 3909 in
1486 3856 1714 3911 Galliam
1759 3854 1921 3908 Attila
1964 3854 2212 3925 Tolosam

619 3930 761 3984 Aetii
791 3924 978 3997 rogatu
1009 3929 1276 3996 profectus
1303 3936 1414 3992 est,
1450 3934 1510 3981 ut
1551 3926 1757 3982 Gothos
1803 3926 1858 3979 in
1890 3924 2020 3980 belli
2065 3924 2212 3979 llun-

620 4000 730 4055 nici
758 4001 1070 4054 societatem
1102 4000 1452 4065 pertraheret.

699 4069 726 4108 δ
760 4070 967 4137 Vulgati
1012 4071 1177 4129 olim».
1219 4069 1475 4123 Scotum:
1525 4068 1707 4136 scripti
1742 4067 1954 4123 Scerum
1999 4067 2209 4136 legunt,

622 4148 717 4193 aut
748 4136 1023 4205 Scoerum,
1053 4139 1196 4208 quod
1242 4154 1341 4207 pro
1384 4138 1556 4207 Scyro
1595 4139 1663 4191 ab
1701 4138 2016 4206 antiquariis
2051 4136 2214 4191 scribi

621 4209 875 4273 solitum,
907 4219 963 4263 ut
993 4225 1201 4277 goerum
1228 4224 1325 4277 pro
1356 4224 1538 4277 gyrum
1569 4208 1707 4277 apud
1739 4209 2056 4261 Ausonium.
2082 4208 2215 4277 Scy-

1897 370 2140 432 SIDONII
2182 362 2637 427 APOLLINARIS
3777 352 3867 416 διε

2230 492 2283 549 Α
2310 481 2471 554 342
2510 480 2754 546 Dirutus,
2800 475 3148 548 oppronrium
3190 483 3301 529 non
3342 470 3596 527 damnum
3637 468 3867 528 barbarus

3544 560 3802 634 [horrens

2302 666 2413 722 Hos
2438 665 2504 721 ad
2534 664 2672 721 bella
2704 660 2870 718 trahit
2895 668 3010 716 tum
3037 658 3150 728 jam
3175 670 3302 728 spes
3326 655 3474 712 orbis
3501 654 3713 719 Avitus,

2302 759 2400 816 Vel
2430 759 2542 830 jam
2575 759 2840 829 privatus,
2879 754 2966 810 vel
2997 753 3193 809 adhuc.
3223 749 3312 808 Sic
3336 751 3585 807 cinnama
3615 749 3779 819 busto,

2302 851 2470 909 Collis
2505 847 2772 921 Erythraei
2811 855 3032 916 portans
3071 844 3359 900 Phoebeius
3389 844 3524 911 ales,
3767 832 3790 855 ⁸

2301 944 2549 1001 Concitat
2573 957 2736 999 omne
2773 942 2952 997 avium
2992 940 3221 1009 vulgus:
3255 936 3568 993 famulantia
3597 943 3808 991 currunt

2304 1037 2564 1105 Agmina,
2604 1045 2658 1088 et
2697 1042 2960 1103 angustus
2996 1044 3201 1102 pennas
3234 1044 3340 1085 non
3374 1027 3612 1098 explicat
3647 1042 3754 1083 aer.

2382 1129 2407 1164 ιι
2445 1128 2561 1182 Jam
2595 1141 2762 1197 prope
2797 1127 2901 1179 fata
2939 1126 3012 1179 tui
3047 1125 3292 1180 bissenas
3317 1122 3551 1179 vulturis
3587 1120 3702 1175 alas

2304 1226 2654 1296 Complebant
2692 1223 2823 1293 (scis
2849 1237 3081 1293 namque
3104 1229 3221 1278 tuos
3244 1260 3261 1287 ,
3283 1220 3411 1287 scis,
3442 1220 3638 1286 Roma,
3674 1217 3879 1287 labores)

2310 1328 2334 1355 ε
2371 1320 2580 1375 Aetium
2615 1317 2863 1373 Placidus
2891 1314 3155 1370 mactavit
3194 1314 3415 1369 semivir
3452 1320 3645 1368 amens

2310 1411 2518 1481 Vixque
2544 1419 2637 1465 tuo
2666 1408 2978 1480 impositum
3010 1406 3169 1477 capiti
3193 1405 3441 1462 diadema
3460 1448 3476 1474 ,
3511 1405 3772 1465 Petroni:

2307 1506 2457 1561 lllico
2492 1504 2786 1568 barbaries,
2820 1518 2921 1575 nec
2951 1517 3059 1557 non
3088 1501 3191 1556 sibi
3225 1509 3381 1570 capta
3416 1501 3594 1556 videri

2308 1600 2479 1654 Roma
2523 1598 2692 1663 Getis,
2731 1597 2996 1665 tellusque
3035 1609 3133 1649 suo
3171 1606 3390 1648 cessura
3425 1591 3634 1662 furori,

2308 1689 2575 1758 Raptores
2612 1702 2709 1743 ceu
2747 1688 2885 1742 forte
2920 1686 3062 1755 lupi,
3098 1683 3214 1754 quis
3253 1699 3383 1739 nare
3419 1684 3603 1755 sagaci

2316 1782 2578 1835 Monstrat
2617 1780 2753 1835 odor
2783 1780 3034 1849 pinguem
3074 1777 3275 1833 clausis
3310 1777 3377 1832 ab
3418 1777 3656 1833 ovilibus
3692 1792 3874 1848 auram,

2240 1874 2286 1933 Β
2315 1875 2565 1943 lrritant,
2602 1883 2903 1943 acuuntque
2939 1872 3159 1939 famem,
3202 1877 3524 1941 portantque
3551 1872 3755 1942 rapina:

2310 1968 2368 2024 ln
2408 1970 2556 2024 vultu
2590 1968 2854 2038 speciem,
2892 1966 3071 2034 patulo
3098 1964 3298 2035 jejunis
3332 1965 3467 2020 rictu

2314 2061 2619 2127 Fallentes;
2653 2061 2761 2131 jam
2795 2058 3037 2128 jamque]
3052 2066 3204 2112 tener
3241 2070 3338 2128 Spe
3363 2058 3650 2127 [frangitur
3687 2070 3853 2128 agnus,

2314 2157 2487 2225 Atque
2519 2154 2713 2209 absens
2746 2153 2904 2207 avido
2940 2153 3169 2222 crepitat
3200 2152 3309 2223 jam
3347 2153 3527 2223 prmda
3564 2154 3763 2223 palato.

2386 2250 2526 2317 Quin
2564 2260 2619 2304 et
2653 2249 2999 2304 Aremoricus
3036 2248 3260 2318 piratam
3294 2248 3506 2304 Saxona
3546 2258 3747 2306 tractus

2313 2346 2609 2416 Sperabat,
2639 2346 2723 2400 cui
2762 2345 2902 2413 pelle
2931 2344 3102 2398 salum
3138 2344 3353 2399 sulcare
3394 2346 3713 2399 Britannum

2312 2438 2516 2504 Ludus,
2547 2449 2599 2493 ct
2631 2447 2815 2493 assuto
2854 2438 3099 2505 glaucum
3136 2452 3282 2492 mare
3324 2436 3529 2493 findere
3569 2438 3761 2492 lembo.

2315 2530 2554 2585 Francus
2588 2530 2914 2585 Germanum
2950 2529 3180 2597 primum
3202 2569 3217 2594 ,
3258 2530 3583 2599 Belgamque
3612 2528 3872 2585 secundum

2314 2626 2632 2690 Slernebat,
2664 2625 3016 2694 Rhenumque
3051 2625 3206 2679 ferox
3242 2626 3544 2680 Alamanne
3583 2626 3791 2681 bibebas

2315 2717 2572 2772 Romanis
2603 2716 2760 2785 ripis,
2793 2727 2846 2771 et
2881 2727 3107 2787 utroque
3141 2717 3404 2784 superbus
3438 2718 3490 2771 in
3533 2733 3668 2786 agro

2320 2808 2339 2847 ί
2381 2810 2475 2864 Vel
2507 2809 2661 2875 civis,
2693 2809 2777 2864 vel
2807 2809 2977 2864 victor
3006 2824 3146 2864 eras.
3176 2808 3280 2864 Sed
3313 2808 3523 2878 perdita
3555 2824 3773 2864 cernens

2314 2902 2601 2957 Terrarum
2637 2900 2844 2969 spatia,
2885 2901 3139 2970 princeps
3173 2901 3284 2970 jam
3323 2900 3612 2969 Maximus,
3645 2916 3790 2955 unum

2313 2998 2467 3066 Quod
2508 2998 2606 3053 fuit
2638 2997 2713 3053 in.
2735 2997 2930 3065 rebus,
2972 2997 3320 3069 peditumque
3354 3001 3703 3070 equitumque
3735 2998 3868 3067 magi-

3670 3102 3818 3148 strum

2315 3183 2392 3239 Te
2426 3184 2558 3244 sibi.
2591 3184 2768 3249 Avite,
2803 3184 2934 3253 legit
2962 3201 2975 3238 :
3017 3185 3195 3240 collati
3227 3199 3414 3241 rumor
3449 3094 3667 3243 honori:

2241 3263 2286 3324 C
2320 3276 2528 3331 invenit
2555 3276 2874 3344 agricolam,
2910 3275 3031 3331 ﬂexi
3066 3277 3191 3332 dum
3227 3277 3365 3332 forte
3393 3278 3585 3348 ligonis

2321 3367 2550 3421 Exercet
2591 3367 2812 3433 dentes,
2852 3367 2932 3422 vel
2972 3367 3149 3437 pando
3181 3382 3384 3437 pronus
3414 3379 3582 3423 aratro

2320 3458 2480 3530 3&3
2502 3458 2675 3514 Vertit
2708 3460 3043 3516 inexcoctam
3071 3477 3169 3533 per
3195 3463 3411 3532 pinguia
3446 3462 3618 3533 jugera
3649 3459 3870 3531 glebam,
3956 3460 3959 3465 “

2327 3552 2422 3608 Sic
2456 3551 2726 3622 quondam
2761 3552 2829 3607 ad
2864 3556 3055 3624 patria:
3097 3567 3186 3611 res
3221 3553 3417 3610 fractas
3455 3568 3647 3625 pauper
3678 3560 3839 3607 arator

2321 3782 2404 3837 bis
2434 3783 2643 3838 ruinam
2676 3783 3017 3850 metuebant,
3043 3783 3141 3839 etsi
3170 3796 3433 3837 annorum
3467 3794 3745 3836 numerum
3772 3793 3877 3832 non.

2318 3852 2444 3908 dum
2475 3855 2774 3924 explerant.
2815 3854 3024 3922 Jupiter
3052 3853 3617 3924 Sidonianusaugurii
3654 3860 3879 3906 eventunt

2319 3927 2420 3979 sub
2449 3926 2589 3979 Aetii
2629 3937 2681 3979 et
2713 3924 3072 3980 Valentiniani
3112 3925 3313 3979 cmdem
3356 3923 3671 3992 impendere
3710 3925 3880 3992 denun-

2319 3996 2449 4078 tiat,
2473 4010 2580 4067 quo
2608 4005 2847 4063 tempore
2873 3996 3004 4052 urbs
3045 3997 3211 4050 Roma
3240 3995 3387 4050 mille
3418 3991 3685 4051 ducentos
3721 3991 3875 4063 paucis

2323 4079 2482 4121 annis
2513 4078 2840 4122 excesserat.

2399 4147 2422 4173 ο
2450 4137 2685 4207 Tempus
2720 4147 2899 4202 notat.
2935 4152 3260 4208 causamque
3298 4136 3463 4192 delati
3495 4137 3656 4208 Avito
3693 4149 3781 4206 per
3806 4132 3883 4208 Pc-

2326 4209 2561 4262 tronium
2589 4203 2898 4263 'Maximum
2946 4203 3514 4278 militiar'magisterii.
3562 4203 3716 4262 Cresc
3759 4203 3879 4260 enim

625 4293 721 4366 res
772 4289 969 4366 autem
1002 4279 1306 4366 Scythicam
1358 4289 1570 4347 gentem
1592 4322 1606 4347 ,
1658 4278 1951 4366 Alanorum
2007 4287 2209 4346 partem
2242 4306 2294 4366 ι)
2322 4288 2443 4348 post
2482 4280 2624 4366 Aetii
2660 4295 2843 4361 necem
2876 4278 3284 4361 Valentiniano,
3306 4294 3450 4360 .cum
3492 4280 3756 4366 Maximus
3786 4290 3886 4355 pur:

623 4347 792 4403 fuisse
821 4349 977 4404 docet
1004 4349 1327 4413 .lornandes,
1367 4364 1567 4416 eosque
1597 4358 1717 4417 post
1757 4348 1937 4402 Attilae
1982 4358 2207 4403 mortem

624 4419 682 4473 in
708 4418 891 4474 Moesia
912 4419 1240 4485 consedisse,
1266 4428 1374 4474 tum
1400 4430 1581 4488 postea
1608 4419 1904 4474 Odoacrem
1930 4421 1980 4474 in
2008 4420 2209 4473 Italiam

627 4499 865 4546 secutos.

608 4560 617 4629 ξ
704 4571 727 4599 ο
760 4560 932 4629 Olim,
968 4562 1165 4631 inquit,
1208 4576 1329 4615 cum
1375 4561 1465 4616 tibi
1509 4562 1765 4616 victorem
1809 4561 2204 4616 'I‘heodoricum

629 4632 696 4686 ad
736 4647 920 4702 pacem
952 4632 1152 4686 hortari
1199 4632 1380 4701 libuit,
1428 4632 1584 4687 desiit
1615 4646 1845 4687 nocere:
1879 4646 2020 4686 nunc
2057 4633 2102 4687 si
2132 4633 2211 4686 vis

629 4703 824 4757 iterum
854 4719 1063 4772 rogare,
1100 4704 1336 4772 proderit
1363 4702 1473 4759 suis
1504 4703 1733 4757 auxiliis.
1761 4704 1851 4757 Sic
1879 4718 2007 4772 ergo
2036 4703 2214 4772 legen-

627 4773 755 4841 dus,
783 4783 838 4829 et
878 4774 1281 4843 distinguendus
1326 4774 1412 4828 hic
1461 4774 1627 4829 locus.
1670 4774 1799 4828 Nam
1847 4774 2108 4828 sententia
2157 4774 2211 4828 in

564 4908 565 4911 η
628 4844 857 4913 vulgatis
891 4845 1035 4899 nulla
1063 4854 1197 4898 erat.
1230 4845 1338 4899 Nec
1370 4846 1547 4898 minus
1574 4845 1789 4911 elegans
1818 4846 2053 4899 clausula
2084 4859 2209 4898 ora-

627 4915 812 4980 tionis,
857 4931 960 4984 qua
1007 4923 1154 4983 optat
1199 4915 1417 4969 llunnos
1456 4915 1544 4984 qui
1594 4914 1733 4968 bello
1780 4915 2039 4981 Gothico,
2086 4930 2207 4970 cum

626 4987 920 5040 auxiliares
959 4995 1175 5049 essent,
1213 4986 1336 5039 victi
1383 4996 1706 5052 nocuerant,
1740 4986 2012 5055 cladisque
2060 4984 2209 5040 Lito-

564 5092 569 5097 ι
627 5056 791 5109 riana:
822 5064 1068 5110 auctores
1104 5055 1226 5124 fuga
1270 5071 1363 5109 sua
1407 5055 1647 5121 fuerant,
1682 5073 1823 5110 nunc
1866 5072 1988 5111 cum
2028 5057 2211 5111 hostes

624 5136 780 5196 sunt,
810 5128 999 5181 iterum
1028 5126 1354 5196 vinci_atque
1385 5127 1456 5179 ita
1484 5126 1563 5180 bis
1586 5128 1754 5181 victos
1786 5127 2059 5196 prodesse.

703 5195 727 5232 ιι
766 5198 935 5251 Varro
976 5197 1115 5265 apud
1157 5194 1508 5251 Censorinum
1545 5199 1609 5250 de
1652 5197 1738 5251 die
1777 5194 1938 5252 natali
1980 5212 2098 5267 cap.
2145 5199 2211 5252 17

628 5277 842 5332 narrat,
875 5268 1090 5322 audisse
1116 5282 1174 5322 se
1212 5282 1275 5320 ex
1311 5267 1486 5337 Vettio
1524 5282 1757 5337 augure,
1783 5271 1827 5321 si
1854 5270 1927 5321 ita
1956 5279 2113 5333 esset,
2157 5276 2211 5322 ut

630 5342 889 5392 traderent
931 5339 1160 5392 historici
1201 5338 1263 5391 de
1299 5336 1503 5392 Romuli
1546 5338 1699 5392 Urbis
1729 5340 2007 5392 condenda:
2035 5341 2213 5407 auspi-

628 5410 751 5473 ciis,
784 5426 843 5461 ac
885 5410 950 5463 1‘2
986 5409 1269 5463 vulturibus
1307 5410 1547 5478 quoniam
1586 5411 1686 5464 120
1731 5427 1891 5463 annos
1938 5411 2209 5463 incolumis

668 5482 932 5563 [rieterisset
968 5479 1190 5563 populus
1231 5479 1512 5563 Romanus,
1553 5482 1622 5560 ad
1660 5479 2206 5563 lellOpcrt'en-turum.

684 5548 799 5615 ujus
824 5548 1058 5606 vaticinii
1088 5565 1353 5605 memores
1390 5551 1645 5615 Romani,
1678 5550 1888 5604 Alarico
1920 5550 1971 5602 in
2005 5549 2210 5605 Italiam

628 5614 891 5688 irruente,
924 5630 981 5676 ut
1008 5621 1329 5677 Claudianus
1354 5621 1422 5677 de
1462 5620 1603 5676 bello
1632 5614 1826 5675 Getico
1864 5620 2079 5686 scribit,
2108 5620 2208 5677 Ur-

708 5780 725 5811 ί
749 5776 1043 5834 Hadrianus
1065 5780 1305 5833 Valesius
1331 5779 1449 5833 Rer.
1478 5778 1717 5832 Francic.
1745 5778 1837 5830 lib.
1855 5792 1908 5844 v,
1936 5792 2055 5846 pag.
2078 5777 2206 5841 22!,

632 5853 790 5913 scribi
821 5850 927 5905 vult
963 5849 1131 5903 Vicer.
1172 5848 1328 5919 (Vide
1360 5849 1493 5905 infra
1519 5856 1710 5937 notam“
1731 5846 1801 5935 ad
1836 5863 2001 5907 carm.
2031 5847 2131 5915 25,
2162 5864 2215 5905 v.

2323 4344 2510 4420 puram
2540 4350 2831 4420 induisset,
2862 4351 3118 4406 continuo
3147 4344 3319 4405 exorti
3349 4357 3476 4403 sunt
3501 4351 3555 4402 in
3580 4349 3751 4404 Gallia
3774 4344 3883 4400 varii

2320 4419 2498 4475 motus
2548 4419 2870 4491 Gothorum,
2926 4422 3226 4487 Saxonum,
3283 4420 3437 4492 133
3468 4420 3884 4492 Francorumet

2320 4492 2759 4546 Alamannorum.
2809 4488 2889 4548 Ad
2930 4507 3063 4562 quos
3113 4488 3563 4546 sedandos—nihil
3613 4488 3883 4545 consultius

2316 4563 2491 4616 visum
2520 4562 2773 4631 Maximo,
2797 4578 2955 4633 quam
2981 4572 3038 4617 ut
3060 4564 3273 4617 Avitum
3301 4563 3536 4632 peditum
3558 4563 3883 4633 equitumque

2317 4646 2413 4703 per
2439 4632 2642 4687 Gallias
2671 4635 2982 4703 magistrum
3010 4643 3244 4700 crearet.

2396 4701 2415 4741 ι
2450 4701 2870 4759 Alamannorum
2896 4705 3041 4759 enim
3082 4705 3239 4759 sedes
3279 4704 3331 4759 in
3361 4704 3555 4759 Suevia
3588 4714 3736 4759 trans
3769 4702 3890 4755 Rhe-

2316 4789 2467 4829 num.
2502 4774 2653 4829 Nunc
2683 4775 2870 4830 Rheno
2918 4776 3139 4845 trajecta
3185 4775 3490 4830 citeriorem
3537 4789 3759 4845 quoque
3792 4771 3884 4825 Ro-

2319 4860 2600 4900 manorum
2642 4846 2810 4915 ripam
2852 4844 3197 4901 infestabant.
3239 4846 3420 4915 Itaque
3466 4846 3518 4900 in
3554 4844 3675 4911 hac,
3714 4844 3765 4898 id
3796 4850 3890 4903 est,

2318 4915 2374 4991 in
2414 4914 2979 4991 Gallicanalvictores,
3036 4916 3090 4991 in
3130 4914 3454 4991 Germanica
3501 4932 3673 4991 quam
3709 4914 3892 4991 dudum

2317 4986 2643 5049 incolebant,
2669 4988 2814 5043 cives
2836 4996 3012 5043 erant.
3041 4988 3147 5043 Sed
3180 5003 3285 5042 non
3316 4988 3483 5041 multo
3514 4983 3634 5053 post
3662 4987 3713 5039 in
3747 4983 3894 5040 Galli-

2314 5072 2504 5129 canam
2532 5074 2745 5128 quoque
2768 5059 3159 5129 immigrarunt,
3192 5067 3464 5127 latamque
3488 5058 3632 5129 illam
3664 5057 3894 5129 Maxima;

2317 5124 2687 5199 Sequanorum
2735 5124 2945 5199 partem
2989 5124 3320 5199 occuparunt
3359 5124 3479 5199 qua:
3527 5143 3558 5182 a
3605 5128 3809 5199 Rheno,
3833 5124 3894 5199 ad

2317 5194 2502 5253 Juram
2533 5215 2701 5270 usque
2736 5194 2976 5256 montem
3008 5194 3337 5269 porrigitur:
3376 5194 3464 5253 cui
3501 5207 3558 5254 et
3587 5213 3745 5253 nova:
3788 5194 3899 5251 Ala-

2317 5271 2549 5340 manniae
2580 5269 2776 5325 nemen
2808 5270 3070 5326 fecerunt.
3104 5271 3177 5325 De
3197 5286 3301 5340 qua
3332 5269 3547 5340 quidem
3575 5269 3896 5340 Cisrhenana

2272 5362 2281 5367 ε
2314 5354 2411 5394 seu
2439 5339 2640 5395 Gallica
2675 5342 3018 5407 Alamannis,
3065 5350 3174 5396 tum
3215 5338 3302 5397 alii
3351 5338 3548 5410 passim
3570 5381 3584 5405 ,
3618 5350 3726 5394 tum
3773 5338 3893 5410 Grc-

2314 5410 2499 5534 gorius
2529 5411 2858 5467 Turonensis
2898 5415 2951 5466 in
2986 5412 3100 5466 Vita
3138 5412 3235 5469 SS.
3277 5407 3515 5481 Lupicini
3549 5422 3603 5467 et
3631 5407 3853 5464 Romani
3890 5422 3899 5454 :

2353 5481 2425 5534 ιια
2460 5479 2693 5534 Iurensia
2733 5485 2921 5534 deserti
2958 5493 3177 5534 secreta.
3219 5499 3334 5534 ante
3379 5483 3511 5534 inter
3549 5480 3899 5534 Burauudium

2353 5481 2425 5564 tta
2460 5479 2693 5564 Iurensia
2733 5485 2921 5564 deserti
2958 5493 3177 5564 secreta,
3219 5499 3334 5564 quite
3359 5479 3899 5564 ἶηιεηῌηνφιηάὶιυη

2316 5553 2775 5625 Atamanniamque
2802 5555 2921 5621 sita,
2947 5555 3201 5609 Aventij
3223 5553 3462 5624 adjacent
3485 5553 3689 5608 civitati.

2317 5778 2472 5920 24:1.)
2514 5782 2744 5839 BAUNIUS
2782 5783 3057 5841 Sirmond.
3098 5782 3291 5849 editor,
3339 5777 3546 5852 praefat.
3595 5777 3658 5836 ad
3700 5784 3842 5835 tom.
3869 5772 3907 5840 Ι.
