4060 6332
225 313 318 375 689
1188 326 1189 329 “
1290 316 1291 319 η
1522 348 1601 396 ιῑι

222 428 520 487 Cincinnate
547 426 716 492 venis,
747 435 980 483 veterem
1010 440 1131 483 cum
1164 437 1212 482 te
1242 425 1414 481 induit
1440 440 1574 481 uxor
1654 420 1659 425 ’
1694 466 1708 483 .

224 510 348 580 Ante
376 519 536 573 boves
565 516 836 585 trabeam,
863 520 1286 584 dictatoremque
1316 519 1533 587 salignae

224 616 480 681 Excepere
507 610 671 675 fores,
698 619 861 681 atque
892 611 956 667 ad
985 627 1077 665 sua
1106 619 1241 666 tecta
1276 613 1530 667 ferentem

222 703 360 775 Quod
390 718 493 757 non
525 704 782 772 persevit,
811 703 1055 773 turpique
1080 718 1111 757 e
1142 702 1282 757 fasce
1313 713 1528 773 gravata

221 798 327 852 Vile
356 793 685 863 triumphalis
715 795 944 863 portavit
970 809 1200 863 purpura
1233 808 1436 849 semen.

283 886 345 941 Ut
379 885 605 955 primum
642 887 831 955 ingesti
864 885 1071 954 pondus
1103 886 1339 955 suscepit
1382 886 1621 950 honoris,

218 983 374 1049 Legas
407 978 498 1049 qui
550 979 760 1032 veniam
802 987 1056 1047 poscant,
1100 978 1419 1043 Alamanne,
1457 975 1672 1031 furoris.

216 1074 437 1131 Saxonis
471 1072 715 1126 incursus
745 1081 951 1136 cessat,
987 1080 1012 1108 ⁸
1041 1071 1398 1141 Cattbumque
1430 1071 1652 1140 palustri

215 1167 396 1236 Alligat
426 1166 576 1219 Albis
606 1180 780 1234 aqua:
814 1166 1007 1235 vixque
1038 1165 1137 1219 hoe
1169 1173 1249 1218 ter
1271 1172 1545 1218 menstrua
1578 1170 1745 1218 totum

215 1261 349 1315 Luna
382 1258 547 1313 videt.
580 1258 604 1295 δ
632 1258 859 1326 Jamque
886 1257 951 1311 ad
989 1258 1214 1328 populos
1247 1267 1300 1312 et
1331 1273 1453 1313 rura
1480 1257 1642 1313 feroci

212 1354 368 1409 Tcnta
404 1351 555 1406 Getae
586 1350 858 1420 protendit
887 1350 1009 1417 iter,
1045 1365 1147 1419 qua
1181 1350 1367 1418 pulsus
1400 1349 1467 1403 ab
1502 1359 1640 1405 :estu

212 1445 466 1507 Oceanus,
500 1442 726 1496 reﬂuum
758 1441 958 1511 spargit
989 1454 1084 1511 per
1116 1441 1257 1496 culta
1290 1441 1649 1505 Garumnam,

212 1535 261 1589 ln
295 1534 491 1588 ﬂumen
531 1542 783 1589 currente
812 1533 983 1586 mari:
1020 1531 1350 1586 transcendit
1382 1547 1596 1586 amarus

211 1628 398 1684 Blanda
426 1628 621 1682 ﬂuenta
657 1627 818 1693 latex,
845 1626 1096 1696 ﬂuviique
1126 1626 1350 1697 impacta
1384 1642 1480 1696 per
1506 1627 1715 1681 alveum

212 1722 353 1778 Salsa
379 1718 727 1789 peregrinum
758 1719 857 1773 sibi
887 1721 1099 1788 navigat
1126 1717 1266 1773 unda
1300 1719 1641 1788 profundum.

210 1811 298 1866 llic
312 1812 426 1880 jam
450 1809 709 1879 disposito
734 1811 975 1865 laxantes
1007 1809 1155 1864 frena
1184 1810 1363 1865 duello

211 1915 232 1943 ο
262 1903 523 1960 Vesorum
558 1916 808 1973 proceres
833 1904 1026 1972 raptim
1058 1902 1337 1971 suspendit
1358 1903 1424 1957 ab
1448 1902 1524 1957 ira

209 1998 428 2063 Rumor,
461 1997 487 2033 «ί
518 1995 790 2053 suecineto
822 1997 1062 2052 referens
1092 1996 1383 2067 diplomate
1416 1996 1628 2051 Avitum

206 2090 314 2147 1am
341 2089 564 2147 Geticas
592 2090 797 2144 intrare
821 2088 1029 2153 domos,
1063 2089 1344 2159 positaque
1374 2103 1658 2159 parumper

206 2182 335 2238 Mole
361 2181 685 2252 magisterii,
715 2180 873 2250 legati
898 2179 1019 2249 jura
1047 2180 1275 2236 subisse.

205 2277 540 2346 Obstupuere
566 2274 729 2330 duces
759 2274 963 2344 pariter
993 2272 1385 2344 Scythicusque
1413 2280 1649 2338 senatus,

205 2368 267 2424 Et
301 2368 539 2423 timuere
563 2381 714 2422 suam
742 2380 929 2436 pacem
954 2379 1021 2419 ne
1043 2364 1181 2419 forte
1212 2372 1457 2433 negaret.

203 2460 285 2517 Sic
311 2462 509 2517 rutilus
542 2458 869 2515 Phaethonta
902 2459 1074 2514 levem
1096 2474 1219 2513 cum
1242 2466 1489 2527 carperet
1507 2458 1643 2523 axis,

185 2555 315 2611 Jam
339 2553 576 2624 pallente
598 2552 704 2618 die,
736 2552 1087 2622 ﬂagrantique
1115 2552 1285 2607 excita
1318 2552 1517 2607 mundo

206 2649 306 2705 Pax
332 2648 730 2705 elementorum
761 2645 984 2715 fureret,
1016 2646 1101 2699 vel
1128 2645 1268 2700 sicca
1302 2646 1633 2717 propinquus

203 2741 429 2798 Saiviret
456 2756 548 2810 per
577 2748 762 2810 stagna
796 2754 982 2809 vapor,
1012 2737 1279 2804 limusque
1300 2738 1473 2793 sitiret

205 2833 467 2889 Pulvereo
493 2830 645 2902 ponti
677 2829 874 2893 fundo;
910 2838 1035 2884 tunc
1063 2830 1217 2884 unica
1248 2829 1435 2885 thbi

205 2924 479 2981 lnsuetum
502 2924 742 2980 clemens
766 2923 1024 2978 exstinxit
1043 2922 1258 2977 ﬂamma
1283 2922 1540 2977 calorem.

270 3016 439 3090 344
456 3016 552 3071 llic
572 3015 765 3085 aliquis
788 3025 897 3070 tum
923 3015 1057 3069 forte
1079 3014 1401 3079 Getes,dum
1425 3014 1560 3070 falce
1582 3022 1790 3069 recocta

203 3108 404 3167 Ictibus
428 3109 705 3176 informat,
733 3121 973 3176 saxoque
999 3106 1302 3161 cacuminat
1331 3120 1538 3174 ensem,

203 3200 317 3258 iam
351 3210 636 3272 promptus
684 3172 913 3255 caluisse
944 3198 1113 3265 tubis,
1142 3198 1250 3269 jam
1278 3198 1493 3270 jamque
1524 3172 1789 3271 frequenti
1817 3172 1864 3234 Ο

201 3295 364 3352 Czede
396 3296 703 3367 sepulturus
736 3302 955 3359 terram,
984 3309 1088 3348 non
1123 3294 1276 3348 hoste
1304 3293 1535 3363 sepulto,

199 3386 411 3442 Clarnit
441 3395 497 3442 ut
523 3387 750 3457 primum
785 3402 980 3441 nomen
1010 3384 1274 3441 venientis
1297 3386 1463 3452 Aviti,

197 3478 486 3534 Exclamat
511 3495 526 3532 :
556 3478 719 3533 Periit
743 3477 968 3542 bellum,
1000 3477 1123 3532 date
1150 3492 1337 3532 rursus
1363 3486 1561 3535 aratra.

195 3569 323 3624 Otia
346 3566 392 3620 si
428 3568 633 3636 replico
659 3566 852 3637 priscae
874 3567 1011 3622 bene
1041 3576 1165 3621 nota
1196 3570 1412 3638 quietis,

195 3659 322 3716 Non
355 3660 529 3713 semel
560 3659 658 3712 iste
681 3655 811 3711 mihi
840 3657 1039 3713 ferrum
1065 3659 1224 3711 tulit:
1255 3673 1287 3713 ο
1315 3660 1517 3728 pudor!
1550 3676 1582 3717 o
1606 3663 1679 3718 dii
1705 3666 1718 3718 !

194 3751 441 3809 Tantum
471 3764 631 3820 posse
650 3749 838 3804 ﬁdem!
866 3749 994 3820 quid
1018 3748 1222 3806 ftedera
1246 3750 1386 3805 lenta
1408 3753 1651 3821 minaris,

269 3894 299 3923 ιι
332 3884 391 3938 ld
424 3892 510 3940 est
552 3882 839 3938 Francum.
880 3881 1061 3954 Cattbi
1089 3884 1232 3938 enim
1278 3885 1458 3954 populi
1495 3888 1800 3949 Germania:

198 3956 266 4011 ad
309 3956 562 4010 Rhenum
582 3996 614 4030 ,_
640 3955 778 4009 inter
819 3952 1247 4030 Francicas_seu
1281 3952 1539 4030 ilfraneici
1581 3961 1796 4030 imperii

235 4038 395 4083 entes
438 4026 829 4089 censebantur;
880 4039 1016 4093 quos
1066 4026 1224 4078 etiam
1284 4026 1609 4085 Marcomere
1654 4026 1798 4089 duce

226 4100 540 4153 "rancorum
564 4096 822 4151 adversus
849 4095 1199 4164 Arbogastem
1225 4096 1352 4150 olim
1383 4100 1641 4157 militasse
1666 4105 1798 4157 scri-

203 4179 428 4239 pserat,
469 4167 730 4237 Gregorio
782 4176 953 4230 teste,
993 4166 1260 4235 Sulpicius
1308 4168 1611 4226 Alexander
1660 4174 1797 4231 libro

205 4242 387 4296 tertio.

278 4310 305 4349 b
338 4308 554 4381 sedatis
599 4307 818 4361 aliarum
847 4307 1084 4381 gentium
1118 4308 1379 4377 motibus,
1414 4313 1602 4381 reliqui
1643 4326 1796 4371 erant

207 4381 406 4448 Gothi,
434 4380 499 4433 ad
533 4394 663 4444 quos
694 4378 960 4450 pacandos
991 4379 1177 4433 Avitus
1222 4381 1335 4447 ipse
1378 4378 1648 4450 profectus
1687 4395 1792 4442 est.

1680 292 2005 392 cantum.
2084 333 2124 371 ,ί

3367 313 3472 373 690

1816 438 1864 493 A
1890 437 1950 495 In
1975 433 2228 491 damnum
2258 431 2383 484 mihi
2417 432 2518 487 fide
2551 444 2725 485 meum
2753 430 2776 483 ?
2806 430 3117 500 compendia
3146 430 3297 501 pacis

1894 530 1959 585 Et
1994 534 2252 597 praestare
2272 526 2428 592 juhes
2458 540 2577 587 nos,
2611 535 2663 579 ct
2694 526 2887 580 debere
2914 543 2927 577 :
2961 525 3080 594 quis
3110 539 3340 594 unquam

1890 614 2183 667 Crederet?
2212 631 2276 667 cn
2306 616 2471 668 tictici
2494 632 2645 683 reges
2673 630 2863 687 parcre
2906 618 3168 684 volentes,

1893 707 2116 763 Inferius
2141 722 2396 776 regnasse
2418 718 2633 775 putant;
2666 724 2763 763 nec
2790 710 2969 765 dicere
2996 710 3169 764 saltim

1888 801 2082 856 Pacem
2112 801 2264 855 fortis
2287 815 2433 855 amas
2458 817 2472 865 ;
2503 805 2610 868 jam
2641 804 2839 872 parteis
2862 804 3051 858 sternit
3082 804 3307 869 Avitus;

1890 894 2113 964 Insuper
2141 902 2194 948 et
2226 893 2437 948 Geticas
2466 895 2776 963 prtemissus
2802 896 3033 950 continet
3059 896 3167 949 iras

1890 986 2185 1047 Messianus
2210 1004 2220 1038 :
2251 985 2423 1039 adhuc
2446 985 2730 1050 mandasti,
2768 994 2823 1039 et
2850 987 3096 1055 ponimus
3119 1002 3285 1040 arma.

1890 1080 2027 1146 Quid
2045 1090 2233 1144 restat,
2248 1081 2388 1148 quod
2410 1094 2568 1150 posse
2582 1079 2745 1135 velis?
2767 1080 2909 1148 quod
2935 1096 3040 1134 non
3065 1095 3249 1135 sumus
3271 1082 3470 1146 hostes,

1891 1177 2061 1233 Parva
2092 1192 2216 1232 reor
2243 1194 2257 1242 ;
2292 1179 2469 1245 prisco
2496 1186 2553 1231 tu
2582 1178 2625 1231 si
2655 1176 2786 1231 mihi
2817 1186 2975 1231 notus
2995 1178 3051 1231 in
3082 1186 3204 1232 actu
3233 1191 3314 1240 es,

1891 1272 2182 1329 Auxiliaris
2210 1286 2327 1337 ero,
2357 1272 2439 1325 vel
2472 1272 2551 1325 sic
2579 1286 2814 1342 pugnare
2839 1270 3042 1326 licebit.

1962 1364 2088 1420 Haec
2116 1379 2295 1419 secum
2326 1363 2497 1433 rigido
2524 1363 2694 1419 Vesus
2722 1363 2850 1418 dum
2877 1362 3041 1418 corde
3067 1361 3289 1426 volutat,

1894 1455 2123 1511 Ventum
2153 1455 2205 1509 in
2236 1464 2584 1525 conspectum
2623 1454 2812 1509 fuerat.
2857 1454 2968 1509 Rex
3002 1464 3160 1522 atque
3198 1454 3469 1523 magister,

1889 1545 2119 1615 Propter
2140 1548 2527 1611 constiterant;
2558 1546 2645 1600 hic
2667 1546 2815 1600 vultu
2846 1554 3077 1609 erectus,
3098 1553 3152 1599 at
3174 1544 3265 1599 ille

1891 1639 2100 1695 Laetitia
2127 1638 2361 1705 erubuit,
2389 1641 2708 1709 veniamque
2738 1640 2934 1694 rubore
2962 1638 3225 1708 poposcit.

1896 1741 1920 1770 °
1948 1732 2078 1789 Post
2107 1733 2230 1787 hinc
2256 1747 2512 1802 germano
2543 1732 2705 1803 regis,
2739 1732 2862 1786 hinc
2894 1746 3020 1800 rege
3041 1738 3274 1794 retento,

1814 1802 1865 1863 Β
1897 1824 2190 1880 Palladiam
2219 1826 2493 1893 implicitis
2523 1802 2770 1879 manibus
2799 1825 3012 1878 subiere
3035 1822 3303 1878 Tolosam.

1832 1928 1835 1931 '
1898 1918 2053 1973 Haud
2079 1932 2234 1973 secus
2256 1919 2472 1973 insertis
2501 1918 2567 1971 ad
2600 1917 2899 1986 pulvinaria
2931 1916 3124 1985 palmis

1897 2008 2159 2064 Romulus
2184 2016 2239 2064 et
2267 2008 2452 2063 Tatius
2480 2008 2651 2063 foedus
2684 2007 2703 2045 ί
2732 2008 2933 2078 jecere,
2968 2018 2993 2055 8
3018 2016 3299 2076 parentum

1895 2099 2030 2156 Cum
2055 2101 2221 2166 ferro,
2253 2109 2305 2154 et
2335 2101 2534 2155 rabidis
2563 2109 2790 2170 cognato
2823 2102 2875 2154 in
2905 2099 3071 2155 Marte
3099 2098 3304 2153 maritis

1896 2193 2123 2249 Hersilia
2157 2195 2381 2248 inseruit
2406 2194 2662 2249 Pallantis
2685 2195 2824 2248 colle
2857 2194 3105 2250 Sabinas.

1964 2284 2127 2358 355
2165 2282 2193 2322 ιι
2218 2286 2423 2340 Interea
2455 2286 2720 2340 incautam
2746 2286 2952 2339 furtivis
2980 2284 3253 2339 Vandalus
3283 2284 3446 2339 armis

1893 2375 1972 2431 Te
1999 2378 2162 2445 capit,
2192 2376 2465 2445 inﬁdoque
2499 2376 2592 2429 tibi
2616 2376 2924 2445 Burgundio
2952 2378 3116 2429 ductu

1895 2468 2201 2537 Extorquet
2231 2467 2465 2537 trepidas
2494 2467 2762 2521 mactandi
2793 2466 3051 2536 principis
3080 2467 3211 2527 iras,

1896 2559 2010 2615 Heu
2038 2560 2284 2614 facinus!
2321 2561 2370 2613 in
2396 2560 2533 2614 bella
2564 2561 2778 2621 iterum,
2808 2567 3136 2629 quartosque
3168 2559 3378 2613 labores

1898 2655 2103 2710 Perfida
2133 2655 2350 2709 Elisseae
2379 2654 2705 2708 crudescunt
2729 2654 2955 2708 classica
2987 2654 3187 2723 Byrsae.

1900 2745 1916 2783 ί
1953 2744 2175 2799 Nutritis
2204 2744 2346 2811 quod
2375 2744 2476 2797 fata
2509 2744 2749 2797 malum?
2776 2742 3176 2797 Conscenderat
3205 2756 3355 2797 arces

1900 2834 2133 2891 Evandri
2158 2835 2388 2905 Massyla
2413 2833 2670 2901 phalanx,
2711 2843 3034 2903 montesque
3062 2833 3269 2899 Quirini

1898 2928 2196 2984 Marmarici
2232 2941 2479 2996 pressere
2509 2927 2694 2995 pedes,
2719 2941 3012 2995 rursusque
3040 2925 3250 2981 revexit

1895 3022 2024 3090 Quze
2046 3020 2254 3089 captiva
2279 3018 2428 3073 dedit
2453 3018 2723 3088 quondam
2747 3017 3012 3087 stipendia
3044 3016 3269 3071 Barche.

1898 3114 2158 3170 Exsilium
2193 3124 2426 3183 patrum,
2454 3112 2625 3181 plebis
2650 3112 2807 3176 mala,
2844 3110 3084 3181 principe
3113 3126 3254 3165 caeso

1896 3206 2175 3276 Captivum
2208 3206 2491 3272 imperium
2519 3203 2582 3257 ad
2612 3203 2830 3257 Geticas
2852 3217 3037 3257 rumor
3065 3201 3190 3255 tulit
3214 3215 3394 3258 aures.

1897 3298 2042 3354 Luce
2068 3312 2203 3352 nova
2225 3305 2466 3352 veterum
2495 3304 2667 3349 cretus
2697 3294 2764 3349 de
2784 3307 2932 3349 more
2962 3294 3214 3347 Getarum

1897 3390 2246 3447 Contrahitur
2272 3406 2287 3455 ;
2313 3399 2419 3443 stat
2445 3389 2620 3457 prisca
2649 3388 2825 3453 annis,
2848 3385 3142 3455 viridisque
3163 3392 3411 3440 senectus

1901 3484 2196 3549 Consiliis;
2227 3483 2473 3552 squalent
2503 3491 2702 3546 vestes,
2733 3495 2796 3535 ac
2822 3479 3039 3535 sordida
3068 3493 3250 3533 macro

1900 3576 2088 3631 Lintea
2115 3576 2468 3643 pinguescunt
2488 3580 2661 3640 tergo,
2690 3585 2788 3623 nce
2811 3580 3027 3639 tangere
3058 3577 3280 3637 possunt

1896 3668 2089 3721 Allata:
2109 3679 2287 3719 suram
2319 3663 2509 3731 pelles,
2540 3679 2602 3716 ac
2633 3661 2835 3729 poplite
2864 3660 3009 3713 nudo

1900 3757 2165 3812 Peronem
2196 3768 2400 3823 pauper
2430 3751 2601 3805 nodus
2622 3749 2900 3818 suspendit
2926 3749 3200 3819 equinum.

1900 3894 2054 3962 tegit,
2084 3906 2202 3946 cum
2239 3890 2513 3962 proximus
2556 3888 2892 3962 Theodorico
2922 3887 3314 3962 aetate__fuerit,
3350 3896 3483 3944 teste

1898 3957 2191 4026 Jorriande,
2225 3957 2256 4015 a
2286 3974 2389 4027 quo
2415 3959 2736 4014 Theodorici
2770 3959 2997 4013 senioris
3026 3959 3120 4013 ﬂlii
3159 3957 3348 4012 ordine
3379 3975 3482 4012 nu-

1898 4042 2194 4093 merantur,
2228 4030 2658 4085 'l‘horismundus
2680 4072 2692 4089 .
2726 4029 3117 4093 Theodericus,
3152 4029 3479 4094 Fridericus,

1902 4105 2161 4169 Euricus,
2188 4101 2491 4157 Rotemeris
2538 4113 2590 4154 ct
2630 4101 3005 4157 Himmerieus.
3056 4100 3484 4156 'I‘horismuudus

1898 4177 2040 4246 patri
2071 4177 2123 4229 in
2164 4171 2516 4246 Mauriaccnsi
2557 4187 2729 4246 pugna
2758 4180 2969 4246 mortuo
2995 4170 3273 4246 successit,
3301 4172 3483 4246 tertio,-
3542 4176 3549 4181 '

1899 4240 2004 4315 que
2055 4253 2174 4313 post
2210 4258 2352 4297 anno
2397 4258 2423 4295 a
2455 4240 2791 4315 ’l‘bciodorico
2826 4251 2880 4297 ct
2919 4241 3198 4315 Fridcrjeo
3228 4240 3481 4315 fratribus

1899 4311 2120 4395 necatus
2170 4323 2271 4395 est.
2314 4315 2388 4395 ita
2441 4312 2596 4395 134
2618 4328 2861 4395 “regnum
2918 4312 3056 4395 iniit.
3088 4311 3479 4392 Theodericus,

1897 4388 1963 4442 ad
2003 4402 2163 4456 quem
2215 4383 2582 4456 lurclcgatio.
2618 4385 2745 4439 Post
2789 4383 3195 4456 Theodoricnm
3240 4384 3484 4456 regnavit

208 4452 335 4525 lianc
366 4452 650 4525 posterior,
683 4464 839 4517 quam
863 4449 1006 4525 dixi,
1046 4450 1161 4525 ejus
1193 4449 1507 4525 legatio,ad
1548 4456 1791 4511 Thcodo-
1821 4461 1877 4522 D
1903 4449 2158 4522 Euri'cus;
2192 4457 2312 4525 quia
2342 4449 2648 4510 Friderieus
2677 4456 2741 4525 ad
2785 4470 2941 4524 quem
2969 4449 3324 4525 successionis
3349 4452 3482 4525 ordo

210 4522 693 4596 ricum_juniorem
743 4520 1033 4587 superioris
1085 4520 1297 4596 (illum:
1340 4524 1505 4596 cujus
1546 4528 1791 4596 hortatu,

211 4609 330 4667 cum
364 4593 577 4667 Tolosa:
618 4606 737 4667 una
767 4598 974 4659 essent,
1008 4591 1184 4654 audita
1217 4591 1429 4647 Maximi
1461 4597 1597 4664 Aug.
1631 4591 1793 4667 nece,

211 4663 500 4734 imperium
532 4662 785 4734 suscepit.

284 4732 307 4774 ἐ
354 4736 527 4789 Vesus
574 4732 845 4804 dimidiata
895 4746 1026 4804 voce
1075 4732 1203 4786 dicit
1240 4732 1599 4804 Wisigothos,
1653 4739 1793 4801 sive,

212 4814 267 4860 ut
311 4805 460 4874 apud
506 4812 740 4858 veterem
790 4803 993 4874 lloratii
1042 4804 1420 4872 interpretem,
1471 4806 1796 4861 .loruandem

213 4888 267 4931 et
305 4878 449 4932 alios
487 4874 701 4942 legitur,
744 4873 1112 4942 Vesogotbos,
1158 4875 1308 4938 quasi
1353 4874 1473 4928 Vesi
1516 4892 1639 4936 pars
1687 4882 1799 4932 tne-

213 4948 321 5002 rint
354 4944 681 5073 (itiihorum.
712 4943 766 4997 In
800 4948 1123 5014 panegyrico
1156 4944 1429 5013 Majoriani
1458 4962 1471 4999 ε
1504 4944 1654 5014 Geta,
1699 4948 1798 5002 Ve-

213 5034 329 5073 sus.
433 5033 450 5070 ι
477 5032 549 5070 es.

212 5034 296 5073 sus
312 5060 329 5073 .
362 5020 549 5073 Alites.

283 5060 607 5146 d’Iirevibus
633 5084 826 5139 litteris
850 5085 991 5139 Aviti
1022 5100 1151 5155 quas
1189 5085 1445 5139 adventus
1478 5089 1557 5140 sui
1591 5091 1801 5143 nuntias

215 5161 562 5230 praemisera!
613 5173 705 5225 per
734 5156 1097 5230 AMessia-nttm.
1153 5156 1513 5230 'l‘crtulliauus
1542 5229 1545 5230 ν
1571 5161 1798 5230 Apolog.

216 5226 335 5301 cap.
367 5231 484 5285 24:
596 5228 801 5280 nuntios
831 5228 1004 5301 tardos
1029 5228 1048 5279 !
1077 5244 1105 5280 ο
1135 5227 1471 5301 somniculosa
1496 5226 1800 5299 diplmuata,

217 5299 441 5371 qu‘orum
480 5299 600 5371 vitio
650 5313 905 5351 excessum
948 5299 1267 5367 imperatoris
1314 5315 1413 5351 non
1460 5312 1577 5352 ante
1620 5300 1803 5370 Cybele

220 5370 456 5443 cognovit
482 5370 502 5423 Ι
532 5370 987 5443 Messianus‘vero
1006 5374 1049 5420 is
1068 5378 1155 5443 cst
1181 5384 1336 5443 quem
1363 5383 1543 5443 postea
1562 5371 1629 5443 in
1656 5374 1804 5440 prin-

221 5438 402 5510 cipatu
442 5440 724 5511 patricium
754 5438 875 5511 _sibi
920 5438 1118 5507 allegit.
1160 5438 1344 5511 Vetus
1386 5438 1676 5494 chronicon
1722 5443 1804 5497 in-

224 5508 355 5569 certi
397 5508 679 5566 atictoris:
728 5508 914 5577 Captus
962 5519 1034 5561 est
1077 5510 1251 5562 Avitus
1302 5509 1580 5563 Placentia:
1632 5529 1662 5564 a
1692 5531 1802 5565 ma-

226 5585 386 5651 gistro
414 5583 636 5637 militum
661 5580 943 5647 Ricimere,
982 5593 1028 5632 et
1064 5581 1254 5632 occisus
1290 5590 1360 5633 est
1402 5579 1684 5636 Messianus
1712 5602 1805 5652 pa-

230 5656 411 5725 tricius
439 5656 572 5725 ejus.

303 5735 327 5761 ο
372 5722 668 5779 Ρτῐάρτὶοο.
726 5723 879 5778 llunc
920 5722 1061 5776 enim
1110 5735 1229 5775 esse
1273 5722 1502 5775 arbitror
1552 5724 1638 5792 qui
1683 5739 1802 5779 cum

230 5794 568 5854 Theoderico
589 5810 715 5857 rege
739 5795 967 5852 medium
996 5792 1229 5851 Avitum.
1256 5793 1475 5848 honoris
1504 5808 1660 5850 causa
1686 5811 1803 5851 nro-

1901 4523 2222 4599 pertinebat,
2244 4526 2401 4599 paulo
2418 4535 2567 4599 ante,
2591 4535 2645 4579 ut
2674 4523 2873 4599 ldatius
2898 4524 3090 4599 refe_r_t_._
3106 4524 3159 4577 in
3189 4523 3483 4599 Armoricis

1901 4591 2259 4655 occubuerat.
2299 4597 2373 4649 De
2418 4596 2517 4650 hoc
2558 4597 2672 4661 ipso
2704 4594 2979 4648 Friderieo
3010 4593 3222 4647 Hilarus
3264 4606 3396 4660 papa
3427 4591 3481 4644 in

1902 4670 2127 4739 epistola
2160 4667 2225 4720 ad
2242 4667 2538 4739 Leontium
2569 4666 2962 4718 Arelatensem.
3340 4680 3355 4687 ε

1978 4739 1994 4775 ί
2034 4739 2207 4805 Aliqui
2241 4736 2381 4798 libri,
2421 4736 2574 4786 icere.

1976 4819 1999 4855 ς
2032 4799 2317 4861 Parentum
2349 4819 2541 4857 nomen
2584 4803 2647 4855 ad
2679 4802 2904 4855 Sabinas
2932 4800 3121 4856 referri
3153 4799 3332 4861 debet,
3363 4814 3484 4867 qure

1904 4879 2046 4934 bello
2071 4877 2271 4933 Sabino
2314 4874 2523 4927 Romuli
2554 4872 2778 4926 Hersilia
2807 4872 2943 4926 duce
2968 4886 3134 4937 ausae,
3163 4881 3223 4924 ut
3248 4870 3482 4940 loquitur

1906 4950 2119 5011 Livius,
2164 4964 2220 5000 se
2259 4947 2395 4998 inter
2442 4945 2545 4998 tela
2582 4942 2810 4997 volantia
2860 4944 3093 5006 inferre,
3137 4941 3261 4995 hinc
3305 4949 3483 5009 patres

1907 5021 2033 5074 hinc
2070 5020 2214 5072 viros
2240 5016 2471 5075 orando,
2506 5016 2769 5069 diremere
2800 5013 3021 5069 infestas
3048 5013 3191 5067 acies
3213 5011 3484 5081 ducesque

1904 5091 1968 5144 ad
2002 5090 2174 5143 fmdus
2202 5088 2499 5142 faciendum
2524 5100 2859 5156 permovere.
2998 5154 3039 5156 Α
3123 5153 3133 5156 _
3450 5140 3451 5143 η

1976 5158 2003 5197 ιι
2033 5161 2387 5215 Consentium
2414 5153 2623 5221 omnes,
2655 5156 2964 5211 Petronium
2994 5153 3308 5217 Maximum,
3339 5166 3482 5206 nun-

1908 5231 2038 5287 tiato
2076 5229 2349 5286 Genserici
2391 5228 2654 5292 adventu,
2702 5228 2755 5281 in
2799 5228 2910 5295 ipsa
2952 5226 3090 5294 fugm
3128 5222 3484 5295 trepidatione

1906 5306 2139 5357 occisum
2170 5319 2179 5353 :
2213 5302 2278 5354 de
2306 5309 2524 5354 auctore
2546 5298 2693 5353 necis
2715 5299 2845 5352 mira
2878 5296 3203 5364 scriptorum
3227 5294 3480 5349 varietas.

1909 5375 2137 5443 Prosper
2161 5372 2227 5427 ab
2256 5371 2510 5425 Eudoxiae
2539 5371 2737 5443 reginae
2763 5367 2975 5443 famulis
3001 5366 3332 5443 dilaniatum,
3346 5365 3483 5443 9³8-

1906 5436 2153 5501 siodorus
2180 5459 2209 5497 a
2242 5443 2497 5496 militibus
2538 5436 2856 5494 exstinctum
2876 5481 2891 5505 ,
2924 5437 3223 5493 Jornandes
3248 5437 3316 5489 ab
3346 5436 3485 5491 Urso

1908 5517 2072 5569 milite
2114 5516 2354 5567 Romano
2400 5515 2778 5579 interemptum
2816 5509 3011 5574 tradit,
3063 5506 3419 5579 Theophanes
3450 5523 3483 5562 a

1909 5587 2037 5640 suis.
2066 5588 2319 5656 Μάξιμος,
2359 5578 2719 5656 ἱηῐιιιὶιΣ-ςτύιγῇ
2750 5580 3116 5656 ἐχρήσατοχρὶ
3155 5578 3210 5656 de
3248 5579 3482 5656 σγγὸντες·

1916 5661 2050 5727 αὐτῷ
2092 5642 2277 5711 (bifaria
2308 5642 2481 5727 ἀὐτρἱκ
2531 5642 3211 5727 Sidonius'llurgundionis
3260 5648 3480 5727 alicujus

1909 5720 2133 5781 fortasse
2162 5727 2229 5780 de
2271 5724 2451 5777 schola
2494 5722 3045 5789 protectorumAduclu
3074 5734 3269 5776 cassum
3297 5720 3476 5775 docet.

1988 5796 2003 5835 ί
2040 5779 2095 5851 lu
2116 5779 2356 5851 editione
2386 5779 2730 5850 Wouweren.
2762 5779 3012 5848 nimia.
